{"host":"y30n8hbqlqxhztg8","time":1608060085,"event":{"mods":["A Magickal Journey","AchievementEnabler","BaseMod","BetterRewards","Block Reminder","Colored Map","Conspire","Downfall","GifTheSpireLib","Glutton Mod","Hubris","Infinite Spire","Koishi","Lobotomy","LobotomyExtend","Marisa????????","Minty Spire (QoL Compilation)","Prisma Mod","Replay The Spire","Shop Mod","Somnambulant","StSLib","Stuff the Spire","The Factory","The Forsaken","The Jungle","[IsaacMod]????"],"gold_per_floor":[110,110,110,110,110,110,124,124,124,124,124,124,124,135,135,230,230,230,230,230,230,243,259,259,274,298,311,330,330,355,355,355,452,452,513,513,528,539,539,539,539,539],"floor_reached":41,"playtime":3541,"items_purged":[],"score":447,"play_id":"e9836cf6-5794-44e0-8d04-33910a060ebb","local_time":"20201215112125","is_ascension_mode":false,"campfire_choices":[{"data":"PrismaMod:ChloeCheapAttack","floor":6,"key":"SMITH"},{"data":"PrismaMod:ChloeUncommonAttack","floor":8,"key":"SMITH"},{"data":"StuffTheSpire:Innocence","floor":13,"key":"SMITH"},{"floor":15,"key":"DIG"},{"data":"PrismaMod:ChloeCheapAttack","floor":24,"key":"SMITH"},{"data":"PrismaMod:ChloeCommonAttack","floor":24,"key":"SMITH"},{"floor":32,"key":"REST"}],"circlet_count":0,"master_deck":["PrismaMod:ChloeCommonAttack","PrismaMod:ChloeCommonAttack+1","PrismaMod:ChloeCommonAttack+1","PrismaMod:ChloeCommonAttack","PrismaMod:ChloeCommonAttack","PrismaMod:ChloeCommonDefend","PrismaMod:ChloeCommonDefend+1","PrismaMod:ChloeCommonDefend","PrismaMod:ChloeCommonDefend+1","PrismaMod:ChloeCommonDefend","PrismaMod:ChloeCheapAttack+1","PrismaMod:ChloeCheapDefend","DoctorFetus+1","PrismaMod:ChloeCommonAOEAttack+1","PrismaMod:ChloeUncommonAttack+1","StuffTheSpire:Innocence+1","PrismaMod:ChloeUncommonAOEAttack","PrismaMod:ChloeUncommonDefend+1","PrismaMod:ChloeCheapAttack+1","PrismaMod:ChloeCheapAttackTwo+1","PrismaMod:ChloeCheapAttack","PrismaMod:ChloeUncommonAttack","PrismaMod:ChloeCheapAttackTwo","PrismaMod:ChloeCarnivalAttack","PrismaMod:ChloeCheapAttack+1","PrismaMod:ChloeCheapAttack+1","PrismaMod:ChloeCheapAttack+1"],"relics":["PrismaMod:PrismaTraceOn","HushsDoor","SteamSale","LetterFromLob","Iron Hammer","YumHeart","Replay:Arrowhead","hubris:Backtick","Membership Card","Gaze_r","LaetitiaHeart","PreservedInsect","hubris:HerbalPaste","War Paint","ClockworkSouvenir","Pear","Lantern","Chemical X","MagicBullet_r"],"acts_visited":["Exordium","TheCity","TheBeyond"],"potions_floor_usage":[28,28,28,30,30,33,33,33],"damage_taken":[{"damage":6,"enemies":"Jaw Worm","floor":1,"turns":4},{"damage":3,"enemies":"Cultist","floor":7,"turns":4},{"damage":0,"enemies":"conspire:RoseBush","floor":14,"turns":2},{"damage":47,"enemies":"Hexaghost","floor":16,"turns":10},{"damage":4,"enemies":"conspire:FuzzyDice","floor":18,"turns":4},{"damage":4,"enemies":"conspire:FuzzyDice","floor":18,"turns":3},{"damage":3,"enemies":"conspire:FuzzyDice","floor":22,"turns":14},{"damage":4,"enemies":"Chosen","floor":23,"turns":5},{"damage":11,"enemies":"conspire:HollyBat","floor":25,"turns":9},{"damage":13,"enemies":"Snecko","floor":27,"turns":6},{"damage":14,"enemies":"Shelled Parasite and Fungi","floor":28,"turns":4},{"damage":0,"enemies":"conspire:SneckoGhost","floor":30,"turns":4},{"damage":34,"enemies":"hubris:MusketHawk","floor":33,"turns":8},{"damage":2,"enemies":"3 Shapes","floor":35,"turns":5},{"damage":69,"enemies":"3 Darklings","floor":37,"turns":12},{"damage":12,"enemies":"4 Shapes","floor":38,"turns":5}],"seed_played":"8922374790524288175","potions_obtained":[{"floor":1,"key":"champ:CounterPotion"},{"floor":22,"key":"AttackPotion"},{"floor":23,"key":"champ:CounterPotion"},{"floor":28,"key":"Swift Potion"},{"floor":38,"key":"Dexterity Potion"}],"is_trial":false,"path_per_floor":["M","$","?","$","?","R","M","R","T","?","?","?","R","M","R_BF","B",null,"M","?","?","?","M","M","R","M","T","M","M","$","E","$","R","B",null,"M","?","M","M","?","$","?"],"character_chosen":"CHLOE","items_purchased":["PreservedInsect","hubris:HerbalPaste","Reflective Coating","SkillPotion","ClockworkSouvenir","Block Potion","champ:CounterPotion","PrismaMod:ChloeCheapAttackTwo","PrismaMod:ChloeCarnivalAttack","Pear","Lantern","Chemical X"],"campfire_rested":1,"item_purchase_floors":[29,29,29,29,31,31,31,31,31,40,40,40],"current_hp_per_floor":[69,69,69,69,69,69,66,66,66,66,59,75,75,75,75,28,75,67,67,67,67,64,60,60,49,49,36,49,49,55,55,75,42,75,75,75,34,28,28,38,0,0],"gold":539,"neow_bonus":"UPGRADE_CARD","is_daily":false,"chose_seed":false,"campfire_upgraded":5,"win_rate":0.0,"timestamp":1608060085,"path_taken":["M","$","?","$","?","R","?","R","T","?","?","?","R","M","R_BF","BOSS","M","?","?","?","M","M","R","M","T","M","M","$","E","$","R","BOSS","M","?","M","M","?","$","?"],"items_purchased_type":["Relic","Relic","Potion","Potion","Relic","Potion","Potion","Card","Card","Relic","Card","Relic"],"build_version":"2020-12-13","purchased_purges":0,"victory":false,"max_hp_per_floor":[75,75,75,75,75,75,75,75,75,75,75,75,75,75,75,75,75,75,75,75,75,75,75,75,75,75,75,75,75,75,75,75,75,75,75,75,75,75,75,85,85,85],"card_choices":[{"not_picked":[],"picked":"DoctorFetus","floor":0},{"not_picked":["PrismaMod:ChloeCheapAttack","PrismaMod:ChloeChristmas"],"picked":"PrismaMod:ChloeCommonAOEAttack","floor":1},{"not_picked":["PrismaMod:ChloeEyeOfTheEuryale","PrismaMod:ChloeBetterTracePools"],"picked":"PrismaMod:ChloeUncommonAttack","floor":7},{"not_picked":["PrismaMod:ChloeCommonAOEAttack","Bomb"],"picked":"PrismaMod:ChloeUncommonAOEAttack","floor":14},{"not_picked":["PrismaMod:ChloeDiscardRecovery","PrismaMod:ChloeExhaustTwo"],"picked":"PrismaMod:ChloeUncommonDefend+1","floor":22},{"not_picked":["PrismaMod:ChloeExhaustOne","PrismaMod:ChloeCheapDefend"],"picked":"PrismaMod:ChloeCheapAttack","floor":23},{"not_picked":["PrismaMod:ChloeExhaustOne","PrismaMod:ChloeCheapDefendTwo"],"picked":"PrismaMod:ChloeCheapAttackTwo+1","floor":25},{"not_picked":["PrismaMod:ChloeBetterTracePools","PrismaMod:ChloeExhaustOne","PrismaMod:ChloeCheapDefendTwo"],"picked":"SKIP","floor":27},{"not_picked":["PrismaMod:ChloeRuleBreaker","PrismaMod:ChloeDemonicTutor"],"picked":"PrismaMod:ChloeCheapAttack","floor":28},{"not_picked":["PrismaMod:ChloeExhaustOne","PrismaMod:ChloeCommonAOEAttack"],"picked":"PrismaMod:ChloeUncommonAttack","floor":30},{"not_picked":["PrismaMod:ChloeRuleBreaker","PrismaMod:ChloeDiscardRecovery"],"picked":"PrismaMod:ChloeCheapAttack+1","floor":35},{"not_picked":["PrismaMod:ChloeEyeOfTheEuryale","PrismaMod:ChloeCommonAOEAttack"],"picked":"PrismaMod:ChloeCheapAttack+1","floor":37},{"not_picked":["PrismaMod:ChloeDiscardRecovery","PrismaMod:ChloeExhaustOne+1"],"picked":"PrismaMod:ChloeCheapAttack+1","floor":38}],"player_experience":56733,"relics_obtained":[{"floor":1,"key":"LetterFromLob"},{"floor":9,"key":"Iron Hammer"},{"floor":12,"key":"YumHeart"},{"floor":15,"key":"Replay:Arrowhead"},{"floor":30,"key":"War Paint"}],"event_choices":[{"damage_healed":0,"gold_gain":0,"player_choice":"Disagree","damage_taken":0,"max_hp_gain":0,"max_hp_loss":0,"event_name":"conspire:LoneGhost","floor":5,"gold_loss":0},{"damage_healed":0,"gold_gain":0,"player_choice":"Relic","damage_taken":0,"max_hp_gain":0,"max_hp_loss":0,"event_name":"Wheel of Change","floor":12,"gold_loss":0},{"damage_healed":0,"gold_gain":0,"player_choice":"Ignored","damage_taken":0,"max_hp_gain":0,"max_hp_loss":0,"event_name":"Ghosts","floor":21,"gold_loss":0},{"damage_healed":0,"gold_gain":0,"player_choice":"Leave","damage_taken":0,"max_hp_gain":0,"max_hp_loss":0,"event_name":"conspire:Investor","floor":36,"gold_loss":0}],"is_beta":false,"boss_relics":[{"not_picked":["Replay:Fungal Core","SacredBark"],"picked":"hubris:Backtick"},{"not_picked":[]},{"not_picked":["Painkiller Herb","Replay:Grab Bag","Runic Dome"]}],"items_purged_floors":[],"is_endless":false,"potions_floor_spawned":[1,22,23,25,28,38],"ascension_level":0}}