{"host":"5uvzo7moqy5vd63g","time":1608049275,"event":{"mods":["Aspiration","BaseMod","Conspire","Dio Mod","Downfall","Hermit","Hubris","Jedi Mod","Jorbs\u0027s Wanderer Trilogy","Mimic Mod","Minty Spire (QoL Compilation)","Replay The Spire","StSLib","The Animator","Wandering Minibosses"],"gold_per_floor":[219,235,235,252,252,290,302,20,80,80,80],"floor_reached":10,"playtime":999,"items_purged":["animator:Strike"],"score":85,"play_id":"db2ac9a4-756c-4c86-ae9b-714314061cb8","local_time":"20201215112115","is_ascension_mode":true,"campfire_choices":[],"circlet_count":0,"master_deck":["animator:Strike_MadokaMagica","animator:Defend_MadokaMagica","animator:Strike","animator:Strike","animator:Defend","animator:Defend","animator:Defend","animator:IrohaTamaki","animator:YuiTsuruno","animator:YuiTsuruno","animator:Yuuichirou","animator:SayakaMiki","animator:NagisaMomoe","animator:Gilgamesh+1","animator:GuildGirl","animator:RoyMustang"],"relics":["animator:LivingPicture","animator:TheMissingPiece","animator:PurgingStone","Shuriken","animator:ShionDessert","Tiny Chest"],"acts_visited":["Exordium"],"potions_floor_usage":[6,7,10],"damage_taken":[{"damage":3,"enemies":"2 Louse","floor":1,"turns":2},{"damage":0,"enemies":"Cultist","floor":2,"turns":3},{"damage":0,"enemies":"conspire:RoseBush","floor":4,"turns":3},{"damage":39,"enemies":"3 Sentries","floor":6,"turns":8},{"damage":13,"enemies":"Lots of Slimes","floor":7,"turns":4},{"damage":0,"enemies":"Exordium Thugs","floor":9,"turns":8},{"damage":13,"enemies":"Lagavulin","floor":10,"turns":3}],"seed_played":"-30140872053670036","potions_obtained":[{"floor":3,"key":"SpeedPotion"},{"floor":3,"key":"jedi:mysterypotion"},{"floor":3,"key":"Adrenaline Potion"},{"floor":4,"key":"AttackPotion"}],"is_trial":false,"path_per_floor":["M","M","?","M","?","E","M","$","MIM","E"],"character_chosen":"THE_ANIMATOR","items_purchased":["animator:Gilgamesh","animator:GuildGirl"],"campfire_rested":0,"item_purchase_floors":[8,8],"current_hp_per_floor":[63,63,63,63,63,24,12,12,12,0,0],"gold":80,"neow_bonus":"HUNDRED_GOLD","is_daily":false,"chose_seed":false,"campfire_upgraded":0,"win_rate":0.0,"timestamp":1608049275,"path_taken":["M","M","?","?","?","E","M","$","MIM","E"],"items_purchased_type":["Card","Card"],"build_version":"2020-12-13","purchased_purges":1,"victory":false,"max_hp_per_floor":[66,66,66,66,66,66,67,67,67,67,67],"card_choices":[{"not_picked":["animator:Mitsuba","animator:Sebas"],"picked":"animator:YuiTsuruno","floor":1},{"not_picked":["animator:RoryMercury","animator:Mikaela"],"picked":"animator:Yuuichirou","floor":2},{"not_picked":["animator:Caster","animator:Yoichi","animator:DolaRiku"],"picked":"SKIP","floor":4},{"not_picked":["animator:Caster","animator:Yoichi","animator:DolaRiku"],"picked":"SKIP","floor":4},{"not_picked":["animator:IrohaTamaki","animator:OrikoMikuni"],"picked":"animator:SayakaMiki","floor":6},{"not_picked":["animator:GuildGirl","animator:OrikoMikuni"],"picked":"animator:NagisaMomoe","floor":7},{"not_picked":["animator:DolaRiku","animator:Shalltear"],"picked":"animator:RoyMustang","floor":9}],"player_experience":1319428,"relics_obtained":[{"floor":5,"key":"Shuriken"},{"floor":6,"key":"animator:ShionDessert"},{"floor":9,"key":"Tiny Chest"}],"event_choices":[{"damage_healed":0,"gold_gain":0,"player_choice":"Got Potions","damage_taken":0,"max_hp_gain":0,"max_hp_loss":0,"event_name":"Lab","floor":3,"gold_loss":0},{"damage_healed":0,"gold_gain":0,"player_choice":"Relic","damage_taken":0,"max_hp_gain":0,"max_hp_loss":0,"event_name":"Wheel of Change","floor":5,"gold_loss":0}],"is_beta":false,"boss_relics":[],"items_purged_floors":[8],"is_endless":false,"potions_floor_spawned":[4],"killed_by":"Lagavulin","ascension_level":5}}