{"host":"msepye59htvs4aw4","time":1608059644,"event":{"mods":["BaseMod","Colored Map","DeckTracker","Highlight Path","Minty Spire (QoL Compilation)","Shop Mod","StSLib","SuperFastMode"],"gold_per_floor":[113,130,148,164,3,29,29,39,63,16,16,35,62,82,82,155,155,165,165,14,14,14,14,29,44,69,80,80,99,99,119,119,196,196,212,229,8,8,26,26,26,26,52,69,19,38,49,64,64,64],"floor_reached":51,"playtime":2285,"items_purged":["Defend_G","Defend_G"],"score":1179,"play_id":"d2fb8448-2f14-4118-81f5-3a41f3178cf7","local_time":"20201215201404","is_ascension_mode":true,"campfire_choices":[{"floor":7,"key":"REST"},{"data":"Crippling Poison","floor":11,"key":"SMITH"},{"data":"Venomology","floor":15,"key":"SMITH"},{"floor":23,"key":"REST"},{"floor":28,"key":"REST"},{"floor":32,"key":"REST"},{"floor":40,"key":"REST"},{"data":"Wraith Form v2","floor":42,"key":"SMITH"},{"floor":49,"key":"REST"}],"circlet_count":0,"master_deck":["AscendersBane","Strike_G","Strike_G","Strike_G","Strike_G","Defend_G","Defend_G","Defend_G","Survivor","Neutralize","Crippling Poison+1","Dagger Spray","Backstab","Well Laid Plans","Deadly Poison","Poisoned Stab","Venomology+1","Dodge and Roll","Wraith Form v2+1","Noxious Fumes","Blur","Terror","Bouncing Flask","PiercingWail","Envenom"],"relics":["Ring of the Snake","Smiling Mask","Dead Branch","Snake Skull","Odd Mushroom","Philosopher\u0027s Stone","Oddly Smooth Stone","Bag of Preparation","Busted Crown","HandDrill","Lantern"],"acts_visited":["Exordium","TheCity","TheBeyond"],"potions_floor_usage":[4,6,12,14,16,18,24,25,29,29,31,33,39,47,48,50,50,50],"damage_taken":[{"damage":1,"enemies":"Cultist","floor":1,"turns":5},{"damage":1,"enemies":"Small Slimes","floor":2,"turns":4},{"damage":1,"enemies":"Jaw Worm","floor":3,"turns":5},{"damage":5,"enemies":"Exordium Thugs","floor":4,"turns":3},{"damage":16,"enemies":"Lagavulin","floor":6,"turns":8},{"damage":1,"enemies":"2 Fungi Beasts","floor":8,"turns":4},{"damage":2,"enemies":"Exordium Wildlife","floor":12,"turns":3},{"damage":6,"enemies":"The Mushroom Lair","floor":13,"turns":2},{"damage":1,"enemies":"Looter","floor":14,"turns":3},{"damage":18,"enemies":"The Guardian","floor":16,"turns":9},{"damage":9,"enemies":"Spheric Guardian","floor":18,"turns":5},{"damage":2,"enemies":"2 Thieves","floor":24,"turns":3},{"damage":14,"enemies":"Snecko","floor":25,"turns":3},{"damage":12,"enemies":"Snake Plant","floor":27,"turns":5},{"damage":9,"enemies":"Cultist and Chosen","floor":29,"turns":6},{"damage":0,"enemies":"Sentry and Sphere","floor":31,"turns":3},{"damage":20,"enemies":"Collector","floor":33,"turns":8},{"damage":0,"enemies":"3 Shapes","floor":35,"turns":5},{"damage":7,"enemies":"Orb Walker","floor":36,"turns":3},{"damage":12,"enemies":"Spire Growth","floor":39,"turns":5},{"damage":4,"enemies":"Sphere and 2 Shapes","floor":44,"turns":5},{"damage":2,"enemies":"3 Darklings","floor":46,"turns":4},{"damage":0,"enemies":"Transient","floor":47,"turns":5},{"damage":3,"enemies":"Writhing Mass","floor":48,"turns":5},{"damage":25,"enemies":"Donu and Deca","floor":50,"turns":9}],"seed_played":"6039501117616382056","potions_obtained":[{"floor":2,"key":"CunningPotion"},{"floor":4,"key":"ColorlessPotion"},{"floor":8,"key":"SteroidPotion"},{"floor":24,"key":"LiquidMemories"},{"floor":29,"key":"DistilledChaos"},{"floor":31,"key":"SteroidPotion"},{"floor":36,"key":"Block Potion"},{"floor":48,"key":"DuplicationPotion"}],"is_trial":false,"path_per_floor":["M","M","M","M","$","E","R","M","T","$","R","M","?","M","R","B",null,"M","?","$","?","$","R","M","M","T","M","R","M","?","M","R","B",null,"M","M","$","?","M","R","?","R","T","M","$","M","M","M","R","B",null],"character_chosen":"THE_SILENT","items_purchased":["Backstab","Well Laid Plans","Deadly Poison","Poisoned Stab","Noxious Fumes","Blur","HandDrill","Envenom"],"campfire_rested":6,"item_purchase_floors":[5,5,5,10,20,20,37,37],"current_hp_per_floor":[58,57,56,51,51,35,54,53,53,53,53,51,45,44,44,26,56,47,47,47,47,47,66,64,50,50,38,57,48,48,48,66,46,61,61,54,54,54,42,61,61,61,61,57,57,55,55,52,66,41],"gold":64,"neow_bonus":"RANDOM_COMMON_RELIC","is_daily":false,"chose_seed":false,"campfire_upgraded":3,"win_rate":0.0,"timestamp":1608059644,"path_taken":["M","M","M","M","$","E","R","M","T","$","R","M","?","M","R","BOSS","M","?","$","?","$","R","M","M","T","?","R","M","?","?","R","BOSS","M","M","?","?","?","R","?","R","T","M","?","M","M","M","R","BOSS"],"items_purchased_type":["Card","Card","Card","Card","Card","Card","Relic","Card"],"build_version":"2020-12-13","purchased_purges":2,"victory":true,"max_hp_per_floor":[66,66,66,66,66,66,66,66,66,66,66,66,66,66,66,66,66,66,66,66,66,66,66,66,66,66,66,66,66,66,66,66,66,66,66,66,66,66,66,66,66,66,66,66,66,66,66,66,66,66],"card_choices":[{"not_picked":["Quick Slash","Dagger Throw"],"picked":"Crippling Poison","floor":1},{"not_picked":["Deflect","Masterful Stab","Cloak And Dagger"],"picked":"SKIP","floor":2},{"not_picked":["Cloak And Dagger","PiercingWail"],"picked":"Dagger Spray","floor":3},{"not_picked":["Acrobatics","Cloak And Dagger","Dagger Throw"],"picked":"SKIP","floor":4},{"not_picked":["Blade Dance","Underhanded Strike","Cloak And Dagger"],"picked":"SKIP","floor":6},{"not_picked":["Prepared","Expertise","Sucker Punch"],"picked":"SKIP","floor":8},{"not_picked":["Bane","Well Laid Plans","Caltrops"],"picked":"SKIP","floor":12},{"not_picked":["Flying Knee","Escape Plan"],"picked":"Venomology","floor":13},{"not_picked":["Slice","Bane"],"picked":"Dodge and Roll","floor":14},{"not_picked":["Die Die Die","Venomology"],"picked":"Wraith Form v2","floor":16},{"not_picked":["Acrobatics","Dagger Spray","Outmaneuver"],"picked":"SKIP","floor":18},{"not_picked":["Quick Slash","Dagger Spray+1"],"picked":"Terror","floor":24},{"not_picked":["Blade Dance","Underhanded Strike"],"picked":"Bouncing Flask","floor":25},{"not_picked":["Deflect","Dagger Throw","Bane"],"picked":"SKIP","floor":27},{"not_picked":["Cloak And Dagger","Acrobatics","Dagger Spray"],"picked":"SKIP","floor":29},{"not_picked":["Flechettes","Concentrate"],"picked":"PiercingWail","floor":31},{"not_picked":["Prepared+1"],"picked":"SKIP","floor":35},{"not_picked":["Setup"],"picked":"SKIP","floor":36},{"not_picked":["Escape Plan"],"picked":"SKIP","floor":39},{"not_picked":["Blade Dance"],"picked":"SKIP","floor":44},{"not_picked":["Flying Knee"],"picked":"SKIP","floor":46},{"not_picked":["Outmaneuver"],"picked":"SKIP","floor":47},{"not_picked":["Cloak And Dagger"],"picked":"SKIP","floor":48}],"player_experience":1588944,"relics_obtained":[{"floor":6,"key":"Dead Branch"},{"floor":9,"key":"Snake Skull"},{"floor":13,"key":"Odd Mushroom"},{"floor":26,"key":"Bag of Preparation"},{"floor":43,"key":"Lantern"}],"event_choices":[{"damage_healed":0,"gold_gain":0,"player_choice":"Fought Mushrooms","damage_taken":0,"max_hp_gain":0,"max_hp_loss":0,"event_name":"Mushrooms","floor":13,"gold_loss":0},{"damage_healed":0,"gold_gain":0,"player_choice":"Opened","damage_taken":0,"relics_obtained":["Oddly Smooth Stone"],"max_hp_gain":0,"max_hp_loss":0,"event_name":"The Mausoleum","floor":19,"gold_loss":0},{"cards_removed":["Strike_G"],"damage_healed":0,"gold_gain":0,"player_choice":"Offered Basic","damage_taken":0,"max_hp_gain":0,"max_hp_loss":0,"event_name":"Bonfire Elementals","floor":21,"gold_loss":0},{"damage_healed":0,"gold_gain":0,"player_choice":"Bought 0 Potions","damage_taken":0,"max_hp_gain":0,"max_hp_loss":0,"event_name":"The Woman in Blue","floor":30,"gold_loss":0},{"damage_healed":0,"gold_gain":0,"player_choice":"Ignored","damage_taken":0,"max_hp_gain":0,"max_hp_loss":0,"event_name":"SecretPortal","floor":38,"gold_loss":0},{"damage_healed":0,"gold_gain":0,"player_choice":"Memory 1","damage_taken":0,"max_hp_gain":0,"max_hp_loss":0,"event_name":"SensoryStone","floor":41,"gold_loss":0}],"is_beta":false,"boss_relics":[{"not_picked":["WristBlade","SacredBark"],"picked":"Philosopher\u0027s Stone"},{"not_picked":["Snecko Eye","HoveringKite"],"picked":"Busted Crown"}],"items_purged_floors":[20,45],"is_endless":false,"potions_floor_spawned":[2,4,8,24,29,31,36,48],"ascension_level":14}}