{"host":"7w1f7px7r26mario","time":1608028328,"event":{"mods":["Act Like it!","BaseMod","Conspire","Gensokyo","Lobotomy","LobotomyExtend","Minty Spire (QoL Compilation)","Quick Restart","Relic Stats","Replay The Spire","StSLib","TestMod","[IsaacMod]ÒÔÈö¼âËþ","vexMod"],"gold_per_floor":[124,149,159,159,178,178,103,169,169,234,271,337,337,17,17,277,277,319,319],"floor_reached":18,"playtime":812,"items_purged":["Spreading Infection","Strike_R"],"score":340,"play_id":"f3cf13a5-0ead-46e4-8f1b-6e5654ad9daa","local_time":"20201215183208","is_ascension_mode":true,"campfire_choices":[{"data":"Brutality","floor":6,"key":"SMITH"},{"data":"Rupture","floor":13,"key":"SMITH"},{"data":"Combust","floor":15,"key":"SMITH"}],"circlet_count":0,"master_deck":["Strike_R","Strike_R","Strike_R","Defend_R","Defend_R","Defend_R","Bash","Scorched","Whirlwind","Rupture+1","Brutality+1","Heavy Blade","VoidDream","conspire:Purge","Combust+1","Exhume"],"relics":["Burning Blood","testmod-TestBox","HushsDoor","SalivaCoin","testmod-Charity","CogitoBucket","LetterFromLob","Ring of Searing","Ring of Hypnosis","BelialBook","Chameleon Ring","testmod-Antiphasic","conspire:Dentures","PrismaticShard","Busted Crown"],"acts_visited":["Gensokyo:Gensokyo","Gensokyo:Gensokyoer"],"potions_floor_usage":[10],"damage_taken":[{"damage":7,"enemies":"Gensokyo:3_Fairies","floor":1,"turns":5},{"damage":3,"enemies":"Gensokyo:Gryphon","floor":2,"turns":3},{"damage":0,"enemies":"Gensokyo:Python","floor":3,"turns":2},{"damage":0,"enemies":"Gensokyo:3_Kodama","floor":5,"turns":1},{"damage":18,"enemies":"Gensokyo:Mamizou","floor":8,"turns":4},{"damage":18,"enemies":"Gensokyo:Cirno","floor":10,"turns":4},{"damage":7,"enemies":"Gensokyo:Kitsune","floor":11,"turns":2},{"damage":29,"enemies":"Gensokyo:Mamizou","floor":12,"turns":5},{"damage":82,"enemies":"Gensokyo:Yukari","floor":16,"turns":10},{"damage":144,"enemies":"Gensokyo:3_Dogs","floor":18,"turns":3}],"seed_played":"-9090763546298560285","potions_obtained":[{"floor":2,"key":"Explosive Potion"},{"floor":3,"key":"Explosive Potion"},{"floor":5,"key":"DistilledChaos"},{"floor":11,"key":"Strength Potion"}],"is_trial":false,"path_per_floor":["M","M","M","?","M","R","$","E","T","E","M","E","R","$","R","B",null,"M"],"character_chosen":"IRONCLAD","items_purchased":["Combust","PrismaticShard"],"campfire_rested":0,"item_purchase_floors":[14,14],"current_hp_per_floor":[74,79,86,86,87,87,87,82,82,77,80,64,64,64,64,21,114,0,0],"gold":319,"neow_bonus":"","is_daily":false,"chose_seed":false,"campfire_upgraded":3,"win_rate":0.0,"timestamp":1608028328,"path_taken":["M","M","M","?","M","R","$","E","T","E","M","E","R","$","R","BOSS","M"],"items_purchased_type":["Card","Relic"],"build_version":"2020-12-13","purchased_purges":2,"victory":false,"max_hp_per_floor":[83,85,86,86,87,87,87,94,94,101,105,112,112,112,112,145,145,162,162],"relic_stats":{"Busted Crown":0,"counters":[11,40],"obtain_stats":[{"KeepersGift":0,"conspire:Dentures":12,"testmod-TestBox":0,"Ring of Hypnosis":4,"BelialBook":8,"PrismaticShard":14,"Burning Blood":0,"testmod-Charity":0,"Ring of Searing":4,"testmod-Antiphasic":10,"CogitoBucket":0,"Chameleon Ring":9,"Busted Crown":17,"SalivaCoin":0,"LetterFromLob":1,"HushsDoor":0},{"KeepersGift":0,"conspire:Dentures":9,"testmod-TestBox":0,"Ring of Hypnosis":3,"BelialBook":5,"PrismaticShard":9,"Burning Blood":0,"testmod-Charity":0,"Ring of Searing":3,"testmod-Antiphasic":6,"CogitoBucket":0,"Chameleon Ring":5,"Busted Crown":10,"SalivaCoin":0,"LetterFromLob":1,"HushsDoor":0},{"KeepersGift":0,"conspire:Dentures":27,"testmod-TestBox":0,"Ring of Hypnosis":10,"BelialBook":15,"PrismaticShard":27,"Burning Blood":0,"testmod-Charity":0,"Ring of Searing":10,"testmod-Antiphasic":19,"CogitoBucket":0,"Chameleon Ring":15,"Busted Crown":37,"SalivaCoin":0,"LetterFromLob":5,"HushsDoor":0}],"Burning Blood":48},"card_choices":[{"not_picked":["Bloodbath","CrumblingArmor"],"picked":"Scorched","floor":1},{"not_picked":["Anger","Run Through"],"picked":"Whirlwind","floor":1},{"not_picked":["Replay:Undeath\u0027s Touch","Demonic Infusion"],"picked":"Rupture","floor":2},{"not_picked":["Anger","Sever Soul","Spot Weakness"],"picked":"SKIP","floor":3},{"not_picked":["ReplayReversal","Warcry"],"picked":"Brutality","floor":5},{"not_picked":["Flex","ReplayTheSpireMod:Corrosion Curse","Run Through"],"picked":"SKIP","floor":8},{"not_picked":["Clash","Thunderclap","Abandon"],"picked":"SKIP","floor":10},{"not_picked":["Ghostly Armor","Feel No Pain"],"picked":"Heavy Blade","floor":11},{"not_picked":["MeatLantern","Wellcheers"],"picked":"VoidDream","floor":12},{"not_picked":["ReplayTheSpireMod:Strike From Hell","conspire:Charge"],"picked":"conspire:Purge","floor":12},{"not_picked":["Biased Cognition","Burst"],"picked":"Exhume","floor":16}],"player_experience":180931,"relics_obtained":[{"floor":1,"key":"LetterFromLob"},{"floor":4,"key":"Ring of Searing"},{"floor":4,"key":"Ring of Hypnosis"},{"floor":8,"key":"BelialBook"},{"floor":9,"key":"Chameleon Ring"},{"floor":10,"key":"testmod-Antiphasic"},{"floor":12,"key":"conspire:Dentures"}],"event_choices":[],"is_beta":false,"boss_relics":[{"not_picked":["Calling Bell","vexMod:CursedCompass"],"picked":"Busted Crown"},{"not_picked":[]}],"items_purged_floors":[7,14],"is_endless":false,"potions_floor_spawned":[2,3,5,11],"killed_by":"Gensokyo:3_Dogs","ascension_level":6}}