{"host":"3mdjmozz5rahgtdc","time":1608043313,"event":{"mods":["AchievementEnabler","BaseMod","Better Silent Start","Better-Laid Plans","Colored Map","Colored Powertips","Custom Start","DeckTracker","Emptier Cage","KOR Keyword Fix","Keyboard Shortcuts","Minty Spire (QoL Compilation)","Permanent Neow","Quick Restart","StSLib","SuperFastMode"],"gold_per_floor":[117,132,147,157,157,157,186,200,227,6,6,6,39,66,66,200,200,232,232,8,33,49,49,99,140,140,140,164,186,14,32,32,171,180,207,241,16,349,368,368,399,238,247,299,299,318,329,0,0,0,0,0,0,33,33],"floor_reached":56,"playtime":2400,"items_purged":["Regret","Strike_P+1","Defend_P+1","Strike_P+1","Defend_P+1","Defend_P+1"],"score":1643,"play_id":"b204cc09-716b-462f-8334-0d3be41e70dd","local_time":"20201215234153","is_ascension_mode":true,"campfire_choices":[{"data":"Eruption","floor":6.0,"key":"SMITH"},{"floor":12.0,"key":"REST"},{"data":"MentalFortress","floor":15.0,"key":"SMITH"},{"data":"Vault","floor":23.0,"key":"SMITH"},{"data":"EmptyMind","floor":32.0,"key":"SMITH"},{"floor":40.0,"key":"RECALL"},{"data":"Scrawl","floor":45.0,"key":"SMITH"},{"data":"Vault","floor":49,"key":"SMITH"},{"data":"Halt","floor":52,"key":"SMITH"}],"circlet_count":0,"master_deck":["Strike_P+1","Defend_P+1","Eruption+1","Vigilance","BattleHymn","MentalFortress+1","MentalFortress+1","Evaluate","Vault+1","FearNoEvil+1","EmptyMind+1","TalkToTheHand+1","Halt+1","Adaptation+1","Adaptation+1","Scrawl+1","CurseOfTheBell","Adaptation+1","Tantrum+1","Vault+1","Indignation+1","Injury"],"relics":["Cursed Key","Frozen Egg 2","CeramicFish","Regal Pillow","Akabeko","Sozu","Membership Card","Red Mask","Potion Belt","MealTicket","Calling Bell","Boot","HornCleat","FossilizedHelix","Sling","Pear","Whetstone","CloakClasp","ClockworkSouvenir","Turnip","Gremlin Horn"],"acts_visited":["Exordium","TheCity","TheBeyond","TheEnding"],"potions_floor_usage":[55,55],"damage_taken":[{"damage":0.0,"enemies":"Jaw Worm","floor":1.0,"turns":3.0},{"damage":3.0,"enemies":"2 Louse","floor":2.0,"turns":3.0},{"damage":0.0,"enemies":"Small Slimes","floor":3.0,"turns":3.0},{"damage":10.0,"enemies":"Exordium Wildlife","floor":4.0,"turns":3.0},{"damage":12.0,"enemies":"Lagavulin","floor":7.0,"turns":6.0},{"damage":17.0,"enemies":"Exordium Thugs","floor":8.0,"turns":4.0},{"damage":8.0,"enemies":"Gremlin Nob","floor":13.0,"turns":3.0},{"damage":0.0,"enemies":"2 Fungi Beasts","floor":14.0,"turns":2.0},{"damage":39.0,"enemies":"The Guardian","floor":16.0,"turns":13.0},{"damage":6.0,"enemies":"3 Byrds","floor":18.0,"turns":7.0},{"damage":0.0,"enemies":"Shell Parasite","floor":21.0,"turns":3.0},{"damage":7.0,"enemies":"Centurion and Healer","floor":22.0,"turns":5.0},{"damage":4.0,"enemies":"Masked Bandits","floor":24.0,"turns":4.0},{"damage":0.0,"enemies":"Book of Stabbing","floor":25.0,"turns":5.0},{"damage":0.0,"enemies":"3 Cultists","floor":28.0,"turns":6.0},{"damage":6.0,"enemies":"Cultist and Chosen","floor":29.0,"turns":6.0},{"damage":0.0,"enemies":"Shelled Parasite and Fungi","floor":31.0,"turns":3.0},{"damage":10.0,"enemies":"Automaton","floor":33.0,"turns":7.0},{"damage":0.0,"enemies":"3 Shapes","floor":35.0,"turns":6.0},{"damage":0.0,"enemies":"3 Darklings","floor":36.0,"turns":5.0},{"damage":0.0,"enemies":"Maw","floor":39.0,"turns":7.0},{"damage":0.0,"enemies":"Reptomancer","floor":41.0,"turns":6.0},{"damage":15.0,"enemies":"2 Orb Walkers","floor":44.0,"turns":5.0},{"damage":0.0,"enemies":"Sphere and 2 Shapes","floor":46.0,"turns":4.0},{"damage":0,"enemies":"3 Darklings","floor":47,"turns":4},{"damage":0,"enemies":"Donu and Deca","floor":50,"turns":8},{"damage":0,"enemies":"Shield and Spear","floor":54,"turns":4},{"damage":5,"enemies":"The Heart","floor":55,"turns":10}],"seed_played":"841003570189712633","potions_obtained":[{"floor":2.0,"key":"CultistPotion"},{"floor":3.0,"key":"Dexterity Potion"},{"floor":13.0,"key":"SkillPotion"},{"floor":14.0,"key":"Fruit Juice"},{"floor":16.0,"key":"Explosive Potion"}],"is_trial":false,"path_per_floor":["M","M","M","M","?","R","E","M","T","$","?","R","E","M","R","B",null,"M","?","$","M","M","R","?","E","T","?","M","M","$","M","R","B",null,"M","M","$","?","M","R","E","$","T","?","R","M","M","$","R","B",null,"R","$","E","B",null],"character_chosen":"WATCHER","items_purchased":["Regal Pillow","Membership Card","EmptyMind","Adaptation+1","MealTicket","Vault","Sling","Whetstone","ClockworkSouvenir","Turnip"],"campfire_rested":1,"item_purchase_floors":[10,20,20,30,30,37,37,42,48,48],"current_hp_per_floor":[72,69,69,59,59,59,47,30,30,30,12,48,40,45,45,6,59,53,53,53,53,46,46,42,42,42,42,42,36,36,36,36,26,64,64,64,77,77,77,77,87,87,87,72,72,72,72,87,87,87,87,87,87,87,82],"gold":33,"neow_bonus":"BOSS_RELIC","is_daily":false,"chose_seed":false,"campfire_upgraded":7,"win_rate":0.0,"timestamp":1608043313,"path_taken":["M","M","M","M","?","R","E","M","T","$","?","R","E","M","R","BOSS","M","?","$","M","M","R","?","E","T","?","M","M","$","M","R","BOSS","M","M","$","?","M","R","E","$","T","?","R","M","M","$","R","BOSS","R","$","E","BOSS"],"items_purchased_type":["Relic","Relic","Card","Card","Relic","Card","Relic","Relic","Relic","Relic"],"build_version":"2020-12-13","purchased_purges":6,"victory":true,"max_hp_per_floor":[72,72,72,72,72,72,72,72,72,72,72,72,72,77,77,77,77,77,77,77,77,77,77,77,77,77,77,77,77,77,77,77,77,77,77,77,77,77,77,77,87,87,87,87,87,87,87,87,87,87,87,87,87,87,87],"card_choices":[{"not_picked":["FlurryOfBlows","CutThroughFate"],"picked":"BattleHymn","floor":1.0},{"not_picked":["FollowUp","Crescendo","Conclude"],"picked":"SKIP","floor":2.0},{"not_picked":["Collect","SignatureMove","Consecrate"],"picked":"SKIP","floor":3.0},{"not_picked":["FlurryOfBlows","CrushJoints"],"picked":"MentalFortress","floor":4.0},{"not_picked":["Swivel","Fasting2+1"],"picked":"MentalFortress+1","floor":7.0},{"not_picked":["BattleHymn+1","PathToVictory","Prostrate"],"picked":"SKIP","floor":8.0},{"not_picked":["Wireheading+1","Prostrate","BattleHymn+1"],"picked":"SKIP","floor":13.0},{"not_picked":["SashWhip","Meditate"],"picked":"Evaluate","floor":14.0},{"not_picked":["SpiritShield","Alpha"],"picked":"Vault","floor":16.0},{"not_picked":["FlurryOfBlows","Fasting2+1"],"picked":"FearNoEvil","floor":18.0},{"not_picked":["ThirdEye","SignatureMove"],"picked":"TalkToTheHand+1","floor":21.0},{"not_picked":["FollowUp","Weave","Protect"],"picked":"SKIP","floor":22.0},{"not_picked":["EmptyFist","Consecrate"],"picked":"Halt","floor":24.0},{"not_picked":["EmptyMind+1","Consecrate","Wallop"],"picked":"SKIP","floor":25.0},{"not_picked":["CutThroughFate","EmptyMind","SignatureMove"],"picked":"SKIP","floor":28.0},{"not_picked":["Prostrate+1","LikeWater+1"],"picked":"Adaptation+1","floor":29.0},{"not_picked":["BowlingBash","Devotion+1","FearNoEvil+1"],"picked":"SKIP","floor":31.0},{"not_picked":["Omniscience","Alpha"],"picked":"Scrawl","floor":33.0},{"not_picked":["Perseverance","BowlingBash+1"],"picked":"Adaptation+1","floor":35.0},{"not_picked":["PathToVictory+1","FlurryOfBlows+1"],"picked":"Tantrum+1","floor":36.0},{"not_picked":["Halt+1","CrushJoints"],"picked":"Indignation+1","floor":39.0},{"not_picked":["FlyingSleeves+1","Tantrum+1","Evaluate"],"picked":"SKIP","floor":41.0},{"not_picked":["Nirvana+1","CutThroughFate","Indignation+1"],"picked":"SKIP","floor":46.0},{"not_picked":["Prostrate","SandsOfTime+1","PathToVictory+1"],"picked":"SKIP","floor":47},{"not_picked":["Swivel","DeusExMachina","CutThroughFate+1"],"picked":"SKIP","floor":54}],"player_experience":294511,"relics_obtained":[{"floor":7.0,"key":"Frozen Egg 2"},{"floor":9.0,"key":"CeramicFish"},{"floor":13.0,"key":"Akabeko"},{"floor":24.0,"key":"Red Mask"},{"floor":25.0,"key":"Potion Belt"},{"floor":34.0,"key":"Boot"},{"floor":34.0,"key":"HornCleat"},{"floor":34.0,"key":"FossilizedHelix"},{"floor":41.0,"key":"Pear"},{"floor":44.0,"key":"CloakClasp"},{"floor":54,"key":"Gremlin Horn"}],"event_choices":[{"cards_removed":["Strike_P"],"damage_healed":0.0,"max_hp_gain":0.0,"max_hp_loss":0.0,"gold_gain":0.0,"event_name":"Living Wall","player_choice":"Forget","floor":5.0,"gold_loss":0.0,"damage_taken":0.0},{"damage_healed":0.0,"max_hp_gain":0.0,"max_hp_loss":0.0,"gold_gain":0.0,"event_name":"Golden Idol","player_choice":"Take Damage","floor":11.0,"gold_loss":0.0,"damage_taken":18.0,"relics_obtained":["Golden Idol"]},{"damage_healed":0.0,"max_hp_gain":0.0,"max_hp_loss":0.0,"gold_gain":0.0,"event_name":"Back to Basics","player_choice":"Simplicity","floor":19.0,"gold_loss":0.0,"damage_taken":0.0,"cards_upgraded":["Strike_P","Strike_P","Strike_P","Defend_P","Defend_P","Defend_P","Defend_P"]},{"damage_healed":0.0,"max_hp_gain":0.0,"max_hp_loss":0.0,"gold_gain":0.0,"event_name":"Masked Bandits","player_choice":"Fought Bandits","floor":24.0,"gold_loss":0.0,"damage_taken":0.0},{"damage_healed":0.0,"max_hp_gain":0.0,"max_hp_loss":0.0,"gold_gain":0.0,"event_name":"Cursed Tome","player_choice":"Ignored","floor":27.0,"gold_loss":0.0,"damage_taken":0.0},{"damage_healed":0.0,"max_hp_gain":0.0,"max_hp_loss":0.0,"gold_gain":333.0,"event_name":"The Moai Head","player_choice":"Gave Idol","floor":38.0,"relics_lost":["Golden Idol"],"gold_loss":0.0,"damage_taken":0.0},{"damage_healed":0.0,"max_hp_gain":0.0,"max_hp_loss":0.0,"gold_gain":0.0,"event_name":"Mysterious Sphere","player_choice":"Fight","floor":44.0,"gold_loss":0.0,"damage_taken":0.0}],"is_beta":false,"boss_relics":[{"not_picked":["Runic Dome","Philosopher\u0027s Stone"],"picked":"Sozu"},{"not_picked":["Velvet Choker","Black Star"],"picked":"Calling Bell"}],"items_purged_floors":[10,20,30,37,42,48],"is_endless":false,"potions_floor_spawned":[2,3,13,14,16,22,29,31,39,44,47],"ascension_level":5}}