{"host":"cnj85ejnk45ua9hx","time":1608069280,"event":{"mods":["BaseMod","Downfall","Hermit","Jorbs\u0027s Wanderer Trilogy","Luminous","Minty Spire (QoL Compilation)","Shop Mod","StSLib","The Animator","The Cursed","The Hierophant","The Servant 0.9.4"],"gold_per_floor":[99,99,24,55,55,55,55,71,101,201,214,224,74,59,70,165,165,90,107,13,38,38,57,57,57,76,109,1,1,1,1,1],"floor_reached":31,"playtime":2487,"items_purged":[],"score":329,"play_id":"69d899d6-b790-49ea-bb8d-e2f7ca0d5796","local_time":"20201215225440","is_ascension_mode":false,"campfire_choices":[{"floor":1,"key":"RECALL"},{"data":"hexamod:Sear","floor":3,"key":"SMITH"},{"data":"hexamod:Firestarter","floor":6,"key":"SMITH"},{"data":"hexamod:EmpoweredFlame","floor":18,"key":"SMITH"},{"floor":22,"key":"REST"},{"floor":25,"key":"REST"}],"circlet_count":0,"master_deck":["hexamod:Strike","hexamod:Strike","hexamod:Strike+1","hexamod:Strike","hexamod:Defend","hexamod:Defend","hexamod:Defend","hexamod:Defend","hexamod:Sear+1","hexamod:Float","hexamod:EmpoweredFlame+1","hexamod:Firestarter+1","hexamod:FastForward+1","hexamod:ThermalTransfer","hexamod:RainOfEmbers","hexamod:Rewind","hexamod:SixthSeal","hexamod:NightmareGuise+1","hexamod:ExtraCrispy+1","hexamod:GhostflameInferno+1","hexamod:SwordOfDarkness","hexamod:HeatCrush","hexamod:HeatCrush","hexamod:SecondSeal","hexamod:TimeWarp","hexamod:PhantomFireball+1","hexamod:NecessarySacrifice","hexamod:NightmareStrike+1"],"relics":["hexamod:SpiritBrand","downfall:HeartsMalice","downfall:HeartBlessingRed","Orichalcum","PreservedInsect","Astrolabe","downfall:HeartBlessingBlue","Gremlin Horn","Bag of Preparation","Bottled Lightning","GremlinMask"],"acts_visited":["Exordium","TheCity"],"potions_floor_usage":[9,14,16,20,28,28],"damage_taken":[{"damage":0,"enemies":"Cultist","floor":2,"turns":1},{"damage":0,"enemies":"Lagavulin","floor":4,"turns":1},{"damage":0,"enemies":"downfall:FleeingMerchant","floor":5,"turns":1},{"damage":6,"enemies":"2 Louse","floor":8,"turns":4},{"damage":32,"enemies":"3 Sentries","floor":9,"turns":8},{"damage":0,"enemies":"Small Slimes","floor":11,"turns":3},{"damage":31,"enemies":"Gremlin Gang","floor":12,"turns":4},{"damage":0,"enemies":"downfall:FleeingMerchant","floor":14,"turns":4},{"damage":6,"enemies":"Exordium Wildlife","floor":15,"turns":5},{"damage":17,"enemies":"downfall:Watcher","floor":16,"turns":6},{"damage":0,"enemies":"Chosen","floor":19,"turns":3},{"damage":9,"enemies":"downfall:FleeingMerchant","floor":20,"turns":4},{"damage":52,"enemies":"Slavers","floor":21,"turns":6},{"damage":11,"enemies":"Spheric Guardian","floor":23,"turns":4},{"damage":23,"enemies":"Centurion and Healer","floor":26,"turns":8},{"damage":36,"enemies":"Book of Stabbing","floor":27,"turns":5},{"damage":9,"enemies":"downfall:FleeingMerchant","floor":28,"turns":4},{"damage":52,"enemies":"Shelled Parasite and Fungi","floor":31,"turns":5}],"seed_played":"3115565112741614884","potions_obtained":[{"floor":8,"key":"Block Potion"},{"floor":11,"key":"FairyPotion"},{"floor":12,"key":"FearPotion"},{"floor":15,"key":"Slimebound:ThreeZeroPotion"},{"floor":16,"key":"PowerPotion"},{"floor":21,"key":"Dexterity Potion"},{"floor":27,"key":"PowerPotion"}],"is_trial":false,"path_per_floor":["R","M","R","E","$","R","T","M","E","?","M","M","?","$","M","B",null,"R","M","$","E","R","M","T","R","M","E","$","?","?","M"],"character_chosen":"THE_SPIRIT","items_purchased":["hexamod:HeatCrush","Fruit Juice"],"campfire_rested":2,"item_purchase_floors":[20,28],"current_hp_per_floor":[70,70,70,70,70,70,70,64,32,32,32,1,80,80,74,57,80,90,90,81,29,56,45,45,72,49,13,9,9,9,0,0],"gold":1,"neow_bonus":"THREE_ENEMY_KILL","is_daily":false,"chose_seed":false,"campfire_upgraded":3,"win_rate":0.0,"timestamp":1608069280,"path_taken":["R","M","R","E","?","R","T","M","E","?","M","?","?","$","M","BOSS","R","?","$","E","R","M","T","R","M","E","$","?","?","M"],"items_purchased_type":["Card","Potion"],"build_version":"2020-12-13","purchased_purges":0,"victory":false,"max_hp_per_floor":[70,70,70,70,70,70,70,70,70,70,70,70,80,80,80,80,80,90,90,90,90,90,90,90,90,90,90,95,95,95,95,95],"card_choices":[{"not_picked":["hexamod:RainOfEmbers","hexamod:BacktrackSmack"],"picked":"hexamod:EmpoweredFlame","floor":2},{"not_picked":["hexamod:SkipABeat","hexamod:SearingWound"],"picked":"hexamod:Firestarter","floor":4},{"not_picked":["hexamod:FastForward","hexamod:RecurringNightmare"],"picked":"hexamod:GhostShield","floor":5},{"not_picked":["hexamod:Firestarter","hexamod:BacktrackSmack"],"picked":"hexamod:FastForward","floor":8},{"not_picked":["hexamod:BacktrackSmack","hexamod:ShieldOfDarkness"],"picked":"hexamod:SearingWound","floor":9},{"not_picked":["hexamod:BurningTouch","hexamod:SpectralAdrenaline"],"picked":"hexamod:ThermalTransfer","floor":11},{"not_picked":["hexamod:ChargedBarrage","hexamod:SpectersWail"],"picked":"hexamod:RainOfEmbers","floor":12},{"not_picked":["hexamod:Firestarter","hexamod:Again"],"picked":"hexamod:Hexaguard","floor":14},{"not_picked":["hexamod:ChargedBarrage","hexamod:InspiringFlames"],"picked":"hexamod:Rewind","floor":15},{"not_picked":["hexamod:VolcanoVisage","hexamod:UnleashSpirits"],"picked":"hexamod:SixthSeal","floor":16},{"not_picked":["hexamod:Firestarter","hexamod:ThermalTransfer"],"picked":"hexamod:SwordOfDarkness","floor":19},{"not_picked":["hexamod:RainOfEmbers+1","hexamod:Rewind"],"picked":"hexamod:HeatCrush","floor":20},{"not_picked":["hexamod:NecessarySacrifice","hexamod:FastForward+1"],"picked":"hexamod:SecondSeal","floor":21},{"not_picked":["hexamod:GhostOfSpirePast","hexamod:InspiringFlames"],"picked":"hexamod:TimeWarp","floor":23},{"not_picked":["hexamod:ShieldOfDarkness+1","hexamod:SwordOfDarkness+1"],"picked":"hexamod:PhantomFireball+1","floor":26},{"not_picked":["hexamod:HauntingEcho+1","hexamod:NightmareGuise+1"],"picked":"hexamod:NecessarySacrifice","floor":27},{"not_picked":["hexamod:Hexaguard","hexamod:ChargedBarrage"],"picked":"hexamod:NightmareStrike+1","floor":28}],"player_experience":56367,"relics_obtained":[{"floor":4,"key":"Orichalcum"},{"floor":9,"key":"PreservedInsect"},{"floor":21,"key":"Gremlin Horn"},{"floor":24,"key":"Bag of Preparation"},{"floor":27,"key":"Bottled Lightning"}],"event_choices":[{"damage_healed":0,"gold_gain":0,"player_choice":"Trade","damage_taken":0,"relics_obtained":["GremlinMask"],"max_hp_gain":0,"max_hp_loss":0,"event_name":"FaceTrader","floor":30,"gold_loss":0}],"is_beta":false,"boss_relics":[{"not_picked":["Ectoplasm","Velvet Choker"],"picked":"Astrolabe"}],"items_purged_floors":[],"is_endless":false,"potions_floor_spawned":[8,11,12,15,16,21,27],"killed_by":"Shelled Parasite and Fungi","ascension_level":0}}