{"host":"9aax3dkmlvd55llh","time":1608067815,"event":{"mods":["BaseMod","Infinite Spire","Minty Spire (QoL Compilation)","Replay The Spire","StSLib","The Jungle"],"gold_per_floor":[113,113,38,38,38,70,70,70,120,120,20,20,53,93,93,195,195,211,231,19,19,33,33,62,62,62,62,62,64,66,66,66,176,176,193,193,209,274,293,325,325,353,353,353,353,110,112,131,131,137],"floor_reached":51,"playtime":3579,"items_purged":["Strike_P","Defend_P","Strike_P","Hallucinations"],"score":805,"play_id":"15d0c360-3ae8-4c4a-b43b-2a1589b3711b","local_time":"20201215223015","is_ascension_mode":false,"campfire_choices":[{"floor":8,"key":"REST"},{"data":"ReplayTheSpireMod:Black Plague","floor":10,"key":"SMITH"},{"data":"Eruption","floor":12,"key":"SMITH"},{"floor":15,"key":"REST"},{"floor":23,"key":"REST"},{"data":"Adrenaline","floor":25,"key":"SMITH"},{"data":"Halt","floor":28,"key":"SMITH"},{"floor":32,"key":"REST"},{"floor":41,"key":"REST"},{"floor":45,"key":"DIG"},{"floor":49,"key":"REST"}],"circlet_count":0,"master_deck":["Eruption+1","Vigilance","EmptyFist","ReplayTheSpireMod:Black Plague+1","Protect","Adaptation","Adrenaline+1","Replay:Battleflow","Halt+1","Finesse","FlurryOfBlows","Shame","ConjureBlade","Fasting2+1","Replay:Hum","BattleHymn+1","Impatience","Impatience","Panache"],"relics":["Ginger","WingedGreaves","Replay:M_StaffOfTheSnake","Pen Nib","infinitespire:Midas Blood","Juzu Bracelet","Empty Cage","Ring of Fury","ReplayTheSpireMod:Ring of Exchange","Replay:Accelerometer","Pantograph","theJungle:SpiritDisease","Shovel","theJungle:PaperFaux","SlaversCollar","CaptainsWheel","Chameleon Ring","The Courier","Spirit Poop","Bag of Preparation","infinitespire:PuzzleCube"],"acts_visited":["Exordium","theJungle:Jungle","TheBeyond"],"potions_floor_usage":[14,16,33,37,38,38,42],"damage_taken":[{"damage":0,"enemies":"Cultist","floor":1,"turns":2},{"damage":11,"enemies":"Gremlin Nob","floor":6,"turns":3},{"damage":24,"enemies":"Lagavulin","floor":13,"turns":3},{"damage":6,"enemies":"3 Sentries","floor":14,"turns":5},{"damage":0,"enemies":"Slime Boss","floor":16,"turns":7},{"damage":14,"enemies":"theJungle:5_Spyders","floor":18,"turns":4},{"damage":0,"enemies":"theJungle:GiantWrat","floor":19,"turns":2},{"damage":3,"enemies":"theJungle:JungleHuntersEncounter","floor":22,"turns":4},{"damage":11,"enemies":"theJungle:2_Phrogs","floor":24,"turns":4},{"damage":42,"enemies":"theJungle:TotemBoss","floor":33,"turns":7},{"damage":10,"enemies":"3 Shapes","floor":35,"turns":2},{"damage":11,"enemies":"3 Darklings","floor":37,"turns":4},{"damage":38,"enemies":"2 Orb Walkers","floor":38,"turns":5},{"damage":4,"enemies":"Jaw Worm Horde","floor":39,"turns":5},{"damage":0,"enemies":"R_Hoarder","floor":40,"turns":5},{"damage":0,"enemies":"Reptomancer","floor":42,"turns":3},{"damage":7,"enemies":"4 Shapes","floor":48,"turns":4},{"damage":8,"enemies":"Time Eater","floor":50,"turns":5}],"seed_played":"9189295477447979127","potions_obtained":[{"floor":13,"key":"Fire Potion"},{"floor":14,"key":"LiquidBronze"},{"floor":18,"key":"Flashbang"},{"floor":19,"key":"Block Potion"},{"floor":35,"key":"infinitespire:BlackPotion"},{"floor":37,"key":"StancePotion"},{"floor":40,"key":"Fire Potion"},{"floor":48,"key":"SteroidPotion"}],"is_trial":false,"path_per_floor":["M","?","$","?","$","E","?","R","T","R","$","R","E","E","R","B",null,"M","M","$","?","M","R","E","R","T","?","R","?","?","?","R","B",null,"M","?","M","?","M","E","R","E","T","?","R","$","?","M","R","B",null],"character_chosen":"WATCHER","items_purchased":["Finesse","infinitespire:PuzzleCube"],"campfire_rested":6,"item_purchase_floors":[20,46],"current_hp_per_floor":[65,50,50,50,50,39,39,58,58,58,58,58,34,28,47,47,65,51,51,51,51,48,65,54,54,54,54,54,30,17,17,36,19,65,55,55,44,6,2,2,21,21,21,57,57,57,47,40,57,49],"gold":137,"neow_bonus":"ONE_RARE_RELIC","is_daily":false,"chose_seed":false,"campfire_upgraded":4,"win_rate":0.0,"timestamp":1608067815,"path_taken":["M","?","$","?","?","E","?","R","T","R","?","R","E","E","R","BOSS","M","M","$","?","M","R","E","R","T","?","R","?","?","?","R","BOSS","M","?","M","?","M","E","R","E","T","?","R","$","?","M","R","BOSS"],"items_purchased_type":["Card","Relic"],"build_version":"2020-12-13","purchased_purges":4,"victory":true,"max_hp_per_floor":[65,65,65,65,65,65,65,65,65,65,65,65,65,65,65,65,65,65,65,65,65,65,65,65,65,65,65,65,65,65,65,65,65,65,65,65,65,65,65,65,65,65,65,57,57,57,57,57,57,57],"card_choices":[{"not_picked":["Pray","EmptyBody"],"picked":"EmptyFist","floor":1},{"not_picked":["ReplayTheSpireMod:Echoes of Time","ReplayTheSpireMod:Haul"],"picked":"ReplayTheSpireMod:Black Plague","floor":2},{"not_picked":["WindmillStrike","Crescendo","ThirdEye"],"picked":"SKIP","floor":6},{"not_picked":["Outmaneuver","Escape Plan"],"picked":"Protect","floor":13},{"not_picked":["CrushJoints","Predator"],"picked":"Adaptation","floor":14},{"not_picked":["SpiritShield","Replay:LoomingThreat"],"picked":"Adrenaline","floor":16},{"not_picked":["Swivel","EmptyFist+1"],"picked":"Replay:Battleflow","floor":18},{"not_picked":["Consecrate","ThirdEye"],"picked":"Halt","floor":19},{"not_picked":["Prostrate","WheelKick+1"],"picked":"FlurryOfBlows","floor":22},{"not_picked":["Replay:AtTheReady+1","Vengeance","Weave+1"],"picked":"SKIP","floor":24},{"not_picked":["LessonLearned","Replay:AllIn"],"picked":"ConjureBlade","floor":33},{"not_picked":["Crescendo","FearNoEvil"],"picked":"Fasting2+1","floor":35},{"not_picked":["BowlingBash+1","WindmillStrike+1","Replay:Vibes"],"picked":"SKIP","floor":37},{"not_picked":["Wallop","Swivel+1"],"picked":"Replay:Hum","floor":39},{"not_picked":["SandsOfTime+1","ClearTheMind+1"],"picked":"BattleHymn+1","floor":40},{"not_picked":["CutThroughFate","CrushJoints+1","Halt"],"picked":"SKIP","floor":42},{"not_picked":["Secret Weapon","Panacea"],"picked":"Impatience","floor":47},{"not_picked":["ReplayUltimateDefense","Jack Of All Trades"],"picked":"Impatience","floor":47},{"not_picked":["Replay:Parry","Specialist"],"picked":"Panache","floor":47},{"not_picked":["WindmillStrike+1","Replay:AtTheReady+1","PathToVictory+1"],"picked":"SKIP","floor":48}],"player_experience":180414,"relics_obtained":[{"floor":6,"key":"WingedGreaves"},{"floor":9,"key":"Pen Nib"},{"floor":13,"key":"infinitespire:Midas Blood"},{"floor":14,"key":"Juzu Bracelet"},{"floor":21,"key":"Ring of Fury"},{"floor":21,"key":"ReplayTheSpireMod:Ring of Exchange"},{"floor":24,"key":"Replay:Accelerometer"},{"floor":26,"key":"Pantograph"},{"floor":38,"key":"CaptainsWheel"},{"floor":40,"key":"Chameleon Ring"},{"floor":42,"key":"The Courier"},{"floor":43,"key":"Spirit Poop"},{"floor":45,"key":"Bag of Preparation"}],"event_choices":[{"damage_healed":0,"gold_gain":0,"player_choice":"Ignored","damage_taken":0,"max_hp_gain":0,"max_hp_loss":0,"event_name":"Liars Game","floor":4,"gold_loss":0},{"damage_healed":0,"gold_gain":0,"player_choice":"Fight","damage_taken":0,"max_hp_gain":0,"max_hp_loss":0,"event_name":"Mysterious Sphere","floor":38,"gold_loss":0},{"damage_healed":57,"gold_gain":0,"player_choice":"Heal","damage_taken":0,"max_hp_gain":0,"max_hp_loss":8,"event_name":"The Moai Head","floor":44,"gold_loss":0},{"damage_healed":0,"gold_gain":0,"player_choice":"Memory 3","damage_taken":10,"max_hp_gain":0,"max_hp_loss":0,"event_name":"SensoryStone","floor":47,"gold_loss":0}],"is_beta":false,"boss_relics":[{"not_picked":["Cursed Key","infinitespire:Cupcake"],"picked":"Empty Cage"},{"not_picked":["Painkiller Herb","ChewingGum"],"picked":"SlaversCollar"}],"items_purged_floors":[3,11,20,46],"is_endless":false,"potions_floor_spawned":[13,14,18,19,35,37,40,48],"ascension_level":0}}