{"host":"y087t2reloz9bi43","time":1608035726,"event":{"mods":["2.2 Compatiblity","AchievementEnabler","Aspiration","BaseMod","Beaked The Cultist","Better Vampires","BetterRewards","Colored Map","Colored Powertips","Conspire","Downfall","Ekko","Fireblade Mod","Friendly Minions","GifTheSpireLib","Halation","Hermit","Hubris","Infinite Spire","Jedi Mod","Mad Scientist","Marisa????????","Mimic Mod","Minty Spire (QoL Compilation)","Permanent Neow","Rare Cards Sparkle","Relic Stats","Replay The Spire","Robot Space Explorer","Shade Mod","Shop Mod","StSLib","The Blackbeard","The Bug Knight","The Construct","The Cursed","The Hierophant","The Jungle","The Necromancer","The Runesmith","The Servant 0.9.4","TheHero","TheVacant","Uncapped","everything is the same but u backflip on backflip","vexMod"],"gold_per_floor":[176,206,264,299,299],"floor_reached":4,"playtime":249,"items_purged":[],"score":32,"play_id":"70b5a206-8b8b-4de4-9a5e-ea65cc68bb5d","local_time":"20201215123526","is_ascension_mode":true,"campfire_choices":[],"circlet_count":0,"master_deck":["Guardian:Strike_Guardian","Guardian:Strike_Guardian","Guardian:Strike_Guardian","Guardian:Strike_Guardian","Guardian:Defend_Guardian","Guardian:Defend_Guardian","Guardian:Defend_Guardian","Guardian:Defend_Guardian","Guardian:CurlUp","Guardian:TwinSlam","Guardian:DonusPower","Guardian:EvasiveProtocol"],"relics":["Guardian:ModeShifter","ReplayFunnel","jedi:arcanewood","Runesmith:AutoHammer","vexMod:Dragonfruit"],"acts_visited":["Exordium"],"potions_floor_usage":[],"damage_taken":[{"damage":22,"enemies":"3 Sentries","floor":4,"turns":7}],"seed_played":"9060077669085998763","potions_obtained":[{"floor":3,"key":"construct:ShiftPotion"},{"floor":3,"key":"DuplicationPotion"}],"is_trial":false,"path_per_floor":["R_BF","?","?","E"],"character_chosen":"GUARDIAN","items_purchased":[],"campfire_rested":0,"item_purchase_floors":[],"current_hp_per_floor":[80,80,80,63,63],"gold":299,"neow_bonus":"RANDOM_COMMON_RELIC","is_daily":false,"chose_seed":false,"campfire_upgraded":0,"win_rate":0.0,"timestamp":1608035726,"path_taken":["R_BF","?","?","E"],"items_purchased_type":[],"build_version":"2020-12-13","purchased_purges":0,"victory":false,"max_hp_per_floor":[80,80,80,85,85],"relic_stats":{"counters":[1,7],"obtain_stats":[{"ReplayFunnel":0,"vexMod:Dragonfruit":4,"Guardian:ModeShifter":0,"Runesmith:AutoHammer":3,"jedi:arcanewood":2},{"ReplayFunnel":0,"vexMod:Dragonfruit":1,"Guardian:ModeShifter":0,"Runesmith:AutoHammer":0,"jedi:arcanewood":0},{"ReplayFunnel":0,"vexMod:Dragonfruit":7,"Guardian:ModeShifter":0,"Runesmith:AutoHammer":0,"jedi:arcanewood":0}]},"card_choices":[{"not_picked":["Guardian:PolyBeam","Guardian:TemporalShield"],"picked":"Guardian:DonusPower","floor":3},{"not_picked":["Guardian:GuardianWhirl","Guardian:TemporalShield"],"picked":"Guardian:EvasiveProtocol","floor":4}],"player_experience":327616,"relics_obtained":[{"floor":3,"key":"Runesmith:AutoHammer"},{"floor":4,"key":"vexMod:Dragonfruit"}],"event_choices":[],"is_beta":false,"boss_relics":[],"items_purged_floors":[],"is_endless":false,"potions_floor_spawned":[],"killed_by":"3 Sentries","ascension_level":1}}