{"host":"126yiuos2nq86se7","time":1608018343,"event":{"mods":["AchievementEnabler","Act Like it!","BaseMod","Colored Map","Colored Powertips","Friendly Minions","Highlight Path","Jorbs\u0027s Wanderer Trilogy","Minty Spire (QoL Compilation)","StSLib","SuperFastMode","The Animator","The Hierophant","The Servant 0.9.4"],"gold_per_floor":[117,117,42,42,59,84,102,102,102,102,128,145,145,160,160,261,261,281,206,206,221,240,240,252,252,252],"floor_reached":25,"playtime":868,"items_purged":["Eruption"],"score":276,"play_id":"c1c510f6-4a40-47b3-ade7-261672f65b21","local_time":"20201215184543","is_ascension_mode":true,"campfire_choices":[{"data":"Vigilance","floor":10,"key":"SMITH"},{"data":"Evaluate","floor":13,"key":"SMITH"},{"data":"Study","floor":15,"key":"SMITH"},{"floor":23,"key":"REST"}],"circlet_count":0,"master_deck":["Strike_P","Strike_P","Strike_P","Strike_P","Defend_P","Defend_P","Defend_P","Defend_P","Vigilance+1","Evaluate+1","WindmillStrike","ThirdEye","Swivel","Study+1","Wish","Sanctity","Perseverance+1"],"relics":["PureWater","NeowsBlessing","Bag of Preparation","Damaru","Eternal Feather","Question Card","Cursed Key"],"acts_visited":["Exordium","TheCity"],"potions_floor_usage":[16,16,16],"damage_taken":[{"damage":0,"enemies":"2 Louse","floor":1,"turns":1},{"damage":0,"enemies":"Cultist","floor":5,"turns":1},{"damage":0,"enemies":"Gremlin Nob","floor":6,"turns":1},{"damage":0,"enemies":"Small Slimes","floor":7,"turns":5},{"damage":24,"enemies":"3 Sentries","floor":11,"turns":10},{"damage":2,"enemies":"Red Slaver","floor":12,"turns":6},{"damage":2,"enemies":"Exordium Thugs","floor":14,"turns":6},{"damage":8,"enemies":"The Guardian","floor":16,"turns":10},{"damage":7,"enemies":"Chosen","floor":18,"turns":10},{"damage":0,"enemies":"2 Thieves","floor":19,"turns":5},{"damage":38,"enemies":"Centurion and Healer","floor":21,"turns":10},{"damage":4,"enemies":"Shelled Parasite and Fungi","floor":22,"turns":10},{"damage":39,"enemies":"Cultist and Chosen","floor":24,"turns":10},{"damage":22,"enemies":"Gremlin Leader","floor":25,"turns":2}],"seed_played":"-2673948027572640927","potions_obtained":[{"floor":1,"key":"StancePotion"},{"floor":7,"key":"Swift Potion"},{"floor":12,"key":"FearPotion"},{"floor":14,"key":"Block Potion"},{"floor":16,"key":"SkillPotion"},{"floor":18,"key":"Weak Potion"}],"is_trial":false,"path_per_floor":["M","?","$","?","M","E","M","?","T","R","E","M","R","M","R","B",null,"M","M","?","M","M","R","M","E"],"character_chosen":"WATCHER","items_purchased":[],"campfire_rested":1,"item_purchase_floors":[],"current_hp_per_floor":[72,77,77,77,77,77,77,77,77,77,53,51,57,55,61,53,77,70,70,64,26,22,54,15,0,0],"gold":252,"neow_bonus":"THREE_ENEMY_KILL","is_daily":false,"chose_seed":false,"campfire_upgraded":3,"win_rate":0.0,"timestamp":1608018343,"path_taken":["M","?","$","?","?","E","M","?","T","R","E","?","R","M","R","BOSS","M","M","?","?","M","R","M","E"],"items_purchased_type":[],"build_version":"2020-12-13","purchased_purges":1,"victory":false,"max_hp_per_floor":[72,77,77,77,77,77,77,77,77,77,77,77,77,77,77,77,77,77,77,77,77,77,77,77,77,77],"card_choices":[{"not_picked":["EmptyFist","CutThroughFate","Halt"],"picked":"SKIP","floor":1},{"not_picked":["Vault","BowlingBash"],"picked":"Evaluate","floor":5},{"not_picked":["Fasting2","JustLucky","Crescendo"],"picked":"SKIP","floor":6},{"not_picked":["JustLucky","InnerPeace"],"picked":"WindmillStrike","floor":7},{"not_picked":["Crescendo","ClearTheMind"],"picked":"ThirdEye","floor":11},{"not_picked":["WaveOfTheHand","CutThroughFate","Halt"],"picked":"Swivel","floor":12},{"not_picked":["WreathOfFlame","CarveReality","EmptyFist"],"picked":"Study","floor":14},{"not_picked":["Ragnarok","ConjureBlade","Scrawl"],"picked":"Wish","floor":16},{"not_picked":["PathToVictory+1","SashWhip+1","FlyingSleeves","WaveOfTheHand"],"picked":"SKIP","floor":18},{"not_picked":["TalkToTheHand","Crescendo","Worship","PathToVictory+1"],"picked":"SKIP","floor":19},{"not_picked":["Consecrate","LikeWater+1","EmptyFist"],"picked":"Sanctity","floor":21},{"not_picked":["Evaluate","FollowUp","Weave"],"picked":"Perseverance+1","floor":22},{"not_picked":["Crescendo+1","BowlingBash","Wallop","CarveReality"],"picked":"SKIP","floor":24}],"player_experience":1603040,"relics_obtained":[{"floor":6,"key":"Damaru"},{"floor":9,"key":"Eternal Feather"},{"floor":11,"key":"Question Card"}],"event_choices":[{"damage_healed":0,"gold_gain":0,"player_choice":"Donut","damage_taken":0,"max_hp_gain":5,"max_hp_loss":0,"event_name":"Big Fish","floor":2,"gold_loss":0},{"damage_healed":0,"gold_gain":0,"player_choice":"Gave Potion","damage_taken":0,"relics_obtained":["Bag of Preparation"],"max_hp_gain":0,"max_hp_loss":0,"event_name":"WeMeetAgain","floor":4,"gold_loss":0},{"damage_healed":0,"gold_gain":0,"player_choice":"Full Heal","damage_taken":0,"max_hp_gain":0,"max_hp_loss":0,"event_name":"Wheel of Change","floor":8,"gold_loss":0},{"damage_healed":0,"gold_gain":0,"player_choice":"","damage_taken":6,"max_hp_gain":0,"max_hp_loss":0,"event_name":"Knowing Skull","floor":20,"potions_obtained":[],"gold_loss":0,"cards_obtained":[]}],"is_beta":false,"boss_relics":[{"not_picked":["VioletLotus","Astrolabe"],"picked":"Cursed Key"}],"items_purged_floors":[3],"is_endless":false,"potions_floor_spawned":[1,7,12,14,16,18],"killed_by":"Gremlin Leader","ascension_level":1}}