{"host":"9d9dhukr2jywmy0f","time":1608038214,"event":{"mods":["2.2 Compatiblity","Alarm Clock","BaseMod","Bestiary","Block Reminder","Colored Map","Colored Powertips","Curses Come First","DeckTracker","Displayed Cursed Tome","Highlight Path","Key Reminder","Keyboard Shortcuts","Minty Spire (QoL Compilation)","MonsterHotkey","Potion Indicator Mod","Quick Restart","RNG Fix","Rare Cards Sparkle","Relic Sorter","Relic Stats","Spire Birthday Party","StSLib","Synergy Search","Unceasing Turn Reminder","Unknown Chances"],"gold_per_floor":[111,122,8,19,19,19,30,30,30,30,48,81,100,127,127,204,204,215,215,130,50,65,65,85,85,85,119,134,184,184,200,200,275,275,286,300,325,325,2,31,31,57,109,109,54,54,102,133,133,133,133,133,133,26,57,57],"floor_reached":57,"playtime":4151,"items_purged":["Strike_B","Defend_B"],"score":2882,"play_id":"89fa33bc-247d-456f-a8e5-6e52de345aec","local_time":"20201215211654","is_ascension_mode":true,"campfire_choices":[{"data":"Dualcast","floor":6.0,"key":"SMITH"},{"data":"Loop","floor":8.0,"key":"SMITH"},{"data":"Zap","floor":10.0,"key":"SMITH"},{"data":"Streamline","floor":15.0,"key":"SMITH"},{"data":"Heatsinks","floor":23.0,"key":"SMITH"},{"data":"Ghostly","floor":25.0,"key":"SMITH"},{"data":"Ghostly","floor":30.0,"key":"SMITH"},{"data":"Ghostly","floor":32.0,"key":"SMITH"},{"data":"Turbo","floor":41.0,"key":"SMITH"},{"data":"Capacitor","floor":44.0,"key":"SMITH"},{"floor":46.0,"key":"RECALL"},{"data":"White Noise","floor":49.0,"key":"SMITH"},{"data":"Biased Cognition","floor":53.0,"key":"SMITH"}],"circlet_count":0,"master_deck":["AscendersBane","Defend_B","Defend_B","Defend_B","Zap+1","Dualcast+1","Turbo+1","Capacitor+1","Loop+1","Self Repair","Ball Lightning","Streamline+1","White Noise+1","Echo Form","Electrodynamics","Creative AI+1","Fission+1","BootSequence+1","Ghostly+1","Ghostly+1","Ghostly+1","Heatsinks+1","Skim+1","Hologram+1","Recycle+1","Biased Cognition+1","Discovery+1","Discovery+1","Coolheaded+1","Coolheaded+1","Aggregate+1","Double Energy+1"],"relics":["Cracked Core","NeowsBlessing","Gremlin Horn","Symbiotic Virus","Incense Burner","Astrolabe","Blood Vial","Pear","Toxic Egg 2","Runic Pyramid","Gambling Chip","Bag of Preparation","Juzu Bracelet","Eternal Feather","Omamori","Potion Belt","Strawberry"],"acts_visited":["Exordium","TheCity","TheBeyond","TheEnding"],"potions_floor_usage":[56],"damage_taken":[{"damage":0.0,"enemies":"Jaw Worm","floor":1.0,"turns":1.0},{"damage":0.0,"enemies":"Cultist","floor":2.0,"turns":1.0},{"damage":0.0,"enemies":"2 Louse","floor":4.0,"turns":1.0},{"damage":5.0,"enemies":"Blue Slaver","floor":7.0,"turns":5.0},{"damage":11.0,"enemies":"2 Fungi Beasts","floor":11.0,"turns":3.0},{"damage":30.0,"enemies":"Lagavulin","floor":12.0,"turns":5.0},{"damage":12.0,"enemies":"Looter","floor":13.0,"turns":4.0},{"damage":35.0,"enemies":"Gremlin Nob","floor":14.0,"turns":4.0},{"damage":4.0,"enemies":"Hexaghost","floor":16.0,"turns":6.0},{"damage":0.0,"enemies":"Spheric Guardian","floor":18.0,"turns":3.0},{"damage":0.0,"enemies":"3 Byrds","floor":22.0,"turns":2.0},{"damage":2.0,"enemies":"Snecko","floor":24.0,"turns":4.0},{"damage":0.0,"enemies":"Slavers","floor":27.0,"turns":3.0},{"damage":25.0,"enemies":"Chosen and Byrds","floor":28.0,"turns":6.0},{"damage":8.0,"enemies":"Centurion and Healer","floor":31.0,"turns":5.0},{"damage":3.0,"enemies":"Collector","floor":33.0,"turns":7.0},{"damage":12.0,"enemies":"3 Darklings","floor":35.0,"turns":4.0},{"damage":0.0,"enemies":"Orb Walker","floor":36.0,"turns":3.0},{"damage":0.0,"enemies":"Mind Bloom Boss Battle","floor":37.0,"turns":6.0},{"damage":0.0,"enemies":"Reptomancer","floor":40.0,"turns":5.0},{"damage":7.0,"enemies":"Nemesis","floor":42.0,"turns":5.0},{"damage":0.0,"enemies":"Reptomancer","floor":48.0,"turns":5.0},{"damage":6.0,"enemies":"Time Eater","floor":50.0,"turns":11.0},{"damage":11.0,"enemies":"Donu and Deca","floor":51.0,"turns":7.0},{"damage":0.0,"enemies":"Shield and Spear","floor":55.0,"turns":4.0},{"damage":24,"enemies":"The Heart","floor":56,"turns":9}],"seed_played":"-3959145466655331201","potions_obtained":[{"floor":1.0,"key":"LiquidBronze"},{"floor":2.0,"key":"Weak Potion"},{"floor":7.0,"key":"SpeedPotion"},{"floor":16.0,"key":"Swift Potion"},{"floor":27.0,"key":"SpeedPotion"},{"floor":36.0,"key":"Swift Potion"},{"floor":42.0,"key":"Swift Potion"}],"is_trial":false,"path_per_floor":["M","M","$","M","?","R","M","R","T","R","M","E","M","E","R","B",null,"M","?","?","$","M","R","M","R","T","E","M","?","R","M","R","B",null,"M","M","?","?","$","E","R","E","T","R","?","R","T","E","R","B","B",null,"R","$","E","B",null],"character_chosen":"DEFECT","items_purchased":["Loop","Heatsinks","Coolheaded+1","Bag of Preparation","FairyPotion"],"campfire_rested":0,"item_purchase_floors":[3,21,39,39,54],"current_hp_per_floor":[64,64,64,64,69,69,71,71,71,71,67,44,39,11,11,21,62,69,38,38,38,38,38,38,38,48,48,30,30,30,31,31,37,45,48,48,48,38,38,47,47,48,48,48,48,48,48,48,48,48,44,47,48,48,55,38],"gold":57,"neow_bonus":"THREE_ENEMY_KILL","is_daily":false,"chose_seed":false,"campfire_upgraded":12,"win_rate":0.0,"timestamp":1608038214,"path_taken":["M","M","$","M","?","R","M","R","T","R","M","E","M","E","R","BOSS","M","?","?","$","M","R","M","R","T","E","?","?","R","M","R","BOSS","M","M","?","?","$","E","R","E","T","R","?","R","?","E","R","BOSS","BOSS","R","$","E","BOSS"],"items_purchased_type":["Card","Card","Card","Relic","Potion"],"build_version":"2020-11-30","purchased_purges":2,"victory":true,"max_hp_per_floor":[71,71,71,71,76,76,76,76,76,76,76,76,76,76,76,76,76,76,38,38,38,38,38,38,38,48,48,48,48,48,48,48,48,48,48,48,48,48,48,48,48,48,48,48,48,48,48,48,48,48,48,48,48,48,55,55],"relic_stats":{"Blood Vial":9,"Gremlin Horn":[15,26],"counters":[26,119],"Astrolabe":["Creative AI","Fission","BootSequence"],"Gambling Chip":[34],"Eternal Feather":1,"Bag of Preparation":[14],"Juzu Bracelet":1,"obtain_stats":[{"Potion Belt":48,"Pear":26,"NeowsBlessing":0,"Gremlin Horn":9,"Astrolabe":17,"Eternal Feather":45,"Incense Burner":14,"Bag of Preparation":39,"Juzu Bracelet":42,"Omamori":47,"keyreminder:keyreminder":14,"Blood Vial":20,"Gambling Chip":37,"Strawberry":55,"Toxic Egg 2":27,"Cracked Core":0,"Symbiotic Virus":12,"Runic Pyramid":34},{"Potion Belt":22,"Pear":12,"NeowsBlessing":0,"Gremlin Horn":4,"Astrolabe":9,"Eternal Feather":21,"Incense Burner":8,"Bag of Preparation":19,"Juzu Bracelet":21,"Omamori":21,"keyreminder:keyreminder":8,"Blood Vial":10,"Gambling Chip":19,"Strawberry":25,"Toxic Egg 2":13,"Cracked Core":0,"Symbiotic Virus":6,"Runic Pyramid":16},{"Potion Belt":88,"Pear":39,"NeowsBlessing":0,"Gremlin Horn":8,"Astrolabe":30,"Eternal Feather":83,"Incense Burner":24,"Bag of Preparation":73,"Juzu Bracelet":83,"Omamori":83,"keyreminder:keyreminder":24,"Blood Vial":33,"Gambling Chip":73,"Strawberry":110,"Toxic Egg 2":42,"Cracked Core":0,"Symbiotic Virus":16,"Runic Pyramid":60}]},"card_choices":[{"not_picked":["Coolheaded","Melter"],"picked":"Turbo","floor":1.0},{"not_picked":["Scrape","Leap"],"picked":"Capacitor","floor":2.0},{"not_picked":["Barrage","Reinforced Body"],"picked":"Self Repair","floor":4.0},{"not_picked":["Doom and Gloom","Skim"],"picked":"Ball Lightning","floor":7.0},{"not_picked":["Coolheaded","Turbo"],"picked":"Streamline","floor":11.0},{"not_picked":["Compile Driver","Gash"],"picked":"White Noise","floor":12.0},{"not_picked":["Go for the Eyes","Barrage","Tempest"],"picked":"SKIP","floor":13.0},{"not_picked":["Streamline","Doom and Gloom"],"picked":"Echo Form","floor":14.0},{"not_picked":["Creative AI","Meteor Strike"],"picked":"Electrodynamics","floor":16.0},{"not_picked":["Go for the Eyes","Compile Driver","Cold Snap+1"],"picked":"SKIP","floor":18.0},{"not_picked":["Steam","Rebound","Compile Driver"],"picked":"SKIP","floor":22.0},{"not_picked":["BootSequence","Coolheaded"],"picked":"Skim+1","floor":24.0},{"not_picked":["Stack+1","Compile Driver","Barrage+1"],"picked":"SKIP","floor":27.0},{"not_picked":["Steam+1","Chaos+1"],"picked":"Hologram+1","floor":28.0},{"not_picked":["Stack+1","Leap+1"],"picked":"Recycle+1","floor":31.0},{"not_picked":["Rainbow+1","Seek+1"],"picked":"Biased Cognition","floor":33.0},{"not_picked":["Cold Snap+1","Reprogram+1","Reinforced Body+1"],"picked":"SKIP","floor":35.0},{"not_picked":["Streamline","Rip and Tear","Redo+1"],"picked":"SKIP","floor":36.0},{"not_picked":["Dramatic Entrance","Forethought+1"],"picked":"Discovery+1","floor":38.0},{"not_picked":["Mayhem","Secret Weapon+1"],"picked":"Discovery+1","floor":38.0},{"not_picked":["Compile Driver","Redo+1"],"picked":"Coolheaded+1","floor":40.0},{"not_picked":["Auto Shields+1","Reinforced Body+1"],"picked":"Aggregate+1","floor":42.0},{"not_picked":["Tempest+1","Redo+1","Rip and Tear"],"picked":"SKIP","floor":48.0},{"not_picked":["Cold Snap","Darkness+1"],"picked":"Double Energy+1","floor":55.0}],"player_experience":675742,"relics_obtained":[{"floor":9.0,"key":"Gremlin Horn"},{"floor":12.0,"key":"Symbiotic Virus"},{"floor":14.0,"key":"Incense Burner"},{"floor":26.0,"key":"Pear"},{"floor":27.0,"key":"Toxic Egg 2"},{"floor":37.0,"key":"Gambling Chip"},{"floor":42.0,"key":"Juzu Bracelet"},{"floor":47.0,"key":"Omamori"},{"floor":48.0,"key":"Potion Belt"},{"floor":55.0,"key":"Strawberry"}],"event_choices":[{"damage_healed":0.0,"max_hp_gain":5.0,"max_hp_loss":0.0,"gold_gain":0.0,"event_name":"Big Fish","player_choice":"Donut","floor":5.0,"gold_loss":0.0,"damage_taken":0.0},{"damage_healed":0.0,"max_hp_gain":0.0,"max_hp_loss":38.0,"gold_gain":0.0,"event_name":"Ghosts","player_choice":"Became a Ghost","floor":19.0,"gold_loss":0.0,"damage_taken":0.0,"cards_obtained":["Ghostly","Ghostly","Ghostly"]},{"damage_healed":0.0,"max_hp_gain":0.0,"max_hp_loss":0.0,"gold_gain":0.0,"event_name":"Addict","player_choice":"Obtained Relic","floor":20.0,"gold_loss":85.0,"damage_taken":0.0,"relics_obtained":["Blood Vial"]},{"damage_healed":0.0,"max_hp_gain":0.0,"max_hp_loss":0.0,"gold_gain":50.0,"event_name":"Nest","player_choice":"Stole From Cult","floor":29.0,"gold_loss":0.0,"damage_taken":0.0},{"damage_healed":0.0,"max_hp_gain":0.0,"max_hp_loss":0.0,"gold_gain":0.0,"event_name":"MindBloom","player_choice":"Fight","floor":37.0,"gold_loss":0.0,"damage_taken":0.0},{"damage_healed":0.0,"max_hp_gain":0.0,"max_hp_loss":0.0,"gold_gain":0.0,"event_name":"SensoryStone","player_choice":"Memory 3","floor":38.0,"gold_loss":0.0,"damage_taken":10.0},{"damage_healed":0.0,"max_hp_gain":0.0,"max_hp_loss":0.0,"gold_gain":0.0,"event_name":"WeMeetAgain","player_choice":"Paid Gold","floor":45.0,"gold_loss":55.0,"damage_taken":0.0,"relics_obtained":["Eternal Feather"]}],"is_beta":false,"boss_relics":[{"not_picked":["FrozenCore","SlaversCollar"],"picked":"Astrolabe"},{"not_picked":["Inserter","Pandora\u0027s Box"],"picked":"Runic Pyramid"}],"items_purged_floors":[3,39],"is_endless":false,"potions_floor_spawned":[1,2,7,16,27,33,36,40,42],"ascension_level":20}}