{"host":"ds28d883r3sz42zs","time":1608068537,"event":{"mods":["2.2 Compatiblity","AchievementEnabler","Act Like it!","BaseMod","Bestiary","Better Match","Better Sensory Stone","Better Silent Start","Better Third Choice","Better-Laid Plans","BetterRewards","Block Reminder","Challenge The Spire","Colored Map","Colored Powertips","DeckTracker","Defuse TimeMaze Blight","Disable Question Mark Monsters","Displayed Cursed Tome","Emptier Cage","GifTheSpireLib","Gold Saver","Minty Spire (QoL Compilation)","Permanent Neow","Practice Mode","Quick Restart","Random Character Button","Rare Cards Sparkle","Relic Filter","Relic Stats","SacredBarkPlus","StSLib","SuperFastMode","Uncapped","Unknown Chances"],"gold_per_floor":[110,110,120,120,130,130,144,171,171,20,20,20,47,47,47,124,124,138,28,28,28,78,78,92,92,118,118,130,130,164,175,175,248,248,260,10,10,10,10,36,36,363,417,437,437,448,495,510,510,510,510,510,29,59,59,59],"floor_reached":55,"playtime":2159,"items_purged":["Strike_G","Defend_G"],"score":1267,"play_id":"49ea4d58-f093-4a11-9a43-605de0626e0c","local_time":"20201215164217","is_ascension_mode":true,"campfire_choices":[{"data":"Noxious Fumes","floor":6.0,"key":"SMITH"},{"data":"Corpse Explosion","floor":11.0,"key":"SMITH"},{"floor":15.0,"key":"REST"},{"data":"Neutralize","floor":23.0,"key":"SMITH"},{"data":"Adrenaline","floor":25.0,"key":"SMITH"},{"data":"Dagger Spray","floor":27.0,"key":"SMITH"},{"data":"Finisher","floor":29.0,"key":"SMITH"},{"floor":32.0,"key":"REST"},{"floor":49.0,"key":"RECALL"},{"data":"Footwork","floor":52.0,"key":"SMITH"}],"circlet_count":0,"master_deck":["AscendersBane","Strike_G","Defend_G","Defend_G","Survivor","Neutralize+1","PiercingWail","Noxious Fumes+1","Blade Dance","Skewer","Dagger Spray+1","Corpse Explosion+1","Adrenaline+1","Slice+1","Dodge and Roll","Finisher+1","Leg Sweep+1","Flying Knee+1","Bullet Time","CurseOfTheBell","Backflip","Deflect","AscendersBane","Footwork+1","Acrobatics","Writhe","Footwork+1","Caltrops","Adrenaline","Footwork","Dodge and Roll"],"relics":["Runic Pyramid","Regal Pillow","Gambling Chip","Juzu Bracelet","Black Star","Potion Belt","StrikeDummy","Du-Vu Doll","Calling Bell","Toy Ornithopter","Blue Candle","Bird Faced Urn","Anchor","Mummified Hand","Akabeko","Darkstone Periapt","Old Coin","Tingsha","FossilizedHelix","Snake Skull","White Beast Statue"],"acts_visited":["Exordium","TheCity","TheBeyond","TheEnding"],"potions_floor_usage":[55,55],"damage_taken":[{"damage":0.0,"enemies":"Jaw Worm","floor":1.0,"turns":6.0},{"damage":0.0,"enemies":"Small Slimes","floor":3.0,"turns":6.0},{"damage":9.0,"enemies":"2 Louse","floor":5.0,"turns":3.0},{"damage":0.0,"enemies":"2 Fungi Beasts","floor":7.0,"turns":4.0},{"damage":13.0,"enemies":"Lagavulin","floor":8.0,"turns":8.0},{"damage":16.0,"enemies":"3 Sentries","floor":13.0,"turns":4.0},{"damage":15.0,"enemies":"Slime Boss","floor":16.0,"turns":10.0},{"damage":9.0,"enemies":"Shell Parasite","floor":18.0,"turns":7.0},{"damage":0.0,"enemies":"Chosen","floor":24.0,"turns":4.0},{"damage":2.0,"enemies":"Centurion and Healer","floor":28.0,"turns":6.0},{"damage":15.0,"enemies":"Slavers","floor":30.0,"turns":3.0},{"damage":0.0,"enemies":"3 Cultists","floor":31.0,"turns":2.0},{"damage":34.0,"enemies":"Collector","floor":33.0,"turns":9.0},{"damage":0.0,"enemies":"3 Shapes","floor":35.0,"turns":5.0},{"damage":28.0,"enemies":"Giant Head","floor":40.0,"turns":8.0},{"damage":12.0,"enemies":"Nemesis","floor":42.0,"turns":9.0},{"damage":0.0,"enemies":"3 Darklings","floor":44.0,"turns":4.0},{"damage":0.0,"enemies":"Jaw Worm Horde","floor":46.0,"turns":2.0},{"damage":9.0,"enemies":"2 Orb Walkers","floor":47.0,"turns":2.0},{"damage":9.0,"enemies":"Writhing Mass","floor":48.0,"turns":6.0},{"damage":47.0,"enemies":"Time Eater","floor":50.0,"turns":14.0},{"damage":73.0,"enemies":"Shield and Spear","floor":54.0,"turns":6.0},{"damage":28,"enemies":"The Heart","floor":55,"turns":9}],"seed_played":"-186535297721956997","potions_obtained":[{"floor":5.0,"key":"DuplicationPotion"},{"floor":28.0,"key":"Block Potion"},{"floor":30.0,"key":"BlessingOfTheForge"},{"floor":31.0,"key":"Block Potion"},{"floor":35.0,"key":"SmokeBomb"},{"floor":46.0,"key":"Ancient Potion"}],"is_trial":false,"path_per_floor":["M","?","M","?","M","R","M","E","T","$","R","$","E","?","R","B",null,"M","?","$","?","?","R","M","R","T","R","M","R","E","M","R","B",null,"M","$","?","?","$","E","?","E","T","M","?","M","?","M","R","B",null,"R","$","E","B"],"character_chosen":"THE_SILENT","items_purchased":["Corpse Explosion","Anchor","FossilizedHelix","Footwork","Dodge and Roll","PowerPotion"],"campfire_rested":2,"item_purchase_floors":[10,36,53,53,53,53],"current_hp_per_floor":[59,64,64,64,55,55,55,42,42,42,42,42,26,26,62,47,65,56,56,56,36,36,36,36,36,36,36,34,34,19,19,56,22,63,65,65,65,65,65,39,39,36,36,38,59,59,56,55,55,16,66,66,66,6,0,0],"gold":59,"neow_bonus":"BOSS_RELIC","is_daily":false,"chose_seed":false,"campfire_upgraded":7,"win_rate":0.0,"timestamp":1608068537,"path_taken":["M","?","M","?","M","R","M","E","T","$","R","?","E","?","R","BOSS","M","?","?","?","?","R","M","R","T","R","M","R","E","M","R","BOSS","M","$","?","?","$","E","?","E","T","M","?","M","?","M","R","BOSS","R","$","E","BOSS"],"items_purchased_type":["Card","Relic","Relic","Card","Card","Potion"],"build_version":"2020-12-13","purchased_purges":2,"victory":false,"max_hp_per_floor":[66,71,71,71,71,71,71,71,71,71,71,71,71,71,71,71,71,71,71,71,76,76,76,76,76,76,76,76,76,76,76,76,76,76,76,76,76,76,76,76,76,76,76,76,82,82,82,82,82,82,82,82,82,82,82,82],"relic_stats":{"Darkstone Periapt":6,"Regal Pillow":30,"counters":[11,60],"Blue Candle":[4],"Tingsha":[57],"Snake Skull":[21],"Juzu Bracelet":1,"Mummified Hand":[26],"Gambling Chip":[52],"Bird Faced Urn":[52],"Black Star":4,"obtain_stats":[{"Darkstone Periapt":42,"Potion Belt":0,"Regal Pillow":0,"Golden Idol":4,"Blue Candle":0,"Tingsha":47,"Snake Skull":54,"Juzu Bracelet":0,"White Beast Statue":54,"Akabeko":0,"Old Coin":42,"Du-Vu Doll":0,"Calling Bell":0,"Anchor":0,"Mummified Hand":0,"Gambling Chip":0,"Bird Faced Urn":0,"WingedGreaves":1,"Black Star":0,"Cracked Core":0,"StrikeDummy":0,"FossilizedHelix":53,"Toy Ornithopter":0,"Runic Pyramid":0},{"Darkstone Periapt":4,"Potion Belt":0,"Regal Pillow":0,"Golden Idol":1,"Blue Candle":0,"Tingsha":7,"Snake Skull":10,"Juzu Bracelet":0,"White Beast Statue":10,"Akabeko":0,"Old Coin":4,"Du-Vu Doll":0,"Calling Bell":0,"Anchor":0,"Mummified Hand":0,"Gambling Chip":0,"Bird Faced Urn":0,"WingedGreaves":1,"Black Star":0,"Cracked Core":0,"StrikeDummy":0,"FossilizedHelix":9,"Toy Ornithopter":0,"Runic Pyramid":0},{"Darkstone Periapt":17,"Potion Belt":0,"Regal Pillow":0,"Golden Idol":3,"Blue Candle":0,"Tingsha":25,"Snake Skull":51,"Juzu Bracelet":0,"White Beast Statue":51,"Akabeko":0,"Old Coin":17,"Du-Vu Doll":0,"Calling Bell":0,"Anchor":0,"Mummified Hand":0,"Gambling Chip":0,"Bird Faced Urn":0,"WingedGreaves":2,"Black Star":0,"Cracked Core":0,"StrikeDummy":0,"FossilizedHelix":45,"Toy Ornithopter":0,"Runic Pyramid":0}],"Toy Ornithopter":20},"card_choices":[{"not_picked":["Well Laid Plans","Backflip"],"picked":"PiercingWail","floor":1.0},{"not_picked":["Riddle With Holes","Backflip"],"picked":"Noxious Fumes","floor":3.0},{"not_picked":["Escape Plan","Well Laid Plans"],"picked":"Blade Dance","floor":5.0},{"not_picked":["Backflip","Endless Agony"],"picked":"Skewer","floor":7.0},{"not_picked":["Setup","Choke"],"picked":"Dagger Spray","floor":8.0},{"not_picked":["Eviscerate","All Out Attack","Backflip"],"picked":"SKIP","floor":13.0},{"not_picked":["A Thousand Cuts","Venomology"],"picked":"Adrenaline","floor":16.0},{"not_picked":["Prepared","PiercingWail"],"picked":"Slice","floor":18.0},{"not_picked":["Infinite Blades","Deadly Poison"],"picked":"Dodge and Roll","floor":24.0},{"not_picked":["Dash","Underhanded Strike"],"picked":"Finisher","floor":28.0},{"not_picked":["Skewer","Bane"],"picked":"Leg Sweep","floor":30.0},{"not_picked":["Phantasmal Killer","Cloak And Dagger"],"picked":"Flying Knee+1","floor":31.0},{"not_picked":["After Image","Glass Knife"],"picked":"Bullet Time","floor":33.0},{"not_picked":["Blur","Cloak And Dagger"],"picked":"Backflip","floor":35.0},{"not_picked":["Sucker Punch+1","Poisoned Stab+1"],"picked":"Deflect","floor":40.0},{"not_picked":["Endless Agony+1","Skewer","Tactician"],"picked":"SKIP","floor":42.0},{"not_picked":["Dash","Backstab"],"picked":"Acrobatics","floor":44.0},{"not_picked":["Deadly Poison","Expertise"],"picked":"Footwork+1","floor":46.0},{"not_picked":["Finisher","Quick Slash"],"picked":"Caltrops","floor":47.0},{"not_picked":["Blade Dance","Acrobatics"],"picked":"Adrenaline","floor":48.0},{"not_picked":["All Out Attack","Concentrate","Underhanded Strike+1"],"picked":"SKIP","floor":54.0}],"player_experience":663561,"relics_obtained":[{"floor":8.0,"key":"Regal Pillow"},{"floor":9.0,"key":"Gambling Chip"},{"floor":13.0,"key":"Juzu Bracelet"},{"floor":26.0,"key":"Potion Belt"},{"floor":30.0,"key":"StrikeDummy"},{"floor":30.0,"key":"Du-Vu Doll"},{"floor":34.0,"key":"Toy Ornithopter"},{"floor":34.0,"key":"Blue Candle"},{"floor":34.0,"key":"Bird Faced Urn"},{"floor":40.0,"key":"Mummified Hand"},{"floor":40.0,"key":"Akabeko"},{"floor":42.0,"key":"Darkstone Periapt"},{"floor":42.0,"key":"Old Coin"},{"floor":47.0,"key":"Tingsha"},{"floor":54.0,"key":"Snake Skull"},{"floor":54.0,"key":"White Beast Statue"}],"event_choices":[{"damage_healed":0.0,"max_hp_gain":5.0,"max_hp_loss":0.0,"gold_gain":0.0,"event_name":"Big Fish","player_choice":"Donut","floor":2.0,"gold_loss":0.0,"damage_taken":0.0},{"damage_healed":0.0,"max_hp_gain":0.0,"max_hp_loss":0.0,"gold_gain":0.0,"event_name":"betterThird:BetterSerpent","player_choice":"Ignored","floor":4.0,"gold_loss":0.0,"damage_taken":120.0},{"cards_removed":["Strike_G"],"damage_healed":0.0,"max_hp_gain":0.0,"max_hp_loss":0.0,"gold_gain":0.0,"event_name":"Living Wall","player_choice":"Forget","floor":14.0,"gold_loss":0.0,"damage_taken":0.0},{"cards_removed":["Strike_G"],"damage_healed":0.0,"max_hp_gain":0.0,"max_hp_loss":0.0,"gold_gain":0.0,"event_name":"Designer","player_choice":"Upgrade and Remove","floor":19.0,"gold_loss":110.0,"damage_taken":0.0,"cards_upgraded":["Slice"]},{"damage_healed":0.0,"max_hp_gain":5.0,"max_hp_loss":0.0,"gold_gain":0.0,"event_name":"Forgotten Altar","player_choice":"Shed Blood","floor":21.0,"gold_loss":0.0,"damage_taken":25.0},{"damage_healed":0.0,"max_hp_gain":0.0,"max_hp_loss":0.0,"gold_gain":50.0,"event_name":"Golden Shrine","player_choice":"Pray","floor":22.0,"gold_loss":0.0,"damage_taken":0.0},{"cards_removed":["Defend_G"],"damage_healed":0.0,"max_hp_gain":0.0,"max_hp_loss":0.0,"gold_gain":0.0,"event_name":"Falling","player_choice":"Removed Skill","floor":37.0,"gold_loss":0.0,"damage_taken":0.0},{"damage_healed":0.0,"max_hp_gain":0.0,"max_hp_loss":0.0,"gold_gain":0.0,"event_name":"Upgrade Shrine","player_choice":"Upgraded","floor":38.0,"gold_loss":0.0,"damage_taken":0.0,"cards_upgraded":["Leg Sweep"]},{"damage_healed":0.0,"max_hp_gain":0.0,"max_hp_loss":0.0,"gold_gain":3.0,"event_name":"betterStone:BetterStone","player_choice":"3","floor":41.0,"gold_loss":0.0,"damage_taken":0.0,"cards_obtained":["Footwork"]},{"damage_healed":15.0,"max_hp_gain":0.0,"max_hp_loss":0.0,"gold_gain":0.0,"event_name":"Winding Halls","player_choice":"Writhe","floor":45.0,"gold_loss":0.0,"damage_taken":0.0,"cards_obtained":["Writhe"]},{"damage_healed":0.0,"max_hp_gain":0.0,"max_hp_loss":0.0,"gold_gain":0.0,"event_name":"Mysterious Sphere","player_choice":"Fight","floor":47.0,"gold_loss":0.0,"damage_taken":0.0}],"is_beta":false,"boss_relics":[{"not_picked":["Fusion Hammer","Runic Dome"],"picked":"Black Star"},{"not_picked":["WristBlade","Snecko Eye"],"picked":"Calling Bell"}],"items_purged_floors":[10,36],"is_endless":false,"potions_floor_spawned":[5,28,30,31,35,46],"killed_by":"The Heart","ascension_level":15}}