{"host":"c4mm8falyg7qgorf","time":1608020255,"event":{"mods":["BaseMod","FoggyMod","Minty Spire (QoL Compilation)","Replay The Spire","Shop Mod","StSLib","Thieving Mod","UnlockEverythingMod","vexMod","¡¾ÒÅÎï¿¨ÅÆ¡¿REMEMod","óô»ðÖ¸ÄÏ"],"gold_per_floor":[114,114,127,127,202,202,228,254,254,280,8,8,40,72,72,146,146,163,163,163,189,189,223,223,257,338,338,338,370,381,416,416,489,489,504,504,533,546,577,609,609,637,718,78,103,53,93,123,123,195,266,266,266],"floor_reached":52,"playtime":2807,"items_purged":["Pain","Escape Plan","Scrawl"],"score":2999,"play_id":"0a295070-8a4f-491d-b4eb-19eb4dd6cdac","local_time":"20201215161735","daily_mods":["Draft","Vintage","Heirloom","Time Dilation","DeadlyEvents","Elite Swarm","Uncertain Future"],"is_ascension_mode":true,"campfire_choices":[{"data":"Prepared","floor":6,"key":"SMITH"},{"data":"Concentrate","floor":12,"key":"SMITH"},{"data":"Envenom","floor":15,"key":"SMITH"},{"data":"REME_GreenPollution","floor":24,"key":"SMITH"},{"data":"Venomology","floor":27,"key":"SMITH"},{"data":"Adrenaline","floor":32,"key":"SMITH"},{"data":"Envenom","floor":41,"key":"SMITH"},{"data":"Adrenaline","floor":49,"key":"SMITH"},{"data":"Enlightenment","floor":49,"key":"SMITH"}],"circlet_count":0,"master_deck":["AscendersBane","Cloak And Dagger","Tactician","Backflip","ReplayTheSpireMod:Scrap Shanks","Acrobatics","Concentrate+1","Noxious Fumes","Prepared+1","Poisoned Stab+1","Poisoned Stab+1","Backflip","Hidden Blade","Hidden Blade","Hidden Blade","Calculated Gamble","ReplayTheSpireMod:Faulty Equipment","Blade Dance","REME_ShadowForm","Envenom+1","Burst","REME_SpectralBlade","REME_CopyPotion","REME_GreenPollution+1","Venomology+1","Replay:Bag of Tricks","Endless Agony","Phantasmal Killer","Adrenaline+1","Burst","Adrenaline+1","Envenom+1","Replay:Bag of Tricks","Tools of the Trade","Atom Bomb+1","All Out Attack+1","Sadistic Nature","Enlightenment+1","ReplayTheSpireMod:Private Reserves","Calculated Gamble+1","Pain","Poisoned Stab+1","Corpse Explosion","Burst","Poison Darts"],"relics":["Ring of the Serpent","replay:Trail_Library","REME_ComplimentaryCards","FossilizedHelix","Whetstone","WarpedTongs","vexMod:MemoryStick","StrikeDummy","ReplayTheSpireMod:CursedCoin","Nunchaku","Blue Doll","REME_HandOfSuture","Gremlin Food","Lee\u0027s Waffle","Smiling Mask","Vajra","Blue Candle","vexMod:FocusSash","vexMod:CardConverter","REME_PuzzleBoxRelic","Replay:Rubber Ducky","Replay:Accelerometer","White Beast Statue","Oddly Smooth Stone","Thread and Needle","MealTicket","Honey Jar","Ninja Scroll","Question Card","Molten Egg 2","REME_HourglassOfDeath","vexMod:Dragonfruit","Gambling Chip","Mercury Hourglass","Lantern","Replay:Arrowhead","ReplayTheSpireMod:ShopPack","Bird Faced Urn","ReplayTheSpireMod:Shallot","vexMod:ScavengeHelm","Painkiller Herb","replay:Trail_Library"],"acts_visited":["Exordium","TheCity","TheBeyond","Exordium"],"potions_floor_usage":[13,16,29,29,30,30,31,31,33,33,33,35,37,38,38,39,39,39,40,42,42,45,45,48,50,50,50,50,51],"damage_taken":[{"damage":0,"enemies":"Small Slimes","floor":1,"turns":2},{"damage":1,"enemies":"Cultist","floor":3,"turns":2},{"damage":0,"enemies":"Lagavulin","floor":7,"turns":2},{"damage":14,"enemies":"3 Sentries","floor":10,"turns":3},{"damage":0,"enemies":"Gremlin Nob","floor":13,"turns":2},{"damage":0,"enemies":"Lagavulin","floor":14,"turns":3},{"damage":18,"enemies":"The Guardian","floor":16,"turns":2},{"damage":0,"enemies":"Shell Parasite","floor":18,"turns":2},{"damage":0,"enemies":"Replay:Snechameleon","floor":21,"turns":2},{"damage":7,"enemies":"Book of Stabbing","floor":23,"turns":2},{"damage":12,"enemies":"Replay:Snechameleon","floor":25,"turns":2},{"damage":0,"enemies":"Gremlin Leader","floor":29,"turns":2},{"damage":0,"enemies":"Chosen","floor":30,"turns":2},{"damage":0,"enemies":"Replay:Snechameleon","floor":31,"turns":2},{"damage":0,"enemies":"Automaton","floor":33,"turns":4},{"damage":0,"enemies":"3 Darklings","floor":35,"turns":1},{"damage":0,"enemies":"Reptomancer","floor":37,"turns":1},{"damage":0,"enemies":"Orb Walker","floor":38,"turns":1},{"damage":0,"enemies":"Giant Head","floor":39,"turns":3},{"damage":0,"enemies":"Nemesis","floor":40,"turns":3},{"damage":0,"enemies":"Giant Head","floor":42,"turns":3},{"damage":0,"enemies":"Mind Bloom Boss Battle","floor":45,"turns":1},{"damage":25,"enemies":"Reptomancer","floor":48,"turns":3},{"damage":42,"enemies":"Awakened One","floor":50,"turns":5},{"damage":68,"enemies":"Time Eater","floor":51,"turns":5}],"seed_played":"-5397057477498265119","potions_obtained":[{"floor":3,"key":"AttackPotion"},{"floor":10,"key":"DistilledChaos"},{"floor":16,"key":"GhostInAJar"},{"floor":23,"key":"Ancient Potion"},{"floor":25,"key":"Weak Potion"},{"floor":29,"key":"Adrenaline Potion"},{"floor":30,"key":"Energy Potion"},{"floor":31,"key":"Strength Potion"},{"floor":33,"key":"Energy Potion"},{"floor":35,"key":"Strength Potion"},{"floor":37,"key":"Energy Potion"},{"floor":38,"key":"Weak Potion"},{"floor":39,"key":"Explosive Potion"},{"floor":40,"key":"Weak Potion"},{"floor":42,"key":"Weak Potion"},{"floor":45,"key":"Regen Potion"},{"floor":47,"key":"BlessingOfTheForge"},{"floor":48,"key":"Weak Potion"},{"floor":50,"key":"Strength Potion"},{"floor":51,"key":"Poison Potion"}],"is_trial":true,"path_per_floor":["M","?","M","?","$","R","E","T","T","E","$","R","E","E","R","B",null,"M","?","$","E","?","E","R","E","T","R","T","E","M","E","R","B",null,"M","?","E","M","E","E","R","E","T","R","?","$","?","E","R","B","B",null],"character_chosen":"THE_SILENT","items_purchased":["ReplayTheSpireMod:CursedCoin","Lee\u0027s Waffle","Lantern","Replay:Arrowhead","ReplayTheSpireMod:ShopPack"],"campfire_rested":0,"item_purchase_floors":[5,11,44,44,44],"current_hp_per_floor":[59,59,58,53,53,53,53,53,53,39,73,73,73,73,73,55,69,69,69,69,71,73,68,68,58,58,60,60,62,62,64,64,66,83,83,85,87,87,94,101,101,103,103,111,113,114,118,96,96,70,24,99,99],"gold":266,"neow_bonus":"","is_daily":false,"chose_seed":false,"campfire_upgraded":9,"win_rate":0.0,"timestamp":1608020255,"path_taken":["M","?","?","?","$","R","E","?","T","?","?","R","E","?","R","BOSS","M","?","$","?","?","E","R","E","T","R","?","E","?","?","R","BOSS","M","?","?","?","?","E","R","E","T","R","?","$","?","E","R","BOSS","BOSS"],"items_purchased_type":["Relic","Relic","Relic","Relic","Relic"],"build_version":"2020-12-13","purchased_purges":3,"victory":false,"max_hp_per_floor":[66,66,66,66,66,66,66,66,66,66,73,73,73,73,73,73,73,73,73,73,75,77,79,79,81,81,83,83,85,85,87,87,89,89,89,91,93,93,95,102,102,104,104,112,114,114,118,120,120,122,124,124,124],"card_choices":[{"not_picked":["Sucker Punch","Deflect"],"picked":"Cloak And Dagger","floor":0},{"not_picked":["Escape Plan","Eviscerate"],"picked":"Tactician","floor":0},{"not_picked":["Deadly Poison","Poisoned Stab"],"picked":"Backflip","floor":0},{"not_picked":["Skewer","Masterful Stab"],"picked":"ReplayTheSpireMod:Scrap Shanks","floor":0},{"not_picked":["Riddle With Holes","Deadly Poison"],"picked":"Acrobatics","floor":0},{"not_picked":["Hidden Blade","Dash"],"picked":"Concentrate","floor":0},{"not_picked":["Slice","Predator"],"picked":"Noxious Fumes","floor":0},{"not_picked":["Backflip","Bane"],"picked":"Prepared","floor":0},{"not_picked":["Dodge and Roll","Flying Knee"],"picked":"Poisoned Stab","floor":0},{"not_picked":["Sucker Punch","Flying Knee"],"picked":"Poisoned Stab","floor":0},{"not_picked":["Footwork","Deadly Poison"],"picked":"Backflip","floor":0},{"not_picked":["Sucker Punch","Cloak And Dagger"],"picked":"Hidden Blade","floor":0},{"not_picked":["Dodge and Roll","Bane"],"picked":"Hidden Blade","floor":0},{"not_picked":["ReplayTheSpireMod:Shiv Toss","Quick Slash"],"picked":"Hidden Blade","floor":0},{"not_picked":["Backflip","Deflect"],"picked":"Calculated Gamble","floor":0},{"not_picked":["Malaise","Storm of Steel","Bullet Time"],"picked":"SKIP","floor":7},{"not_picked":["Malaise","Glass Knife"],"picked":"REME_ShadowForm","floor":10},{"not_picked":["Burst","A Thousand Cuts"],"picked":"Envenom","floor":13},{"not_picked":["Malaise","Glass Knife"],"picked":"Burst","floor":14},{"not_picked":["ReplayTheSpireMod:Necrosis","Grand Finale"],"picked":"REME_SpectralBlade","floor":16},{"not_picked":["Wraith Form v2","ReplayTheSpireMod:Necrosis"],"picked":"REME_CopyPotion","floor":21},{"not_picked":["Doppelganger","After Image"],"picked":"Venomology","floor":23},{"not_picked":["After Image","Poison Darts"],"picked":"Replay:Bag of Tricks","floor":25},{"not_picked":["Unload","ReplayTheSpireMod:Necrosis"],"picked":"Phantasmal Killer","floor":29},{"not_picked":["REME_CopyPotion","Storm of Steel"],"picked":"Adrenaline","floor":31},{"not_picked":["Doppelganger","REME_CopyPotion"],"picked":"Burst","floor":33},{"not_picked":["REME_ShadowForm","REME_SpectralBlade","A Thousand Cuts"],"picked":"Envenom","floor":37},{"not_picked":["Bullet Time","After Image","Night Terror","REME_GrazeFinale+1"],"picked":"Replay:Bag of Tricks","floor":39},{"not_picked":["Doppelganger","ReplayTheSpireMod:From All Sides+1","Poison Darts","Glass Knife+1"],"picked":"Tools of the Trade","floor":40},{"not_picked":["A Thousand Cuts","After Image","Burst","Envenom"],"picked":"Atom Bomb+1","floor":42},{"not_picked":["Mayhem","REME_BattleFury","HandOfGreed","Thinking Ahead"],"picked":"Sadistic Nature","floor":44},{"not_picked":["Impatience","Blind","Finesse","Mind Blast"],"picked":"Enlightenment","floor":44},{"not_picked":["REME_BattleFury","Deep Breath","HandOfGreed","Poisoned Strike"],"picked":"ReplayTheSpireMod:Private Reserves","floor":44},{"not_picked":["Deflect","Dodge and Roll","Bouncing Flask","Underhanded Strike+1"],"picked":"Calculated Gamble+1","floor":45},{"not_picked":["Outmaneuver","Quick Slash+1","Acrobatics","Draining Mist"],"picked":"Poisoned Stab+1","floor":47},{"not_picked":["ReplayTheSpireMod:Necrosis","After Image","Atom Bomb+1","Venomology"],"picked":"Corpse Explosion","floor":48},{"not_picked":["ReplayTheSpireMod:Necrosis","After Image","Storm of Steel","Doppelganger"],"picked":"Burst","floor":50},{"not_picked":["Night Terror","ReplayTheSpireMod:Necrosis","Storm of Steel","Replay:Bag of Tricks"],"picked":"Poison Darts","floor":51}],"player_experience":169854,"relics_obtained":[{"floor":1,"key":"Whetstone"},{"floor":3,"key":"vexMod:MemoryStick"},{"floor":7,"key":"Nunchaku"},{"floor":8,"key":"Blue Doll"},{"floor":9,"key":"REME_HandOfSuture"},{"floor":10,"key":"Gremlin Food"},{"floor":13,"key":"Smiling Mask"},{"floor":14,"key":"Vajra"},{"floor":18,"key":"Blue Candle"},{"floor":21,"key":"vexMod:CardConverter"},{"floor":23,"key":"REME_PuzzleBoxRelic"},{"floor":25,"key":"Replay:Rubber Ducky"},{"floor":26,"key":"Replay:Accelerometer"},{"floor":28,"key":"White Beast Statue"},{"floor":29,"key":"Oddly Smooth Stone"},{"floor":30,"key":"Thread and Needle"},{"floor":31,"key":"MealTicket"},{"floor":35,"key":"Ninja Scroll"},{"floor":37,"key":"Question Card"},{"floor":38,"key":"Molten Egg 2"},{"floor":39,"key":"REME_HourglassOfDeath"},{"floor":40,"key":"vexMod:Dragonfruit"},{"floor":42,"key":"Gambling Chip"},{"floor":43,"key":"Mercury Hourglass"},{"floor":45,"key":"Bird Faced Urn"},{"floor":47,"key":"ReplayTheSpireMod:Shallot"},{"floor":48,"key":"vexMod:ScavengeHelm"}],"event_choices":[{"damage_healed":0,"gold_gain":0,"player_choice":"Rummage","damage_taken":0,"relics_obtained":["WarpedTongs"],"max_hp_gain":0,"max_hp_loss":0,"event_name":"Accursed Blacksmith","floor":2,"gold_loss":0,"cards_obtained":["Pain"]},{"damage_healed":0,"gold_gain":0,"player_choice":"Success","damage_taken":5,"relics_obtained":["StrikeDummy"],"max_hp_gain":0,"max_hp_loss":0,"event_name":"Scrap Ooze","floor":4,"gold_loss":0},{"damage_healed":0,"gold_gain":0,"player_choice":"Gave Potion","damage_taken":0,"relics_obtained":["vexMod:FocusSash"],"max_hp_gain":0,"max_hp_loss":0,"event_name":"WeMeetAgain","floor":19,"gold_loss":0},{"damage_healed":0,"gold_gain":0,"player_choice":"Fight","damage_taken":0,"max_hp_gain":0,"max_hp_loss":0,"event_name":"MindBloom","floor":45,"gold_loss":0}],"is_beta":false,"boss_relics":[{"not_picked":["SacredBark","Astrolabe"],"picked":"Ring of the Serpent"},{"not_picked":["Kintsugi","Snecko Eye"],"picked":"Honey Jar"},{"not_picked":["Replay:Wanted Poster","vexMod:EndlessSickness"],"picked":"Painkiller Herb"}],"items_purged_floors":[5,11,46],"is_endless":true,"potions_floor_spawned":[3,10,16,23,25,29,30,31,33,35,37,38,39,40,42,45,48,50,51],"ascension_level":20}}