{"host":"6115i7kcvmx8jari","time":1608067857,"event":{"mods":["AchievementEnabler","Act Like it!","Aspiration","Bard","BaseMod","Beaked The Cultist","BetterRewards","Challenge The Spire","Colored Map","Colored Powertips","Conspire","Downfall","Glutton Mod","Halation","Hermit","Highlight Path","Hubris","Infinite Spire","Jedi Mod","Jorbs\u0027s Wanderer Trilogy","Lobotomy","Mad Scientist","Marisa????????","Mimic Mod","Minty Spire (QoL Compilation)","Quick Restart","Rare Cards Sparkle","Relic Sorter","Replay The Spire","Shop Mod","StSLib","The Animator","The Construct","The Cursed","The Disciple","The Hierophant","The Jungle","The Mystic","The Necromancer","The Runesmith","vexMod"],"gold_per_floor":[99,99,126,126,143,163,163,163,176,176,192,205,205,205,225,225,225],"floor_reached":16,"playtime":895,"items_purged":[],"score":127,"play_id":"a8c83de3-dd03-4a60-9855-ffb6882ec8fa","local_time":"20201215213057","is_ascension_mode":false,"campfire_choices":[{"data":"sneckomod:TailWhip","floor":1,"key":"SMITH"},{"floor":8,"key":"REST"},{"data":"sneckomod:Mudshield","floor":10,"key":"SMITH"}],"circlet_count":0,"master_deck":["sneckomod:Strike","sneckomod:Strike","sneckomod:Strike","sneckomod:Defend","sneckomod:Defend","sneckomod:Defend","sneckomod:SnekBite","sneckomod:Unknown","sneckomod:Unknown","sneckomod:UnknownClassHIEROPHANT_GOLD_COLOR","sneckomod:UnknownUncommonAttack","sneckomod:UnknownCommonAttack","sneckomod:UnknownCommonSkill","sneckomod:Unknown1Cost","sneckomod:Mudshield+1","sneckomod:UnknownClassMARISA_DERIVATIONS","sneckomod:UnknownBlock","sneckomod:UnknownClassINFINITE_BLACK"],"relics":["stsjorbsmod:GrimoireRelic","downfall:HeartsMalice","sneckomod:ConfusingCodex","jedi:angrymask","infinitespire:Cubic Diamond"],"acts_visited":["Exordium"],"potions_floor_usage":[9,15],"damage_taken":[{"damage":0,"enemies":"Cultist","floor":2,"turns":1},{"damage":0,"enemies":"3 Sentries","floor":3,"turns":1},{"damage":0,"enemies":"Small Slimes","floor":4,"turns":1},{"damage":3,"enemies":"2 Louse","floor":5,"turns":2},{"damage":37,"enemies":"Lots of Slimes","floor":6,"turns":5},{"damage":0,"enemies":"3 Louse","floor":9,"turns":1},{"damage":20,"enemies":"Large Slime","floor":11,"turns":6},{"damage":60,"enemies":"Gremlin Gang","floor":12,"turns":6},{"damage":14,"enemies":"Exordium Thugs","floor":15,"turns":5},{"damage":25,"enemies":"downfall:Ironclad","floor":16,"turns":2}],"seed_played":"4198373959241704270","potions_obtained":[{"floor":6,"key":"Fire Potion"},{"floor":11,"key":"Dexterity Potion"},{"floor":12,"key":"jedi:tentaclejuice"}],"is_trial":false,"path_per_floor":["R_BF","M","E","M","M","M","T","R","M","R","M","M","?","?","M","B"],"character_chosen":"THE_SNECKO","items_purchased":[],"campfire_rested":1,"item_purchase_floors":[],"current_hp_per_floor":[90,91,92,93,91,55,55,83,83,83,64,14,14,14,10,0,0],"gold":225,"neow_bonus":"THREE_ENEMY_KILL","is_daily":false,"chose_seed":false,"campfire_upgraded":2,"win_rate":0.0,"timestamp":1608067857,"path_taken":["R_BF","M","E","M","M","M","T","R","M","R","M","?","?","?","M","BOSS"],"items_purchased_type":[],"build_version":"2020-12-13","purchased_purges":0,"victory":false,"max_hp_per_floor":[90,91,92,93,94,95,95,95,95,95,96,97,97,97,97,97,97],"card_choices":[{"not_picked":["sneckomod:WideSting","sneckomod:QuickBite"],"picked":"sneckomod:UnknownClassHIEROPHANT_GOLD_COLOR","floor":2},{"not_picked":["sneckomod:UnknownCommonAttack","sneckomod:UnknownClassRED"],"picked":"sneckomod:UnknownUncommonAttack","floor":3},{"not_picked":["sneckomod:DiceBlock","sneckomod:QuickBite"],"picked":"sneckomod:UnknownCommonAttack","floor":4},{"not_picked":["sneckomod:SoulRoll","sneckomod:DiceCrush"],"picked":"sneckomod:UnknownCommonSkill","floor":5},{"not_picked":["sneckomod:QuickMove","sneckomod:UnknownVulnerable"],"picked":"sneckomod:Unknown1Cost","floor":6},{"not_picked":["sneckomod:QuickBite","sneckomod:UnknownExhaust"],"picked":"sneckomod:Mudshield","floor":9},{"not_picked":["sneckomod:SlitherStrike","sneckomod:Unknown1Cost"],"picked":"sneckomod:UnknownClassMARISA_DERIVATIONS","floor":11},{"not_picked":["sneckomod:SoulRoll","sneckomod:Nope"],"picked":"sneckomod:UnknownBlock","floor":12},{"not_picked":["sneckomod:RainOfDice","sneckomod:Unknown1Cost"],"picked":"sneckomod:UnknownClassINFINITE_BLACK","floor":15}],"player_experience":52347,"relics_obtained":[{"floor":3,"key":"sneckomod:ConfusingCodex"},{"floor":7,"key":"jedi:angrymask"}],"event_choices":[{"cards_removed":["sneckomod:TailWhip"],"damage_healed":0,"gold_gain":0,"player_choice":"Purged","damage_taken":0,"max_hp_gain":0,"max_hp_loss":0,"event_name":"Purifier","floor":14,"gold_loss":0}],"is_beta":false,"boss_relics":[],"items_purged_floors":[],"is_endless":false,"potions_floor_spawned":[6,11,12],"killed_by":"downfall:Ironclad","ascension_level":0}}