{"host":"tpbmol9dayg75a5s","time":1608068183,"event":{"mods":["2.2 Compatiblity","BaseMod","Bestiary","Block Reminder","Colored Powertips","Downfall","Minty Spire (QoL Compilation)","Relic Stats","StSLib","The Dragon Tamer"],"gold_per_floor":[110,123,140,156,171,199,199,53,53,69,69,79,94,127,127,229,229,243,243,256,270,92,121,121,121,121,121,139,139,171,171,171,272,272,288,28,28,28,28,55,55,75,75,0,10,10,28,61,61,61,61,61,9,41,41,41,41],"floor_reached":55,"playtime":5275,"items_purged":["Bite"],"score":877,"play_id":"9301905e-8b69-41b1-9f1a-06eb955eac50","local_time":"20201215183623","is_ascension_mode":false,"metric_token":659,"campfire_choices":[{"data":"DTMod:MaximumCharge","floor":7,"key":"SMITH"},{"data":"DTMod:FlameSlash","floor":11,"key":"SMITH"},{"data":"DTMod:Inferno","floor":15,"key":"SMITH"},{"data":"DTMod:Training","floor":25,"key":"SMITH"},{"data":"DTMod:GearUp","floor":27,"key":"SMITH"},{"data":"DTMod:RecklessFlurry","floor":32,"key":"SMITH"},{"data":"Apotheosis","floor":41,"key":"SMITH"},{"floor":46,"key":"RECALL"},{"data":"DTMod:Weaken","floor":49,"key":"SMITH"},{"data":"DTMod:ShadowImage","floor":52,"key":"SMITH"}],"dtmod_dragon_data":[50,50,1,3,12,7],"circlet_count":0,"master_deck":["DTMod:DoubleHit","DTMod:TargetDefense+1","DTMod:TargetDefense+1","DTMod:TargetDefense+1","DTMod:TargetDefense+1","DTMod:SwitchingTactic","DTMod:MagicField","DTMod:RecklessFlurry+1","DTMod:MaximumCharge+1","DTMod:MasterPlan","DTMod:Weaken+1","DTMod:SneakAttack","DTMod:BreakAttack","DTMod:FlameSlash+1","DTMod:WarmUp","DTMod:Harmonize","DTMod:Training+1","DTMod:StarRain","DTMod:Inferno+1","DTMod:GearUp+1","DTMod:CrossStep","Bite","Bite","Bite","DTMod:BurningForce+1","DTMod:ShadowImage+1","DTMod:Overwhelm","DTMod:RecklessFlurry","DTMod:GearUp+1","DTMod:Outburst","DTMod:HeatWave+1","Apotheosis+1","DTMod:WarmUp+1","expansioncontent:PrepareCrush","Madness","Madness","DTMod:RecklessFlurry+1","DTMod:LowKick","DTMod:TauntingStrike+1","DTMod:ComboAttack+1","DTMod:BlueScale"],"relics":["DTMod:PactStone","NeowsBlessing","MealTicket","Eternal Feather","Gremlin Horn","sneckomod:SneckoTalon","Lantern","Regal Pillow","Frozen Egg 2","Unceasing Top","Busted Crown","Centennial Puzzle","Molten Egg 2","InkBottle"],"acts_visited":["Exordium","TheCity","TheBeyond","TheEnding"],"potions_floor_usage":[13,14,14,16,23,30,35,40,48,50,50,55],"damage_taken":[{"damage":0,"enemies":"Cultist","floor":1,"turns":1},{"damage":0,"enemies":"Small Slimes","floor":2,"turns":1},{"damage":0,"enemies":"2 Louse","floor":3,"turns":1},{"damage":0,"enemies":"Red Slaver","floor":4,"turns":3},{"damage":0,"enemies":"3 Louse","floor":5,"turns":3},{"damage":1,"enemies":"Gremlin Nob","floor":6,"turns":4},{"damage":0,"enemies":"Large Slime","floor":10,"turns":3},{"damage":0,"enemies":"Blue Slaver","floor":12,"turns":2},{"damage":0,"enemies":"Gremlin Gang","floor":13,"turns":3},{"damage":0,"enemies":"Lagavulin","floor":14,"turns":3},{"damage":11,"enemies":"Slime Boss","floor":16,"turns":8},{"damage":0,"enemies":"Spheric Guardian","floor":18,"turns":3},{"damage":0,"enemies":"Shell Parasite","floor":20,"turns":4},{"damage":0,"enemies":"Centurion and Healer","floor":21,"turns":5},{"damage":0,"enemies":"Gremlin Leader","floor":23,"turns":4},{"damage":0,"enemies":"3 Cultists","floor":28,"turns":2},{"damage":11,"enemies":"Slavers","floor":30,"turns":5},{"damage":7,"enemies":"Champ","floor":33,"turns":13},{"damage":0,"enemies":"3 Darklings","floor":35,"turns":2},{"damage":0,"enemies":"Giant Head","floor":40,"turns":6},{"damage":0,"enemies":"3 Shapes","floor":42,"turns":2},{"damage":6,"enemies":"Transient","floor":45,"turns":5},{"damage":0,"enemies":"Sphere and 2 Shapes","floor":47,"turns":2},{"damage":0,"enemies":"Nemesis","floor":48,"turns":3},{"damage":26,"enemies":"Time Eater","floor":50,"turns":9},{"damage":8,"enemies":"Shield and Spear","floor":54,"turns":4},{"damage":35,"enemies":"The Heart","floor":55,"turns":2}],"seed_played":"4545003024526832527","potions_obtained":[{"floor":2,"key":"hexamod:EctoCoolerPotion"},{"floor":3,"key":"LiquidMemories"},{"floor":4,"key":"LiquidBronze"},{"floor":14,"key":"Fruit Juice"},{"floor":20,"key":"Block Potion"},{"floor":21,"key":"SteroidPotion"},{"floor":30,"key":"Block Potion"},{"floor":33,"key":"DuplicationPotion"},{"floor":35,"key":"Swift Potion"},{"floor":45,"key":"BlessingOfTheForge"},{"floor":47,"key":"AttackPotion"},{"floor":48,"key":"champ:CounterPotion"}],"is_trial":false,"path_per_floor":["M","M","M","M","M","E","R","$","T","M","R","M","M","E","R","B",null,"M","?","M","M","$","E","?","R","T","R","M","?","E","?","R","B",null,"M","$","?","?","?","E","R","M","T","$","M","R","M","E","R","B",null,"R","$","E","B"],"character_chosen":"THE_DT","items_purchased":["DTMod:BreakAttack","DTMod:FlameSlash","DTMod:WarmUp","Lantern","DTMod:Overwhelm","Apotheosis","DTMod:WarmUp+1","DTMod:ComboAttack+1"],"campfire_rested":0,"item_purchase_floors":[8,8,8,22,22,36,36,53],"current_hp_per_floor":[45,45,45,45,45,44,44,45,45,45,45,45,45,50,50,39,50,50,34,34,34,34,34,34,34,34,34,34,30,27,27,39,36,39,39,39,39,39,34,39,39,39,39,39,39,39,39,39,39,13,39,39,39,33,0,0,0],"gold":41,"neow_bonus":"THREE_ENEMY_KILL","is_daily":false,"chose_seed":false,"campfire_upgraded":9,"win_rate":0.0,"timestamp":1608068183,"path_taken":["M","?","?","M","M","E","R","$","T","M","R","M","M","E","R","BOSS","M","?","M","M","$","E","?","R","T","R","M","?","E","?","R","BOSS","M","$","?","?","?","E","R","M","T","?","M","R","M","E","R","BOSS","R","$","E","BOSS"],"items_purchased_type":["Card","Card","Card","Relic","Card","Card","Card","Card"],"build_version":"2020-12-13","purchased_purges":1,"victory":false,"max_hp_per_floor":[45,45,45,45,45,45,45,45,45,45,45,45,45,50,50,50,50,50,34,34,34,34,34,34,34,34,34,34,39,39,39,39,39,39,39,39,39,39,39,39,39,39,39,39,39,39,39,39,39,39,39,39,39,39,39,39,39],"relic_stats":{"Regal Pillow":0,"Centennial Puzzle":[12],"Busted Crown":16,"Gremlin Horn":[7,7],"counters":[27,103],"MealTicket":1,"Eternal Feather":12,"obtain_stats":[{"Lantern":22,"Regal Pillow":23,"NeowsBlessing":0,"Gremlin Horn":14,"Eternal Feather":9,"Frozen Egg 2":26,"sneckomod:SneckoTalon":17,"Centennial Puzzle":40,"Busted Crown":34,"DTMod:PactStone":0,"MealTicket":6,"Molten Egg 2":48,"Unceasing Top":30,"InkBottle":54},{"Lantern":14,"Regal Pillow":15,"NeowsBlessing":0,"Gremlin Horn":10,"Eternal Feather":6,"Frozen Egg 2":15,"sneckomod:SneckoTalon":11,"Centennial Puzzle":20,"Busted Crown":18,"DTMod:PactStone":0,"MealTicket":6,"Molten Egg 2":24,"Unceasing Top":17,"InkBottle":26},{"Lantern":44,"Regal Pillow":48,"NeowsBlessing":0,"Gremlin Horn":24,"Eternal Feather":13,"Frozen Egg 2":48,"sneckomod:SneckoTalon":32,"Centennial Puzzle":76,"Busted Crown":68,"DTMod:PactStone":0,"MealTicket":13,"Molten Egg 2":88,"Unceasing Top":55,"InkBottle":101}],"Unceasing Top":[16],"InkBottle":[1]},"card_choices":[{"not_picked":["DTMod:ComboAttack","DTMod:Cover"],"picked":"DTMod:MagicField","floor":1},{"not_picked":["DTMod:Threaten","DTMod:Haste"],"picked":"DTMod:RecklessFlurry","floor":2},{"not_picked":["DTMod:TauntingStrike","DTMod:Threaten"],"picked":"DTMod:MaximumCharge","floor":3},{"not_picked":["DTMod:Adaptation","DTMod:GhostSkin"],"picked":"DTMod:MasterPlan","floor":4},{"not_picked":["DTMod:DarkBreath","DTMod:FlameSlash"],"picked":"DTMod:Weaken","floor":5},{"not_picked":["DTMod:Feint","DTMod:MasterPlan"],"picked":"DTMod:SneakAttack","floor":6},{"not_picked":["DTMod:Dissolve","DTMod:MasterPlan"],"picked":"DTMod:Harmonize","floor":10},{"not_picked":["DTMod:TagTeam","DTMod:Hide"],"picked":"DTMod:Training","floor":12},{"not_picked":["DTMod:BlazingStrike","DTMod:MagicField"],"picked":"DTMod:StarRain","floor":13},{"not_picked":["DTMod:MagiciansMark","DTMod:BlazingStrike"],"picked":"DTMod:Inferno","floor":14},{"not_picked":["DTMod:ExcessFootwork","DTMod:RepeatStrike"],"picked":"DTMod:GearUp","floor":16},{"not_picked":["DTMod:Punisher","DTMod:FlameSlash+1"],"picked":"DTMod:CrossStep","floor":18},{"not_picked":["DTMod:Weaken","DTMod:Punisher"],"picked":"DTMod:BurningForce+1","floor":20},{"not_picked":["DTMod:QuickFly","DTMod:StarRain"],"picked":"DTMod:ShadowImage","floor":21},{"not_picked":["DTMod:Cover","DTMod:Punisher+1"],"picked":"DTMod:RecklessFlurry","floor":23},{"not_picked":["DTMod:Shift+1","DTMod:BizarreTactic+1","DTMod:BurningEnergy"],"picked":"SKIP","floor":28},{"not_picked":["DTMod:RunningTactic","DTMod:CleansingStrike","DTMod:TauntingStrike"],"picked":"SKIP","floor":30},{"not_picked":["DTMod:RepeatStrike","DTMod:GearUp"],"picked":"DTMod:Outburst","floor":33},{"not_picked":[],"picked":"DTMod:HeatWave+1","floor":35},{"not_picked":[],"picked":"expansioncontent:PrepareCrush","floor":38},{"not_picked":[],"picked":"DTMod:RecklessFlurry+1","floor":40},{"not_picked":["DTMod:QuickFly"],"picked":"SKIP","floor":42},{"not_picked":["DTMod:BizarreTactic+1"],"picked":"SKIP","floor":45},{"not_picked":["DTMod:LowKick"],"picked":"SKIP","floor":47},{"not_picked":[],"picked":"DTMod:LowKick","floor":47},{"not_picked":[],"picked":"DTMod:TauntingStrike+1","floor":48},{"not_picked":[],"picked":"DTMod:BlueScale","floor":54}],"player_experience":934862,"relics_obtained":[{"floor":6,"key":"MealTicket"},{"floor":9,"key":"Eternal Feather"},{"floor":14,"key":"Gremlin Horn"},{"floor":23,"key":"Regal Pillow"},{"floor":26,"key":"Frozen Egg 2"},{"floor":30,"key":"Unceasing Top"},{"floor":40,"key":"Centennial Puzzle"},{"floor":48,"key":"Molten Egg 2"},{"floor":54,"key":"InkBottle"}],"event_choices":[{"damage_healed":0,"gold_gain":0,"player_choice":"Became a vampire","damage_taken":0,"max_hp_gain":0,"max_hp_loss":16,"event_name":"Vampires","floor":19,"gold_loss":0,"cards_obtained":["Bite","Bite","Bite","Bite","Bite"]},{"damage_healed":0,"gold_gain":0,"player_choice":"Simplicity","damage_taken":0,"max_hp_gain":0,"max_hp_loss":0,"event_name":"Back to Basics","floor":24,"gold_loss":0,"cards_upgraded":["DTMod:TargetDefense","DTMod:TargetDefense","DTMod:TargetDefense","DTMod:TargetDefense"]},{"damage_healed":0,"gold_gain":0,"player_choice":"Shed Blood","damage_taken":9,"max_hp_gain":5,"max_hp_loss":0,"event_name":"Forgotten Altar","floor":29,"gold_loss":0},{"damage_healed":0,"gold_gain":0,"player_choice":"Copied","damage_taken":0,"max_hp_gain":0,"max_hp_loss":0,"event_name":"Duplicator","floor":31,"gold_loss":0,"cards_obtained":["DTMod:GearUp"]},{"cards_removed":["Bite"],"damage_healed":0,"gold_gain":0,"player_choice":"Removed Attack","damage_taken":0,"max_hp_gain":0,"max_hp_loss":0,"event_name":"Falling","floor":37,"gold_loss":0},{"damage_healed":0,"gold_gain":0,"player_choice":"Memory 1","damage_taken":0,"max_hp_gain":0,"max_hp_loss":0,"event_name":"SensoryStone","floor":38,"gold_loss":0},{"damage_healed":0,"gold_gain":0,"player_choice":"Embrace Madness","damage_taken":5,"max_hp_gain":0,"max_hp_loss":0,"event_name":"Winding Halls","floor":39,"gold_loss":0,"cards_obtained":["Madness","Madness"]}],"is_beta":false,"boss_relics":[{"not_picked":["Philosopher\u0027s Stone","Sozu"],"picked":"sneckomod:SneckoTalon"},{"not_picked":["DTMod:TheChair","Snecko Eye"],"picked":"Busted Crown"}],"items_purged_floors":[44],"is_endless":false,"potions_floor_spawned":[2,3,4,12,14,20,21,30,33,35,45,47,48],"killed_by":"The Heart","ascension_level":0}}