{"host":"kh6fvhxn285ncg0o","time":1608062644,"event":{"mods":["Act Like it!","BaseMod","Colored Map","Friendly Minions","Keyboard Shortcuts","Minty Spire (QoL Compilation)","Quick Restart","Relic Stats","StSLib","SuperFastMode"],"gold_per_floor":[110,125,140,140,65,90,102,102,171,171,8,43,43,54,54,126,126,137,187,1,51,63,88,108,135,135,161,179,214,231,106,106,183,183,203,40,90,107,123,123,155,5,29,43,43,69,89,117,117,117,117,117,117,33,58,58],"floor_reached":57,"playtime":1704,"items_purged":["Pain","Strike_R","Strike_R","Bash"],"score":3160,"play_id":"04a704ba-9799-409d-b329-4a9e918aee93","local_time":"20201216050404","is_ascension_mode":true,"campfire_choices":[{"floor":8,"key":"REST"},{"data":"Apotheosis","floor":10,"key":"SMITH"},{"data":"Evolve","floor":15,"key":"SMITH"},{"floor":32,"key":"RECALL"},{"data":"Offering","floor":40,"key":"SMITH"},{"data":"Dark Embrace","floor":49,"key":"SMITH"},{"data":"Seeing Red","floor":53,"key":"SMITH"}],"circlet_count":0,"master_deck":["AscendersBane","Defend_R","Defend_R","Defend_R","Defend_R","Apotheosis+1","Dropkick","Fire Breathing","Power Through","Body Slam","Evolve+1","Reckless Charge","Metallicize","Offering+1","Ghostly Armor+1","Reckless Charge+1","Power Through+1","Dark Embrace+1","Seeing Red+1","Barricade","CurseOfTheBell","Burning Pact+1","Shockwave+1","Entrench+1","Sentinel+1","Impervious+1"],"relics":["Burning Blood","WarpedTongs","Ice Cream","Mummified Hand","Lee\u0027s Waffle","Toy Ornithopter","Astrolabe","Blood Vial","TungstenRod","Meat on the Bone","Toxic Egg 2","Calling Bell","Juzu Bracelet","Shuriken","Turnip","Art of War","Du-Vu Doll","Bag of Preparation","Happy Flower","Paper Frog","Self Forming Clay"],"acts_visited":["Exordium","TheCity","TheBeyond","TheEnding"],"potions_floor_usage":[6,24,28,33,39,41,47,50,55,56,56,56,56],"damage_taken":[{"damage":3,"enemies":"Cultist","floor":1,"turns":4},{"damage":6,"enemies":"2 Louse","floor":2,"turns":4},{"damage":18,"enemies":"Small Slimes","floor":3,"turns":4},{"damage":59,"enemies":"Gremlin Nob","floor":6,"turns":6},{"damage":13,"enemies":"Exordium Thugs","floor":7,"turns":4},{"damage":4,"enemies":"Lagavulin","floor":12,"turns":7},{"damage":4,"enemies":"2 Fungi Beasts","floor":14,"turns":3},{"damage":8,"enemies":"The Guardian","floor":16,"turns":9},{"damage":9,"enemies":"Shell Parasite","floor":18,"turns":3},{"damage":0,"enemies":"Chosen","floor":22,"turns":3},{"damage":8,"enemies":"Gremlin Leader","floor":23,"turns":4},{"damage":23,"enemies":"Shelled Parasite and Fungi","floor":24,"turns":4},{"damage":12,"enemies":"Slavers","floor":25,"turns":4},{"damage":7,"enemies":"Book of Stabbing","floor":27,"turns":5},{"damage":5,"enemies":"Chosen and Byrds","floor":28,"turns":3},{"damage":24,"enemies":"Slavers","floor":29,"turns":3},{"damage":5,"enemies":"Snecko","floor":30,"turns":4},{"damage":36,"enemies":"Collector","floor":33,"turns":7},{"damage":5,"enemies":"Orb Walker","floor":35,"turns":3},{"damage":8,"enemies":"3 Darklings","floor":38,"turns":3},{"damage":0,"enemies":"Maw","floor":39,"turns":6},{"damage":68,"enemies":"Reptomancer","floor":41,"turns":4},{"damage":5,"enemies":"Sphere and 2 Shapes","floor":44,"turns":4},{"damage":5,"enemies":"Giant Head","floor":46,"turns":5},{"damage":25,"enemies":"Transient","floor":47,"turns":6},{"damage":12,"enemies":"Reptomancer","floor":48,"turns":5},{"damage":20,"enemies":"Time Eater","floor":50,"turns":9},{"damage":5,"enemies":"Awakened One","floor":51,"turns":7},{"damage":5,"enemies":"Shield and Spear","floor":55,"turns":6},{"damage":10,"enemies":"The Heart","floor":56,"turns":9}],"seed_played":"1868825032964436650","potions_obtained":[{"floor":1,"key":"BloodPotion"},{"floor":7,"key":"BlessingOfTheForge"},{"floor":14,"key":"BlessingOfTheForge"},{"floor":16,"key":"PowerPotion"},{"floor":25,"key":"Weak Potion"},{"floor":27,"key":"SkillPotion"},{"floor":28,"key":"AttackPotion"},{"floor":29,"key":"EntropicBrew"},{"floor":33,"key":"EssenceOfSteel"},{"floor":38,"key":"Fruit Juice"},{"floor":39,"key":"SteroidPotion"},{"floor":46,"key":"LiquidBronze"},{"floor":47,"key":"SkillPotion"},{"floor":55,"key":"SkillPotion"}],"is_trial":false,"path_per_floor":["M","M","M","?","$","E","M","R","T","R","$","E","$","M","R","B",null,"M","?","$","?","M","E","M","E","T","E","M","E","M","$","R","B",null,"M","$","?","M","M","R","E","$","T","M","$","E","M","E","R","B","B",null,"R","$","E","B",null],"character_chosen":"IRONCLAD","items_purchased":["Lee\u0027s Waffle","Dark Embrace","Art of War","ElixirPotion"],"campfire_rested":1,"item_purchase_floors":[11,20,36,54],"current_hp_per_floor":[68,68,56,56,56,16,9,29,29,29,75,75,75,75,75,73,75,72,72,72,65,71,69,59,55,55,56,64,48,51,51,51,40,66,69,69,69,69,80,80,35,35,35,50,50,53,53,49,49,54,57,74,74,74,80,80],"gold":58,"neow_bonus":"RANDOM_COLORLESS_2","is_daily":false,"chose_seed":false,"campfire_upgraded":5,"win_rate":0.0,"timestamp":1608062644,"path_taken":["M","?","M","?","$","E","M","R","T","R","$","E","?","?","R","BOSS","M","?","?","?","M","E","?","E","T","E","M","E","M","?","R","BOSS","M","$","?","M","M","R","E","?","T","M","$","E","M","E","R","BOSS","BOSS","R","$","E","BOSS"],"items_purchased_type":["Relic","Card","Relic","Potion"],"build_version":"2020-12-13","purchased_purges":4,"victory":true,"max_hp_per_floor":[68,68,68,68,68,68,68,68,68,68,75,75,75,75,75,75,75,75,75,75,75,75,75,75,75,75,75,75,75,75,75,75,75,75,75,75,75,75,80,80,80,80,80,80,80,80,80,80,80,80,80,80,80,80,80,80],"relic_stats":{"Lee\u0027s Waffle":46,"Happy Flower":[14],"counters":[30,148],"Self Forming Clay":[6],"Astrolabe":["Ghostly Armor","Reckless Charge","Power Through"],"Juzu Bracelet":0,"Bag of Preparation":[16],"Burning Blood":160,"WarpedTongs":[61],"Blood Vial":34,"Mummified Hand":[116],"Shuriken":[12],"Turnip":[15],"Art of War":[23],"obtain_stats":[{"Ice Cream":6,"Lee\u0027s Waffle":11,"Happy Flower":46,"Self Forming Clay":55,"Astrolabe":17,"Juzu Bracelet":34,"Bag of Preparation":43,"Burning Blood":0,"WarpedTongs":4,"Blood Vial":23,"Calling Bell":34,"Du-Vu Doll":41,"Mummified Hand":9,"Shuriken":34,"Turnip":34,"Art of War":36,"Toxic Egg 2":29,"Toy Ornithopter":12,"TungstenRod":25,"Meat on the Bone":27,"Paper Frog":48},{"Ice Cream":4,"Lee\u0027s Waffle":5,"Happy Flower":24,"Self Forming Clay":29,"Astrolabe":8,"Juzu Bracelet":18,"Bag of Preparation":22,"Burning Blood":0,"WarpedTongs":3,"Blood Vial":11,"Calling Bell":18,"Du-Vu Doll":22,"Mummified Hand":5,"Shuriken":18,"Turnip":18,"Art of War":19,"Toxic Egg 2":16,"Toy Ornithopter":6,"TungstenRod":13,"Meat on the Bone":14,"Paper Frog":26},{"Ice Cream":18,"Lee\u0027s Waffle":22,"Happy Flower":106,"Self Forming Clay":139,"Astrolabe":41,"Juzu Bracelet":81,"Bag of Preparation":97,"Burning Blood":0,"WarpedTongs":12,"Blood Vial":51,"Calling Bell":81,"Du-Vu Doll":97,"Mummified Hand":22,"Shuriken":81,"Turnip":81,"Art of War":84,"Toxic Egg 2":70,"Toy Ornithopter":29,"TungstenRod":59,"Meat on the Bone":64,"Paper Frog":117}],"Toy Ornithopter":48,"TungstenRod":34,"Meat on the Bone":60},"card_choices":[{"not_picked":["Transmutation","Chrysalis"],"picked":"Apotheosis","floor":0},{"not_picked":["Sword Boomerang","Armaments"],"picked":"Dropkick","floor":1},{"not_picked":["Warcry","Havoc"],"picked":"Fire Breathing","floor":2},{"not_picked":["True Grit","Bloodletting"],"picked":"Power Through","floor":3},{"not_picked":["Berserk","Perfected Strike"],"picked":"Body Slam","floor":6},{"not_picked":["Sword Boomerang","Seeing Red"],"picked":"Evolve","floor":7},{"not_picked":["Reckless Charge","Iron Wave","Combust"],"picked":"SKIP","floor":12},{"not_picked":["Iron Wave","Combust"],"picked":"Reckless Charge","floor":12},{"not_picked":["Spot Weakness","Anger"],"picked":"Metallicize","floor":14},{"not_picked":["Exhume","Double Tap"],"picked":"Offering","floor":16},{"not_picked":["Reckless Charge+1","Heavy Blade","Armaments"],"picked":"SKIP","floor":18},{"not_picked":["Dark Embrace","Sentinel","Sever Soul"],"picked":"SKIP","floor":22},{"not_picked":["Thunderclap","Corruption","Clothesline"],"picked":"SKIP","floor":23},{"not_picked":["Pommel Strike","Spot Weakness"],"picked":"Seeing Red","floor":24},{"not_picked":["Flex+1","Evolve","Clash"],"picked":"SKIP","floor":25},{"not_picked":["Flex","Corruption","Perfected Strike"],"picked":"SKIP","floor":27},{"not_picked":["Perfected Strike","Warcry","Clash"],"picked":"SKIP","floor":28},{"not_picked":["Evolve+1","Perfected Strike","Dark Embrace"],"picked":"SKIP","floor":29},{"not_picked":["Havoc+1","Flame Barrier+1","Wild Strike"],"picked":"SKIP","floor":30},{"not_picked":["Double Tap+1","Juggernaut"],"picked":"Barricade","floor":33},{"not_picked":["Shrug It Off+1","True Grit+1"],"picked":"Burning Pact+1","floor":35},{"not_picked":["Inflame","Armaments+1"],"picked":"Shockwave+1","floor":38},{"not_picked":["Sword Boomerang+1","Body Slam"],"picked":"Entrench+1","floor":39},{"not_picked":["Ghostly Armor+1","Dropkick","Wild Strike"],"picked":"SKIP","floor":41},{"not_picked":["Ghostly Armor+1","Dropkick","Wild Strike"],"picked":"SKIP","floor":41},{"not_picked":["Clothesline","Sword Boomerang","Spot Weakness+1"],"picked":"SKIP","floor":44},{"not_picked":["Sword Boomerang","True Grit+1"],"picked":"Sentinel+1","floor":46},{"not_picked":["Blood for Blood","Havoc+1"],"picked":"Impervious+1","floor":47},{"not_picked":["Armaments+1","Pommel Strike","Power Through+1"],"picked":"SKIP","floor":48},{"not_picked":["Inflame","Entrench+1","Brutality"],"picked":"SKIP","floor":55}],"player_experience":3174657,"relics_obtained":[{"floor":6,"key":"Ice Cream"},{"floor":9,"key":"Mummified Hand"},{"floor":12,"key":"Toy Ornithopter"},{"floor":23,"key":"Blood Vial"},{"floor":25,"key":"TungstenRod"},{"floor":27,"key":"Meat on the Bone"},{"floor":29,"key":"Toxic Egg 2"},{"floor":34,"key":"Juzu Bracelet"},{"floor":34,"key":"Shuriken"},{"floor":34,"key":"Turnip"},{"floor":41,"key":"Du-Vu Doll"},{"floor":43,"key":"Bag of Preparation"},{"floor":46,"key":"Happy Flower"},{"floor":48,"key":"Paper Frog"},{"floor":55,"key":"Self Forming Clay"}],"event_choices":[{"damage_healed":0,"gold_gain":0,"player_choice":"Rummage","damage_taken":0,"relics_obtained":["WarpedTongs"],"max_hp_gain":0,"max_hp_loss":0,"event_name":"Accursed Blacksmith","floor":4,"gold_loss":0,"cards_obtained":["Pain"]},{"damage_healed":0,"gold_gain":100,"player_choice":"Bet on Murderer","damage_taken":0,"max_hp_gain":0,"max_hp_loss":0,"event_name":"The Joust","floor":19,"gold_loss":50},{"damage_healed":0,"gold_gain":50,"player_choice":"Touch","damage_taken":7,"max_hp_gain":0,"max_hp_loss":0,"event_name":"FaceTrader","floor":21,"gold_loss":0},{"damage_healed":0,"gold_gain":50,"player_choice":"Pray","damage_taken":0,"max_hp_gain":0,"max_hp_loss":0,"event_name":"Golden Shrine","floor":37,"gold_loss":0}],"is_beta":false,"boss_relics":[{"not_picked":["Cursed Key","Black Star"],"picked":"Astrolabe"},{"not_picked":["Black Blood","Snecko Eye"],"picked":"Calling Bell"}],"items_purged_floors":[5,20,31,42],"is_endless":false,"potions_floor_spawned":[1,7,14,16,25,27,28,29,30,33,38,39,46,47,55],"ascension_level":20}}