{"host":"bxn2em57qlx5u4i0","time":1608017358,"event":{"mods":["BaseMod","Colored Map","Colored Powertips","Highlight Path","Minty Spire (QoL Compilation)","Random Character Button","Relic Sorter","Relic Stats","StSLib","SuperFastMode"],"gold_per_floor":[116,133,133,133,98,98,98],"floor_reached":6,"playtime":154,"items_purged":[],"score":68,"play_id":"ce9bb08c-5e36-4b0e-9529-683c6c60fb1c","local_time":"20201215022918","is_ascension_mode":true,"campfire_choices":[],"circlet_count":0,"master_deck":["AscendersBane","Strike_G","Strike_G","Strike_G","Strike_G","Strike_G","Defend_G","Defend_G","Defend_G","Defend_G","Defend_G","Survivor","Neutralize","Skewer","Dagger Throw"],"relics":["Ring of the Snake","StoneCalendar","Potion Belt","Golden Idol"],"acts_visited":["Exordium"],"potions_floor_usage":[],"damage_taken":[{"damage":21,"enemies":"Jaw Worm","floor":1,"turns":7},{"damage":15,"enemies":"Small Slimes","floor":2,"turns":6},{"damage":27,"enemies":"3 Sentries","floor":6,"turns":6}],"seed_played":"-6005130702946835140","potions_obtained":[],"is_trial":false,"path_per_floor":["M","M","?","?","?","E"],"character_chosen":"THE_SILENT","items_purchased":[],"campfire_rested":0,"item_purchase_floors":[],"current_hp_per_floor":[38,23,12,12,25,0,0],"gold":98,"neow_bonus":"ONE_RARE_RELIC","is_daily":false,"chose_seed":false,"campfire_upgraded":0,"win_rate":0.0,"timestamp":1608017358,"path_taken":["M","M","?","?","?","E"],"items_purchased_type":[],"build_version":"2020-12-13","purchased_purges":0,"victory":false,"max_hp_per_floor":[60,60,60,54,54,54,54],"relic_stats":{"counters":[3,19],"Golden Idol":0,"StoneCalendar":[21],"obtain_stats":[{"Potion Belt":3,"Golden Idol":4,"StoneCalendar":0,"Ring of the Snake":0},{"Potion Belt":2,"Golden Idol":2,"StoneCalendar":0,"Ring of the Snake":0},{"Potion Belt":13,"Golden Idol":13,"StoneCalendar":0,"Ring of the Snake":0}],"Ring of the Snake":[6]},"card_choices":[{"not_picked":["Dodge and Roll","Heel Hook"],"picked":"Skewer","floor":1},{"not_picked":["Cloak And Dagger","Masterful Stab"],"picked":"Dagger Throw","floor":2}],"player_experience":2782465,"relics_obtained":[],"event_choices":[{"damage_healed":0,"gold_gain":0,"player_choice":"Success","damage_taken":11,"relics_obtained":["Potion Belt"],"max_hp_gain":0,"max_hp_loss":0,"event_name":"Scrap Ooze","floor":3,"gold_loss":0},{"damage_healed":0,"gold_gain":0,"player_choice":"Lose Max HP","damage_taken":0,"relics_obtained":["Golden Idol"],"max_hp_gain":0,"max_hp_loss":6,"event_name":"Golden Idol","floor":4,"gold_loss":0},{"damage_healed":13,"gold_gain":0,"player_choice":"Healed","damage_taken":0,"max_hp_gain":0,"max_hp_loss":0,"event_name":"The Cleric","floor":5,"gold_loss":35}],"is_beta":false,"boss_relics":[],"items_purged_floors":[],"is_endless":false,"potions_floor_spawned":[],"killed_by":"3 Sentries","ascension_level":20}}