{"host":"08sn1703g14rasc1","time":1608026208,"event":{"mods":["AchievementEnabler","BaseMod","Colored Map","Colored Powertips","Hermit","Minty Spire (QoL Compilation)","StSLib"],"gold_per_floor":[117,20,20,39,49,49,75,75,75,91,91,91,91,103,103,199,199,218,218,143,155,174,174,174,174,200,38,38,38,38,49,49,154,154,167,181,38,48,67,67,67,67,118,133,133,151,162,172,172,172,172],"floor_reached":50,"playtime":1793,"items_purged":["Defend_B"],"score":599,"play_id":"8234d4d3-dab7-4fc7-84e2-7d7da2fce8b5","local_time":"20201215015648","is_ascension_mode":true,"campfire_choices":[{"floor":6.0,"key":"REST"},{"floor":8.0,"key":"REST"},{"floor":11.0,"key":"DIG"},{"floor":12.0,"key":"DIG"},{"floor":15.0,"key":"DIG"},{"floor":23.0,"key":"REST"},{"floor":24.0,"key":"REST"},{"floor":28.0,"key":"DIG"},{"floor":32.0,"key":"REST"},{"floor":40.0,"key":"REST"},{"floor":42.0,"key":"DIG"},{"floor":45,"key":"REST"},{"floor":49,"key":"REST"}],"circlet_count":0,"master_deck":["Strike_B","Defend_B","Zap","Dualcast","Streamline","Sweeping Beam","Rip and Tear","Thunder Strike","Heatsinks","Echo Form+1","Self Repair","Ball Lightning","Seek","Sweeping Beam","Creative AI","Chill+1","Stack+1","Enlightenment+1","All For One","Static Discharge+1","Streamline+1","Self Repair+1","Compile Driver","Double Energy+1","Capacitor+1","Redo+1","Creative AI","Stack+1","Barrage","Turbo+1","White Noise+1"],"relics":["Runic Pyramid","WingedGreaves","Shovel","Toxic Egg 2","Art of War","TungstenRod","Nuclear Battery","Vajra","Pocketwatch","Gremlin Horn","Astrolabe","DataDisk","Centennial Puzzle"],"acts_visited":["Exordium","TheCity","TheBeyond"],"potions_floor_usage":[50,50],"damage_taken":[{"damage":0.0,"enemies":"Jaw Worm","floor":1.0,"turns":5.0},{"damage":0.0,"enemies":"Cultist","floor":4.0,"turns":3.0},{"damage":17.0,"enemies":"Small Slimes","floor":5.0,"turns":3.0},{"damage":45.0,"enemies":"3 Sentries","floor":7.0,"turns":6.0},{"damage":9.0,"enemies":"Red Slaver","floor":10.0,"turns":4.0},{"damage":16.0,"enemies":"Blue Slaver","floor":14.0,"turns":4.0},{"damage":32.0,"enemies":"Slime Boss","floor":16.0,"turns":10.0},{"damage":14.0,"enemies":"Chosen","floor":18.0,"turns":5.0},{"damage":49.0,"enemies":"Shell Parasite","floor":21.0,"turns":6.0},{"damage":18.0,"enemies":"Sentry and Sphere","floor":22.0,"turns":5.0},{"damage":20.0,"enemies":"Shelled Parasite and Fungi","floor":31.0,"turns":4.0},{"damage":24.0,"enemies":"Automaton","floor":33.0,"turns":10.0},{"damage":16.0,"enemies":"Orb Walker","floor":35.0,"turns":3.0},{"damage":38.0,"enemies":"3 Darklings","floor":36.0,"turns":4.0},{"damage":18.0,"enemies":"Spire Growth","floor":38.0,"turns":4.0},{"damage":8.0,"enemies":"4 Shapes","floor":39.0,"turns":8.0},{"damage":38,"enemies":"Maw","floor":44,"turns":7},{"damage":38,"enemies":"Writhing Mass","floor":46,"turns":4},{"damage":33,"enemies":"Sphere and 2 Shapes","floor":47,"turns":6},{"damage":27,"enemies":"3 Darklings","floor":48,"turns":4},{"damage":48,"enemies":"Time Eater","floor":50,"turns":3}],"seed_played":"126061733007229912","potions_obtained":[{"floor":5.0,"key":"FocusPotion"},{"floor":10.0,"key":"FocusPotion"},{"floor":16.0,"key":"FocusPotion"},{"floor":22.0,"key":"FearPotion"},{"floor":31.0,"key":"DuplicationPotion"},{"floor":35.0,"key":"SneckoOil"},{"floor":36.0,"key":"SkillPotion"},{"floor":46,"key":"FearPotion"},{"floor":47,"key":"DuplicationPotion"},{"floor":48,"key":"CultistPotion"}],"is_trial":false,"path_per_floor":["M","$","?","M","M","R","E","R","T","M","R","R","?","M","R","B",null,"M","?","?","M","M","R","R","?","T","$","R","T","$","M","R","B",null,"M","M","$","M","M","R","?","R","T","M","R","M","M","M","R","B"],"character_chosen":"DEFECT","items_purchased":["Sweeping Beam","Rip and Tear","Enlightenment+1","DataDisk"],"campfire_rested":8,"item_purchase_floors":[2,2,27,37],"current_hp_per_floor":[68,68,68,68,51,73,35,57,57,55,55,55,55,46,46,21,62,55,55,55,20,16,38,60,60,60,60,60,60,60,47,69,52,69,60,29,29,28,30,52,52,52,52,48,70,49,33,13,35,0,0],"gold":172,"neow_bonus":"BOSS_RELIC","is_daily":false,"chose_seed":false,"campfire_upgraded":0,"win_rate":0.0,"timestamp":1608026208,"path_taken":["M","$","?","?","M","R","E","R","T","M","R","R","?","?","R","BOSS","M","?","?","M","M","R","R","?","T","$","R","?","?","M","R","BOSS","M","M","$","M","M","R","?","R","T","?","R","M","M","M","R","BOSS"],"items_purchased_type":["Card","Card","Card","Relic"],"build_version":"2020-12-13","purchased_purges":1,"victory":false,"max_hp_per_floor":[75,75,75,75,75,75,75,75,75,75,75,75,75,75,75,75,75,75,75,75,75,75,75,75,75,75,75,75,75,75,75,75,75,75,75,75,75,75,75,75,75,75,75,75,75,75,75,75,75,75,75],"card_choices":[{"not_picked":["Rebound","Turbo"],"picked":"Streamline","floor":1.0},{"not_picked":["Beam Cell","Conserve Battery"],"picked":"Echo Form","floor":4.0},{"not_picked":["Redo","Static Discharge"],"picked":"Self Repair","floor":5.0},{"not_picked":["Rebound","Cold Snap"],"picked":"Ball Lightning","floor":7.0},{"not_picked":["Conserve Battery","Aggregate"],"picked":"Seek","floor":10.0},{"not_picked":["Lockon","Go for the Eyes"],"picked":"Sweeping Beam","floor":14.0},{"not_picked":["All For One","Multi-Cast+1"],"picked":"Creative AI","floor":16.0},{"not_picked":["Steam+1","Blizzard"],"picked":"Chill+1","floor":18.0},{"not_picked":["Go for the Eyes+1","Conserve Battery+1"],"picked":"Stack+1","floor":21.0},{"not_picked":["Hello World+1","Streamline","Hologram+1"],"picked":"SKIP","floor":22.0},{"not_picked":["Steam+1","Hello World","Compile Driver"],"picked":"SKIP","floor":31.0},{"not_picked":["Amplify+1","Hyperbeam"],"picked":"All For One","floor":33.0},{"not_picked":["Gash+1","Conserve Battery+1"],"picked":"Compile Driver","floor":35.0},{"not_picked":["Sunder","Hello World+1"],"picked":"Double Energy+1","floor":36.0},{"not_picked":["Heatsinks","Stack+1"],"picked":"Capacitor+1","floor":38.0},{"not_picked":["Multi-Cast+1","Compile Driver+1"],"picked":"Redo+1","floor":39.0},{"not_picked":["Steam Power+1","Barrage"],"picked":"Stack+1","floor":44},{"not_picked":["Doom and Gloom","Chaos+1"],"picked":"Barrage","floor":46},{"not_picked":["Barrage+1","Ball Lightning"],"picked":"Turbo+1","floor":47},{"not_picked":["Redo+1","Steam+1"],"picked":"White Noise+1","floor":48}],"player_experience":399313,"relics_obtained":[{"floor":7.0,"key":"WingedGreaves"},{"floor":9.0,"key":"Shovel"},{"floor":11.0,"key":"Toxic Egg 2"},{"floor":12.0,"key":"Art of War"},{"floor":15.0,"key":"TungstenRod"},{"floor":26.0,"key":"Vajra"},{"floor":28.0,"key":"Pocketwatch"},{"floor":29.0,"key":"Gremlin Horn"},{"floor":42.0,"key":"Centennial Puzzle"}],"event_choices":[{"damage_healed":0.0,"max_hp_gain":0.0,"max_hp_loss":0.0,"gold_gain":0.0,"event_name":"Match and Keep!","player_choice":"2 cards matched","floor":3.0,"gold_loss":0.0,"damage_taken":0.0,"cards_obtained":["Thunder Strike","Heatsinks"]},{"damage_healed":0.0,"max_hp_gain":0.0,"max_hp_loss":0.0,"gold_gain":0.0,"event_name":"Upgrade Shrine","player_choice":"Upgraded","floor":13.0,"gold_loss":0.0,"damage_taken":0.0,"cards_upgraded":["Echo Form"]},{"damage_healed":0.0,"max_hp_gain":0.0,"max_hp_loss":0.0,"gold_gain":0.0,"event_name":"Ghosts","player_choice":"Ignored","floor":19.0,"gold_loss":0.0,"damage_taken":0.0},{"cards_removed":["Strike_B"],"damage_healed":0.0,"max_hp_gain":0.0,"max_hp_loss":0.0,"gold_gain":0.0,"event_name":"Beggar","player_choice":"Gave Gold","floor":20.0,"gold_loss":75.0,"damage_taken":0.0},{"damage_healed":0.0,"max_hp_gain":0.0,"max_hp_loss":0.0,"gold_gain":0.0,"event_name":"Vampires","player_choice":"Ignored","floor":25.0,"gold_loss":0.0,"damage_taken":0.0},{"damage_healed":0.0,"max_hp_gain":0.0,"max_hp_loss":0.0,"gold_gain":0.0,"cards_transformed":["Defend_B"],"event_name":"Transmorgrifier","player_choice":"Transformed","floor":41.0,"gold_loss":0.0,"damage_taken":0.0,"cards_obtained":["Creative AI"]}],"is_beta":false,"boss_relics":[{"not_picked":["Fusion Hammer","Philosopher\u0027s Stone"],"picked":"Nuclear Battery"},{"not_picked":["Busted Crown","Velvet Choker"],"picked":"Astrolabe"}],"items_purged_floors":[27],"is_endless":false,"potions_floor_spawned":[5,10,16,22,31,35,36,46,47,48],"killed_by":"Time Eater","ascension_level":7}}