{"host":"bsqaowxr2lcqjse6","time":1608040195,"event":{"mods":["Act Like it!","Aspiration","BaseMod","Beaked The Cultist","Better Altar","Better Match","Better Note","Better Third Choice","BetterRewards","Block Reminder","Colored Map","Colored Powertips","Conspire","DeckTracker","Downfall","Elementarium","Energized Spire","GifTheSpireLib","GungeonMod","Hubris","Hunter ??","Infinite Spire","Jorbs\u0027s Wanderer Trilogy","Minty Spire (QoL Compilation)","Rare Cards Sparkle","Relic Stats","Replay The Spire","Shade Mod","Shop Mod","Spicy Shops","StSLib","Stuff the Spire","Td1madao Mod","Transform Curses","Wandering Minibosses"],"gold_per_floor":[109,209,227,246,259,288,61,61,107,139,139,139,169,183,183,281,231,245,145,160,360,360,360,385,385,435,465,465,481,481,492,492,492,492],"floor_reached":33,"playtime":1351,"items_purged":["Pride","ReplayReversal+1"],"score":556,"play_id":"9596a7e1-116a-47e8-8d38-086f4a3e6f0e","local_time":"20201216004955","is_ascension_mode":true,"campfire_choices":[{"floor":12,"key":"REST"},{"data":"Perfected Strike","floor":15,"key":"SMITH"},{"data":"Bludgeon","floor":23,"key":"SMITH"},{"data":"Heavy Blade","floor":25,"key":"SMITH"},{"data":"Bash","floor":32,"key":"SMITH"}],"circlet_count":0,"master_deck":["Strike_R","Strike_R","Strike_R","Strike_R","Strike_R","Defend_R","Defend_R","Bash+1","Heavy Blade+1","Heavy Blade","Headbutt","Inflame","Rage","Bludgeon+1","Strike_R","ReplayTheSpireMod:Limb From Limb+1","Uppercut+1","Wild Strike","Flex","Pommel Strike","Twin Strike","StuffTheSpire:DeathNote","Heavy Blade+1"],"relics":["Burning Blood","StuffTheSpire:ForceGauntlet","Incense Burner","aspiration:Lifesprig","StuffTheSpire:PointBlank","DemoMod:GundromedaStrain","infinitespire:ShieldingShard","Blood Vial","ReplayTheSpireMod:Spearhead","Juzu Bracelet","Pondfish Scales","Replay:Grab Bag","energizedSpire:HugeHouse","conspire:SlowCooker","Astrolabe","SlaversCollar","hubris:Towel","Paper Frog","MealTicket","Frozen Egg 2","Pantograph"],"acts_visited":["Exordium","TheCity"],"potions_floor_usage":[10,13,27,33],"damage_taken":[{"damage":3,"enemies":"2 Louse","floor":1,"turns":2},{"damage":0,"enemies":"Cultist","floor":3,"turns":2},{"damage":11,"enemies":"Jaw Worm","floor":4,"turns":2},{"damage":0,"enemies":"2 Fungi Beasts","floor":5,"turns":2},{"damage":20,"enemies":"3 Sentries","floor":6,"turns":7},{"damage":0,"enemies":"Lagavulin","floor":10,"turns":2},{"damage":5,"enemies":"Gremlin Nob","floor":13,"turns":3},{"damage":11,"enemies":"Lots of Slimes","floor":14,"turns":4},{"damage":31,"enemies":"The Guardian","floor":16,"turns":7},{"damage":5,"enemies":"Chosen","floor":18,"turns":3},{"damage":0,"enemies":"Shell Parasite","floor":20,"turns":3},{"damage":31,"enemies":"Book of Stabbing","floor":24,"turns":3},{"damage":16,"enemies":"Nightmare","floor":27,"turns":4},{"damage":4,"enemies":"Snecko","floor":29,"turns":3},{"damage":0,"enemies":"Cultist and Chosen","floor":31,"turns":4},{"damage":38,"enemies":"conspire:MysteriousRune","floor":33,"turns":5}],"seed_played":"1186272230564253274","potions_obtained":[{"floor":6,"key":"Energy Potion"},{"floor":10,"key":"Swift Potion"},{"floor":16,"key":"LiquidMemories"},{"floor":20,"key":"ColorlessPotion"},{"floor":31,"key":"Reflective Coating"}],"is_trial":false,"path_per_floor":["M","?","M","M","M","E","$","?","T","E","$","R","E","M","R","B",null,"M","$","M","?","?","R","E","R","T","NM","?","M","T","M","R","B"],"character_chosen":"IRONCLAD","items_purchased":["StuffTheSpire:ForceGauntlet","Incense Burner","aspiration:Lifesprig","StuffTheSpire:PointBlank","Perfected Strike","Blood Vial","Inflame"],"campfire_rested":1,"item_purchase_floors":[0,0,0,0,0,7,7],"current_hp_per_floor":[35,35,41,36,42,28,28,28,28,36,36,60,63,60,60,37,66,69,69,75,75,75,75,50,50,50,42,22,26,26,34,34,0,0],"gold":492,"neow_bonus":"","is_daily":false,"chose_seed":false,"campfire_upgraded":4,"win_rate":0.0,"timestamp":1608040195,"path_taken":["M","?","?","M","M","E","$","?","T","E","$","R","E","M","R","BOSS","M","$","M","?","?","R","E","R","T","NM","?","M","?","M","R","BOSS"],"items_purchased_type":["Relic","Relic","Relic","Relic","Card","Relic","Card"],"build_version":"2020-12-13","purchased_purges":2,"victory":false,"max_hp_per_floor":[80,80,80,80,80,80,80,80,80,80,80,80,80,80,80,80,75,75,75,75,75,75,75,75,75,75,75,75,75,75,75,75,75,75],"relic_stats":{"Blood Vial":20,"counters":[46,146],"Astrolabe":["ReplayTheSpireMod:Limb From Limb","ReplayReversal","Uppercut"],"Pantograph":0,"MealTicket":0,"Juzu Bracelet":1,"obtain_stats":[{"hubris:Metronome":49,"Regal Pillow":57,"aspiration:Lifesprig":0,"StuffTheSpire:BottledHeartBeat":20,"DemoMod:GlassGuonStoneRelic":1,"Incense Burner":0,"Juzu Bracelet":10,"Ancient Tea Set":9,"Burning Blood":0,"Blood Vial":7,"Shovel":22,"infinitespire:ShieldingShard":6,"m_SnakeBloodCore":0,"Replay:M_SmolderingBlood":56,"Pantograph":30,"Tiny Chest":59,"MealTicket":26,"energizedSpire:HugeHouse":17,"aspiration:ChemicalBlood":44,"Paper Frog":24,"aspiration:Nostalgia":0,"Blue Candle":29,"StuffTheSpire:ForceGauntlet":0,"Replay:Grab Bag":17,"Astrolabe":17,"wanderingMiniBosses:MasterThiefsPresence":21,"conspire:SlowCooker":17,"energizedSpire:OgreHead":51,"infinitespire:Lucky Rock":42,"hubris:Towel":22,"Frozen Egg 2":27,"SlaversCollar":17,"Anchor":6,"ReplayTheSpireMod:Spearhead":9,"Pondfish Scales":13,"DemoMod:GundromedaStrain":0,"hubris:Spice":10,"StuffTheSpire:PointBlank":0},{"hubris:Metronome":23,"Regal Pillow":26,"aspiration:Lifesprig":30,"StuffTheSpire:BottledHeartBeat":8,"DemoMod:GlassGuonStoneRelic":1,"Incense Burner":30,"Juzu Bracelet":36,"Ancient Tea Set":5,"Burning Blood":0,"Blood Vial":35,"Shovel":9,"infinitespire:ShieldingShard":35,"m_SnakeBloodCore":0,"Replay:M_SmolderingBlood":26,"Pantograph":44,"Tiny Chest":28,"MealTicket":42,"energizedSpire:HugeHouse":39,"aspiration:ChemicalBlood":20,"Paper Frog":42,"aspiration:Nostalgia":0,"Blue Candle":14,"StuffTheSpire:ForceGauntlet":30,"Replay:Grab Bag":39,"Astrolabe":39,"wanderingMiniBosses:MasterThiefsPresence":9,"conspire:SlowCooker":39,"energizedSpire:OgreHead":24,"infinitespire:Lucky Rock":20,"hubris:Towel":41,"Frozen Egg 2":43,"SlaversCollar":39,"Anchor":4,"ReplayTheSpireMod:Spearhead":35,"Pondfish Scales":37,"DemoMod:GundromedaStrain":30,"hubris:Spice":5,"StuffTheSpire:PointBlank":30},{"hubris:Metronome":79,"Regal Pillow":84,"aspiration:Lifesprig":90,"StuffTheSpire:BottledHeartBeat":38,"DemoMod:GlassGuonStoneRelic":3,"Incense Burner":90,"Juzu Bracelet":107,"Ancient Tea Set":19,"Burning Blood":0,"Blood Vial":105,"Shovel":41,"infinitespire:ShieldingShard":105,"m_SnakeBloodCore":0,"Replay:M_SmolderingBlood":84,"Pantograph":137,"Tiny Chest":86,"MealTicket":130,"energizedSpire:HugeHouse":121,"aspiration:ChemicalBlood":69,"Paper Frog":130,"aspiration:Nostalgia":0,"Blue Candle":53,"StuffTheSpire:ForceGauntlet":90,"Replay:Grab Bag":121,"Astrolabe":121,"wanderingMiniBosses:MasterThiefsPresence":41,"conspire:SlowCooker":121,"energizedSpire:OgreHead":82,"infinitespire:Lucky Rock":69,"hubris:Towel":127,"Frozen Egg 2":134,"SlaversCollar":121,"Anchor":14,"ReplayTheSpireMod:Spearhead":105,"Pondfish Scales":110,"DemoMod:GundromedaStrain":90,"hubris:Spice":19,"StuffTheSpire:PointBlank":90}],"Burning Blood":88},"card_choices":[{"not_picked":["Sentinel","Combust"],"picked":"Heavy Blade","floor":1},{"not_picked":["Headbutt","ReplayTheSpireMod:Muscle Training"],"picked":"Heavy Blade","floor":3},{"not_picked":["conspire:ExplosiveBarrier","StuffTheSpire:BloodClot","Anger"],"picked":"SKIP","floor":4},{"not_picked":["Body Slam","StuffTheSpire:Slingshot","conspire:Purge"],"picked":"SKIP","floor":5},{"not_picked":["True Grit","Clash"],"picked":"Headbutt","floor":6},{"not_picked":["hubris:ReadiedAction","Dual Wield","Warcry"],"picked":"SKIP","floor":10},{"not_picked":["Body Slam","conspire:Charge"],"picked":"Rage","floor":13},{"not_picked":["Anger","Feel No Pain","StuffTheSpire:Slingshot"],"picked":"SKIP","floor":14},{"not_picked":["Fiend Fire","Demonic Infusion"],"picked":"Bludgeon","floor":16},{"not_picked":["Replay:Undeath\u0027s Touch","StuffTheSpire:RockThrow"],"picked":"Wild Strike","floor":18},{"not_picked":["Iron Wave+1","Thunderclap"],"picked":"Flex","floor":20},{"not_picked":["Cleave","ReplayReversal+1"],"picked":"Pommel Strike","floor":24},{"not_picked":["Abandon","StuffTheSpire:Incineration+1"],"picked":"Twin Strike","floor":27},{"not_picked":["hubris:SharpeningStone","Burning Pact","Armaments"],"picked":"SKIP","floor":29},{"not_picked":["Thunderclap","Cleave"],"picked":"Heavy Blade+1","floor":31}],"player_experience":587491,"relics_obtained":[{"floor":6,"key":"infinitespire:ShieldingShard"},{"floor":9,"key":"ReplayTheSpireMod:Spearhead"},{"floor":10,"key":"Juzu Bracelet"},{"floor":13,"key":"Pondfish Scales"},{"floor":24,"key":"Paper Frog"},{"floor":26,"key":"MealTicket"},{"floor":27,"key":"Frozen Egg 2"},{"floor":30,"key":"Pantograph"}],"event_choices":[{"damage_healed":0,"gold_gain":100,"player_choice":"Pray","damage_taken":0,"max_hp_gain":0,"max_hp_loss":0,"event_name":"Golden Shrine","floor":2,"gold_loss":0},{"damage_healed":0,"gold_gain":200,"player_choice":"Gold","damage_taken":0,"max_hp_gain":0,"max_hp_loss":0,"event_name":"Wheel of Change","floor":21,"gold_loss":0}],"is_beta":false,"boss_relics":[{"not_picked":["hubris:ScarierMask","Pandora\u0027s Box"],"picked":"Replay:Grab Bag"},{"not_picked":["Velvet Choker","Runic Dome"],"picked":"energizedSpire:HugeHouse"},{"not_picked":["energizedSpire:DecayingSkull","StuffTheSpire:RunicConfusion"],"picked":"conspire:SlowCooker"},{"not_picked":["aspiration:SecretTechniqueScroll","Ring of Chaos"],"picked":"Astrolabe"},{"not_picked":["hubris:BlackHole","StuffTheSpire:RunicHypercube"],"picked":"SlaversCollar"}],"items_purged_floors":[0,19],"is_endless":true,"potions_floor_spawned":[1,3,4,6,10,16,20,31],"killed_by":"conspire:MysteriousRune","ascension_level":6}}