{"host":"uzcks4yhskks9i02","time":1608001179,"event":{"mods":["BaseMod","Minty Spire (QoL Compilation)","Quick Restart"],"gold_per_floor":[218,244,263,438,438,468,480,517,529,541,553,585,625,649,661,773,785,816,828,853,865,865],"floor_reached":21,"playtime":1059,"items_purged":[],"score":236,"play_id":"18738ebe-19ca-4203-9264-ed2790fbe8ac","local_time":"20201214195939","is_ascension_mode":true,"campfire_choices":[{"floor":7,"key":"REST"},{"floor":10,"key":"REST"},{"floor":15,"key":"REST"}],"circlet_count":0,"master_deck":["Strike_G","Strike_G","Strike_G","Strike_G","Strike_G","Defend_G","Defend_G","Defend_G","Defend_G","Defend_G","Survivor","Neutralize","Quick Slash","All Out Attack","Terror","Night Terror+1","Slice","A Thousand Cuts","Noxious Fumes","Tools of the Trade","Riddle With Holes","Crippling Poison","Infinite Blades+1"],"relics":["Ring of the Snake","Art of War","MawBank","Smiling Mask","Mercury Hourglass","Tiny Chest","Black Star"],"acts_visited":["Exordium","TheCity"],"potions_floor_usage":[21,21],"damage_taken":[{"damage":0.0,"enemies":"Cultist","floor":1.0,"turns":4.0},{"damage":3,"enemies":"Jaw Worm","floor":3,"turns":4},{"damage":32,"enemies":"3 Sentries","floor":6,"turns":11},{"damage":32,"enemies":"Lagavulin","floor":8,"turns":8},{"damage":2,"enemies":"2 Louse","floor":12,"turns":2},{"damage":12,"enemies":"3 Sentries","floor":13,"turns":4},{"damage":7,"enemies":"Looter","floor":14,"turns":3},{"damage":19,"enemies":"Slime Boss","floor":16,"turns":8},{"damage":23,"enemies":"Chosen","floor":18,"turns":6},{"damage":36,"enemies":"Shell Parasite","floor":20,"turns":8},{"damage":16,"enemies":"Snake Plant","floor":21,"turns":2}],"seed_played":"6869522160530690645","potions_obtained":[{"floor":3,"key":"Energy Potion"},{"floor":8,"key":"Weak Potion"},{"floor":13,"key":"DistilledChaos"}],"is_trial":false,"path_per_floor":["M","T","M","?","?","E","R","E","T","R","?","M","E","M","R","B",null,"M","?","M","M"],"character_chosen":"THE_SILENT","items_purchased":[],"campfire_rested":3,"item_purchase_floors":[],"current_hp_per_floor":[70,70,67,67,60,28,49,17,17,38,38,36,24,17,38,19,70,47,47,11,0,0],"gold":865,"neow_bonus":"HUNDRED_GOLD","is_daily":false,"chose_seed":false,"campfire_upgraded":0,"win_rate":0.0,"timestamp":1608001179,"path_taken":["M","?","M","?","?","E","R","E","T","R","?","M","E","M","R","BOSS","M","?","M","M"],"items_purchased_type":[],"build_version":"2020-12-13","purchased_purges":0,"victory":false,"max_hp_per_floor":[70,70,70,70,70,70,70,70,70,70,70,70,70,70,70,70,70,70,70,70,70,70],"card_choices":[{"not_picked":["Slice","Choke"],"picked":"Quick Slash","floor":1.0},{"not_picked":["Bane","Quick Slash"],"picked":"All Out Attack","floor":3},{"not_picked":["Distraction","Backstab"],"picked":"Terror","floor":6},{"not_picked":["Prepared","Escape Plan"],"picked":"Night Terror","floor":8},{"not_picked":["Eviscerate","Underhanded Strike"],"picked":"Slice","floor":12},{"not_picked":["Flying Knee","Skewer"],"picked":"A Thousand Cuts","floor":13},{"not_picked":["Distraction","Underhanded Strike"],"picked":"Noxious Fumes","floor":14},{"not_picked":["Grand Finale","Unload"],"picked":"Tools of the Trade","floor":16},{"not_picked":["Dagger Spray","Blade Dance"],"picked":"Riddle With Holes","floor":18},{"not_picked":["Tactician","Bane"],"picked":"Infinite Blades+1","floor":20}],"player_experience":435522,"relics_obtained":[{"floor":2.0,"key":"Art of War"},{"floor":6,"key":"MawBank"},{"floor":8,"key":"Smiling Mask"},{"floor":9,"key":"Mercury Hourglass"},{"floor":13,"key":"Tiny Chest"}],"event_choices":[{"damage_healed":0,"gold_gain":175,"player_choice":"AGREE","damage_taken":0,"max_hp_gain":0,"max_hp_loss":0,"event_name":"Liars Game","floor":4,"gold_loss":0,"cards_obtained":["Doubt"]},{"cards_removed":["Doubt"],"damage_healed":0,"gold_gain":0,"player_choice":"Card Removal","damage_taken":7,"max_hp_gain":0,"max_hp_loss":0,"event_name":"Golden Wing","floor":5,"gold_loss":0},{"damage_healed":0,"gold_gain":0,"player_choice":"Grow","damage_taken":0,"max_hp_gain":0,"max_hp_loss":0,"event_name":"Living Wall","floor":11,"gold_loss":0,"cards_upgraded":["Night Terror"]},{"damage_healed":0,"gold_gain":0,"player_choice":"Read","damage_taken":0,"max_hp_gain":0,"max_hp_loss":0,"event_name":"The Library","floor":19,"gold_loss":0,"cards_obtained":["Crippling Poison"]}],"is_beta":false,"boss_relics":[{"not_picked":["Calling Bell","Cursed Key"],"picked":"Black Star"}],"items_purged_floors":[],"is_endless":false,"potions_floor_spawned":[3,8,13,20],"killed_by":"Snake Plant","ascension_level":4}}