{"host":"63rwe7p34ct1i0qu","time":1608033318,"event":{"mods":["BaseMod","DeckTracker","Minty Spire (QoL Compilation)","Permanent Neow","Quick Restart","StSLib"],"gold_per_floor":[116,129,89,89,164,164,182,207,207,220,240,240,92,105,105,204,254,271,284,284,284,295,295,295,295],"floor_reached":24,"playtime":737,"items_purged":[],"score":282,"play_id":"cedcec5c-3d50-4177-940e-802f54b42114","local_time":"20201215205518","is_ascension_mode":true,"campfire_choices":[{"data":"Bash","floor":6,"key":"SMITH"},{"data":"Feed","floor":12,"key":"SMITH"},{"data":"Wild Strike","floor":15,"key":"SMITH"},{"floor":23,"key":"REST"}],"circlet_count":0,"master_deck":["Strike_R+1","Strike_R+1","Strike_R+1","Defend_R+1","Defend_R+1","Defend_R+1","Defend_R+1","Bash+1","Exhume","Corruption","Wild Strike+1","Thunderclap","Feed+1","Battle Trance","Inflame","Hemokinesis","Shrug It Off","Demon Form"],"relics":["Burning Blood","Eternal Feather","Meat on the Bone","Tiny House"],"acts_visited":["Exordium","TheCity"],"potions_floor_usage":[8,11,18,18,22,22,24],"damage_taken":[{"damage":4.0,"enemies":"Small Slimes","floor":1.0,"turns":5.0},{"damage":6.0,"enemies":"Cultist","floor":2.0,"turns":4.0},{"damage":1,"enemies":"2 Louse","floor":7,"turns":2},{"damage":50,"enemies":"3 Sentries","floor":8,"turns":11},{"damage":12,"enemies":"Looter","floor":10,"turns":3},{"damage":11,"enemies":"Blue Slaver","floor":11,"turns":4},{"damage":2,"enemies":"Large Slime","floor":14,"turns":3},{"damage":63,"enemies":"Hexaghost","floor":16,"turns":9},{"damage":34,"enemies":"Shell Parasite","floor":18,"turns":6},{"damage":37,"enemies":"2 Thieves","floor":19,"turns":5},{"damage":43,"enemies":"Centurion and Healer","floor":22,"turns":6},{"damage":60,"enemies":"Slavers","floor":24,"turns":4}],"seed_played":"-1239513741318242314","potions_obtained":[{"floor":3.0,"key":"Strength Potion"},{"floor":3.0,"key":"FearPotion"},{"floor":3.0,"key":"FairyPotion"},{"floor":8,"key":"Swift Potion"},{"floor":10,"key":"Energy Potion"},{"floor":17,"key":"Weak Potion"},{"floor":19,"key":"HeartOfIron"},{"floor":22,"key":"AttackPotion"}],"is_trial":false,"path_per_floor":["M","M","?","$","?","R","M","E","T","M","M","R","$","M","R","B",null,"M","M","?","?","M","R","E"],"character_chosen":"IRONCLAD","items_purchased":["Inflame","Hemokinesis"],"campfire_rested":1,"item_purchase_floors":[13,13],"current_hp_per_floor":[53,53,53,53,45,45,50,30,30,39,49,55,55,63,72,27,79,63,48,48,48,27,66,6,6],"gold":295,"neow_bonus":"TRANSFORM_TWO_CARDS","is_daily":false,"chose_seed":false,"campfire_upgraded":3,"win_rate":0.0,"timestamp":1608033318,"path_taken":["M","M","?","?","?","R","M","E","T","M","M","R","$","?","R","BOSS","M","M","?","?","M","R","E"],"items_purchased_type":["Card","Card"],"build_version":"2020-12-13","purchased_purges":0,"victory":false,"max_hp_per_floor":[80,80,80,80,80,80,80,80,80,83,86,86,86,90,90,90,95,95,99,99,99,103,103,103,103],"card_choices":[{"not_picked":["Thunderclap","Bloodletting","Heavy Blade"],"picked":"SKIP","floor":1.0},{"not_picked":["Twin Strike","Sever Soul"],"picked":"Wild Strike","floor":2.0},{"not_picked":["Sever Soul","Havoc"],"picked":"Thunderclap","floor":7},{"not_picked":["Sword Boomerang","Shrug It Off"],"picked":"Feed","floor":8},{"not_picked":["Perfected Strike","Sword Boomerang"],"picked":"Battle Trance","floor":10},{"not_picked":["Spot Weakness","Clash","Disarm"],"picked":"SKIP","floor":11},{"not_picked":["Anger","Heavy Blade"],"picked":"Shrug It Off","floor":14},{"not_picked":["Berserk","Brutality"],"picked":"Demon Form","floor":16},{"not_picked":["Reckless Charge","Iron Wave+1","Rupture"],"picked":"SKIP","floor":18},{"not_picked":["Cleave","Perfected Strike","Flex"],"picked":"SKIP","floor":19},{"not_picked":["Carnage","Dark Embrace","Thunderclap+1"],"picked":"SKIP","floor":22}],"player_experience":772748,"relics_obtained":[{"floor":8,"key":"Eternal Feather"},{"floor":9,"key":"Meat on the Bone"}],"event_choices":[{"damage_healed":0.0,"max_hp_gain":0.0,"max_hp_loss":0.0,"gold_gain":0.0,"event_name":"The Woman in Blue","player_choice":"Bought 3 Potions","floor":3.0,"gold_loss":0.0,"damage_taken":0.0},{"damage_healed":0,"gold_gain":75,"player_choice":"Touch","damage_taken":8,"max_hp_gain":0,"max_hp_loss":0,"event_name":"FaceTrader","floor":5,"gold_loss":0},{"damage_healed":0,"gold_gain":0,"player_choice":"Simplicity","damage_taken":0,"max_hp_gain":0,"max_hp_loss":0,"event_name":"Back to Basics","floor":20,"gold_loss":0,"cards_upgraded":["Strike_R","Strike_R","Defend_R","Defend_R","Defend_R","Defend_R"]},{"damage_healed":0,"gold_gain":0,"player_choice":"Ignored","damage_taken":0,"max_hp_gain":0,"max_hp_loss":0,"event_name":"Vampires","floor":21,"gold_loss":0}],"is_beta":false,"boss_relics":[{"not_picked":["Runic Cube","Mark of Pain"],"picked":"Tiny House"}],"items_purged_floors":[],"is_endless":false,"potions_floor_spawned":[8,10,19,22],"killed_by":"Slavers","ascension_level":6}}