{"host":"6vv0uythevi5qk1w","time":1608025449,"event":{"mods":["Act Like it!","BaseMod","Downfall","Gensokyo","Minty Spire (QoL Compilation)","Remilia£®¿Ÿ√◊¿Ú—«£©","Replay The Spire","StSLib"],"gold_per_floor":[99,99,99,24,24,50,50,50,73,104,122,135,147,147,147,247,259,355,355,280,280,280,306,306,338,338,352,277,302,312,3,171,190,358,461,461,461,480,47,65,125,125,125,125,154,154,205,205,205,36,47,47,47,75,2,2,10],"floor_reached":58,"playtime":6884,"items_purged":["Writhe"],"score":1539,"play_id":"1296fadc-d172-4d42-9a4c-2a447a0556de","local_time":"20201215174409","is_ascension_mode":true,"campfire_choices":[{"floor":1.0,"key":"RECALL"},{"data":"sneckomod:SoulRoll","floor":4.0,"key":"SMITH"},{"data":"sneckomod:TrashToTreasure","floor":8.0,"key":"SMITH"},{"data":"sneckomod:MasterEye","floor":20.0,"key":"SMITH"},{"data":"sneckomod:Transmogrify","floor":28.0,"key":"SMITH"},{"data":"Regret","floor":37.0,"key":"PURGE"},{"data":"sneckomod:Unknown3Cost","floor":42.0,"key":"SMITH"},{"data":"sneckomod:MasterEye","floor":44.0,"key":"SMITH"},{"data":"Mayhem","floor":46.0,"key":"SMITH"},{"floor":56,"key":"REST"}],"circlet_count":0,"master_deck":["sneckomod:Defend+1","sneckomod:TailWhip","sneckomod:SnekBite+1","sneckomod:Unknown+1","sneckomod:Unknown","sneckomod:SoulRoll+1","sneckomod:TrashToTreasure+1","sneckomod:UnknownStrength","sneckomod:SerpentMind+1","sneckomod:UnknownColorless","sneckomod:MasterEye+1","sneckomod:UnknownClassUrban Legend","sneckomod:Unknown3Cost+2","Ghostly","Ghostly","Ghostly","Ghostly","Ghostly","sneckomod:Bewildered","sneckomod:Transmogrify+1","Replay:SS_fish_3","sneckomod:ImprovisedAttack+1","sneckomod:MasterEye+1","sneckomod:SoulDraw","sneckomod:Nope+1","sneckomod:Unknown3Cost+1","CommonCold","sneckomod:UnknownUncommonPower","sneckomod:UnknownClassUrban Legend+1","Replay:SS_forest_5","Mayhem+1","Replay:SS_hec_2","expansioncontent:SuperHexaguard","Replay:SS_forest_2","sneckomod:Restock","sneckomod:SoulDraw"],"relics":["sneckomod:SneckoSoul","downfall:HeartsMalice","downfall:HeartBlessingRed","Odd Mushroom","Replay:Bronze Core","downfall:HeartBlessingGreen","sneckomod:BabySnecko","ReplayTheSpireMod:TigerMarble","downfall:HeartBlessingBlue","Quantum Egg","Kintsugi","ReplayTheSpireMod:Ninjato","Frozen Eye","Sundial","Dream Catcher","Darkstone Periapt","Torii","Replay:Multitool","Sling","Bag of Marbles","Centennial Puzzle","Pondfish Scales","Replay:Bandana"],"acts_visited":["Exordium","TheCity","TheBeyond","TheEnding"],"potions_floor_usage":[57],"damage_taken":[{"damage":0.0,"enemies":"Jaw Worm","floor":2.0,"turns":1.0},{"damage":0.0,"enemies":"2 Louse","floor":5.0,"turns":1.0},{"damage":0.0,"enemies":"3 Sentries","floor":6.0,"turns":1.0},{"damage":0.0,"enemies":"The Mushroom Lair","floor":9.0,"turns":3.0},{"damage":1.0,"enemies":"Replay:BlueRogue","floor":10.0,"turns":5.0},{"damage":1.0,"enemies":"Cultist","floor":11.0,"turns":2.0},{"damage":6.0,"enemies":"Exordium Thugs","floor":12.0,"turns":3.0},{"damage":1.0,"enemies":"3 Louse","floor":13.0,"turns":2.0},{"damage":1.0,"enemies":"Blue Slaver","floor":17.0,"turns":5.0},{"damage":4.0,"enemies":"downfall:Watcher","floor":18.0,"turns":5.0},{"damage":7.0,"enemies":"Gremlin Leader","floor":23.0,"turns":5.0},{"damage":10.0,"enemies":"Slavers","floor":25.0,"turns":7.0},{"damage":3.0,"enemies":"Shell Parasite","floor":27.0,"turns":2.0},{"damage":0.0,"enemies":"Gremlin Leader","floor":29.0,"turns":2.0},{"damage":3.0,"enemies":"Chosen","floor":30.0,"turns":3.0},{"damage":12.0,"enemies":"downfall:FleeingMerchant","floor":31.0,"turns":5.0},{"damage":0.0,"enemies":"Shelled Parasite and Fungi","floor":32.0,"turns":4.0},{"damage":1.0,"enemies":"Cultist and Chosen","floor":33.0,"turns":3.0},{"damage":0.0,"enemies":"Centurion and Healer","floor":34.0,"turns":5.0},{"damage":24.0,"enemies":"downfall:Silent","floor":35.0,"turns":6.0},{"damage":0.0,"enemies":"Orb Walker","floor":38.0,"turns":3.0},{"damage":0.0,"enemies":"downfall:FleeingMerchant","floor":39.0,"turns":5.0},{"damage":15.0,"enemies":"3 Darklings","floor":40.0,"turns":6.0},{"damage":1.0,"enemies":"R_Hoarder","floor":41.0,"turns":8.0},{"damage":12.0,"enemies":"Giant Head","floor":45.0,"turns":5.0},{"damage":0.0,"enemies":"2 Orb Walkers","floor":47.0,"turns":5.0},{"damage":0.0,"enemies":"downfall:FleeingMerchant","floor":50.0,"turns":5.0},{"damage":0.0,"enemies":"Spire Growth","floor":51.0,"turns":4.0},{"damage":8,"enemies":"downfall:Ironclad","floor":52,"turns":8},{"damage":42,"enemies":"downfall:CharBossMerchant","floor":54,"turns":8},{"damage":24,"enemies":"downfall:NeowBoss","floor":57,"turns":12}],"seed_played":"3809135136807039058","potions_obtained":[{"floor":11.0,"key":"SkillPotion"},{"floor":12.0,"key":"DistilledChaos"},{"floor":17.0,"key":"Cursed Concoction"},{"floor":18.0,"key":"champ:CounterPotion"},{"floor":29.0,"key":"Fire Potion"},{"floor":30.0,"key":"FearPotion"},{"floor":40.0,"key":"Cursed Concoction"},{"floor":51.0,"key":"Block Potion"}],"is_trial":false,"path_per_floor":["R","M","?","R","M","E","T","R","?","E","M","M","M","PTL","PTL","?","M","B",null,"R","?","?","E","?","E","T","M","R","E","M","$","M","M","M","B",null,"R","M","$","M","E","R","T","R","E","R","?","?","?","$","M","B",null,"E","$","R","B",null],"character_chosen":"THE_SNECKO","items_purchased":["Medical Kit","Omamori","Replay:SS_forest_5","Mayhem","Frozen Eye","Sling","Bag of Marbles","sneckomod:Restock","DuplicationPotion"],"campfire_rested":1,"item_purchase_floors":[31,31,39,39,39,50,50,50,55],"current_hp_per_floor":[90,90,90,90,90,90,90,90,91,90,90,84,83,83,83,83,83,80,94,94,47,47,40,40,30,30,27,37,45,42,30,30,29,29,6,58,58,59,60,45,60,60,60,60,48,48,48,38,70,70,70,62,70,40,40,61,37],"gold":10,"neow_bonus":"THREE_ENEMY_KILL","is_daily":false,"chose_seed":false,"campfire_upgraded":7,"win_rate":0.0,"timestamp":1608025449,"path_taken":["R","M","?","R","M","E","T","R","?","E","M","?","M","PTL","PTL","?","M","BOSS","R","?","?","E","?","E","T","?","R","E","M","?","M","M","M","BOSS","R","M","$","M","E","R","T","R","E","R","?","?","?","$","M","BOSS","E","$","R","BOSS"],"items_purchased_type":["Relic","Relic","Card","Card","Relic","Relic","Relic","Card","Potion"],"build_version":"2020-12-13","purchased_purges":1,"victory":true,"max_hp_per_floor":[90,90,90,90,90,90,90,90,91,91,92,92,92,92,92,92,93,94,94,94,47,47,47,47,47,47,47,57,57,57,57,57,57,57,58,58,58,59,60,60,60,60,60,60,60,60,60,60,70,70,70,70,70,70,70,70,70],"card_choices":[{"not_picked":["sneckomod:SoulDraw","sneckomod:UnknownCommonAttack"],"picked":"sneckomod:SoulRoll","floor":2.0},{"not_picked":["sneckomod:QuickBite","sneckomod:UnknownBlock","sneckomod:UnknownCommonAttack"],"picked":"SKIP","floor":5.0},{"not_picked":["sneckomod:QuickBite","sneckomod:QuickMove"],"picked":"sneckomod:TrashToTreasure","floor":6.0},{"not_picked":["sneckomod:UnknownCommonAttack","sneckomod:QuickMove"],"picked":"sneckomod:UnknownStrength","floor":9.0},{"not_picked":["sneckomod:SoulDraw","sneckomod:DiceCrush"],"picked":"sneckomod:SerpentMind","floor":10.0},{"not_picked":["sneckomod:Nope","sneckomod:UnknownVulnerable"],"picked":"sneckomod:UnknownColorless","floor":11.0},{"not_picked":["sneckomod:Nope","sneckomod:UnknownClassPURPLE"],"picked":"sneckomod:MasterEye","floor":12.0},{"not_picked":["sneckomod:Unknown2Cost","sneckomod:SoulRoll","sneckomod:ImprovisedAttack"],"picked":"SKIP","floor":13.0},{"not_picked":["sneckomod:SoulDraw","sneckomod:SoulRoll"],"picked":"sneckomod:UnknownClassUrban Legend","floor":17.0},{"not_picked":["sneckomod:Restock","sneckomod:UnknownRareSkill"],"picked":"sneckomod:Unknown3Cost","floor":18.0},{"not_picked":["sneckomod:QuickMove","sneckomod:UnknownWeak"],"picked":"sneckomod:Mudshield","floor":23.0},{"not_picked":["sneckomod:UnknownClassSLIMEBOUND","sneckomod:DiceBoulder","sneckomod:UnknownClassGUARDIAN"],"picked":"SKIP","floor":25.0},{"not_picked":["sneckomod:UnknownVulnerable","sneckomod:ImprovisedAttack+1","sneckomod:UnknownX"],"picked":"SKIP","floor":27.0},{"not_picked":["sneckomod:UnknownVulnerable","sneckomod:UnknownX"],"picked":"sneckomod:ImprovisedAttack+1","floor":27.0},{"not_picked":["sneckomod:WideSting+1","sneckomod:UnknownWeak","sneckomod:SnekBeam"],"picked":"SKIP","floor":29.0},{"not_picked":["sneckomod:WideSting+1","sneckomod:UnknownWeak","sneckomod:SnekBeam"],"picked":"SKIP","floor":29.0},{"not_picked":["sneckomod:UnknownStrike","sneckomod:DiceBlock"],"picked":"sneckomod:MasterEye","floor":30.0},{"not_picked":["sneckomod:UnknownClassRED","sneckomod:IronFang+1","sneckomod:RainOfDice"],"picked":"SKIP","floor":31.0},{"not_picked":["sneckomod:DefensiveFlair","sneckomod:SnekBeam"],"picked":"sneckomod:SoulDraw","floor":32.0},{"not_picked":["sneckomod:UnknownWeak","sneckomod:QuickMove+1"],"picked":"sneckomod:Nope+1","floor":33.0},{"not_picked":["sneckomod:UnknownStrike","sneckomod:UnknownClassGUARDIAN","sneckomod:Rotation"],"picked":"SKIP","floor":34.0},{"not_picked":["sneckomod:UnknownColorless","sneckomod:SerpentMind"],"picked":"sneckomod:Unknown3Cost","floor":35.0},{"not_picked":["sneckomod:UnknownClassUrban Legend+1","sneckomod:UnknownStrike+1"],"picked":"sneckomod:UnknownUncommonPower","floor":38.0},{"not_picked":["sneckomod:UnknownVulnerable","sneckomod:Unknown2Cost"],"picked":"sneckomod:UnknownClassUrban Legend+1","floor":39.0},{"not_picked":["sneckomod:DefensiveFlair+1","sneckomod:SlitherStrike","sneckomod:UnknownDexterity+1"],"picked":"SKIP","floor":40.0},{"not_picked":["sneckomod:IronFang+1","sneckomod:PureSnecko","sneckomod:MixItUp+1"],"picked":"SKIP","floor":41.0},{"not_picked":["sneckomod:Nope+1","sneckomod:UnknownCommonSkill","sneckomod:UnknownWeak"],"picked":"SKIP","floor":45.0},{"not_picked":["expansioncontent:DecasProtection","expansioncontent:AwakenDeath"],"picked":"Replay:SS_hec_2","floor":48.0},{"not_picked":["expansioncontent:PrepareCrush","expansioncontent:LastStand"],"picked":"expansioncontent:SuperHexaguard","floor":48.0},{"not_picked":["Replay:SS_fish_1","expansioncontent:Flail"],"picked":"Replay:SS_forest_2","floor":48.0},{"not_picked":["sneckomod:SnekBeam","sneckomod:UnknownClassHEXA_GHOST_PURPLE+1","sneckomod:UnknownCommonSkill"],"picked":"SKIP","floor":50.0},{"not_picked":["sneckomod:QuickBite+1","sneckomod:RainOfDice+1","sneckomod:Unknown1Cost"],"picked":"SKIP","floor":51.0},{"not_picked":["sneckomod:QuickBite+1","sneckomod:RainOfDice+1","sneckomod:Unknown1Cost"],"picked":"SKIP","floor":51.0},{"not_picked":["sneckomod:DangerNoodle","sneckomod:UnknownWeak+1","sneckomod:QuickBite+1"],"picked":"SKIP","floor":54},{"not_picked":["sneckomod:UnknownCommonSkill+1","sneckomod:QuickMove+1"],"picked":"sneckomod:SoulDraw","floor":56}],"player_experience":348801,"relics_obtained":[{"floor":6.0,"key":"Replay:Bottled Snecko"},{"floor":7.0,"key":"Blue Candle"},{"floor":9.0,"key":"Odd Mushroom"},{"floor":10.0,"key":"ReplayTheSpireMod:TigerMarble"},{"floor":11.0,"key":"Quantum Egg"},{"floor":23.0,"key":"StrikeDummy"},{"floor":25.0,"key":"ReplayTheSpireMod:TigerMarble"},{"floor":25.0,"key":"Letter Opener"},{"floor":29.0,"key":"Girya"},{"floor":30.0,"key":"Quantum Egg"},{"floor":31.0,"key":"FossilizedHelix"},{"floor":32.0,"key":"ReplayTheSpireMod:CursedCoin"},{"floor":33.0,"key":"ReplayTheSpireMod:Ninjato"},{"floor":34.0,"key":"ReplayTheSpireMod:CursedCoin"},{"floor":35.0,"key":"Sundial"},{"floor":38.0,"key":"Kintsugi"},{"floor":39.0,"key":"ReplayTheSpireMod:Ninjato"},{"floor":40.0,"key":"Sundial"},{"floor":41.0,"key":"Art of War"},{"floor":41.0,"key":"Dream Catcher"},{"floor":43.0,"key":"ReplayTheSpireMod:Shallot"},{"floor":45.0,"key":"Darkstone Periapt"},{"floor":45.0,"key":"Torii"},{"floor":47.0,"key":"Replay:Multitool"},{"floor":50.0,"key":"Lizard Tail"},{"floor":51.0,"key":"Centennial Puzzle"},{"floor":54,"key":"Pondfish Scales"},{"floor":54,"key":"Replay:Bandana"}],"event_choices":[{"damage_healed":0.0,"max_hp_gain":0.0,"max_hp_loss":0.0,"gold_gain":0.0,"event_name":"Mushrooms","player_choice":"Fought Mushrooms","floor":9.0,"gold_loss":0.0,"damage_taken":0.0},{"damage_healed":0.0,"max_hp_gain":0.0,"max_hp_loss":47.0,"gold_gain":0.0,"event_name":"Ghosts","player_choice":"Became a Ghost","floor":21.0,"gold_loss":0.0,"damage_taken":0.0,"cards_obtained":["Ghostly","Ghostly","Ghostly","Ghostly","Ghostly"]},{"damage_healed":0.0,"max_hp_gain":0.0,"max_hp_loss":0.0,"gold_gain":0.0,"event_name":"Mysterious Sphere","player_choice":"Fight","floor":47.0,"gold_loss":0.0,"damage_taken":0.0},{"cards_removed":["sneckomod:Mudshield"],"damage_healed":22.0,"max_hp_gain":10.0,"max_hp_loss":0.0,"gold_gain":0.0,"event_name":"Bonfire Elementals","player_choice":"Offered Rare","floor":49.0,"gold_loss":0.0,"damage_taken":0.0}],"is_beta":false,"boss_relics":[{"not_picked":["Pandora\u0027s Box","Honey Jar"],"picked":"Replay:Bronze Core"},{"not_picked":["SacredBark","Busted Crown"],"picked":"Fusion Hammer"}],"items_purged_floors":[50],"is_endless":false,"potions_floor_spawned":[11,12,17,18,29,30,32,34,40,47,51],"ascension_level":2}}