{"host":"bux1pdxjwq4dkad9","time":1608015471,"event":{"mods":["BaseMod","Colored Map","Luminous","Minty Spire (QoL Compilation)","Quick Restart","Reimu（博丽灵梦）","Robot Space Explorer","Shop Mod","Spicy Shops","StSLib","SuperFastMode","The Alterego","Thieving Mod","Uncapped","【人物mod】游戏王New YuGiOh mod","【遗物Mod】简单游戏"],"gold_per_floor":[112,112,130,130,55,86,100,131,185,185,203,234,246,68,68,164,164,179,30,30,45,55,87,87,114,139,139,157,182,194,109,109,207,207,220,220,233,250,250,275,275,305,305,305,376,410,22,38,38,38,38,38,17,52,52],"floor_reached":56,"playtime":1357,"items_purged":["Luminous:Dark_Abyssal_Drop","Luminous:Light_Flash_Shower","Normality"],"score":2363,"play_id":"50b258c0-a40a-42cf-aa8a-4380eba219da","local_time":"20201215145751","is_ascension_mode":true,"campfire_choices":[{"data":"Luminous:Magic_Boost_Luminous","floor":10,"key":"SMITH"},{"data":"Luminous:Light_Sylvan_Lance","floor":15,"key":"SMITH"},{"data":"Luminous:Mirror_Force_Luminous","floor":24,"key":"SMITH"},{"data":"Normality","floor":27,"key":"PURGE"},{"floor":32,"key":"RECALL"},{"data":"Pain","floor":41,"key":"PURGE"},{"data":"Luminous:Lania_Blessing_Luminous","floor":44,"key":"SMITH"},{"data":"Luminous:Lania_Blessing_Luminous","floor":49,"key":"SMITH"},{"data":"Luminous:Arcane_Rage_Luminous","floor":52,"key":"SMITH"}],"circlet_count":0,"master_deck":["Luminous:Light_Flash_Shower+1","Luminous:Dark_Abyssal_Drop","Luminous:Defend_Luminous","Luminous:Defend_Luminous+1","Luminous:Defend_Luminous","Luminous:Switch_Luminous","Luminous:Dusk_Guard_Luminous","Luminous:Mirror_Force_Luminous+1","Luminous:Light_Glare","Luminous:Magic_Boost_Luminous+1","Luminous:Concentrate_Luminous","Luminous:Flash_Blink_Luminous","Luminous:Light_Sylvan_Lance+1","Luminous:Lania_Blessing_Luminous+1","Luminous:Light_Sylvan_Lance+1","Luminous:Equalize_Luminous","Luminous:Arcane_Rage_Luminous+1","Luminous:Lania_Blessing_Luminous+1","Decay"],"relics":["Luminous:MirrorRelic","EasyRelic","Eternal Feather","PreservedInsect","Akabeko","Bag of Marbles","Oddly Smooth Stone","Cursed Key","TheAbacus","Cracked Core","Kunai","Strawberry","Bag of Preparation","Du-Vu Doll","Sozu","WarpedTongs","Art of War","The Courier","Boot","Bottled Lightning","Mercury Hourglass","Potion Belt","Omamori","Happy Flower","Thread and Needle","Centennial Puzzle"],"acts_visited":["Exordium","TheCity","TheBeyond","TheEnding"],"potions_floor_usage":[55,55],"damage_taken":[{"damage":0.0,"enemies":"2 Louse","floor":1.0,"turns":2.0},{"damage":0.0,"enemies":"Jaw Worm","floor":3.0,"turns":3.0},{"damage":0,"enemies":"Lagavulin","floor":6,"turns":7},{"damage":0,"enemies":"Small Slimes","floor":7,"turns":3},{"damage":0,"enemies":"3 Sentries","floor":8,"turns":5},{"damage":0,"enemies":"Looter","floor":11,"turns":3},{"damage":0,"enemies":"Gremlin Nob","floor":12,"turns":3},{"damage":0,"enemies":"Red Slaver","floor":13,"turns":3},{"damage":0,"enemies":"Hexaghost","floor":16,"turns":6},{"damage":0,"enemies":"Shell Parasite","floor":18,"turns":1},{"damage":0,"enemies":"Chosen","floor":21,"turns":1},{"damage":0,"enemies":"3 Cultists","floor":22,"turns":2},{"damage":0,"enemies":"Gremlin Leader","floor":23,"turns":2},{"damage":0,"enemies":"Slavers","floor":25,"turns":1},{"damage":0,"enemies":"Centurion and Healer","floor":28,"turns":1},{"damage":0,"enemies":"Book of Stabbing","floor":29,"turns":1},{"damage":0,"enemies":"Shelled Parasite and Fungi","floor":30,"turns":1},{"damage":0,"enemies":"Champ","floor":33,"turns":5},{"damage":0,"enemies":"3 Shapes","floor":35,"turns":1},{"damage":0,"enemies":"3 Darklings","floor":37,"turns":1},{"damage":1,"enemies":"Maw","floor":38,"turns":2},{"damage":0,"enemies":"Nemesis","floor":40,"turns":1},{"damage":0,"enemies":"Reptomancer","floor":42,"turns":1},{"damage":0,"enemies":"Nemesis","floor":46,"turns":1},{"damage":0,"enemies":"Spire Growth","floor":48,"turns":1},{"damage":0,"enemies":"Time Eater","floor":50,"turns":4},{"damage":0,"enemies":"Shield and Spear","floor":54,"turns":1},{"damage":0,"enemies":"The Heart","floor":55,"turns":6}],"seed_played":"8359962354203271636","potions_obtained":[{"floor":1.0,"key":"LiquidMemories"},{"floor":7,"key":"Regen Potion"},{"floor":11,"key":"Dexterity Potion"},{"floor":29,"key":"FearPotion"}],"is_trial":false,"path_per_floor":["M","?","M","?","$","E","M","E","T","R","M","E","M","$","R","B",null,"M","$","?","M","M","E","R","E","T","R","M","E","M","?","R","B",null,"M","?","M","M","?","E","R","E","T","R","T","E","$","M","R","B",null,"R","$","E","B",null],"character_chosen":"LuminousClass","items_purchased":["Oddly Smooth Stone","TheAbacus","Potion Belt","Omamori","Happy Flower","Thread and Needle"],"campfire_rested":0,"item_purchase_floors":[14,19,47,47,47,53],"current_hp_per_floor":[51,51,52,37,37,37,38,39,39,45,46,47,48,48,54,55,70,71,71,71,72,73,74,75,82,82,82,82,82,82,82,82,82,82,82,82,82,81,81,82,82,82,82,82,82,82,82,82,82,82,82,82,82,82,82],"gold":52,"neow_bonus":"REMOVE_TWO","is_daily":false,"chose_seed":false,"campfire_upgraded":6,"win_rate":0.0,"timestamp":1608015471,"path_taken":["M","?","M","?","$","E","M","E","T","R","M","E","M","?","R","BOSS","M","$","?","M","M","E","R","E","T","R","M","E","M","?","R","BOSS","M","?","?","M","?","E","R","E","T","R","?","E","$","M","R","BOSS","R","$","E","BOSS"],"items_purchased_type":["Relic","Relic","Relic","Relic","Relic","Relic"],"build_version":"2020-12-13","purchased_purges":3,"victory":true,"max_hp_per_floor":[75,75,75,75,75,75,75,75,75,75,75,75,75,75,75,75,75,75,75,75,75,75,75,75,82,82,82,82,82,82,82,82,82,82,82,82,82,82,82,82,82,82,82,82,82,82,82,82,82,82,82,82,82,82,82],"card_choices":[{"not_picked":["Luminous:Dark_Pressure_Void","Luminous:Blinding_Pillar_Luminous"],"picked":"Luminous:Dusk_Guard_Luminous","floor":1.0},{"not_picked":["Luminous:Accumulation_Luminous","Luminous:Concentrate_Luminous"],"picked":"Luminous:Light_Glare","floor":3.0},{"not_picked":["Luminous:Reverse_Spell_Luminous","Luminous:Blinding_Pillar_Luminous","Luminous:Light_Wash_Luminous"],"picked":"SKIP","floor":6},{"not_picked":["Luminous:Date_of_Light_Luminous","Luminous:Dark_Dim_Erosion"],"picked":"Luminous:Magic_Boost_Luminous","floor":7},{"not_picked":["Luminous:Light_Glare","Luminous:Date_of_Light_Luminous"],"picked":"Luminous:Concentrate_Luminous","floor":8},{"not_picked":["Luminous:Magic_Boost_Luminous","Luminous:Magic_Guard_Luminous","Luminous:Light_Gather"],"picked":"SKIP","floor":11},{"not_picked":["Luminous:Light_Glare","Luminous:Dark_Dim_Erosion"],"picked":"Luminous:Flash_Blink_Luminous","floor":12},{"not_picked":["Luminous:Dark_Dim_Erosion","Luminous:Concentrate_Luminous"],"picked":"Luminous:Light_Sylvan_Lance","floor":13},{"not_picked":["Luminous:Equalize_Luminous","Luminous:Arcane_Rage_Luminous"],"picked":"Luminous:Lania_Blessing_Luminous","floor":16},{"not_picked":["Luminous:Blinding_Pillar_Luminous+1","Luminous:Light_Gather"],"picked":"Luminous:Light_Sylvan_Lance+1","floor":18},{"not_picked":["Luminous:Dark_Dim_Erosion","Luminous:Light_Sylvan_Lance","Luminous:Magic_Guard_Luminous"],"picked":"SKIP","floor":21},{"not_picked":["Luminous:Light_Sylvan_Lance","Luminous:Dark_Raid","Luminous:Blinding_Pillar_Luminous"],"picked":"SKIP","floor":22},{"not_picked":["Luminous:Light_Glare","Luminous:Concentrate_Luminous","Luminous:Blinding_Pillar_Luminous"],"picked":"SKIP","floor":23},{"not_picked":["Luminous:Chaos_Field_Luminous","Luminous:Armageddon_Luminous"],"picked":"Luminous:Equalize_Luminous","floor":25},{"not_picked":["Luminous:Reverse_Spell_Luminous","Luminous:Accumulation_Luminous","Luminous:Light_Glare+1"],"picked":"SKIP","floor":28},{"not_picked":["Luminous:Light_Gather+1","Luminous:Light_Spectral_Light","Luminous:Tune_Luminous"],"picked":"SKIP","floor":29},{"not_picked":["Luminous:Light_Gather","Luminous:Accumulation_Luminous"],"picked":"Luminous:Arcane_Rage_Luminous","floor":30},{"not_picked":["Luminous:Balance_Baptism","Luminous:Equalize_Luminous"],"picked":"Luminous:Lania_Blessing_Luminous","floor":33},{"not_picked":["Luminous:Light_Wash_Luminous","Luminous:Light_Gather+1","Luminous:Light_Reflection+1"],"picked":"SKIP","floor":35},{"not_picked":["Luminous:Blinding_Pillar_Luminous+1","Luminous:Light_Disperse+1","Luminous:Concentrate_Luminous+1"],"picked":"SKIP","floor":37},{"not_picked":["Luminous:Accumulation_Luminous+1","Luminous:Dark_Dim_Erosion","Luminous:Blinding_Pillar_Luminous"],"picked":"SKIP","floor":38},{"not_picked":["Luminous:Dark_Pressure_Void+1","Luminous:Blinding_Pillar_Luminous","Luminous:Dusk_Guard_Luminous"],"picked":"SKIP","floor":40},{"not_picked":["Luminous:Mana_Overload_Luminous","Luminous:Mirror_Force_Luminous","Luminous:Dark_Pressure_Void+1"],"picked":"SKIP","floor":42},{"not_picked":["Luminous:Dark_Raid","Luminous:Shadow_Shell_Luminous","Luminous:Abyss_Heart_Luminous"],"picked":"SKIP","floor":46},{"not_picked":["Luminous:Dark_Dim_Erosion","Luminous:Fast_Spell_Luminous","Luminous:Light_Sylvan_Lance"],"picked":"SKIP","floor":48},{"not_picked":["Luminous:Dark_Pressure_Void+1","Luminous:Dark_Extract+1","Luminous:Dark_Arcane_Pitch"],"picked":"SKIP","floor":54}],"player_experience":2542603,"relics_obtained":[{"floor":6,"key":"Eternal Feather"},{"floor":8,"key":"PreservedInsect"},{"floor":9,"key":"Akabeko"},{"floor":12,"key":"Bag of Marbles"},{"floor":23,"key":"Kunai"},{"floor":25,"key":"Strawberry"},{"floor":29,"key":"Bag of Preparation"},{"floor":40,"key":"Art of War"},{"floor":42,"key":"The Courier"},{"floor":43,"key":"Boot"},{"floor":45,"key":"Bottled Lightning"},{"floor":46,"key":"Mercury Hourglass"},{"floor":54,"key":"Centennial Puzzle"}],"event_choices":[{"damage_healed":0.0,"max_hp_gain":0.0,"max_hp_loss":0.0,"gold_gain":0.0,"cards_transformed":["Luminous:Dark_Abyssal_Drop"],"event_name":"Living Wall","player_choice":"Change","floor":2.0,"gold_loss":0.0,"damage_taken":0.0,"cards_obtained":["Luminous:Mirror_Force_Luminous"]},{"damage_healed":0.0,"max_hp_gain":0.0,"max_hp_loss":0.0,"gold_gain":0.0,"event_name":"Shining Light","player_choice":"Entered Light","floor":4.0,"gold_loss":0.0,"damage_taken":15.0,"cards_upgraded":["Luminous:Light_Flash_Shower","Luminous:Defend_Luminous"]},{"damage_healed":0,"gold_gain":0,"player_choice":"Obtained Relic","damage_taken":0,"relics_obtained":["Du-Vu Doll"],"max_hp_gain":0,"max_hp_loss":0,"event_name":"Addict","floor":31,"gold_loss":85},{"damage_healed":0,"gold_gain":0,"player_choice":"Rummage","damage_taken":0,"relics_obtained":["WarpedTongs"],"max_hp_gain":0,"max_hp_loss":0,"event_name":"Accursed Blacksmith","floor":36,"gold_loss":0,"cards_obtained":["Pain"]},{"damage_healed":0,"gold_gain":0,"player_choice":"Ignored","damage_taken":0,"max_hp_gain":0,"max_hp_loss":0,"event_name":"Tomb of Lord Red Mask","floor":39,"gold_loss":0}],"is_beta":false,"boss_relics":[{"not_picked":["SacredBark","Ectoplasm"],"picked":"Cursed Key"},{"not_picked":["Busted Crown","Philosopher\u0027s Stone"],"picked":"Sozu"}],"items_purged_floors":[5,14,47],"is_endless":false,"potions_floor_spawned":[1,7,11,13,25,29,33,38,46,48],"ascension_level":8}}