{"host":"h5acbxt0wmjo1kpm","time":1608072533,"event":{"mods":["2.2 Compatiblity","Act Like it!","AlwaysNeverKeys","Aspiration","Bartender","BaseMod","Better Third Choice","Colored Map","Downfall","Elementarium","Gensokyo","GifTheSpireLib","Hallownest","Marisa????????","Minty Spire (QoL Compilation)","Permanent Neow","Potionbrewer","Relic Filter","Replay The Spire","Robot Space Explorer","RumiaBox-????????","Shade Mod","Spicy Shops","StSLib","The Blackbeard","The Dragon Tamer","The Forsaken","The Gatherer","The Problem Sleuth","The Servant 0.9.4","Wandering Minibosses","vexMod"],"gold_per_floor":[99,133,133,148,167,267,267,295,305,305,305],"floor_reached":10,"playtime":483,"items_purged":[],"score":115,"play_id":"98353c7a-8e29-493c-8976-2855f5f0c4c8","local_time":"20201215144853","is_ascension_mode":true,"campfire_choices":[{"data":"hexamod:Sear","floor":1,"key":"SMITH"}],"circlet_count":0,"master_deck":["AscendersBane","hexamod:Strike","hexamod:Strike","hexamod:Strike","hexamod:Strike","hexamod:Defend","hexamod:Defend","hexamod:Defend","hexamod:Defend","hexamod:Sear+1","hexamod:Float","hexamod:NightmareStrike","Headbutt","hexamod:Hexaguard"],"relics":["hexamod:SpiritBrand","aspiration:Nostalgia","Replay:M_SmolderingBlood","ReplayTheSpireMod:TigerMarble","aspiration:StickyExplosives","Shovel"],"acts_visited":["Gensokyo:Gensokyo"],"potions_floor_usage":[10],"damage_taken":[{"damage":29,"enemies":"Gensokyo:Aya","floor":2,"turns":6},{"damage":0,"enemies":"Gensokyo:Gryphon","floor":4,"turns":3},{"damage":2,"enemies":"Gensokyo:Python","floor":5,"turns":3},{"damage":14,"enemies":"Gensokyo:Cirno","floor":8,"turns":6},{"damage":6,"enemies":"Gensokyo:2_Kodama","floor":9,"turns":2},{"damage":9,"enemies":"Gensokyo:Aya","floor":10,"turns":2}],"seed_played":"-4601370872104157528","potions_obtained":[{"floor":8,"key":"potionbrewer:AcidPotion"},{"floor":9,"key":"SneckoOil"}],"is_trial":false,"path_per_floor":["R","E","?","M","M","?","T","E","M","E"],"character_chosen":"THE_SPIRIT","items_purchased":[],"campfire_rested":0,"item_purchase_floors":[],"current_hp_per_floor":[57,28,28,28,26,26,26,12,6,0,0],"gold":305,"neow_bonus":"NOSTALGIA","is_daily":false,"chose_seed":false,"campfire_upgraded":1,"win_rate":0.0,"timestamp":1608072533,"path_taken":["R","E","?","?","M","?","T","E","M","E"],"items_purchased_type":[],"build_version":"2020-12-13","purchased_purges":0,"victory":false,"max_hp_per_floor":[63,63,63,63,63,63,63,63,63,63,63],"card_choices":[{"not_picked":["hexamod:ShieldOfDarkness","hexamod:BurningTouch"],"picked":"hexamod:NightmareStrike","floor":2},{"not_picked":["hexamod:SwordOfDarkness","hexamod:Firestarter","hexamod:BacktrackSmack"],"picked":"SKIP","floor":4},{"not_picked":["Halt","hexamod:NightmareGuise"],"picked":"Headbutt","floor":5},{"not_picked":["hexamod:HeatShield","hexamod:BurningTouch","CrushJoints"],"picked":"SKIP","floor":8},{"not_picked":["hexamod:HeatShield","hexamod:BurningTouch","CrushJoints"],"picked":"SKIP","floor":8},{"not_picked":["hexamod:HeatShield","hexamod:BurningTouch","CrushJoints"],"picked":"SKIP","floor":8},{"not_picked":["hexamod:HeatShield","hexamod:ShieldOfDarkness"],"picked":"hexamod:Hexaguard","floor":9}],"player_experience":2262175,"relics_obtained":[{"floor":2,"key":"ReplayTheSpireMod:TigerMarble"},{"floor":7,"key":"aspiration:StickyExplosives"},{"floor":8,"key":"Shovel"}],"event_choices":[],"is_beta":false,"boss_relics":[],"items_purged_floors":[],"is_endless":false,"potions_floor_spawned":[8,9],"killed_by":"Gensokyo:Aya","ascension_level":14}}