{"host":"7w1f7px7r26mario","time":1608032040,"event":{"mods":["Act Like it!","BaseMod","Conspire","Gensokyo","Lobotomy","LobotomyExtend","Minty Spire (QoL Compilation)","Quick Restart","Relic Stats","Replay The Spire","StSLib","TestMod","[IsaacMod]ÒÔÈö¼âËþ","vexMod"],"gold_per_floor":[113,130,142,67,82,82,82,115,142,142,142],"floor_reached":10,"playtime":2298,"items_purged":["Strike_R"],"score":135,"play_id":"2d8c832c-cc23-475b-ad3b-d934a1760b11","local_time":"20201215193400","is_ascension_mode":true,"campfire_choices":[{"data":"Infernal Blade","floor":6,"key":"SMITH"}],"circlet_count":0,"master_deck":["Strike_R","Strike_R","Strike_R","Strike_R","Defend_R","Defend_R","Defend_R","Defend_R","Bash","ReplayTheSpireMod:Strike From Hell","Infernal Blade+1","Scorched","Clash","BeautyBeast","VoidDream","conspire:HitWhereItHurts"],"relics":["Burning Blood","testmod-TestBox","HushsDoor","PillsDrop","testmod-TurbochargingSystem","CogitoBucket","LetterFromLob","DeathBook"],"acts_visited":["Gensokyo:Gensokyo"],"potions_floor_usage":[10],"damage_taken":[{"damage":12,"enemies":"Gensokyo:Gryphon","floor":1,"turns":3},{"damage":2,"enemies":"Gensokyo:Python","floor":2,"turns":3},{"damage":0,"enemies":"Gensokyo:2_Kodama","floor":3,"turns":2},{"damage":9,"enemies":"Gensokyo:Gryphon_and_Rabbit","floor":5,"turns":4},{"damage":70,"enemies":"Gensokyo:Mamizou","floor":8,"turns":16},{"damage":22,"enemies":"Gensokyo:Aya","floor":10,"turns":1}],"seed_played":"2123365887875692958","potions_obtained":[{"floor":2,"key":"SkillPotion"},{"floor":3,"key":"DistilledChaos"}],"is_trial":false,"path_per_floor":["M","M","M","$","M","R","?","E","T","E"],"character_chosen":"IRONCLAD","items_purchased":[],"campfire_rested":0,"item_purchase_floors":[],"current_hp_per_floor":[66,73,78,78,75,75,78,14,14,0,0],"gold":142,"neow_bonus":"","is_daily":false,"chose_seed":false,"campfire_upgraded":1,"win_rate":0.0,"timestamp":1608032040,"path_taken":["M","M","M","$","M","R","?","E","T","E"],"items_purchased_type":[],"build_version":"2020-12-13","purchased_purges":1,"victory":false,"max_hp_per_floor":[75,78,78,78,78,78,197,197,197,197,197],"relic_stats":{"counters":[6,29],"obtain_stats":[{"KeepersGift":0,"DeathBook":8,"CogitoBucket":0,"testmod-TestBox":0,"PillsDrop":0,"LetterFromLob":1,"testmod-TurbochargingSystem":0,"HushsDoor":0,"Burning Blood":0},{"KeepersGift":0,"DeathBook":5,"CogitoBucket":0,"testmod-TestBox":0,"PillsDrop":0,"LetterFromLob":1,"testmod-TurbochargingSystem":0,"HushsDoor":0,"Burning Blood":0},{"KeepersGift":0,"DeathBook":28,"CogitoBucket":0,"testmod-TestBox":0,"PillsDrop":0,"LetterFromLob":3,"testmod-TurbochargingSystem":0,"HushsDoor":0,"Burning Blood":0}],"Burning Blood":29},"card_choices":[{"not_picked":["Pommel Strike","True Grit"],"picked":"ReplayTheSpireMod:Strike From Hell","floor":1},{"not_picked":["ReplayTheSpireMod:Corrosion Curse","Sword Boomerang"],"picked":"Infernal Blade","floor":2},{"not_picked":["BeautyBeast","WhitesApple"],"picked":"Scorched","floor":3},{"not_picked":["Replay:Undeath\u0027s Touch","Armaments"],"picked":"Clash","floor":3},{"not_picked":["Rudolta","Murderer"],"picked":"BeautyBeast","floor":5},{"not_picked":["Pummel","Thunderclap","Pommel Strike"],"picked":"SKIP","floor":5},{"not_picked":["Pummel","Thunderclap","Pommel Strike"],"picked":"SKIP","floor":5},{"not_picked":["Wellcheers","OSAHOGD"],"picked":"VoidDream","floor":8},{"not_picked":["Disarm","Fire Breathing"],"picked":"conspire:HitWhereItHurts","floor":8}],"player_experience":183084,"relics_obtained":[{"floor":1,"key":"LetterFromLob"},{"floor":8,"key":"DeathBook"}],"event_choices":[{"damage_healed":0,"gold_gain":0,"player_choice":"Fight","damage_taken":0,"max_hp_gain":0,"max_hp_loss":0,"event_name":"HidenRoomEvent","floor":7,"gold_loss":0}],"is_beta":false,"boss_relics":[],"items_purged_floors":[4],"is_endless":false,"potions_floor_spawned":[2,3],"killed_by":"Gensokyo:Aya","ascension_level":6}}