{"host":"uclt3t1usqzz4m5p","time":1608009855,"event":{"mods":["AchievementEnabler","BaseMod","Bestiary","Better Altar","Better Match","Better Sensory Stone","Better Skull","Better Third Choice","Booster Modes","Card Forge","Colored Powertips","Displayed Cursed Tome","Downfall","GifTheSpireLib","Gremlin Skip","Minty Spire (QoL Compilation)","Permanent Neow","Quick Restart","StSLib","SuperFastMode"],"gold_per_floor":[99,113,113,113,113,113,113,113,113,113,113,113,113,413,413,413,413,413,413,413,413,413,413,413,413,413,413,413,413,413,413,413,413,413,413,413,413,413,413,413,413,413,413,413,413,413,413,413,413,413],"floor_reached":51,"playtime":266,"items_purged":[],"score":1149,"play_id":"a386ba0f-8e05-4470-bc0a-ec20773d2861","local_time":"20201214212415","is_ascension_mode":false,"campfire_choices":[{"data":"hexamod:GhostOfSpirePresent","floor":1,"key":"SMITH"},{"floor":6,"key":"REST"},{"floor":10,"key":"REST"},{"floor":18,"key":"REST"},{"floor":21,"key":"REST"},{"floor":25,"key":"REST"},{"floor":27,"key":"REST"},{"floor":35,"key":"REST"},{"floor":42,"key":"REST"},{"floor":44,"key":"REST"}],"circlet_count":0,"master_deck":["hexamod:Strike","hexamod:Strike","hexamod:Strike","hexamod:Defend","hexamod:Defend","hexamod:Defend","hexamod:Defend","hexamod:Sear","hexamod:Float","hexamod:GhostOfSpirePresent+1","hexamod:SpectersWail"],"relics":["hexamod:SpiritBrand","Hammer of Thor","Seething Fire","Anvil of the Gods","Centennial Puzzle","hexamod:IceCube"],"acts_visited":["Exordium","TheCity","TheBeyond"],"potions_floor_usage":[],"damage_taken":[{"damage":0,"enemies":"Cultist","floor":2,"turns":1},{"damage":0,"enemies":"Lagavulin","floor":3,"turns":1},{"damage":0,"enemies":"Gremlin Nob","floor":9,"turns":1},{"damage":0,"enemies":"Jaw Worm","floor":11,"turns":1},{"damage":0,"enemies":"2 Louse","floor":12,"turns":1},{"damage":0,"enemies":"Exordium Thugs","floor":13,"turns":1},{"damage":0,"enemies":"downfall:FleeingMerchant","floor":14,"turns":1},{"damage":0,"enemies":"Gremlin Gang","floor":15,"turns":1},{"damage":0,"enemies":"downfall:Ironclad","floor":16,"turns":1},{"damage":0,"enemies":"3 Byrds","floor":20,"turns":1},{"damage":0,"enemies":"Chosen","floor":22,"turns":1},{"damage":0,"enemies":"Snake Plant","floor":23,"turns":1},{"damage":0,"enemies":"Centurion and Healer","floor":28,"turns":1},{"damage":0,"enemies":"Shelled Parasite and Fungi","floor":29,"turns":1},{"damage":0,"enemies":"Cultist and Chosen","floor":30,"turns":1},{"damage":0,"enemies":"Snecko","floor":31,"turns":1},{"damage":0,"enemies":"Centurion and Healer","floor":32,"turns":1},{"damage":0,"enemies":"downfall:Defect","floor":33,"turns":1},{"damage":0,"enemies":"3 Darklings","floor":36,"turns":1},{"damage":0,"enemies":"Nemesis","floor":38,"turns":1},{"damage":0,"enemies":"3 Shapes","floor":39,"turns":1},{"damage":0,"enemies":"Sphere and 2 Shapes","floor":40,"turns":1},{"damage":0,"enemies":"Spire Growth","floor":43,"turns":1},{"damage":0,"enemies":"4 Shapes","floor":45,"turns":1},{"damage":0,"enemies":"Maw","floor":46,"turns":1},{"damage":0,"enemies":"Transient","floor":47,"turns":1},{"damage":0,"enemies":"Jaw Worm Horde","floor":48,"turns":1},{"damage":0,"enemies":"Spire Growth","floor":49,"turns":1},{"damage":0,"enemies":"downfall:Silent","floor":50,"turns":1}],"seed_played":"-8374867917522011562","potions_obtained":[],"is_trial":false,"path_per_floor":["R","M","E","?","?","R","T","?","E","R","M","M","M","$","M","B",null,"R","$","M","R","M","M","T","R","?","R","M","M","M","M","M","B",null,"R","M","?","E","M","M","T","R","M","R","M","M","M","M","M","B",null],"character_chosen":"THE_SPIRIT","items_purchased":[],"campfire_rested":9,"item_purchase_floors":[],"current_hp_per_floor":[70,70,70,70,70,70,70,70,70,70,70,70,70,70,70,70,70,70,70,70,70,70,70,70,70,49,70,70,70,70,70,70,70,70,70,70,70,70,70,70,70,70,70,70,70,70,70,70,70,70],"gold":413,"neow_bonus":"TRANSFORM_CARD","is_daily":false,"chose_seed":false,"campfire_upgraded":1,"win_rate":0.0,"timestamp":1608009855,"path_taken":["R","?","E","?","?","R","T","?","E","R","?","?","M","$","M","BOSS","R","$","?","R","M","M","T","R","?","R","?","M","M","M","M","BOSS","R","M","?","E","M","M","T","R","M","R","?","?","M","M","M","BOSS"],"items_purchased_type":[],"build_version":"2020-12-13","purchased_purges":0,"victory":true,"max_hp_per_floor":[70,70,70,70,70,70,70,70,70,70,70,70,70,70,70,70,70,70,70,70,70,70,70,70,70,70,70,70,70,70,70,70,70,70,70,70,70,70,70,70,70,70,70,70,70,70,70,70,70,70],"card_choices":[{"not_picked":["hexamod:AdvancingGuard","hexamod:SpectralSpark"],"picked":"hexamod:SpectersWail","floor":2},{"not_picked":["hexamod:FastForward","hexamod:GhostShield","hexamod:NightmareGuise"],"picked":"SKIP","floor":3},{"not_picked":["hexamod:GhostOfSpirePresent","hexamod:InspiringFlames","hexamod:EmpoweredFlame"],"picked":"SKIP","floor":9},{"not_picked":["hexamod:FirstSeal","hexamod:AdvancingGuard","hexamod:Firestarter"],"picked":"SKIP","floor":11},{"not_picked":["hexamod:Firestarter","hexamod:HauntingEcho","hexamod:EmpoweringStance"],"picked":"SKIP","floor":12},{"not_picked":["hexamod:FastForward","hexamod:SpectralAdrenaline","hexamod:NightmareGuise"],"picked":"SKIP","floor":13},{"not_picked":["hexamod:EmpoweredFlame","hexamod:NightmareGuise","hexamod:NightmareStrike"],"picked":"SKIP","floor":14},{"not_picked":["hexamod:FastForward","hexamod:InspiringFlames","hexamod:PhantomFireball"],"picked":"SKIP","floor":15},{"not_picked":["hexamod:RainOfEmbers","hexamod:FirstSeal","hexamod:CatchUp"],"picked":"SKIP","floor":20},{"not_picked":["hexamod:GhostLash+1","hexamod:FastForward+1","hexamod:RecurringNightmare"],"picked":"SKIP","floor":22},{"not_picked":["hexamod:GhostShield","hexamod:GhostOfSpireFuture+1","hexamod:SoulSteal+1"],"picked":"SKIP","floor":23},{"not_picked":["hexamod:HauntingEcho+1","hexamod:BurningTouch","hexamod:Rewind"],"picked":"SKIP","floor":28},{"not_picked":["hexamod:SoulSteal+1","hexamod:NightmareGuise","hexamod:HauntingEcho"],"picked":"SKIP","floor":29},{"not_picked":["hexamod:Hexaguard","hexamod:ChargedBarrage+1","hexamod:SwordOfDarkness+1"],"picked":"SKIP","floor":30},{"not_picked":["hexamod:GhostLash","hexamod:ShieldOfDarkness+1","hexamod:ChargedBarrage"],"picked":"SKIP","floor":31},{"not_picked":["hexamod:BacktrackSmack","hexamod:NightmareGuise+1","hexamod:SwordOfDarkness"],"picked":"SKIP","floor":32},{"not_picked":["hexamod:Again+1","hexamod:CatchUp+1","hexamod:FastForward+1"],"picked":"SKIP","floor":36},{"not_picked":["hexamod:Again+1","hexamod:Incineration","hexamod:EmpoweredFlame+1"],"picked":"SKIP","floor":38},{"not_picked":["hexamod:SwordOfDarkness+1","hexamod:SpectersWail+1","hexamod:EmpoweredFlame"],"picked":"SKIP","floor":39},{"not_picked":["hexamod:HeatMetal+1","hexamod:StepThrough+1","hexamod:Firestarter"],"picked":"SKIP","floor":40},{"not_picked":["hexamod:NightmareGuise","hexamod:HauntingEcho","hexamod:SwordOfDarkness"],"picked":"SKIP","floor":43},{"not_picked":["hexamod:BacktrackSmack","hexamod:GhostLash+1","hexamod:BurningTouch+1"],"picked":"SKIP","floor":45},{"not_picked":["hexamod:GhostShield","hexamod:NightmareGuise+1","hexamod:GhostOfSpirePresent"],"picked":"SKIP","floor":46},{"not_picked":["hexamod:HeatMetal","hexamod:SwordOfDarkness+1","hexamod:BacktrackSmack+1"],"picked":"SKIP","floor":47},{"not_picked":["hexamod:RetreatToShadows+1","hexamod:GhostOfSpireFuture+1","hexamod:HexaLevel"],"picked":"SKIP","floor":48},{"not_picked":["hexamod:InspiringFlames","hexamod:GhostShield","hexamod:ThermalTransfer+1"],"picked":"SKIP","floor":49}],"player_experience":623709,"relics_obtained":[{"floor":7,"key":"Centennial Puzzle"}],"event_choices":[{"damage_healed":0,"gold_gain":0,"player_choice":"LEAVE","damage_taken":0,"max_hp_gain":0,"max_hp_loss":0,"event_name":"betterThird:BetterScrap","floor":4,"gold_loss":0,"cards_obtained":["WaveOfTheHand"]},{"damage_healed":0,"gold_gain":0,"player_choice":"Leave","damage_taken":0,"max_hp_gain":0,"max_hp_loss":0,"event_name":"FaceTrader","floor":8,"gold_loss":0},{"damage_healed":0,"gold_gain":0,"player_choice":"Ignored","damage_taken":0,"max_hp_gain":0,"max_hp_loss":0,"event_name":"Duplicator","floor":37,"gold_loss":0}],"is_beta":false,"boss_relics":[{"not_picked":["Fusion Hammer","Astrolabe","Runic Dome"]},{"not_picked":["Velvet Choker","Calling Bell"],"picked":"hexamod:IceCube"}],"items_purged_floors":[],"is_endless":false,"potions_floor_spawned":[9,11,15,16,22,23,29,30,31,33,36,38,47,48],"ascension_level":0}}