{"host":"bxn2em57qlx5u4i0","time":1608010454,"event":{"mods":["BaseMod","Colored Map","Colored Powertips","Highlight Path","Minty Spire (QoL Compilation)","Random Character Button","Relic Sorter","Relic Stats","StSLib","SuperFastMode"],"gold_per_floor":[115,12,27,41,41,41,74,74,74,84,117,117,129,146,172,172,249,249,266,266,282,197,207,207,236,236,236,251,251,251,261,296,296,375,375,391,37,51,51,0,26,26,55,82,29,41,41,66,66,66,66,66,66,66],"floor_reached":53,"playtime":1546,"items_purged":["Strike_G","Strike_G"],"score":1681,"play_id":"b281fddc-5f23-41a0-be9c-a006e1557605","local_time":"20201215003414","is_ascension_mode":true,"campfire_choices":[{"data":"Crippling Poison","floor":6.0,"key":"SMITH"},{"floor":8.0,"key":"REST"},{"data":"Catalyst","floor":16.0,"key":"SMITH"},{"floor":24.0,"key":"REST"},{"floor":26.0,"key":"REST"},{"floor":29.0,"key":"RECALL"},{"floor":33.0,"key":"REST"},{"floor":42.0,"key":"REST"},{"floor":49.0,"key":"REST"},{"floor":51.0,"key":"REST"}],"circlet_count":0,"master_deck":["AscendersBane","Strike_G","Strike_G","Defend_G","Defend_G","Defend_G","Defend_G","Defend_G","Survivor","Neutralize","Adrenaline","Deadly Poison+1","Flying Knee","Crippling Poison+1","Deadly Poison","A Thousand Cuts+1","Backflip","Slice","Catalyst+1","Corpse Explosion+1","Escape Plan","Calculated Gamble","Corpse Explosion","A Thousand Cuts","Cloak And Dagger+1","Finesse","PiercingWail","Catalyst","Backflip+1","Footwork","Footwork"],"relics":["Ring of the Snake","Ninja Scroll","Vajra","Toy Ornithopter","Bottled Lightning","Fusion Hammer","HornCleat","Shuriken","The Specimen","Question Card","Pear","SacredBark","War Paint","Red Mask","Bottled Flame","Art of War","Mercury Hourglass"],"acts_visited":["Exordium","TheCity","TheBeyond"],"potions_floor_usage":[53],"damage_taken":[{"damage":0.0,"enemies":"Small Slimes","floor":1.0,"turns":5.0},{"damage":0.0,"enemies":"2 Louse","floor":3.0,"turns":3.0},{"damage":0.0,"enemies":"Cultist","floor":4.0,"turns":4.0},{"damage":31.0,"enemies":"Gremlin Nob","floor":7.0,"turns":4.0},{"damage":3.0,"enemies":"Looter","floor":10.0,"turns":2.0},{"damage":7.0,"enemies":"Lagavulin","floor":11.0,"turns":4.0},{"damage":0.0,"enemies":"Blue Slaver","floor":13.0,"turns":2.0},{"damage":0.0,"enemies":"Exordium Wildlife","floor":14.0,"turns":4.0},{"damage":2.0,"enemies":"3 Sentries","floor":15.0,"turns":4.0},{"damage":0.0,"enemies":"Slime Boss","floor":17.0,"turns":3.0},{"damage":9.0,"enemies":"Shell Parasite","floor":19.0,"turns":3.0},{"damage":0.0,"enemies":"Chosen","floor":21.0,"turns":3.0},{"damage":13.0,"enemies":"Sentry and Sphere","floor":23.0,"turns":4.0},{"damage":8.0,"enemies":"Book of Stabbing","floor":25.0,"turns":4.0},{"damage":0.0,"enemies":"Centurion and Healer","floor":28.0,"turns":3.0},{"damage":1.0,"enemies":"Shelled Parasite and Fungi","floor":31.0,"turns":3.0},{"damage":24.0,"enemies":"Slavers","floor":32.0,"turns":2.0},{"damage":74.0,"enemies":"Champ","floor":34.0,"turns":10.0},{"damage":0.0,"enemies":"3 Darklings","floor":36.0,"turns":1.0},{"damage":0.0,"enemies":"3 Shapes","floor":38.0,"turns":3.0},{"damage":51.0,"enemies":"Giant Head","floor":41.0,"turns":7.0},{"damage":1.0,"enemies":"Nemesis","floor":43.0,"turns":5.0},{"damage":0.0,"enemies":"Sphere and 2 Shapes","floor":46.0,"turns":2.0},{"damage":17.0,"enemies":"Giant Head","floor":48.0,"turns":6.0},{"damage":40.0,"enemies":"Donu and Deca","floor":52.0,"turns":5.0},{"damage":51,"enemies":"Time Eater","floor":53,"turns":4}],"seed_played":"917666899452870345","potions_obtained":[{"floor":10.0,"key":"CunningPotion"},{"floor":11.0,"key":"SpeedPotion"},{"floor":13.0,"key":"ColorlessPotion"},{"floor":14.0,"key":"Energy Potion"},{"floor":15.0,"key":"Poison Potion"},{"floor":17.0,"key":"Fruit Juice"},{"floor":21.0,"key":"BlessingOfTheForge"},{"floor":23.0,"key":"GhostInAJar"},{"floor":28.0,"key":"Swift Potion"},{"floor":31.0,"key":"Strength Potion"},{"floor":34.0,"key":"BlessingOfTheForge"},{"floor":41.0,"key":"PowerPotion"}],"is_trial":false,"path_per_floor":["M","$","M","M","?","R","E","R","T","M","E","?","M","M","E","R","B",null,"M","?","M","?","M","R","E","R","T","M","R","T","M","E","R","B",null,"M","$","M","?","?","E","R","E","T","$","M","M","E","R","?","R","B","B"],"character_chosen":"THE_SILENT","items_purchased":["Deadly Poison","Finesse","War Paint","AttackPotion"],"campfire_rested":7,"item_purchase_floors":[2,37,37,45],"current_hp_per_floor":[59,59,59,59,59,59,28,47,47,44,37,37,37,42,50,50,55,63,54,36,36,36,33,55,52,74,74,74,74,74,75,62,86,12,68,73,73,73,73,73,27,52,51,51,51,51,51,39,64,52,77,37,0,0],"gold":66,"neow_bonus":"ONE_RANDOM_RARE_CARD","is_daily":false,"chose_seed":false,"campfire_upgraded":2,"win_rate":0.0,"timestamp":1608010454,"path_taken":["M","$","M","M","?","R","E","R","T","M","E","?","?","M","E","R","BOSS","M","?","M","?","M","R","E","R","T","M","R","?","M","E","R","BOSS","M","$","M","?","?","E","R","E","T","?","M","M","E","R","?","R","BOSS","BOSS"],"items_purchased_type":["Card","Card","Relic","Potion"],"build_version":"2020-12-13","purchased_purges":2,"victory":false,"max_hp_per_floor":[66,66,66,66,66,66,66,66,66,66,66,66,66,66,66,66,66,66,66,71,71,71,76,76,76,76,76,76,76,76,76,86,86,86,86,86,86,86,86,86,86,86,86,86,86,86,86,86,86,86,86,86,86,86],"relic_stats":{"counters":[26,100],"Shuriken":[15],"Art of War":[4],"War Paint":["Deadly Poison","Corpse Explosion"],"Question Card":9,"obtain_stats":[{"Pear":32,"The Specimen":27,"SacredBark":35,"Vajra":9,"War Paint":37,"Question Card":30,"Mercury Hourglass":48,"Bottled Flame":41,"HornCleat":22,"Ninja Scroll":7,"Shuriken":25,"Fusion Hammer":18,"Red Mask":40,"Art of War":43,"Bottled Lightning":15,"Toy Ornithopter":11,"Ring of the Snake":0},{"Pear":17,"The Specimen":14,"SacredBark":18,"Vajra":4,"War Paint":19,"Question Card":15,"Mercury Hourglass":24,"Bottled Flame":21,"HornCleat":12,"Ninja Scroll":4,"Shuriken":14,"Fusion Hammer":10,"Red Mask":20,"Art of War":22,"Bottled Lightning":9,"Toy Ornithopter":6,"Ring of the Snake":0},{"Pear":57,"The Specimen":49,"SacredBark":67,"Vajra":16,"War Paint":68,"Question Card":52,"Mercury Hourglass":91,"Bottled Flame":78,"HornCleat":41,"Ninja Scroll":16,"Shuriken":49,"Fusion Hammer":35,"Red Mask":71,"Art of War":83,"Bottled Lightning":32,"Toy Ornithopter":22,"Ring of the Snake":0}],"Toy Ornithopter":53,"Ring of the Snake":[52],"Mercury Hourglass":[21]},"card_choices":[{"not_picked":["Deflect","Underhanded Strike","Finisher"],"picked":"SKIP","floor":1.0},{"not_picked":["Heel Hook","Deflect"],"picked":"Flying Knee","floor":3.0},{"not_picked":["Masterful Stab","PiercingWail"],"picked":"Crippling Poison","floor":4.0},{"not_picked":["Acrobatics","Infinite Blades"],"picked":"Deadly Poison","floor":7.0},{"not_picked":["Dodge and Roll","Dagger Throw","Acrobatics"],"picked":"SKIP","floor":10.0},{"not_picked":["Bane","Riddle With Holes"],"picked":"A Thousand Cuts","floor":11.0},{"not_picked":["Acrobatics","Flying Knee"],"picked":"Backflip","floor":13.0},{"not_picked":["Sucker Punch","Dagger Throw"],"picked":"Slice","floor":14.0},{"not_picked":["PiercingWail","Acrobatics"],"picked":"Catalyst","floor":15.0},{"not_picked":["Unload","Die Die Die"],"picked":"Corpse Explosion","floor":17.0},{"not_picked":["Sucker Punch","Leg Sweep"],"picked":"Escape Plan","floor":19.0},{"not_picked":["Blade Dance","Reflex","Outmaneuver"],"picked":"SKIP","floor":21.0},{"not_picked":["Poisoned Stab","Deadly Poison","Leg Sweep"],"picked":"SKIP","floor":23.0},{"not_picked":["Quick Slash","Poisoned Stab","Terror"],"picked":"SKIP","floor":25.0},{"not_picked":["Leg Sweep","Heel Hook","All Out Attack"],"picked":"SKIP","floor":28.0},{"not_picked":["Leg Sweep","Heel Hook","All Out Attack"],"picked":"SKIP","floor":28.0},{"not_picked":["Endless Agony","Deadly Poison+1","Sucker Punch"],"picked":"Calculated Gamble","floor":31.0},{"not_picked":["Infinite Blades","Choke","Riddle With Holes"],"picked":"Corpse Explosion","floor":32.0},{"not_picked":["Storm of Steel","Doppelganger","Grand Finale"],"picked":"A Thousand Cuts","floor":34.0},{"not_picked":["Dodge and Roll","Dash","Infinite Blades"],"picked":"Cloak And Dagger+1","floor":36.0},{"not_picked":["Concentrate","Calculated Gamble+1","Endless Agony"],"picked":"PiercingWail","floor":38.0},{"not_picked":["Poisoned Stab","Dodge and Roll+1","Terror"],"picked":"Catalyst","floor":41.0},{"not_picked":["Caltrops+1","Deflect+1","A Thousand Cuts"],"picked":"Backflip+1","floor":43.0},{"not_picked":["Flying Knee","Dagger Spray+1","Catalyst+1"],"picked":"Footwork","floor":46.0},{"not_picked":["Sucker Punch","Blade Dance","Leg Sweep"],"picked":"Footwork","floor":48.0}],"player_experience":2777809,"relics_obtained":[{"floor":7.0,"key":"Ninja Scroll"},{"floor":9.0,"key":"Vajra"},{"floor":11.0,"key":"Toy Ornithopter"},{"floor":15.0,"key":"Bottled Lightning"},{"floor":25.0,"key":"Shuriken"},{"floor":27.0,"key":"The Specimen"},{"floor":30.0,"key":"Question Card"},{"floor":32.0,"key":"Pear"},{"floor":41.0,"key":"Bottled Flame"},{"floor":43.0,"key":"Art of War"},{"floor":48.0,"key":"Mercury Hourglass"}],"event_choices":[{"damage_healed":0.0,"max_hp_gain":0.0,"max_hp_loss":0.0,"gold_gain":0.0,"event_name":"Liars Game","player_choice":"Ignored","floor":5.0,"gold_loss":0.0,"damage_taken":0.0},{"damage_healed":0.0,"max_hp_gain":0.0,"max_hp_loss":0.0,"gold_gain":0.0,"event_name":"Upgrade Shrine","player_choice":"Upgraded","floor":12.0,"gold_loss":0.0,"damage_taken":0.0,"cards_upgraded":["A Thousand Cuts"]},{"damage_healed":0.0,"max_hp_gain":5.0,"max_hp_loss":0.0,"gold_gain":0.0,"event_name":"Forgotten Altar","player_choice":"Shed Blood","floor":20.0,"gold_loss":0.0,"damage_taken":23.0},{"damage_healed":0.0,"max_hp_gain":0.0,"max_hp_loss":0.0,"gold_gain":0.0,"event_name":"Addict","player_choice":"Obtained Relic","floor":22.0,"gold_loss":85.0,"damage_taken":0.0,"relics_obtained":["HornCleat"]},{"cards_removed":["Strike_G"],"damage_healed":0.0,"max_hp_gain":0.0,"max_hp_loss":0.0,"gold_gain":0.0,"event_name":"Falling","player_choice":"Removed Attack","floor":39.0,"gold_loss":0.0,"damage_taken":0.0},{"damage_healed":0.0,"max_hp_gain":0.0,"max_hp_loss":0.0,"gold_gain":0.0,"event_name":"Tomb of Lord Red Mask","player_choice":"Paid","floor":40.0,"gold_loss":51.0,"damage_taken":0.0,"relics_obtained":["Red Mask"]},{"damage_healed":0.0,"max_hp_gain":0.0,"max_hp_loss":0.0,"gold_gain":0.0,"event_name":"Wheel of Change","player_choice":"Damaged","floor":50.0,"gold_loss":0.0,"damage_taken":12.0}],"is_beta":false,"boss_relics":[{"not_picked":["SlaversCollar","HoveringKite"],"picked":"Fusion Hammer"},{"not_picked":["WristBlade","Philosopher\u0027s Stone"],"picked":"SacredBark"}],"items_purged_floors":[2,37],"is_endless":false,"potions_floor_spawned":[10,11,13,14,15,17,21,23,28,31,34,41],"killed_by":"Time Eater","ascension_level":20}}