{"host":"w01zow3jg16g8jdh","time":1608043310,"event":{"mods":["AchievementEnabler","BaseMod","DeckTracker","Keyboard Shortcuts","Minty Spire (QoL Compilation)","Permanent Neow","StSLib","SuperFastMode"],"gold_per_floor":[110,110,25,38,54,87,87,122,122,122,122,122,134,134,134,211,211,229,279,256,317,380,380,414,389,389,389,208,226,226,276,276,350,350,366,430,442,461,511,511,561,591,591,625,635,653,653,703,703,703,703,703,703,86,116,116],"floor_reached":57,"playtime":2006,"items_purged":["Headbutt"],"score":3026,"play_id":"9b311830-c7ab-422b-aae1-b116fe6982f0","local_time":"20201215234150","is_ascension_mode":true,"campfire_choices":[{"data":"Carnage","floor":7.0,"key":"SMITH"},{"data":"Bash","floor":11.0,"key":"SMITH"},{"floor":15.0,"key":"REST"},{"data":"Body Slam","floor":23.0,"key":"SMITH"},{"floor":27.0,"key":"REST"},{"data":"Pommel Strike","floor":32.0,"key":"SMITH"},{"data":"Dark Embrace","floor":40.0,"key":"SMITH"},{"floor":47.0,"key":"RECALL"},{"data":"Feel No Pain","floor":49,"key":"SMITH"},{"data":"Second Wind","floor":53,"key":"SMITH"}],"circlet_count":0,"master_deck":["AscendersBane","Defend_R","Defend_R","Defend_R","Defend_R","Second Wind+1","Feel No Pain+1","Carnage+1","Flame Barrier","Pommel Strike+1","Shrug It Off+1","Offering+1","Pommel Strike","True Grit+1","Body Slam+1","Intimidate+1","Shrug It Off+1","Dual Wield+1","Dark Embrace+1","Impervious+1","Madness+1","Madness+1","Burning Pact+1","Seeing Red+1","Seeing Red+1","Feel No Pain","Dark Shackles+1","Ghostly Armor+1"],"relics":["Burning Blood","Eternal Feather","WingedGreaves","Ginger","Toxic Egg 2","SsserpentHead","SlaversCollar","TungstenRod","Letter Opener","Gambling Chip","Busted Crown","Du-Vu Doll","Lantern","Sundial","OrangePellets","FossilizedHelix"],"acts_visited":["Exordium","TheCity","TheBeyond","TheEnding"],"potions_floor_usage":[55,56],"damage_taken":[{"damage":1.0,"enemies":"Cultist","floor":1.0,"turns":3.0},{"damage":29.0,"enemies":"Jaw Worm","floor":4.0,"turns":7.0},{"damage":2.0,"enemies":"2 Louse","floor":5.0,"turns":3.0},{"damage":32.0,"enemies":"Gremlin Nob","floor":6.0,"turns":4.0},{"damage":10.0,"enemies":"3 Sentries","floor":8.0,"turns":11.0},{"damage":12.0,"enemies":"Red Slaver","floor":13.0,"turns":4.0},{"damage":42.0,"enemies":"Hexaghost","floor":16.0,"turns":9.0},{"damage":25.0,"enemies":"Shell Parasite","floor":18.0,"turns":4.0},{"damage":16.0,"enemies":"2 Thieves","floor":21.0,"turns":4.0},{"damage":22.0,"enemies":"Snecko","floor":22.0,"turns":4.0},{"damage":14.0,"enemies":"Slavers","floor":24.0,"turns":7.0},{"damage":5.0,"enemies":"Centurion and Healer","floor":29.0,"turns":7.0},{"damage":54.0,"enemies":"Champ","floor":33.0,"turns":18.0},{"damage":6.0,"enemies":"3 Darklings","floor":35.0,"turns":3.0},{"damage":5.0,"enemies":"Orb Walker","floor":36.0,"turns":3.0},{"damage":5.0,"enemies":"4 Shapes","floor":37.0,"turns":6.0},{"damage":5.0,"enemies":"Transient","floor":38.0,"turns":6.0},{"damage":5.0,"enemies":"Giant Head","floor":42.0,"turns":3.0},{"damage":5.0,"enemies":"Reptomancer","floor":44.0,"turns":2.0},{"damage":5.0,"enemies":"Writhing Mass","floor":45.0,"turns":3.0},{"damage":5.0,"enemies":"Spire Growth","floor":46.0,"turns":1.0},{"damage":22,"enemies":"Time Eater","floor":50,"turns":6},{"damage":5,"enemies":"Donu and Deca","floor":51,"turns":4},{"damage":5,"enemies":"Shield and Spear","floor":55,"turns":1},{"damage":20,"enemies":"The Heart","floor":56,"turns":7}],"seed_played":"-3707010884101674073","potions_obtained":[{"floor":1.0,"key":"Fruit Juice"},{"floor":8.0,"key":"SteroidPotion"},{"floor":13.0,"key":"FearPotion"},{"floor":21.0,"key":"DistilledChaos"},{"floor":29.0,"key":"LiquidBronze"},{"floor":36.0,"key":"SkillPotion"},{"floor":37.0,"key":"ColorlessPotion"}],"is_trial":false,"path_per_floor":["M","?","$","M","M","E","R","E","T","?","R","T","M","?","R","B",null,"M","?","?","M","M","R","E","?","T","R","$","M","$","?","R","B",null,"M","M","M","M","?","R","?","E","T","E","M","M","R","?","R","B","B",null,"R","$","E","B",null],"character_chosen":"IRONCLAD","items_purchased":["Feel No Pain","Shrug It Off+1","Dual Wield+1","Sundial","OrangePellets","Feel No Pain","Dark Shackles+1"],"campfire_rested":2,"item_purchase_floors":[3,28,28,54,54,54,54],"current_hp_per_floor":[55,55,55,32,36,15,21,17,17,17,23,23,17,17,50,14,64,45,45,45,35,19,28,20,20,20,53,53,54,54,54,66,18,65,65,66,67,68,68,80,67,68,68,69,70,71,80,80,80,64,65,76,80,80,80,66],"gold":116,"neow_bonus":"REMOVE_TWO","is_daily":false,"chose_seed":false,"campfire_upgraded":7,"win_rate":0.0,"timestamp":1608043310,"path_taken":["M","?","$","?","M","E","R","E","T","?","R","?","M","?","R","BOSS","M","?","?","?","?","R","E","?","T","R","$","M","$","?","R","BOSS","M","?","M","M","?","R","?","E","T","E","M","M","R","?","R","BOSS","BOSS","R","$","E","BOSS"],"items_purchased_type":["Card","Card","Card","Relic","Relic","Card","Card"],"build_version":"2020-12-13","purchased_purges":1,"victory":true,"max_hp_per_floor":[75,75,75,75,75,80,80,80,80,80,80,80,80,80,80,80,80,80,80,80,80,80,80,80,80,80,80,80,80,80,80,80,80,80,80,80,80,80,80,80,80,80,80,80,80,80,80,80,80,80,80,80,80,80,80,80],"card_choices":[{"not_picked":["Clothesline","Wild Strike"],"picked":"Second Wind","floor":1.0},{"not_picked":["Metallicize","Anger"],"picked":"Headbutt","floor":4.0},{"not_picked":["True Grit","Anger"],"picked":"Carnage","floor":5.0},{"not_picked":["Limit Break","Heavy Blade"],"picked":"Flame Barrier","floor":6.0},{"not_picked":["Anger","Twin Strike"],"picked":"Pommel Strike","floor":8.0},{"not_picked":["Clash","Twin Strike"],"picked":"Shrug It Off+1","floor":13.0},{"not_picked":["Barricade","Bludgeon"],"picked":"Offering+1","floor":16.0},{"not_picked":["Spot Weakness+1","Havoc+1"],"picked":"Pommel Strike","floor":18.0},{"not_picked":["Clothesline","Anger"],"picked":"True Grit+1","floor":21.0},{"not_picked":["Twin Strike","Heavy Blade"],"picked":"Body Slam","floor":22.0},{"not_picked":["Brutality","Cleave"],"picked":"Intimidate+1","floor":24.0},{"not_picked":["Disarm+1","Dual Wield+1"],"picked":"Dark Embrace","floor":29.0},{"not_picked":["Limit Break+1","Bludgeon"],"picked":"Impervious+1","floor":33.0},{"not_picked":["Infernal Blade+1"],"picked":"SKIP","floor":35.0},{"not_picked":["Rampage"],"picked":"SKIP","floor":36.0},{"not_picked":["Flex+1"],"picked":"SKIP","floor":37.0},{"not_picked":["Heavy Blade+1"],"picked":"SKIP","floor":38.0},{"not_picked":["Juggernaut"],"picked":"SKIP","floor":42.0},{"not_picked":[],"picked":"Burning Pact+1","floor":44.0},{"not_picked":[],"picked":"Seeing Red+1","floor":45.0},{"not_picked":[],"picked":"Seeing Red+1","floor":46.0},{"not_picked":[],"picked":"Ghostly Armor+1","floor":55}],"player_experience":284803,"relics_obtained":[{"floor":6.0,"key":"Eternal Feather"},{"floor":8.0,"key":"WingedGreaves"},{"floor":9.0,"key":"Ginger"},{"floor":12.0,"key":"Toxic Egg 2"},{"floor":24.0,"key":"Letter Opener"},{"floor":26.0,"key":"Gambling Chip"},{"floor":42.0,"key":"Du-Vu Doll"},{"floor":44.0,"key":"Lantern"},{"floor":55,"key":"FossilizedHelix"}],"event_choices":[{"cards_removed":["Strike_R"],"damage_healed":0.0,"max_hp_gain":0.0,"max_hp_loss":0.0,"gold_gain":0.0,"event_name":"Bonfire Elementals","player_choice":"Offered Basic","floor":2.0,"gold_loss":0.0,"damage_taken":0.0},{"damage_healed":0.0,"max_hp_gain":0.0,"max_hp_loss":0.0,"gold_gain":0.0,"event_name":"Shining Light","player_choice":"Ignored","floor":10.0,"gold_loss":0.0,"damage_taken":0.0},{"damage_healed":0.0,"max_hp_gain":0.0,"max_hp_loss":0.0,"gold_gain":0.0,"event_name":"FaceTrader","player_choice":"Trade","floor":14.0,"gold_loss":0.0,"damage_taken":0.0,"relics_obtained":["SsserpentHead"]},{"cards_removed":["Strike_R"],"damage_healed":0.0,"max_hp_gain":0.0,"max_hp_loss":0.0,"gold_gain":0.0,"event_name":"Back to Basics","player_choice":"Elegance","floor":19.0,"gold_loss":0.0,"damage_taken":0.0},{"damage_healed":0.0,"max_hp_gain":0.0,"max_hp_loss":0.0,"gold_gain":0.0,"event_name":"WeMeetAgain","player_choice":"Paid Gold","floor":20.0,"gold_loss":73.0,"damage_taken":0.0,"relics_obtained":["TungstenRod"]},{"cards_removed":["Strike_R"],"damage_healed":0.0,"max_hp_gain":0.0,"max_hp_loss":0.0,"gold_gain":0.0,"event_name":"Beggar","player_choice":"Gave Gold","floor":25.0,"gold_loss":75.0,"damage_taken":0.0},{"damage_healed":0.0,"max_hp_gain":0.0,"max_hp_loss":0.0,"gold_gain":0.0,"event_name":"N\u0027loth","player_choice":"Ignored","floor":31.0,"gold_loss":0.0,"damage_taken":0.0},{"cards_removed":["Bash"],"damage_healed":0.0,"max_hp_gain":0.0,"max_hp_loss":0.0,"gold_gain":0.0,"event_name":"Falling","player_choice":"Removed Attack","floor":39.0,"gold_loss":0.0,"damage_taken":0.0},{"damage_healed":0.0,"max_hp_gain":0.0,"max_hp_loss":0.0,"gold_gain":0.0,"event_name":"Winding Halls","player_choice":"Embrace Madness","floor":41.0,"gold_loss":0.0,"damage_taken":14.0,"cards_obtained":["Madness","Madness"]},{"damage_healed":0,"gold_gain":0,"player_choice":"Memory 1","damage_taken":0,"max_hp_gain":0,"max_hp_loss":0,"event_name":"SensoryStone","floor":48,"gold_loss":0}],"is_beta":false,"boss_relics":[{"not_picked":["Mark of Pain","Ectoplasm"],"picked":"SlaversCollar"},{"not_picked":["Philosopher\u0027s Stone","Black Star"],"picked":"Busted Crown"}],"items_purged_floors":[28],"is_endless":false,"potions_floor_spawned":[1,8,13,21,29,36,37,42],"ascension_level":20}}