{"host":"edk8ruzv78x6jv19","time":1608076034,"event":{"mods":["BaseMod","Better Third Choice","Infinite Spire","Lobotomy","Minty Spire (QoL Compilation)","Replay The Spire","StSLib","The Animator","Treasure Hunter"],"gold_per_floor":[142,162,162,87,87,87,115,115,139,139,139,155,187,215,215,318,318,341,241,331,121,121,121],"floor_reached":22,"playtime":848,"items_purged":["Noxious Fumes","Grand Finale+1","Forethought"],"score":232,"play_id":"362ffc24-dc5a-4ab1-aec9-1784657e92d9","local_time":"20201215174714","daily_mods":["SealedDeck","Heirloom","Time Dilation","Flight","DeadlyEvents","Elite Swarm","Lethality","Night Terrors"],"is_ascension_mode":true,"campfire_choices":[{"data":"infinitespire:Starlight","floor":6,"key":"SMITH"},{"data":"Blade Dance","floor":8,"key":"SMITH"},{"data":"ReplayTheSpireMod:Shiv Toss","floor":10,"key":"SMITH"},{"data":"ReplayTheSpireMod:Scrap Shanks","floor":11,"key":"SMITH"},{"data":"Cloak And Dagger","floor":15,"key":"SMITH"}],"circlet_count":0,"master_deck":["Acrobatics","Sneak Up","Cloak And Dagger+1","Cloak And Dagger","ReplayTheSpireMod:Scrap Shanks+1","ReplayTheSpireMod:Shiv Toss+1","Poisoned Stab","Noxious Fumes","Backstab","Blade Dance+1","infinitespire:Starlight+1","TH:CopperCoins+1","Phantasmal Killer+1","Storm of Steel+1","Adrenaline+1","Cloak And Dagger","ReplayTheSpireMod:Private Reserves","Replay:BasicMightCard","Discovery","Mind Blast+1"],"relics":["Ring of Chaos","infinitespire:Golems Mask","Sizzling Blood","ReplayTheSpireMod:Ring of Exchange","Golden Egg","ReplayTheSpireMod:Lightbulb","Gremlin Food","Tiny Chest","Chemical X"],"acts_visited":["Exordium","TheCity"],"potions_floor_usage":[14,16],"damage_taken":[{"damage":9,"enemies":"Cultist","floor":2,"turns":3},{"damage":18,"enemies":"3 Sentries","floor":7,"turns":6},{"damage":7,"enemies":"Small Slimes","floor":12,"turns":2},{"damage":0,"enemies":"Lagavulin","floor":13,"turns":3},{"damage":12,"enemies":"3 Sentries","floor":14,"turns":3},{"damage":19,"enemies":"Slime Boss","floor":16,"turns":5},{"damage":22,"enemies":"2 Thieves","floor":18,"turns":3},{"damage":12,"enemies":"Gremlin Leader","floor":22,"turns":1}],"seed_played":"6141406168368233379","potions_obtained":[{"floor":12,"key":"Energy Potion"},{"floor":14,"key":"LiquidBronze"},{"floor":16,"key":"LiquidBronze"},{"floor":18,"key":"Block Potion"}],"is_trial":true,"path_per_floor":["?","M","?","$","?","R","E","R","T","R","R","M","E","E","R","B",null,"M","$","?","$","E"],"character_chosen":"THE_SILENT","items_purchased":["Mind Blast"],"campfire_rested":0,"item_purchase_floors":[21],"current_hp_per_floor":[74,69,69,69,51,51,52,52,52,52,52,64,68,74,74,59,74,58,58,10,10,0,0],"gold":121,"neow_bonus":"","is_daily":false,"chose_seed":false,"campfire_upgraded":5,"win_rate":0.0,"timestamp":1608076034,"path_taken":["?","?","?","$","?","R","?","R","T","R","R","?","E","?","R","BOSS","M","$","?","$","?"],"items_purchased_type":["Card"],"build_version":"2020-12-13","purchased_purges":3,"victory":false,"max_hp_per_floor":[74,74,74,74,74,74,74,74,74,74,74,74,74,74,74,74,74,74,74,74,74,74,74],"card_choices":[{"not_picked":["Slice","Dagger Spray"],"picked":"Blade Dance","floor":2},{"not_picked":["infinitespire:UltimateForm","infinitespire:Fortify"],"picked":"infinitespire:Starlight","floor":5},{"not_picked":["TH:ArmorSpikes"],"picked":"TH:CopperCoins","floor":7},{"not_picked":["ReplayTheSpireMod:From All Sides","A Thousand Cuts"],"picked":"Phantasmal Killer","floor":7},{"not_picked":["TH:Mimic","TH:TreasureMap"],"picked":"SKIP","floor":9},{"not_picked":["Poisoned Stab","Well Laid Plans","Deflect"],"picked":"SKIP","floor":12},{"not_picked":["ReplayTheSpireMod:From All Sides","A Thousand Cuts"],"picked":"Grand Finale","floor":13},{"not_picked":["TH:CursedSword","TH:BikiniMail"],"picked":"SKIP","floor":13},{"not_picked":["Glass Knife","infinitespire:Neurotoxin"],"picked":"Storm of Steel","floor":14},{"not_picked":["TH:TreasureMap","TH:ArmorSpikes"],"picked":"SKIP","floor":14},{"not_picked":["Replay:Bag of Tricks","Bullet Time"],"picked":"Adrenaline","floor":16},{"not_picked":["Backflip","Prepared"],"picked":"Cloak And Dagger","floor":18}],"player_experience":18129,"relics_obtained":[{"floor":3,"key":"ReplayTheSpireMod:Ring of Exchange"},{"floor":7,"key":"Golden Egg"},{"floor":9,"key":"ReplayTheSpireMod:Lightbulb"},{"floor":13,"key":"Gremlin Food"},{"floor":14,"key":"Tiny Chest"}],"event_choices":[{"damage_healed":0,"gold_gain":90,"player_choice":"CARD POTION GOLD CARD CARD CARD ","damage_taken":48,"max_hp_gain":0,"max_hp_loss":0,"event_name":"Knowing Skull","floor":20,"potions_obtained":["Doom Potion"],"gold_loss":0,"cards_obtained":["ReplayTheSpireMod:Private Reserves","Replay:BasicMightCard","Discovery","Forethought"]}],"is_beta":false,"boss_relics":[{"not_picked":["PrismaticShard","TwistedFunnel"],"picked":"Chemical X"}],"items_purged_floors":[4,19,21],"is_endless":false,"potions_floor_spawned":[12,14,16,18],"killed_by":"Gremlin Leader","ascension_level":1}}