{"host":"fq53p46eudtfn1d2","time":1608013818,"event":{"mods":["BaseMod","Better Sensory Stone","Colored Powertips","Energized Spire","Minty Spire (QoL Compilation)","Permanent Neow","Quick Restart","StSLib","The Animator"],"gold_per_floor":[112,1,1,21,41,71,105,139,139,139,155,183,183,223,223,330,298,321,6,24,24,49,49,94,103,126,163,163,163,201,213,213,324,324,343,343,402,424,15,15,50,50,50,86,104,104,113,155,155,155,155,155,31,56,56],"floor_reached":56,"playtime":3325,"items_purged":["Defend_B"],"score":1456,"play_id":"f1847257-55a3-499a-98b4-75c308dcc744","local_time":"20201215013018","is_ascension_mode":true,"campfire_choices":[{"floor":10,"key":"REST"},{"data":"Defend_B","floor":13,"key":"PURGE"},{"data":"Defend_B","floor":15,"key":"PURGE"},{"data":"Apotheosis","floor":23,"key":"SMITH"},{"data":"Defend_B","floor":29,"key":"PURGE"},{"floor":32,"key":"RECALL"},{"data":"Fission","floor":40,"key":"SMITH"},{"data":"Zap","floor":42,"key":"PURGE"},{"floor":47,"key":"REST"},{"data":"Creative AI","floor":49,"key":"SMITH"},{"data":"Chill","floor":52,"key":"PURGE"}],"circlet_count":0,"master_deck":["Dualcast","Conserve Battery","Glacier","Biased Cognition","Storm","Leap","Self Repair","Conserve Battery","White Noise","Capacitor","Fission+1","Force Field","Consume","Apotheosis+1","Thunder Strike","Bite","Bite","Bite","Bite","Storm+1","Creative AI+1","Creative AI","Barrage+1","Turbo+1","Loop","Storm","Reboot+1","Madness+1","Madness+1","Aggregate+1","Thunder Strike","Defragment","Leap+1","Conserve Battery+1"],"relics":["Cracked Core","WingedGreaves","Bag of Preparation","Art of War","Peace Pipe","Bird Faced Urn","Vajra","CeramicFish","energizedSpire:HugeHouse","Runic Capacitor","Nilry\u0027s Codex","Anchor","DataDisk","Mercury Hourglass","Spirit Poop","Oddly Smooth Stone","SacredBark","Thread and Needle","ClockworkSouvenir","Bronze Scales","Orichalcum","Toxic Egg 2","Dream Catcher","Pear","Boot"],"acts_visited":["Exordium","TheCity","TheBeyond","TheEnding"],"potions_floor_usage":[6,6,8,16,27,50,50,50],"damage_taken":[{"damage":1,"enemies":"Cultist","floor":1,"turns":3},{"damage":0,"enemies":"Small Slimes","floor":4,"turns":4},{"damage":0,"enemies":"Jaw Worm","floor":5,"turns":3},{"damage":4,"enemies":"Lagavulin","floor":6,"turns":7},{"damage":1,"enemies":"Gremlin Nob","floor":7,"turns":3},{"damage":41,"enemies":"3 Sentries","floor":8,"turns":9},{"damage":1,"enemies":"Looter","floor":11,"turns":5},{"damage":1,"enemies":"Lagavulin","floor":12,"turns":6},{"damage":11,"enemies":"Gremlin Nob","floor":14,"turns":4},{"damage":5,"enemies":"Hexaghost","floor":16,"turns":8},{"damage":0,"enemies":"Spheric Guardian","floor":18,"turns":3},{"damage":0,"enemies":"2 Thieves","floor":20,"turns":4},{"damage":6,"enemies":"3 Cultists","floor":22,"turns":4},{"damage":1,"enemies":"Book of Stabbing","floor":27,"turns":4},{"damage":0,"enemies":"Gremlin Leader","floor":30,"turns":6},{"damage":12,"enemies":"Centurion and Healer","floor":31,"turns":3},{"damage":35,"enemies":"Automaton","floor":33,"turns":5},{"damage":11,"enemies":"3 Shapes","floor":35,"turns":3},{"damage":0,"enemies":"Mind Bloom Boss Battle","floor":37,"turns":4},{"damage":20,"enemies":"3 Darklings","floor":38,"turns":4},{"damage":30,"enemies":"Nemesis","floor":41,"turns":3},{"damage":26,"enemies":"Reptomancer","floor":44,"turns":3},{"damage":0,"enemies":"Giant Head","floor":48,"turns":4},{"damage":21,"enemies":"Awakened One","floor":50,"turns":6},{"damage":31,"enemies":"Shield and Spear","floor":54,"turns":3},{"damage":51,"enemies":"The Heart","floor":55,"turns":5}],"seed_played":"1812948004676890677","potions_obtained":[{"floor":4,"key":"PowerPotion"},{"floor":5,"key":"FearPotion"},{"floor":7,"key":"SkillPotion"},{"floor":8,"key":"Strength Potion"},{"floor":16,"key":"Energy Potion"},{"floor":22,"key":"SkillPotion"},{"floor":33,"key":"LiquidBronze"},{"floor":48,"key":"BlessingOfTheForge"}],"is_trial":false,"path_per_floor":["M","$","?","M","M","E","E","E","T","R","M","E","R","E","R","B",null,"M","$","M","?","M","R","?","?","T","E","?","R","E","M","R","B",null,"M","?","?","M","$","R","E","R","T","E","?","?","R","E","R","B",null,"R","$","E","B",null],"character_chosen":"DEFECT","items_purchased":["Glacier","Apotheosis","Runic Capacitor","ClockworkSouvenir","Bronze Scales","Storm","FocusPotion","Defragment","Leap+1","Conserve Battery+1"],"campfire_rested":2,"item_purchase_floors":[2,19,19,39,39,39,39,53,53,53],"current_hp_per_floor":[67,67,49,49,49,45,44,3,3,23,35,47,47,51,51,63,63,63,63,63,47,63,63,44,44,44,44,44,44,44,44,44,25,44,34,34,44,43,43,43,31,31,31,30,24,24,37,54,54,54,54,54,54,32,13],"gold":56,"neow_bonus":"ONE_RARE_RELIC","is_daily":false,"chose_seed":false,"campfire_upgraded":3,"win_rate":0.0,"timestamp":1608013818,"path_taken":["M","$","?","M","M","E","E","E","T","R","M","E","R","E","R","BOSS","M","$","M","?","M","R","?","?","T","E","?","R","E","?","R","BOSS","M","?","?","?","$","R","E","R","T","E","?","?","R","E","R","BOSS","R","$","E","BOSS"],"items_purchased_type":["Card","Card","Relic","Relic","Relic","Card","Potion","Card","Card","Card"],"build_version":"2020-12-13","purchased_purges":1,"victory":true,"max_hp_per_floor":[68,68,68,68,68,68,68,68,68,68,68,68,68,68,68,68,63,63,63,63,63,63,63,44,44,44,44,44,44,44,44,44,44,44,44,44,44,44,44,44,44,44,44,44,44,44,44,54,54,54,54,54,54,54,54],"card_choices":[{"not_picked":["Compile Driver","Hologram"],"picked":"Conserve Battery","floor":1},{"not_picked":["Steam","Go for the Eyes"],"picked":"Darkness","floor":4},{"not_picked":["Leap","Streamline"],"picked":"Biased Cognition","floor":5},{"not_picked":["Hologram","Hello World"],"picked":"Storm","floor":6},{"not_picked":["Stack","Static Discharge"],"picked":"Leap","floor":7},{"not_picked":["Recycle","Conserve Battery"],"picked":"Self Repair","floor":8},{"not_picked":["Cold Snap","Streamline"],"picked":"Conserve Battery","floor":11},{"not_picked":["Leap","Barrage"],"picked":"White Noise","floor":12},{"not_picked":["Consume","Coolheaded"],"picked":"Capacitor","floor":14},{"not_picked":["Machine Learning","Multi-Cast"],"picked":"Fission","floor":16},{"not_picked":["Barrage","Conserve Battery+1"],"picked":"Consume","floor":18},{"not_picked":["Steam Power","Reinforced Body","Conserve Battery"],"picked":"SKIP","floor":20},{"not_picked":["Go for the Eyes+1","Hologram"],"picked":"Thunder Strike","floor":22},{"not_picked":["Stack+1","Barrage"],"picked":"Storm+1","floor":27},{"not_picked":["Conserve Battery","Self Repair+1"],"picked":"Creative AI","floor":30},{"not_picked":["Scrape+1","Beam Cell","Compile Driver+1"],"picked":"SKIP","floor":31},{"not_picked":["Meteor Strike","Hyperbeam"],"picked":"Creative AI","floor":33},{"not_picked":["Compile Driver","Aggregate"],"picked":"Barrage+1","floor":35},{"not_picked":["Sunder+1","Cold Snap"],"picked":"Turbo+1","floor":37},{"not_picked":["Beam Cell+1","Undo+1"],"picked":"Loop","floor":38},{"not_picked":["Barrage","Sweeping Beam"],"picked":"Chill","floor":41},{"not_picked":["Reinforced Body+1","Redo+1"],"picked":"Reboot+1","floor":44},{"not_picked":["Gash+1","Sweeping Beam"],"picked":"Aggregate+1","floor":47},{"not_picked":["Turbo+1","Compile Driver+1"],"picked":"Thunder Strike","floor":48},{"not_picked":["Streamline+1","Rebound+1","Ball Lightning+1"],"picked":"SKIP","floor":54}],"player_experience":350186,"relics_obtained":[{"floor":6,"key":"Art of War"},{"floor":7,"key":"Peace Pipe"},{"floor":8,"key":"Bird Faced Urn"},{"floor":12,"key":"Vajra"},{"floor":14,"key":"CeramicFish"},{"floor":21,"key":"Nilry\u0027s Codex"},{"floor":26,"key":"DataDisk"},{"floor":27,"key":"Mercury Hourglass"},{"floor":30,"key":"Oddly Smooth Stone"},{"floor":37,"key":"Thread and Needle"},{"floor":41,"key":"Orichalcum"},{"floor":43,"key":"Toxic Egg 2"},{"floor":44,"key":"Dream Catcher"},{"floor":48,"key":"Pear"},{"floor":54,"key":"Boot"}],"event_choices":[{"damage_healed":0,"gold_gain":0,"player_choice":"Success","damage_taken":18,"relics_obtained":["Bag of Preparation"],"max_hp_gain":0,"max_hp_loss":0,"event_name":"Scrap Ooze","floor":3,"gold_loss":0},{"damage_healed":0,"gold_gain":0,"player_choice":"Obtained Book","damage_taken":16,"max_hp_gain":0,"max_hp_loss":0,"event_name":"Cursed Tome","floor":21,"gold_loss":0},{"damage_healed":0,"gold_gain":0,"player_choice":"Became a vampire","damage_taken":0,"max_hp_gain":0,"max_hp_loss":19,"event_name":"Vampires","floor":24,"gold_loss":0,"cards_obtained":["Bite","Bite","Bite","Bite","Bite"]},{"damage_healed":0,"gold_gain":0,"player_choice":"Opened","damage_taken":0,"relics_obtained":["Anchor"],"max_hp_gain":0,"max_hp_loss":0,"event_name":"The Mausoleum","floor":25,"gold_loss":0,"cards_obtained":["Writhe"]},{"cards_removed":["Writhe"],"damage_healed":0,"gold_gain":0,"player_choice":"Offered Curse","damage_taken":0,"relics_obtained":["Spirit Poop"],"max_hp_gain":0,"max_hp_loss":0,"event_name":"Bonfire Elementals","floor":28,"gold_loss":0},{"damage_healed":0,"gold_gain":0,"player_choice":"Ignored","damage_taken":0,"max_hp_gain":0,"max_hp_loss":0,"event_name":"Tomb of Lord Red Mask","floor":36,"gold_loss":0},{"damage_healed":0,"gold_gain":0,"player_choice":"Fight","damage_taken":0,"max_hp_gain":0,"max_hp_loss":0,"event_name":"MindBloom","floor":37,"gold_loss":0},{"damage_healed":0,"gold_gain":0,"player_choice":"Embrace Madness","damage_taken":6,"max_hp_gain":0,"max_hp_loss":0,"event_name":"Winding Halls","floor":45,"gold_loss":0,"cards_obtained":["Madness","Madness"]},{"cards_removed":["Bite"],"damage_healed":0,"gold_gain":0,"player_choice":"Removed Attack","damage_taken":0,"max_hp_gain":0,"max_hp_loss":0,"event_name":"Falling","floor":46,"gold_loss":0}],"is_beta":false,"boss_relics":[{"not_picked":["Tiny House","Runic Pyramid"],"picked":"energizedSpire:HugeHouse"},{"not_picked":["Astrolabe","Sozu"],"picked":"SacredBark"}],"items_purged_floors":[2],"is_endless":false,"potions_floor_spawned":[4,5,7,8,16,22,33,48],"ascension_level":1}}