{"host":"goj2s4fnav97bn09","time":1608004975,"event":{"mods":["AchievementEnabler","Act Like it!","BaseMod","Colored Map","Downfall","GifTheSpireLib","Hermit","Infinite Spire","Minty Spire (QoL Compilation)","READ ME - Guardian Mod","Replay The Spire","Shop Mod","StSLib","The Hierophant","The Runesmith","The Servant 0.9.4"],"gold_per_floor":[113,133,149,149,167,167,193,193,218,229,249,249,277,277,277,375,375,391,316,241,254,265,303,303,303,303],"floor_reached":25,"playtime":1117,"items_purged":["Strike_B"],"score":311,"play_id":"59d5937d-49c2-4472-98b7-26b61b121555","local_time":"20201214220255","is_ascension_mode":true,"campfire_choices":[{"data":"Zap","floor":6.0,"key":"SMITH"},{"floor":8.0,"key":"REST"},{"data":"Dualcast","floor":12.0,"key":"SMITH"},{"floor":15.0,"key":"REST"},{"floor":24,"key":"REST"}],"circlet_count":0,"master_deck":["Strike_B","Strike_B","Strike_B+1","Defend_B+1","Defend_B","Defend_B","Zap+1","Dualcast+1","Coolheaded","Redo","Beam Cell","Leap","Cold Snap","Static Discharge","Chaos","Conserve Battery","Electrodynamics","Self Repair","White Noise","Capacitor+1"],"relics":["Cracked Core","NeowsBlessing","Juzu Bracelet","Bag of Preparation","DataDisk","Black Star","CeramicFish","Frozen Egg 2"],"acts_visited":[],"potions_floor_usage":[],"damage_taken":[{"damage":0.0,"enemies":"Jaw Worm","floor":1.0,"turns":1.0},{"damage":0.0,"enemies":"2 Louse","floor":2.0,"turns":1.0},{"damage":0.0,"enemies":"Cultist","floor":3.0,"turns":1.0},{"damage":15.0,"enemies":"Lots of Slimes","floor":5.0,"turns":5.0},{"damage":28.0,"enemies":"Gremlin Nob","floor":7.0,"turns":4.0},{"damage":1.0,"enemies":"Looter","floor":10.0,"turns":3.0},{"damage":12.0,"enemies":"Blue Slaver","floor":11.0,"turns":3.0},{"damage":9.0,"enemies":"Lagavulin","floor":13.0,"turns":6.0},{"damage":0.0,"enemies":"The Guardian","floor":16.0,"turns":13.0},{"damage":24.0,"enemies":"2 Thieves","floor":18.0,"turns":3.0},{"damage":2.0,"enemies":"Shell Parasite","floor":21.0,"turns":7.0},{"damage":35.0,"enemies":"3 Cultists","floor":22.0,"turns":5.0},{"damage":27,"enemies":"Gremlin Leader","floor":23,"turns":5},{"damage":36,"enemies":"Slavers","floor":25,"turns":3}],"seed_played":"-1580266378746547404","potions_obtained":[{"floor":3.0,"key":"Strength Potion"},{"floor":5.0,"key":"AttackPotion"},{"floor":11.0,"key":"ColorlessPotion"},{"floor":18.0,"key":"SneckoOil"}],"is_trial":false,"path_per_floor":["M","M","M","?","M","R","E","R","T","M","M","R","E","?","R","B",null,"M","$","?","M","M","E","R","E"],"character_chosen":"DEFECT","items_purchased":[],"campfire_rested":3,"item_purchase_floors":[],"current_hp_per_floor":[75,75,75,60,45,45,17,39,39,38,26,26,17,17,39,39,75,51,51,51,56,28,8,30,0,0],"gold":303,"neow_bonus":"THREE_ENEMY_KILL","is_daily":false,"chose_seed":false,"campfire_upgraded":2,"win_rate":0.0,"timestamp":1608004975,"path_taken":["M","M","M","?","M","R","E","R","T","M","M","R","E","?","R","BOSS","M","$","?","M","M","E","R","E"],"items_purchased_type":[],"build_version":"2020-12-13","purchased_purges":1,"victory":false,"max_hp_per_floor":[75,75,75,75,75,75,75,75,75,75,75,75,75,75,75,75,75,75,75,75,75,75,75,75,75,75],"card_choices":[{"not_picked":["Recycle","Force Field"],"picked":"Coolheaded","floor":1.0},{"not_picked":["Cold Snap","Capacitor"],"picked":"Redo","floor":2.0},{"not_picked":["Gash","Force Field"],"picked":"Beam Cell","floor":3.0},{"not_picked":["Recycle","Turbo"],"picked":"Leap","floor":5.0},{"not_picked":["Amplify","Barrage"],"picked":"Cold Snap","floor":7.0},{"not_picked":["Recycle","Cold Snap"],"picked":"Static Discharge","floor":10.0},{"not_picked":["Tempest","Sweeping Beam"],"picked":"Chaos","floor":11.0},{"not_picked":["Reinforced Body","Darkness"],"picked":"Conserve Battery","floor":13.0},{"not_picked":["Seek","Biased Cognition"],"picked":"Electrodynamics","floor":16.0},{"not_picked":["Go for the Eyes","Beam Cell"],"picked":"Self Repair","floor":18.0},{"not_picked":["Ball Lightning","Streamline"],"picked":"White Noise","floor":21.0},{"not_picked":["Hyperbeam","Steam Power","Panic Button+1"],"picked":"SKIP","floor":22},{"not_picked":["Gash+1","Tempest+1"],"picked":"Capacitor+1","floor":23}],"player_experience":386754,"relics_obtained":[{"floor":7.0,"key":"Juzu Bracelet"},{"floor":9.0,"key":"Bag of Preparation"},{"floor":13.0,"key":"DataDisk"},{"floor":23,"key":"CeramicFish"},{"floor":23,"key":"Frozen Egg 2"}],"event_choices":[{"damage_healed":0.0,"max_hp_gain":0.0,"max_hp_loss":0.0,"gold_gain":0.0,"event_name":"Shining Light","player_choice":"Entered Light","floor":4.0,"gold_loss":0.0,"damage_taken":15.0,"cards_upgraded":["Strike_B","Defend_B"]},{"damage_healed":0.0,"max_hp_gain":0.0,"max_hp_loss":0.0,"gold_gain":0.0,"event_name":"Liars Game","player_choice":"Ignored","floor":14.0,"gold_loss":0.0,"damage_taken":0.0},{"cards_removed":["Defend_B"],"damage_healed":0.0,"max_hp_gain":0.0,"max_hp_loss":0.0,"gold_gain":0.0,"event_name":"Beggar","player_choice":"Gave Gold","floor":20.0,"gold_loss":75.0,"damage_taken":0.0}],"is_beta":false,"boss_relics":[{"not_picked":["Philosopher\u0027s Stone","Empty Cage"],"picked":"Black Star"}],"items_purged_floors":[19],"is_endless":false,"potions_floor_spawned":[3,5,11,18],"killed_by":"Slavers","ascension_level":2}}