{"host":"cvdbfwtypahr1w62","time":1608031902,"event":{"mods":["AchievementEnabler","Act Like it!","BaseMod","BetterRewards","Colored Map","Filter the Spire","Hallownest","Highlight Path","Jorbs\u0027s Wanderer Trilogy","Marisa????????","Minty Spire (QoL Compilation)","Rare Cards Sparkle","Relic Stats","Shop Mod","StSLib","The Bug Knight","The Cursed"],"gold_per_floor":[364,378,653,38,49,49,69,69,69,79,79,110,120,195,195,291,291,302,313,330,75,87,87,98,112,112,138,138,152,152,162,162,272,272,290,302,302,302],"floor_reached":37,"playtime":762,"items_purged":["Regret","Defend_R"],"score":522,"play_id":"dd1e7cb8-719a-4eca-b4a6-a90edb4daceb","local_time":"20201215123142","is_ascension_mode":false,"campfire_choices":[{"data":"Flex","floor":6,"key":"SMITH"},{"data":"Heavy Blade","floor":11,"key":"SMITH"},{"data":"1","floor":15,"key":"LIFT"},{"data":"2","floor":23,"key":"LIFT"},{"floor":28,"key":"REST"},{"data":"3","floor":30,"key":"LIFT"},{"floor":32,"key":"REST"}],"circlet_count":0,"master_deck":["Strike_R","Strike_R","Strike_R","Strike_R","Strike_R","Defend_R","Defend_R","Defend_R","Bash","Inflame","Heavy Blade+1","Flex+1","Cleave","Inflame","Double Tap"],"relics":["Burning Blood","Brimstone","Lantern","Pantograph","Girya","Velvet Choker","MealTicket","Self Forming Clay","CeramicFish","Runic Dome"],"acts_visited":["Exordium","TheCity","TheBeyond"],"potions_floor_usage":[4,7,16,16,18,27,33,37,37],"damage_taken":[{"damage":6,"enemies":"Cultist","floor":1,"turns":3},{"damage":1,"enemies":"2 Louse","floor":2,"turns":2},{"damage":0,"enemies":"Small Slimes","floor":5,"turns":2},{"damage":10,"enemies":"Red Slaver","floor":7,"turns":2},{"damage":8,"enemies":"Blue Slaver","floor":10,"turns":2},{"damage":0,"enemies":"Gremlin Nob","floor":12,"turns":2},{"damage":0,"enemies":"Looter","floor":13,"turns":1},{"damage":0,"enemies":"Slime Boss","floor":16,"turns":4},{"damage":54,"enemies":"3 Byrds","floor":18,"turns":4},{"damage":18,"enemies":"Shell Parasite","floor":19,"turns":3},{"damage":9,"enemies":"Centurion and Healer","floor":20,"turns":3},{"damage":8,"enemies":"3 Cultists","floor":22,"turns":3},{"damage":24,"enemies":"Snake Plant","floor":24,"turns":2},{"damage":9,"enemies":"Centurion and Healer","floor":25,"turns":2},{"damage":23,"enemies":"Book of Stabbing","floor":27,"turns":3},{"damage":0,"enemies":"Snecko","floor":29,"turns":2},{"damage":27,"enemies":"Snake Plant","floor":31,"turns":3},{"damage":27,"enemies":"Automaton","floor":33,"turns":4},{"damage":21,"enemies":"3 Darklings","floor":35,"turns":4},{"damage":5,"enemies":"3 Shapes","floor":36,"turns":4},{"damage":73,"enemies":"Orin","floor":37,"turns":4}],"seed_played":"-5217346038986380434","potions_obtained":[{"floor":1,"key":"Weak Potion"},{"floor":7,"key":"DuplicationPotion"},{"floor":10,"key":"DistilledChaos"},{"floor":16,"key":"BlessingOfTheForge"},{"floor":19,"key":"Strength Potion"},{"floor":22,"key":"EssenceOfSteel"},{"floor":29,"key":"Fire Potion"},{"floor":31,"key":"GamblersBrew"},{"floor":33,"key":"SpeedPotion"}],"is_trial":false,"path_per_floor":["M","M","?","$","M","R","M","?","T","M","R","E","M","?","R","B",null,"M","M","M","$","M","R","M","M","T","E","R","M","R","M","R","B",null,"M","M","?"],"character_chosen":"IRONCLAD","items_purchased":["Flex","Brimstone","FairyPotion","Lantern","Fruit Juice","MealTicket"],"campfire_rested":2,"item_purchase_floors":[4,4,4,4,4,21],"current_hp_per_floor":[56,61,61,66,72,72,68,68,68,66,66,72,78,70,70,85,85,37,25,22,22,20,20,31,28,28,11,36,42,42,21,46,50,85,70,71,0,0],"gold":302,"neow_bonus":"TWO_FIFTY_GOLD","is_daily":false,"chose_seed":false,"campfire_upgraded":2,"win_rate":0.0,"timestamp":1608031902,"path_taken":["M","M","?","?","M","R","?","?","T","?","R","E","M","?","R","BOSS","M","M","M","$","M","R","M","M","T","E","R","M","R","M","R","BOSS","M","M","?"],"items_purchased_type":["Card","Relic","Potion","Relic","Potion","Relic"],"build_version":"2020-12-13","purchased_purges":2,"victory":false,"max_hp_per_floor":[80,80,80,85,85,85,85,85,85,85,85,85,85,85,85,85,85,85,85,85,85,85,85,85,85,85,85,85,85,85,85,85,85,85,85,85,85,85],"relic_stats":{"counters":[84,381],"Self Forming Clay":[57],"Pantograph":40,"CeramicFish":9,"MealTicket":0,"obtain_stats":[{"Lantern":26,"Hallownest:StagBellRelic1":7,"Regal Pillow":24,"Singing Bowl":9,"Gremlin Horn":0,"CeramicFish":27,"Black Blood":34,"Hallownest:DreamNailRelic":2,"Ancient Tea Set":43,"Smiling Mask":46,"Cursed Key":17,"Burning Blood":0,"ClockworkSouvenir":31,"Blood Vial":0,"Dream Catcher":24,"Nunchaku":14,"Matryoshka":26,"Strawberry":30,"Pantograph":9,"MealTicket":21,"Red Mask":19,"Chemical X":0,"HollowMod:PaleOreRelic":24,"Hallownest:TeacherSealRelic":2,"InkBottle":26,"Runic Pyramid":17,"Potion Belt":9,"Hallownest:SalubrasBlessingRelic":14,"Girya":12,"Lee\u0027s Waffle":21,"Happy Flower":9,"Self Forming Clay":26,"Dead Branch":10,"Velvet Choker":17,"Pen Nib":9,"Odd Mushroom":13,"Frozen Egg 2":43,"War Paint":26,"Akabeko":12,"Runic Dome":34,"Bottled Flame":46,"Brimstone":4,"Bird Faced Urn":7,"Turnip":14,"Black Star":17,"Art of War":9,"Membership Card":0,"FossilizedHelix":0},{"Lantern":10,"Hallownest:StagBellRelic1":35,"Regal Pillow":44,"Singing Bowl":3,"Gremlin Horn":32,"CeramicFish":78,"Black Blood":26,"Hallownest:DreamNailRelic":47,"Ancient Tea Set":29,"Smiling Mask":31,"Cursed Key":41,"Burning Blood":0,"ClockworkSouvenir":25,"Blood Vial":32,"Dream Catcher":23,"Nunchaku":59,"Matryoshka":23,"Strawberry":11,"Pantograph":67,"MealTicket":74,"Red Mask":8,"Chemical X":12,"HollowMod:PaleOreRelic":23,"Hallownest:TeacherSealRelic":33,"InkBottle":45,"Runic Pyramid":6,"Potion Belt":57,"Hallownest:SalubrasBlessingRelic":53,"Girya":69,"Lee\u0027s Waffle":43,"Happy Flower":15,"Self Forming Clay":77,"Dead Branch":51,"Velvet Choker":71,"Pen Nib":57,"Odd Mushroom":17,"Frozen Egg 2":29,"War Paint":45,"Akabeko":58,"Runic Dome":81,"Bottled Flame":31,"Brimstone":65,"Bird Faced Urn":15,"Turnip":40,"Black Star":19,"Art of War":50,"Membership Card":32,"FossilizedHelix":0},{"Lantern":44,"Hallownest:StagBellRelic1":154,"Regal Pillow":199,"Singing Bowl":9,"Gremlin Horn":140,"CeramicFish":360,"Black Blood":115,"Hallownest:DreamNailRelic":212,"Ancient Tea Set":125,"Smiling Mask":138,"Cursed Key":181,"Burning Blood":0,"ClockworkSouvenir":106,"Blood Vial":140,"Dream Catcher":100,"Nunchaku":284,"Matryoshka":100,"Strawberry":48,"Pantograph":331,"MealTicket":350,"Red Mask":36,"Chemical X":56,"HollowMod:PaleOreRelic":100,"Hallownest:TeacherSealRelic":146,"InkBottle":203,"Runic Pyramid":27,"Potion Belt":272,"Hallownest:SalubrasBlessingRelic":244,"Girya":335,"Lee\u0027s Waffle":188,"Happy Flower":67,"Self Forming Clay":357,"Dead Branch":238,"Velvet Choker":340,"Pen Nib":272,"Odd Mushroom":70,"Frozen Egg 2":125,"War Paint":203,"Akabeko":278,"Runic Dome":369,"Bottled Flame":138,"Brimstone":327,"Bird Faced Urn":67,"Turnip":177,"Black Star":82,"Art of War":230,"Membership Card":140,"FossilizedHelix":0}],"Burning Blood":482},"card_choices":[{"not_picked":["Pommel Strike","Anger"],"picked":"Inflame","floor":1},{"not_picked":["Havoc","Twin Strike"],"picked":"Heavy Blade","floor":2},{"not_picked":["Rage","Wild Strike"],"picked":"Cleave","floor":5},{"not_picked":["Havoc","Sword Boomerang","Fire Breathing"],"picked":"SKIP","floor":7},{"not_picked":["Fire Breathing","True Grit"],"picked":"Inflame","floor":10},{"not_picked":["Rage","Dark Embrace","Cleave"],"picked":"SKIP","floor":12},{"not_picked":["Rampage","Shrug It Off","Twin Strike"],"picked":"SKIP","floor":13},{"not_picked":["Pummel","Bloodletting","Pommel Strike"],"picked":"SKIP","floor":18},{"not_picked":["Reckless Charge+1","Rupture","Rage"],"picked":"SKIP","floor":19},{"not_picked":["Warcry","Dark Embrace","Rampage"],"picked":"SKIP","floor":20},{"not_picked":["Anger","Headbutt","Cleave"],"picked":"SKIP","floor":22},{"not_picked":["Armaments","Iron Wave+1","Warcry"],"picked":"SKIP","floor":24},{"not_picked":["Clash","Sentinel","Warcry"],"picked":"SKIP","floor":25},{"not_picked":["True Grit","Dual Wield","Rampage"],"picked":"SKIP","floor":27},{"not_picked":["Shrug It Off","Pummel+1","Metallicize"],"picked":"SKIP","floor":29},{"not_picked":["Clash","Twin Strike+1","Pummel"],"picked":"SKIP","floor":31},{"not_picked":["Offering","Brutality"],"picked":"Double Tap","floor":33},{"not_picked":["Clash","Twin Strike","Anger+1"],"picked":"SKIP","floor":35},{"not_picked":["Rupture+1","Hemokinesis+1","Battle Trance"],"picked":"SKIP","floor":36}],"player_experience":791544,"relics_obtained":[{"floor":9,"key":"Pantograph"},{"floor":12,"key":"Girya"},{"floor":26,"key":"Self Forming Clay"},{"floor":27,"key":"CeramicFish"}],"event_choices":[{"damage_healed":0,"gold_gain":275,"player_choice":"Desecrate","damage_taken":0,"max_hp_gain":0,"max_hp_loss":0,"event_name":"Golden Shrine","floor":3,"gold_loss":0,"cards_obtained":["Regret"]},{"damage_healed":0,"gold_gain":0,"player_choice":"0 cards matched","damage_taken":0,"max_hp_gain":0,"max_hp_loss":0,"event_name":"Match and Keep!","floor":8,"gold_loss":0,"cards_obtained":[]},{"damage_healed":0,"gold_gain":75,"player_choice":"Touch","damage_taken":8,"max_hp_gain":0,"max_hp_loss":0,"event_name":"FaceTrader","floor":14,"gold_loss":0},{"damage_healed":0,"gold_gain":0,"player_choice":"Fight","damage_taken":0,"max_hp_gain":0,"max_hp_loss":0,"event_name":"OrinTheCat","floor":37,"gold_loss":0}],"is_beta":false,"boss_relics":[{"not_picked":["Snecko Eye","Runic Cube"],"picked":"Velvet Choker"},{"not_picked":["Coffee Dripper","Calling Bell"],"picked":"Runic Dome"}],"items_purged_floors":[4,21],"is_endless":false,"potions_floor_spawned":[1,7,10,12,16,19,22,29,31,33,36],"killed_by":"Orin","ascension_level":0}}