{"host":"npubv26u89aif4fa","time":1608001545,"event":{"mods":["Bard","BaseMod","Better Vampires","Colored Powertips","GifTheSpireLib","GungeonMod","Hubris","Luminous","Marisa£®ÏF”Í°°ƒß¿Ì…≥£©","Minty Spire (QoL Compilation)","Reimu£®≤©¿ˆ¡È√Œ£©","Remilia£®¿Ÿ√◊¿Ú—«£©","Replay The Spire","StSLib","Td1madao Mod","The Bug Knight","The Cursed","The Hierophant","The Runesmith","Youmu£®ªÍ∆«—˝√Œ£©"],"gold_per_floor":[112,112,187,199,6,73,83,116,140,163,227,252,319,387,387,463,463,527,527,527,110,110,128,128],"floor_reached":23,"playtime":1731,"items_purged":["hierophant:Strike_Hierophant"],"score":218,"play_id":"b71b04f1-b7b1-4adc-b0d0-0f7d7de0524b","local_time":"20201215110545","is_ascension_mode":false,"campfire_choices":[{"floor":15.0,"key":"DIG"}],"circlet_count":0,"master_deck":["hierophant:Punish","hierophant:Defend_Hierophant","hierophant:Defend_Hierophant","hierophant:Defend_Hierophant","hierophant:ChurchCoffers","hierophant:OrnateJavelin","hierophant:DivineIntervention","hierophant:Charity","hierophant:Doubloon","hierophant:RustyCrate+1","hierophant:Doubloon","hierophant:Doubloon+1","hierophant:AuricBeam","hierophant:AuricForm","hierophant:Exaltation","hierophant:BulkyChest","hierophant:HolyVerse","hierophant:PristineSoul","hierophant:BulkyChest","hierophant:Embezzle","Bite","Bite","ReplayTheSpireMod:Uncanny Aura","Panache","Mind Blast"],"relics":["hierophant:PropheticMaskRelic","NeowsBlessing","Ring of Misfortune","Mirror","HollowMod:PaleOreRelic","Anchor","Empty Cage","ReplayTheSpireMod:ShopPack","War Paint","Regal Pillow"],"acts_visited":["Exordium","TheCity"],"potions_floor_usage":[16,16,18,23],"damage_taken":[{"damage":0.0,"enemies":"Small Slimes","floor":1.0,"turns":1.0},{"damage":0.0,"enemies":"Jaw Worm","floor":4.0,"turns":1.0},{"damage":0.0,"enemies":"Lagavulin","floor":6.0,"turns":1.0},{"damage":3.0,"enemies":"Cultist","floor":7.0,"turns":4.0},{"damage":18.0,"enemies":"Red Slaver","floor":8.0,"turns":4.0},{"damage":0.0,"enemies":"Exordium Wildlife","floor":10.0,"turns":2.0},{"damage":22.0,"enemies":"2 Fungi Beasts","floor":11.0,"turns":5.0},{"damage":9.0,"enemies":"Looter","floor":13.0,"turns":2.0},{"damage":0.0,"enemies":"Blue Slaver","floor":14.0,"turns":1.0},{"damage":2,"enemies":"The Guardian","floor":16,"turns":6},{"damage":4,"enemies":"Chosen","floor":18,"turns":5},{"damage":59,"enemies":"Slavers","floor":23,"turns":4}],"seed_played":"-184421224490306741","potions_obtained":[{"floor":4.0,"key":"FearPotion"},{"floor":7.0,"key":"PowerPotion"},{"floor":8.0,"key":"BlessingOfTheForge"},{"floor":16,"key":"Toxic Potion"},{"floor":18,"key":"Block Potion"}],"is_trial":false,"path_per_floor":["M","?","?","M","$","E","M","M","T","M","M","T","M","M","R","B",null,"M","?","?","$","?","E"],"character_chosen":"HIEROPHANT","items_purchased":["hierophant:Charity","hierophant:RustyCrate","ReplayTheSpireMod:ShopPack","War Paint","Regal Pillow"],"campfire_rested":0,"item_purchase_floors":[5,5,21,21,21],"current_hp_per_floor":[75,75,68,68,68,68,65,47,47,47,25,25,16,16,16,14,75,71,71,66,66,54,0,0],"gold":128,"neow_bonus":"THREE_ENEMY_KILL","is_daily":false,"chose_seed":false,"campfire_upgraded":0,"win_rate":0.0,"timestamp":1608001545,"path_taken":["M","?","?","?","?","E","M","M","T","M","?","?","M","M","R","BOSS","M","?","?","?","?","E"],"items_purchased_type":["Card","Card","Relic","Relic","Relic"],"build_version":"2020-12-13","purchased_purges":1,"victory":false,"max_hp_per_floor":[75,75,75,75,75,75,75,75,75,75,75,75,75,75,75,75,75,75,75,66,66,71,71,71],"card_choices":[{"not_picked":["hierophant:OrnateBuckler","hierophant:Zeal"],"picked":"hierophant:OrnateJavelin","floor":1.0},{"not_picked":["hierophant:Empathy","hierophant:Refuge"],"picked":"hierophant:DivineIntervention","floor":4.0},{"not_picked":["hierophant:Embezzle","hierophant:Remorse"],"picked":"hierophant:AuricBeam","floor":6.0},{"not_picked":["hierophant:Upheaval","hierophant:DisplayOfPower"],"picked":"hierophant:AuricForm","floor":7.0},{"not_picked":["hierophant:FlamingChariot","hierophant:Blessing"],"picked":"hierophant:Exaltation","floor":8.0},{"not_picked":["hierophant:Community","hierophant:AuricBeam"],"picked":"hierophant:BulkyChest","floor":10.0},{"not_picked":["hierophant:RustyCrate","hierophant:FieryStrike","hierophant:Prophecy"],"picked":"SKIP","floor":11.0},{"not_picked":["hierophant:Zeal","hierophant:Encroach"],"picked":"hierophant:HolyVerse","floor":13.0},{"not_picked":["hierophant:Refuge","hierophant:RepressedViolence"],"picked":"hierophant:PristineSoul","floor":14.0},{"not_picked":["hierophant:Batter","hierophant:AuricForm"],"picked":"hierophant:BulkyChest","floor":16},{"not_picked":["hierophant:RepressedViolence","hierophant:Bribe"],"picked":"hierophant:Embezzle","floor":18},{"not_picked":["Jack Of All Trades","ReplayTheSpireMod:Private Reserves"],"picked":"ReplayTheSpireMod:Uncanny Aura","floor":21},{"not_picked":["Midas Touch","Mayhem"],"picked":"Panache","floor":21},{"not_picked":["Mayhem","DemoMod:Deposit"],"picked":"Mind Blast","floor":21}],"player_experience":70735,"relics_obtained":[{"floor":2.0,"key":"Ring of Misfortune"},{"floor":6.0,"key":"Mirror"},{"floor":12.0,"key":"HollowMod:PaleOreRelic"},{"floor":15.0,"key":"Anchor"}],"event_choices":[{"damage_healed":0.0,"max_hp_gain":0.0,"max_hp_loss":0.0,"gold_gain":75.0,"event_name":"FaceTrader","player_choice":"Touch","floor":3.0,"gold_loss":0.0,"damage_taken":7.0},{"damage_healed":0,"gold_gain":0,"player_choice":"Became a vampire","damage_taken":0,"max_hp_gain":0,"max_hp_loss":9,"event_name":"Vampires","floor":20,"gold_loss":0,"cards_obtained":["Bite","Bite"]},{"damage_healed":0,"gold_gain":0,"player_choice":"Shed Blood","damage_taken":17,"max_hp_gain":5,"max_hp_loss":0,"event_name":"Forgotten Altar","floor":22,"gold_loss":0}],"is_beta":false,"boss_relics":[{"not_picked":["Runesmith:UraniumAnvil","Coffee Dripper"],"picked":"Empty Cage"}],"items_purged_floors":[5],"is_endless":false,"potions_floor_spawned":[4,7,8,11,16,18],"killed_by":"Slavers","ascension_level":0}}