{"host":"wshh0nphwn6jv7vj","time":1608048325,"event":{"mods":["BaseMod","Bestiary","Minty Spire (QoL Compilation)"],"gold_per_floor":[119,137,62,79,94,125,125,158,158,158,176,176,186,198,198,277,277,292,302,12,22,36,71,71,102,172,190,190,190],"floor_reached":28,"playtime":2049,"items_purged":["Doubt"],"score":480,"play_id":"8a0728e0-8db9-4bf8-8879-c96d0ce2caa9","local_time":"20201215110525","is_ascension_mode":true,"campfire_choices":[{"floor":7,"key":"REST"},{"data":"Dash","floor":12,"key":"SMITH"},{"floor":15,"key":"REST"},{"floor":24,"key":"REST"}],"circlet_count":0,"master_deck":["AscendersBane","Strike_G","Strike_G","Strike_G","Strike_G","Strike_G","Defend_G","Defend_G","Defend_G","Defend_G","Defend_G","Survivor","Neutralize+1","Unload","Underhanded Strike","Dash+1","Flying Knee","Noxious Fumes","Noxious Fumes","Poisoned Stab","Footwork","Quick Slash","Tools of the Trade","CurseOfTheBell","Dagger Throw+1","Quick Slash+1","Envenom","Tactician","Well Laid Plans","Backflip+1","Underhanded Strike","Dash"],"relics":["Ring of the Snake","Calipers","TungstenRod","Calling Bell","Tiny Chest","HornCleat","CaptainsWheel","OrangePellets","Toxic Egg 2","Bottled Lightning","Question Card"],"acts_visited":["Exordium","TheCity"],"potions_floor_usage":[5,8,16,16,19,23,28],"damage_taken":[{"damage":7,"enemies":"Jaw Worm","floor":1,"turns":6},{"damage":0,"enemies":"Cultist","floor":2,"turns":4},{"damage":0,"enemies":"2 Louse","floor":4,"turns":2},{"damage":0,"enemies":"Exordium Thugs","floor":5,"turns":4},{"damage":24,"enemies":"Gremlin Nob","floor":6,"turns":5},{"damage":14,"enemies":"Lagavulin","floor":8,"turns":5},{"damage":14,"enemies":"Gremlin Gang","floor":11,"turns":5},{"damage":1,"enemies":"Looter","floor":13,"turns":4},{"damage":0,"enemies":"3 Louse","floor":14,"turns":3},{"damage":28,"enemies":"The Guardian","floor":16,"turns":10},{"damage":0,"enemies":"Chosen","floor":18,"turns":8},{"damage":0,"enemies":"3 Byrds","floor":19,"turns":5},{"damage":1,"enemies":"Snecko","floor":21,"turns":6},{"damage":0,"enemies":"Centurion and Healer","floor":22,"turns":6},{"damage":38,"enemies":"Book of Stabbing","floor":23,"turns":7},{"damage":44,"enemies":"Slavers","floor":25,"turns":6},{"damage":1,"enemies":"Cultist and Chosen","floor":27,"turns":6},{"damage":13,"enemies":"Book of Stabbing","floor":28,"turns":4}],"seed_played":"5049139550826890043","potions_obtained":[{"floor":1,"key":"BlessingOfTheForge"},{"floor":6,"key":"BlessingOfTheForge"},{"floor":8,"key":"DuplicationPotion"},{"floor":13,"key":"PowerPotion"},{"floor":18,"key":"LiquidBronze"},{"floor":22,"key":"AttackPotion"},{"floor":23,"key":"FairyPotion"},{"floor":25,"key":"Energy Potion"}],"is_trial":false,"path_per_floor":["M","M","$","M","M","E","R","E","T","?","M","R","M","M","R","B",null,"M","M","$","M","M","E","R","E","T","M","E"],"character_chosen":"THE_SILENT","items_purchased":["Envenom","OrangePellets"],"campfire_rested":3,"item_purchase_floors":[20,20],"current_hp_per_floor":[52,52,52,52,52,28,47,33,33,33,19,19,18,18,37,9,52,52,52,52,51,51,13,32,14,14,13,0,0],"gold":190,"neow_bonus":"THREE_RARE_CARDS","is_daily":false,"chose_seed":false,"campfire_upgraded":1,"win_rate":0.0,"timestamp":1608048325,"path_taken":["M","M","$","M","M","E","R","E","T","?","M","R","M","?","R","BOSS","M","M","?","?","M","E","R","E","T","M","E"],"items_purchased_type":["Card","Relic"],"build_version":"2020-12-13","purchased_purges":1,"victory":false,"max_hp_per_floor":[66,66,66,66,66,66,66,66,66,66,66,66,66,66,66,66,66,66,66,66,66,66,66,66,66,66,66,66,66],"card_choices":[{"not_picked":["Corpse Explosion","Wraith Form v2"],"picked":"Unload","floor":0},{"not_picked":["Slice","Deflect"],"picked":"Underhanded Strike","floor":1},{"not_picked":["Deflect","Riddle With Holes"],"picked":"Dash","floor":2},{"not_picked":["Prepared","Dagger Spray"],"picked":"Flying Knee","floor":4},{"not_picked":["Eviscerate","Backflip"],"picked":"Noxious Fumes","floor":5},{"not_picked":["Flying Knee","Expertise"],"picked":"Noxious Fumes","floor":6},{"not_picked":["Choke","Prepared","Cloak And Dagger"],"picked":"SKIP","floor":8},{"not_picked":["Acrobatics","Endless Agony"],"picked":"Poisoned Stab","floor":11},{"not_picked":["Slice","Poisoned Stab"],"picked":"Footwork","floor":13},{"not_picked":["All Out Attack","Predator"],"picked":"Quick Slash","floor":14},{"not_picked":["Unload","Grand Finale"],"picked":"Tools of the Trade","floor":16},{"not_picked":["Dagger Spray","Flying Knee"],"picked":"Dagger Throw+1","floor":18},{"not_picked":["Poisoned Stab","Slice"],"picked":"Quick Slash+1","floor":19},{"not_picked":["Concentrate+1","Flechettes"],"picked":"Tactician","floor":21},{"not_picked":["Dagger Spray+1","Burst"],"picked":"Well Laid Plans","floor":22},{"not_picked":["Expertise+1","Envenom"],"picked":"Backflip+1","floor":23},{"not_picked":["Calculated Gamble+1","Poisoned Stab"],"picked":"Underhanded Strike","floor":25},{"not_picked":["Eviscerate","Expertise+1","Bouncing Flask+1"],"picked":"Dash","floor":27}],"player_experience":1415433,"relics_obtained":[{"floor":6,"key":"Calipers"},{"floor":8,"key":"TungstenRod"},{"floor":17,"key":"Tiny Chest"},{"floor":17,"key":"HornCleat"},{"floor":17,"key":"CaptainsWheel"},{"floor":23,"key":"Toxic Egg 2"},{"floor":25,"key":"Bottled Lightning"},{"floor":26,"key":"Question Card"}],"event_choices":[{"damage_healed":0,"gold_gain":0,"player_choice":"Forge","damage_taken":0,"max_hp_gain":0,"max_hp_loss":0,"event_name":"Accursed Blacksmith","floor":10,"gold_loss":0,"cards_upgraded":["Neutralize"]}],"is_beta":false,"boss_relics":[{"not_picked":["Ectoplasm","Runic Dome"],"picked":"Calling Bell"}],"items_purged_floors":[3],"is_endless":false,"potions_floor_spawned":[1,6,8,13,18,22,23,25],"killed_by":"Book of Stabbing","ascension_level":15}}