{"host":"ufl0k2so27eic2iy","time":1608065135,"event":{"mods":["BaseMod","Minty Spire (QoL Compilation)","StSLib","The Animator"],"gold_per_floor":[115,115,115,180,197,197,51,79,102,152,164,201,230,319,331,420,432,475,34,49,14,33,33,61,61,61,61,15,15,25,75,75,151,151,163,178,242,255,272,298,49,49,49,24,24,42,71,132,132,132,132,132,6,31,31,31],"floor_reached":55,"playtime":3992,"items_purged":["animator:Strike","animator:Strike","Parasite"],"score":1437,"play_id":"c89e1d3c-7465-4120-829d-60576f142f7f","local_time":"20201215204535","is_ascension_mode":true,"campfire_choices":[{"data":"animator:DolaSchwi","floor":6,"key":"SMITH"},{"data":"animator:Evileye","floor":11,"key":"SMITH"},{"floor":15,"key":"REST"},{"floor":23,"key":"REST"},{"data":"animator:Sora","floor":25,"key":"SMITH"},{"data":"animator:Clownpiece","floor":27,"key":"SMITH"},{"data":"animator:Arpeggio","floor":29,"key":"SMITH"},{"data":"animator:LeleiLaLalena","floor":32,"key":"SMITH"},{"data":"animator:KaguyaHouraisan","floor":42,"key":"SMITH"},{"floor":45,"key":"RECALL"},{"floor":49,"key":"REST"},{"data":"animator:HomuraAkemi","floor":52,"key":"SMITH"}],"circlet_count":0,"master_deck":["AscendersBane","animator:Strike_TouhouProject","animator:Defend_TouhouProject","animator:Defend","animator:Defend","animator:Defend","animator:MarisaKirisame","animator:ReimuHakurei","animator:Arpeggio+1","animator:ReimuHakurei","animator:DolaSchwi+1","animator:NarberalGamma","animator:SanaeKochiya","animator:Evileye+1","animator:Clownpiece+1","animator:Archer","animator:PinaCoLada","animator:KaguyaHouraisan+1","animator:RinTohsaka+1","animator:Sora+1","animator:MarisaKirisame+1","animator:LeleiLaLalena+1","animator:HomuraAkemi+1","animator:Kyubey","animator:Arpeggio","animator:KaguyaHouraisan+1","animator:SayakaMiki","animator:Ainz","animator:YaoHaDucy","animator:FielNirvalen"],"relics":["animator:LivingPicture","animator:TheMissingPiece","SsserpentHead","MawBank","Gremlin Horn","Smiling Mask","animator:Buoy","Cursed Key","DataDisk","animator:BattleDrones","Letter Opener","MealTicket","Black Star","Oddly Smooth Stone","Bottled Tornado","Mummified Hand","War Paint","Shuriken","Bag of Marbles","Centennial Puzzle"],"acts_visited":["Exordium","TheCity","TheBeyond","TheEnding"],"potions_floor_usage":[10,24,38,55],"damage_taken":[{"damage":0,"enemies":"2 Louse","floor":1,"turns":3},{"damage":3,"enemies":"Cultist","floor":4,"turns":4},{"damage":4,"enemies":"Jaw Worm","floor":5,"turns":3},{"damage":6,"enemies":"Looter","floor":8,"turns":3},{"damage":14,"enemies":"3 Sentries","floor":10,"turns":4},{"damage":10,"enemies":"Lagavulin","floor":12,"turns":5},{"damage":10,"enemies":"Gremlin Gang","floor":13,"turns":3},{"damage":0,"enemies":"Slime Boss","floor":16,"turns":5},{"damage":14,"enemies":"Spheric Guardian","floor":18,"turns":4},{"damage":8,"enemies":"Shell Parasite","floor":20,"turns":3},{"damage":2,"enemies":"Centurion and Healer","floor":22,"turns":5},{"damage":32,"enemies":"Book of Stabbing","floor":24,"turns":6},{"damage":4,"enemies":"Snecko","floor":30,"turns":5},{"damage":2,"enemies":"Champ","floor":33,"turns":9},{"damage":11,"enemies":"3 Darklings","floor":35,"turns":4},{"damage":3,"enemies":"3 Shapes","floor":36,"turns":4},{"damage":2,"enemies":"Sphere and 2 Shapes","floor":37,"turns":3},{"damage":16,"enemies":"Jaw Worm Horde","floor":38,"turns":4},{"damage":0,"enemies":"Transient","floor":39,"turns":6},{"damage":0,"enemies":"Reptomancer","floor":40,"turns":6},{"damage":0,"enemies":"4 Shapes","floor":46,"turns":2},{"damage":10,"enemies":"Nemesis","floor":47,"turns":7},{"damage":0,"enemies":"Writhing Mass","floor":48,"turns":4},{"damage":19,"enemies":"Awakened One","floor":50,"turns":11},{"damage":54,"enemies":"Shield and Spear","floor":54,"turns":6},{"damage":49,"enemies":"The Heart","floor":55,"turns":6}],"seed_played":"-2490586649054766310","potions_obtained":[{"floor":1,"key":"Weak Potion"},{"floor":5,"key":"Dexterity Potion"},{"floor":12,"key":"GamblersBrew"},{"floor":24,"key":"ColorlessPotion"},{"floor":33,"key":"FairyPotion"},{"floor":38,"key":"BlessingOfTheForge"}],"is_trial":false,"path_per_floor":["M","?","?","M","M","R","$","M","T","E","R","E","M","T","R","B",null,"M","$","M","?","M","R","E","R","T","R","$","R","M","?","R","B",null,"M","M","M","M","M","E","$","R","T","?","R","M","E","M","R","B",null,"R","$","E","B"],"character_chosen":"THE_ANIMATOR","items_purchased":["animator:NarberalGamma","DataDisk","animator:BattleDrones","animator:MarisaKirisame","Mummified Hand","Ancient Potion"],"campfire_rested":3,"item_purchase_floors":[7,19,19,28,41,53],"current_hp_per_floor":[60,53,53,50,46,46,46,40,40,26,26,17,7,7,27,27,57,43,43,35,35,33,53,21,21,21,21,36,36,32,32,32,30,58,47,44,42,26,27,27,42,42,42,42,42,42,32,32,52,33,59,59,65,11,0,0],"gold":31,"neow_bonus":"TEN_PERCENT_HP_BONUS","is_daily":false,"chose_seed":true,"campfire_upgraded":8,"win_rate":0.0,"timestamp":1608065135,"path_taken":["M","?","?","?","M","R","$","M","T","E","R","E","M","?","R","BOSS","M","$","M","?","M","R","E","R","T","R","$","R","M","?","R","BOSS","M","M","?","M","M","E","$","R","T","?","R","M","E","?","R","BOSS","R","$","E","BOSS"],"items_purchased_type":["Card","Relic","Relic","Card","Relic","Potion"],"build_version":"2020-12-13","purchased_purges":3,"victory":false,"max_hp_per_floor":[66,66,66,66,66,66,66,66,66,66,66,67,67,67,67,67,67,67,67,67,67,67,67,67,67,67,67,67,67,67,67,67,67,67,67,67,67,67,68,68,68,68,68,68,68,68,68,68,68,68,68,68,65,65,65,65],"card_choices":[{"not_picked":["animator:Illya","animator:SanaeKochiya"],"picked":"animator:Arpeggio","floor":1},{"not_picked":["animator:SuikaIbuki","animator:Bozes"],"picked":"animator:ReimuHakurei","floor":4},{"not_picked":["animator:SakuraMatou","animator:Tatsumaki"],"picked":"animator:DolaSchwi","floor":5},{"not_picked":["animator:SatoriKomeiji","animator:AliceMargatroid"],"picked":"animator:SanaeKochiya","floor":8},{"not_picked":["animator:Tet","animator:DolaRiku"],"picked":"animator:Evileye","floor":10},{"not_picked":["animator:YaoHaDucy","animator:Ainz"],"picked":"animator:Clownpiece","floor":12},{"not_picked":["animator:Cocytus","animator:NarberalGamma"],"picked":"animator:Archer","floor":13},{"not_picked":["animator:SatoriKomeiji","animator:Kyubey"],"picked":"animator:PinaCoLada","floor":16},{"not_picked":["animator:Clownpiece","animator:MarisaKirisame"],"picked":"animator:KaguyaHouraisan","floor":18},{"not_picked":["animator:IrohaTamaki","animator:Alexander","animator:SakuraMatou"],"picked":"SKIP","floor":20},{"not_picked":["animator:Sonic","animator:Rider"],"picked":"animator:RinTohsaka","floor":22},{"not_picked":["animator:Saber","animator:Assassin"],"picked":"animator:Sora","floor":24},{"not_picked":["animator:ItamiYouji","animator:Arpeggio"],"picked":"animator:LeleiLaLalena","floor":30},{"not_picked":["animator:ItamiYouji","animator:Shiro"],"picked":"animator:Kyubey","floor":33},{"not_picked":["animator:SilverFang","animator:IrohaTamaki"],"picked":"animator:Arpeggio","floor":35},{"not_picked":["animator:Jibril","animator:Berserker+1","animator:Archer+1"],"picked":"SKIP","floor":36},{"not_picked":["animator:Demiurge","animator:Alexander+1"],"picked":"animator:KaguyaHouraisan+1","floor":37},{"not_picked":["animator:KyokoSakura","animator:MamiTomoe"],"picked":"animator:SayakaMiki","floor":38},{"not_picked":["animator:SuikaIbuki","animator:YaoHaDucy"],"picked":"animator:Ainz","floor":39},{"not_picked":["animator:PandorasActor","animator:Alexander","animator:YuukaKazami"],"picked":"SKIP","floor":40},{"not_picked":["animator:PandorasActor","animator:Alexander","animator:YuukaKazami"],"picked":"SKIP","floor":40},{"not_picked":["animator:YuukaKazami","animator:PandorasActor","animator:SuikaIbuki"],"picked":"SKIP","floor":46},{"not_picked":["animator:PandorasActor","animator:KomachiOnozuka"],"picked":"animator:YaoHaDucy","floor":48},{"not_picked":["animator:YuukaKazami","animator:PandorasActor"],"picked":"animator:FielNirvalen","floor":54}],"player_experience":2294223,"relics_obtained":[{"floor":9,"key":"MawBank"},{"floor":10,"key":"Gremlin Horn"},{"floor":12,"key":"Smiling Mask"},{"floor":14,"key":"animator:Buoy"},{"floor":24,"key":"MealTicket"},{"floor":40,"key":"Oddly Smooth Stone"},{"floor":40,"key":"Bottled Tornado"},{"floor":47,"key":"War Paint"},{"floor":47,"key":"Shuriken"},{"floor":54,"key":"Bag of Marbles"},{"floor":54,"key":"Centennial Puzzle"}],"event_choices":[{"cards_removed":["animator:Strike"],"damage_healed":0,"gold_gain":0,"player_choice":"Card Removal","damage_taken":7,"max_hp_gain":0,"max_hp_loss":0,"event_name":"Golden Wing","floor":2,"gold_loss":0},{"damage_healed":0,"gold_gain":0,"player_choice":"Trade","damage_taken":0,"relics_obtained":["SsserpentHead"],"max_hp_gain":0,"max_hp_loss":0,"event_name":"FaceTrader","floor":3,"gold_loss":0},{"damage_healed":0,"gold_gain":0,"player_choice":"Obtained Relic","damage_taken":0,"relics_obtained":["Letter Opener"],"max_hp_gain":0,"max_hp_loss":0,"event_name":"Addict","floor":21,"gold_loss":85},{"damage_healed":0,"gold_gain":0,"player_choice":"1 cards matched","damage_taken":0,"max_hp_gain":0,"max_hp_loss":0,"event_name":"Match and Keep!","floor":31,"gold_loss":0,"cards_obtained":["animator:HomuraAkemi"]},{"cards_removed":["Injury"],"damage_healed":0,"gold_gain":0,"player_choice":"Single Remove","damage_taken":0,"max_hp_gain":0,"max_hp_loss":0,"event_name":"Designer","floor":44,"gold_loss":75}],"is_beta":false,"boss_relics":[{"not_picked":["Tiny House","Fusion Hammer"],"picked":"Cursed Key"},{"not_picked":["Astrolabe","Pandora\u0027s Box"],"picked":"Black Star"}],"items_purged_floors":[7,19,53],"is_endless":false,"potions_floor_spawned":[1,5,12,20,24,33,38,39,46,47,54],"killed_by":"The Heart","ascension_level":15}}