{"host":"0cm5wy4nhuju7tij","time":1608018956,"event":{"mods":["2.2 Compatiblity","AchievementEnabler","Astrologer","BaseMod","Better Third Choice","BetterRewards","CCEM","Colored Powertips","Custom Start","Displayed Cursed Tome","Downfall","Energized Spire","Filter the Spire","Fireblade Mod","Highlight Path","Minty Spire (QoL Compilation)","Permanent Neow","Railgun Mod","Robot Space Explorer","Shop Mod","Spicy Shops","StSLib","The Elementalist","The Servant 0.9.4"],"gold_per_floor":[114,130,145,320,334,334,347,347,421,20,20,38,38,38,38,139,139,159,258,258,17,32,32,43,62,89,89,89,89,118,135,135,135,135],"floor_reached":33,"playtime":1891,"items_purged":["astrologer:Strike","Doubt","astrologer:Strike"],"score":257,"play_id":"4a0549dd-280f-48c0-beae-de9010cce046","local_time":"20201215025556","is_ascension_mode":false,"campfire_choices":[{"data":"astrologer:TheTower","floor":6,"key":"SMITH"},{"data":"astrologer:Fireball","floor":11,"key":"SMITH"},{"data":"astrologer:Judgement","floor":13,"key":"SMITH"},{"data":"astrologer:Still","floor":15,"key":"SMITH"},{"floor":23,"key":"REST"},{"floor":27,"key":"REST"},{"data":"astrologer:Starfield","floor":29,"key":"SMITH"},{"floor":32,"key":"REST"}],"circlet_count":0,"master_deck":["astrologer:Strike","astrologer:Strike+1","astrologer:Defend","astrologer:Defend","astrologer:Defend","astrologer:Defend","astrologer:NorthStar","astrologer:TheFool","astrologer:Radiance+1","astrologer:Conjunction","astrologer:SpaceDust","astrologer:TheTower+1","astrologer:Judgement+1","astrologer:Fireball+1","astrologer:Still+1","astrologer:Premonition","astrologer:Eclipse","astrologer:FrozenStar","astrologer:FadingStar","astrologer:MeteorShower+1","astrologer:Starfield+1","astrologer:Eclipse+1","astrologer:ShiningStar+1","astrologer:Novile+1","astrologer:Moonlight+1"],"relics":["astrologer:SkyMirror","Pen Nib","Bottled Lightning","Strange Spoon","CCEMRelics:DissonantTune","energizedSpire:OgreHead","Juzu Bracelet","Sundial","Prayer Wheel"],"acts_visited":["Exordium","TheCity"],"potions_floor_usage":[30,30],"damage_taken":[{"damage":0,"enemies":"Jaw Worm","floor":1,"turns":4},{"damage":0,"enemies":"Small Slimes","floor":2,"turns":3},{"damage":0,"enemies":"2 Louse","floor":3,"turns":3},{"damage":4,"enemies":"Red Slaver","floor":5,"turns":4},{"damage":0,"enemies":"2 Fungi Beasts","floor":7,"turns":2},{"damage":0,"enemies":"Blue Slaver","floor":12,"turns":2},{"damage":16,"enemies":"The Guardian","floor":16,"turns":11},{"damage":0,"enemies":"2 Thieves","floor":18,"turns":3},{"damage":23,"enemies":"3 Byrds","floor":22,"turns":7},{"damage":20,"enemies":"Shelled Parasite and Fungi","floor":24,"turns":5},{"damage":31,"enemies":"Sentry and Sphere","floor":25,"turns":7},{"damage":23,"enemies":"Book of Stabbing","floor":30,"turns":5},{"damage":13,"enemies":"Centurion and Healer","floor":31,"turns":8},{"damage":41,"enemies":"Collector","floor":33,"turns":5}],"seed_played":"5886579366445185612","potions_obtained":[{"floor":5,"key":"Explosive Potion"},{"floor":7,"key":"Fruit Juice"},{"floor":12,"key":"AttackPotion"},{"floor":30,"key":"LiquidMemories"},{"floor":31,"key":"BlessingOfTheForge"}],"is_trial":false,"path_per_floor":["M","M","M","?","M","R","M","?","T","$","R","M","R","T","R","B",null,"M","?","?","$","M","R","M","M","T","R","T","R","E","M","R","B"],"character_chosen":"ASTROLOGER","items_purchased":["astrologer:Fireball","Strange Spoon","astrologer:FrozenStar","astrologer:FadingStar"],"campfire_rested":3,"item_purchase_floors":[10,10,21,21],"current_hp_per_floor":[70,70,70,70,66,66,66,52,52,52,52,52,52,52,52,36,70,70,70,70,70,47,68,48,17,17,38,38,38,20,7,29,0,0],"gold":135,"neow_bonus":"RANDOM_COMMON_RELIC","is_daily":false,"chose_seed":false,"campfire_upgraded":5,"win_rate":0.0,"timestamp":1608018956,"path_taken":["M","M","M","?","M","R","M","?","T","$","R","M","R","?","R","BOSS","M","?","?","$","M","R","M","M","T","R","?","R","E","M","R","BOSS"],"items_purchased_type":["Card","Relic","Card","Card"],"build_version":"2020-12-13","purchased_purges":3,"victory":false,"max_hp_per_floor":[70,70,70,70,70,70,70,70,70,70,70,70,70,70,70,70,70,70,70,70,70,70,70,70,70,70,70,70,70,75,75,75,75,75],"card_choices":[{"not_picked":["astrologer:ReadTheStars","astrologer:TheHighPriestess"],"picked":"astrologer:Radiance","floor":1},{"not_picked":["astrologer:MeteorShower","astrologer:Radiance"],"picked":"astrologer:Conjunction","floor":2},{"not_picked":["astrologer:Radiance","astrologer:Death"],"picked":"astrologer:SpaceDust","floor":3},{"not_picked":["astrologer:CrystalBall","astrologer:Opposition"],"picked":"astrologer:TheTower","floor":5},{"not_picked":["astrologer:Justice","astrologer:ReadTheStars"],"picked":"astrologer:Judgement","floor":7},{"not_picked":["astrologer:Conjunction","astrologer:FrozenStar"],"picked":"astrologer:Still","floor":12},{"not_picked":["astrologer:TheMagician","astrologer:Nova"],"picked":"astrologer:Premonition","floor":16},{"not_picked":["astrologer:LonelyStar","astrologer:CometStrike"],"picked":"astrologer:Eclipse","floor":18},{"not_picked":["astrologer:CometStrike","astrologer:Stardust"],"picked":"astrologer:MeteorShower+1","floor":22},{"not_picked":["astrologer:Judgement","astrologer:Radiance"],"picked":"astrologer:Starfield","floor":24},{"not_picked":["astrologer:Conjunction","astrologer:SpaceDust"],"picked":"astrologer:Eclipse+1","floor":25},{"not_picked":["astrologer:Radiance+1","astrologer:FrozenStar"],"picked":"astrologer:ShiningStar+1","floor":30},{"not_picked":["astrologer:Justice","astrologer:LonelyStar"],"picked":"astrologer:Novile+1","floor":31},{"not_picked":["astrologer:TheEmperor","astrologer:Trine"],"picked":"astrologer:Moonlight+1","floor":31}],"player_experience":191463,"relics_obtained":[{"floor":9,"key":"Bottled Lightning"},{"floor":14,"key":"CCEMRelics:DissonantTune"},{"floor":26,"key":"Juzu Bracelet"},{"floor":28,"key":"Sundial"},{"floor":30,"key":"Prayer Wheel"}],"event_choices":[{"damage_healed":0,"gold_gain":175,"player_choice":"AGREE","damage_taken":145,"max_hp_gain":0,"max_hp_loss":0,"event_name":"betterThird:BetterSerpent","floor":4,"gold_loss":0},{"damage_healed":66,"gold_gain":0,"player_choice":"Upgrade","damage_taken":14,"max_hp_gain":0,"max_hp_loss":70,"event_name":"betterThird:BetterShining","floor":8,"gold_loss":0,"cards_upgraded":["astrologer:Radiance","astrologer:Strike"]},{"damage_healed":0,"gold_gain":99,"player_choice":"Steal","damage_taken":0,"max_hp_gain":0,"max_hp_loss":0,"event_name":"betterThird:BetterNest","floor":19,"gold_loss":0},{"damage_healed":0,"gold_gain":0,"player_choice":"Ignored","damage_taken":0,"max_hp_gain":0,"max_hp_loss":0,"event_name":"Vampires","floor":20,"gold_loss":0}],"is_beta":false,"boss_relics":[{"not_picked":["Busted Crown","Ectoplasm"],"picked":"energizedSpire:OgreHead"}],"items_purged_floors":[10,10,21],"is_endless":false,"potions_floor_spawned":[5,7,12,22,30,31],"killed_by":"Collector","ascension_level":0}}