{"host":"jmj81tjjbuqnwhnf","time":1608036672,"event":{"mods":["BaseMod","Colored Map","Colored Powertips","Highlight Path","Minty Spire (QoL Compilation)","Relic Stats"],"gold_per_floor":[213,213,233,245,245,245,280,280,305,37,48,48,63,74,74,179,179,149,119,132,32,132,132,132],"floor_reached":23,"playtime":750,"items_purged":["Strike_B","Strike_B"],"score":220,"play_id":"20bbb5ac-725c-4598-a61d-b9d7ae668097","local_time":"20201215135112","is_ascension_mode":true,"campfire_choices":[{"data":"Dualcast","floor":6.0,"key":"SMITH"},{"data":"Conserve Battery","floor":8.0,"key":"SMITH"},{"floor":12,"key":"REST"},{"floor":15,"key":"REST"}],"circlet_count":0,"master_deck":["Strike_B","Strike_B","Defend_B","Defend_B","Defend_B","Defend_B","Zap+1","Dualcast+1","Self Repair","Conserve Battery+1","Echo Form","Ball Lightning","Capacitor","Darkness","Conserve Battery","Conserve Battery","Creative AI","Multi-Cast","Defragment+1","Defragment"],"relics":["Cracked Core","Strawberry","Oddly Smooth Stone","Black Star"],"acts_visited":["Exordium","TheCity"],"potions_floor_usage":[14,16,16,23],"damage_taken":[{"damage":0.0,"enemies":"2 Louse","floor":1.0,"turns":2.0},{"damage":16.0,"enemies":"Small Slimes","floor":3.0,"turns":4.0},{"damage":6.0,"enemies":"Cultist","floor":4.0,"turns":3.0},{"damage":20.0,"enemies":"Lagavulin","floor":7.0,"turns":6.0},{"damage":29,"enemies":"Gremlin Gang","floor":11,"turns":5},{"damage":2,"enemies":"Looter","floor":13,"turns":4},{"damage":20,"enemies":"2 Fungi Beasts","floor":14,"turns":4},{"damage":54,"enemies":"Hexaghost","floor":16,"turns":9},{"damage":14,"enemies":"2 Thieves","floor":18,"turns":5},{"damage":1,"enemies":"Chosen","floor":20,"turns":4},{"damage":81,"enemies":"Book of Stabbing","floor":23,"turns":6}],"seed_played":"8198948409859672223","potions_obtained":[{"floor":3.0,"key":"Weak Potion"},{"floor":4.0,"key":"FearPotion"},{"floor":11,"key":"LiquidBronze"},{"floor":13,"key":"LiquidBronze"},{"floor":16,"key":"Strength Potion"},{"floor":19,"key":"PowerPotion"},{"floor":19,"key":"BlessingOfTheForge"}],"is_trial":false,"path_per_floor":["M","?","M","M","?","R","E","R","T","$","M","R","M","M","R","B",null,"M","?","M","$","?","E"],"character_chosen":"DEFECT","items_purchased":["Ball Lightning","Capacitor","Darkness"],"campfire_rested":2,"item_purchase_floors":[10,10,10],"current_hp_per_floor":[75,75,59,60,60,60,54,54,54,54,32,56,61,48,72,25,82,75,75,81,81,81,0,0],"gold":132,"neow_bonus":"HUNDRED_GOLD","is_daily":false,"chose_seed":false,"campfire_upgraded":2,"win_rate":0.0,"timestamp":1608036672,"path_taken":["M","?","M","M","?","R","E","R","T","$","M","R","M","M","R","BOSS","M","?","?","$","?","E"],"items_purchased_type":["Card","Card","Card"],"build_version":"2020-12-13","purchased_purges":2,"victory":false,"max_hp_per_floor":[75,75,75,75,75,75,82,82,82,82,82,82,82,82,82,82,82,82,82,82,82,82,82,82],"relic_stats":{"counters":[11,52],"Black Star":0,"obtain_stats":[{"Strawberry":7,"Oddly Smooth Stone":9,"Black Star":17,"Cracked Core":0},{"Strawberry":4,"Oddly Smooth Stone":4,"Black Star":8,"Cracked Core":0},{"Strawberry":15,"Oddly Smooth Stone":15,"Black Star":37,"Cracked Core":0}]},"card_choices":[{"not_picked":["Gash","Lockon","Steam Power"],"picked":"SKIP","floor":1.0},{"not_picked":["Gash","Rebound"],"picked":"Self Repair","floor":3.0},{"not_picked":["Streamline","Double Energy"],"picked":"Conserve Battery","floor":4.0},{"not_picked":["Chill","Self Repair"],"picked":"Echo Form","floor":7.0},{"not_picked":["Go for the Eyes","Chill"],"picked":"Conserve Battery","floor":11},{"not_picked":["Steam","Stack"],"picked":"Conserve Battery","floor":13},{"not_picked":["Gash","Sweeping Beam"],"picked":"Creative AI","floor":14},{"not_picked":["Fission","Creative AI"],"picked":"Multi-Cast","floor":16},{"not_picked":["Redo","Fusion"],"picked":"Defragment+1","floor":18},{"not_picked":["Stack+1","Reprogram+1"],"picked":"Defragment","floor":20}],"player_experience":55191,"relics_obtained":[{"floor":7.0,"key":"Strawberry"},{"floor":9.0,"key":"Oddly Smooth Stone"}],"event_choices":[{"damage_healed":0.0,"max_hp_gain":0.0,"max_hp_loss":0.0,"gold_gain":0.0,"event_name":"Liars Game","player_choice":"Ignored","floor":2.0,"gold_loss":0.0,"damage_taken":0.0},{"damage_healed":0.0,"max_hp_gain":0.0,"max_hp_loss":0.0,"gold_gain":0.0,"event_name":"Upgrade Shrine","player_choice":"Upgraded","floor":5.0,"gold_loss":0.0,"damage_taken":0.0,"cards_upgraded":["Zap"]},{"damage_healed":0,"gold_gain":0,"player_choice":"Bought 2 Potions","damage_taken":0,"max_hp_gain":0,"max_hp_loss":0,"event_name":"The Woman in Blue","floor":19,"gold_loss":0},{"damage_healed":0,"gold_gain":100,"player_choice":"Pray","damage_taken":0,"max_hp_gain":0,"max_hp_loss":0,"event_name":"Golden Shrine","floor":22,"gold_loss":0}],"is_beta":false,"boss_relics":[{"not_picked":["Coffee Dripper","Ectoplasm"],"picked":"Black Star"}],"items_purged_floors":[10,21],"is_endless":false,"potions_floor_spawned":[3,4,11,13,16],"killed_by":"Book of Stabbing","ascension_level":3}}