{"host":"kh1j1cf337zr4nij","time":1608004664,"event":{"mods":["2.2 Compatiblity","AchievementEnabler","Act Like it!","Aspiration","BaseMod","Bestiary","CCEM","Colored Map","Colored Powertips","Conspire","Downfall","Energized Spire","Friendly Minions","GifTheSpireLib","Halation","Hermit","Highlight Path","Hubris","Minty Spire (QoL Compilation)","Quick Restart","Random Character Button","Relic Stats","Replay The Spire","StSLib","Stuff the Spire","SuperFastMode","Synergy Search","Trackpad"],"gold_per_floor":[99,116,116,50,76,88,88,98,117,117,117,170,9,26,46,145,145,20,46,46,31,31,31,31,155,173,187,36,47,147,165,176,272,272,147,158,186,186,136,39,39,39,51,1,11,57,74,74,92,92],"floor_reached":51,"playtime":3030,"items_purged":["Slimebound:CorrosiveSpit","Slimebound:AcidTongue","Slimebound:Tackle","Slimebound:Defend_Slimebound"],"score":697,"play_id":"88e50a59-9b67-44e5-8546-17282f072b57","local_time":"20201214225744","is_ascension_mode":false,"campfire_choices":[{"data":"Slimebound:Split","floor":1.0,"key":"SMITH"},{"floor":10.0,"key":"RECALL"},{"data":"Slimebound:DuplicatedForm","floor":18.0,"key":"SMITH"},{"floor":20.0,"key":"REST"},{"data":"Slimebound:RejuvenatingLick","floor":22.0,"key":"SMITH"},{"floor":35.0,"key":"DIG"},{"floor":39,"key":"REST"},{"data":"Slimebound:Gluttony","floor":44,"key":"SMITH"}],"circlet_count":0,"master_deck":["Slimebound:Strike_Slimebound","Slimebound:Strike_Slimebound","Slimebound:Defend_Slimebound","Slimebound:Defend_Slimebound+1","Slimebound:Split+1","Slimebound:Gluttony+1","Slimebound:RejuvenatingLick+1","Slimebound:RollThrough","Slimebound:DuplicatedForm+1","Slimebound:ComboTackle","Slimebound:GoopSpray","Slimebound:Schlurp","Slimebound:ItLooksTasty","Slimebound:Teamwork","Slimebound:LeechingTouch","Slimebound:LeechLife","Slimebound:FinishingTackle","Slimebound:LevelUp","Slimebound:SplitMire","Slimebound:Nibble+1","Slimebound:SamplingLick","Slimebound:MassFeed","Slimebound:SlimeTap+1","Slimebound:Schlurp","expansioncontent:CaCaw","Slimebound:Schlurp+1","Slimebound:Dissolve+1"],"relics":["Slimebound:AbsorbEndCombat","conspire:GiftBox","hubris:ToyBattleship","Slimebound:GreedOozeRelic","Replay:Bottled Flurry","energizedSpire:DeadBattery","downfall:HeartBlessingRed","Replay:Mystery Machine","Orichalcum","Membership Card","Potion Belt","Empty Cage","downfall:HeartBlessingBlue","Potion Belt","Toy Ornithopter","Sundial","Regal Pillow"],"acts_visited":["Exordium","TheCity","TheBeyond"],"potions_floor_usage":[37,37,37,37,49],"damage_taken":[{"damage":11.0,"enemies":"Small Slimes","floor":2.0,"turns":4.0},{"damage":13.0,"enemies":"downfall:FleeingMerchant","floor":4.0,"turns":4.0},{"damage":17.0,"enemies":"Replay:BlueRogue","floor":5.0,"turns":6.0},{"damage":8.0,"enemies":"2 Louse","floor":6.0,"turns":2.0},{"damage":29.0,"enemies":"Jaw Worm","floor":8.0,"turns":4.0},{"damage":18.0,"enemies":"Exordium Wildlife","floor":9.0,"turns":4.0},{"damage":30.0,"enemies":"downfall:FleeingMerchant","floor":13.0,"turns":4.0},{"damage":26.0,"enemies":"Large Slime","floor":14.0,"turns":4.0},{"damage":13.0,"enemies":"Red Slaver","floor":15.0,"turns":3.0},{"damage":35.0,"enemies":"downfall:Watcher","floor":16.0,"turns":9.0},{"damage":56.0,"enemies":"Book of Stabbing","floor":19.0,"turns":5.0},{"damage":39.0,"enemies":"downfall:FleeingMerchant","floor":21.0,"turns":4.0},{"damage":28.0,"enemies":"downfall:FleeingMerchant","floor":25.0,"turns":4.0},{"damage":23.0,"enemies":"conspire:FuzzyDice","floor":26.0,"turns":6.0},{"damage":42.0,"enemies":"3 Cultists","floor":27.0,"turns":7.0},{"damage":27.0,"enemies":"Centurion and Healer","floor":29.0,"turns":8.0},{"damage":48.0,"enemies":"downfall:LadyInBlue","floor":30.0,"turns":9.0},{"damage":26.0,"enemies":"Sentry and Sphere","floor":31.0,"turns":5.0},{"damage":22.0,"enemies":"Chosen and Byrds","floor":32.0,"turns":5.0},{"damage":95.0,"enemies":"downfall:Ironclad","floor":33.0,"turns":8.0},{"damage":13.0,"enemies":"3 Shapes","floor":36.0,"turns":4.0},{"damage":81,"enemies":"Reptomancer","floor":37,"turns":5},{"damage":13,"enemies":"Orb Walker","floor":43,"turns":2},{"damage":50,"enemies":"Maw","floor":45,"turns":6},{"damage":41,"enemies":"Jaw Worm Horde","floor":47,"turns":4},{"damage":66,"enemies":"Spire Growth","floor":49,"turns":4},{"damage":104,"enemies":"downfall:Silent","floor":50,"turns":9}],"seed_played":"-8630205756434693178","potions_obtained":[{"floor":2.0,"key":"GamblersBrew"},{"floor":8.0,"key":"sneckomod:MuddlingPotion"},{"floor":14.0,"key":"Adrenaline Potion"},{"floor":15.0,"key":"Toxic Potion"},{"floor":19.0,"key":"Venom Potion"},{"floor":26.0,"key":"hexamod:EctoCoolerPotion"},{"floor":30.0,"key":"conspire:TimeTravelPotion"},{"floor":30.0,"key":"EntropicBrew"},{"floor":30.0,"key":"hexamod:EctoCoolerPotion"},{"floor":32.0,"key":"Milkshake"},{"floor":33.0,"key":"Guardian:BlockOnCardUsePotion"},{"floor":37,"key":"FairyPotion"},{"floor":45,"key":"sneckomod:MuddlingPotion"},{"floor":49,"key":"hexamod:EctoCoolerPotion"}],"is_trial":false,"path_per_floor":["R","M","?","$","E","M","T","M","M","R","?","?","$","M","M","B",null,"R","E","R","$","R","?","T","$","M","M","$","M","?","M","M","B",null,"R_BF","M","E","?","R","?","T","$","M","R","M","T","M","$","M","B",null],"character_chosen":"SLIMEBOUND","items_purchased":["Slimebound:RollThrough","Slimebound:Teamwork","Orichalcum","Membership Card","expansioncontent:CaCaw"],"campfire_rested":2,"item_purchase_floors":[4,13,25,28,40],"current_hp_per_floor":[54,51,51,54,53,54,54,54,50,50,50,50,54,42,43,54,54,54,33,49,46,46,54,54,42,54,28,28,53,31,35,49,26,54,64,64,27,27,46,46,46,46,60,60,67,67,46,34,42,37],"gold":92,"neow_bonus":"REMOVE_TWO","is_daily":false,"chose_seed":false,"campfire_upgraded":4,"win_rate":0.0,"timestamp":1608004664,"path_taken":["R","M","?","$","E","M","T","M","M","R","?","?","$","M","M","BOSS","R","E","R","$","R","?","T","$","M","M","?","M","?","M","M","BOSS","R_BF","M","E","?","R","?","T","$","?","R","M","?","M","?","M","BOSS"],"items_purchased_type":["Card","Card","Relic","Relic","Card"],"build_version":"2020-12-13","purchased_purges":4,"victory":true,"max_hp_per_floor":[54,54,54,54,54,54,54,54,54,54,54,54,54,54,54,54,54,54,54,54,54,54,54,54,54,54,54,54,54,54,54,54,54,54,64,64,64,64,64,64,64,64,67,67,67,67,67,67,70,73],"relic_stats":{"Regal Pillow":0,"counters":[27,135],"Sundial":[2],"Orichalcum":[108],"obtain_stats":[{"Potion Belt":30,"Regal Pillow":46,"downfall:HeartBlessingRed":18,"Replay:Mystery Machine":19,"Orichalcum":25,"energizedSpire:DeadBattery":17,"Empty Cage":34,"Slimebound:GreedOozeRelic":11,"conspire:GiftBox":5,"downfall:HeartBlessingBlue":35,"Sundial":41,"Slimebound:AbsorbEndCombat":0,"hubris:ToyBattleship":7,"Replay:Bottled Flurry":12,"Membership Card":28,"Toy Ornithopter":37},{"Potion Belt":17,"Regal Pillow":24,"downfall:HeartBlessingRed":10,"Replay:Mystery Machine":11,"Orichalcum":13,"energizedSpire:DeadBattery":10,"Empty Cage":20,"Slimebound:GreedOozeRelic":6,"conspire:GiftBox":3,"downfall:HeartBlessingBlue":20,"Sundial":22,"Slimebound:AbsorbEndCombat":0,"hubris:ToyBattleship":4,"Replay:Bottled Flurry":6,"Membership Card":15,"Toy Ornithopter":22},{"Potion Belt":85,"Regal Pillow":118,"downfall:HeartBlessingRed":43,"Replay:Mystery Machine":48,"Orichalcum":56,"energizedSpire:DeadBattery":43,"Empty Cage":102,"Slimebound:GreedOozeRelic":23,"conspire:GiftBox":13,"downfall:HeartBlessingBlue":102,"Sundial":110,"Slimebound:AbsorbEndCombat":0,"hubris:ToyBattleship":15,"Replay:Bottled Flurry":23,"Membership Card":69,"Toy Ornithopter":110}],"Toy Ornithopter":5},"card_choices":[{"not_picked":["Slimebound:DivideAndConquer","Slimebound:GrowthPunch"],"picked":"Slimebound:Gluttony","floor":2.0},{"not_picked":["Slimebound:SplitBruiser","Slimebound:SplitMire"],"picked":"Slimebound:RejuvenatingLick","floor":4.0},{"not_picked":["Slimebound:RallyTheTroops","Slimebound:LeechLife"],"picked":"Slimebound:DuplicatedForm","floor":5.0},{"not_picked":["Slimebound:LivingWall","Slimebound:GrowthPunch"],"picked":"Slimebound:ComboTackle","floor":5.0},{"not_picked":["Slimebound:RollThrough","Slimebound:FinishingTackle"],"picked":"Slimebound:GoopSpray","floor":6.0},{"not_picked":["Slimebound:SlimeBrawl","Slimebound:DivideAndConquer"],"picked":"Slimebound:AcidTongue","floor":8.0},{"not_picked":["Slimebound:ComboTackle","Slimebound:SlimeBarrage"],"picked":"Slimebound:Schlurp","floor":9.0},{"not_picked":["Slimebound:SplitAcid","Slimebound:DivideAndConquer"],"picked":"Slimebound:ItLooksTasty","floor":12.0},{"not_picked":["Slimebound:GoopSpray","Slimebound:DivideAndConquer","Slimebound:HauntingLick"],"picked":"SKIP","floor":13.0},{"not_picked":["Slimebound:SplitBruiser","Slimebound:ViciousTackle","Slimebound:ItLooksTasty"],"picked":"SKIP","floor":14.0},{"not_picked":["Slimebound:PressTheAttack","Slimebound:SplitAcid"],"picked":"Slimebound:LeechingTouch","floor":15.0},{"not_picked":["Slimebound:CheckThePlaybook","Slimebound:SlimeSlap"],"picked":"Slimebound:LeechLife","floor":16.0},{"not_picked":["Slimebound:FlameTackle","Slimebound:Gluttony"],"picked":"Slimebound:FinishingTackle","floor":19.0},{"not_picked":["Slimebound:SamplingLick","Slimebound:FinishingTackle","Slimebound:SplitMire+1"],"picked":"SKIP","floor":21.0},{"not_picked":["Slimebound:ViciousTackle+1","Slimebound:SplitBruiser"],"picked":"Slimebound:SlimeBarrage","floor":25.0},{"not_picked":["Slimebound:ViciousTackle","Slimebound:ComboTackle","Slimebound:FormOfPuddle+1"],"picked":"SKIP","floor":26.0},{"not_picked":["Slimebound:Gluttony+1","Slimebound:SplitBruiser+1","Slimebound:SplitMire+1"],"picked":"SKIP","floor":27.0},{"not_picked":["Slimebound:SplitLeeching","Slimebound:Prepare"],"picked":"Slimebound:LevelUp","floor":29.0},{"not_picked":["Slimebound:OneTwoCombo","Slimebound:SplitBruiser+1"],"picked":"Slimebound:SplitMire","floor":30.0},{"not_picked":["Slimebound:SplitAcid","Slimebound:ComboTackle+1"],"picked":"Slimebound:Nibble+1","floor":31.0},{"not_picked":["Slimebound:DivideAndConquer","Slimebound:PressTheAttack+1"],"picked":"Slimebound:SamplingLick","floor":32.0},{"not_picked":["Slimebound:SelfFormingGoo","Slimebound:OozeBath"],"picked":"Slimebound:MassFeed","floor":33.0},{"not_picked":["Slimebound:RollThrough+1","Slimebound:SplitLeeching+1"],"picked":"Slimebound:SlimeTap+1","floor":36.0},{"not_picked":["Slimebound:LevelUp","Slimebound:OneTwoCombo"],"picked":"Slimebound:Schlurp","floor":37},{"not_picked":["Slimebound:SamplingLick+1","Slimebound:PressTheAttack","Slimebound:SplitLeeching"],"picked":"SKIP","floor":43},{"not_picked":["Slimebound:SplitBruiser+1","Slimebound:SplitAcid","Slimebound:SlimeSpikes+1"],"picked":"SKIP","floor":45},{"not_picked":["Slimebound:Chomp","Slimebound:SplitAcid+1"],"picked":"Slimebound:Schlurp+1","floor":47},{"not_picked":["Slimebound:MegaLick","Slimebound:PressTheAttack"],"picked":"Slimebound:Dissolve+1","floor":49}],"player_experience":8202,"relics_obtained":[{"floor":5.0,"key":"conspire:GiftBox"},{"floor":7.0,"key":"hubris:ToyBattleship"},{"floor":12.0,"key":"Replay:Bottled Flurry"},{"floor":19.0,"key":"Replay:Mystery Machine"},{"floor":30.0,"key":"Potion Belt"},{"floor":35.0,"key":"Potion Belt"},{"floor":37,"key":"Toy Ornithopter"},{"floor":41,"key":"Sundial"},{"floor":46,"key":"Regal Pillow"}],"event_choices":[{"damage_healed":8.0,"max_hp_gain":0.0,"max_hp_loss":0.0,"gold_gain":0.0,"event_name":"Wheel of Change","player_choice":"Full Heal","floor":23.0,"gold_loss":0.0,"damage_taken":0.0},{"damage_healed":0,"gold_gain":0,"player_choice":"Leave","damage_taken":0,"max_hp_gain":0,"max_hp_loss":0,"event_name":"conspire:Investor","floor":38,"gold_loss":0}],"is_beta":false,"boss_relics":[{"not_picked":["hubris:TerracottaHorce","Fusion Hammer"],"picked":"energizedSpire:DeadBattery"},{"not_picked":["aspiration:FutureDiary","Abe\u0027s Treasure"],"picked":"Empty Cage"}],"items_purged_floors":[25,40,48,48],"is_endless":false,"potions_floor_spawned":[2,8,14,15,19,26,32,33,37,45,49],"ascension_level":0}}