{"host":"3h5qf14xt40jhha0","time":1608012722,"event":{"mods":["AlwaysNeverKeys","BaseMod","Colored Powertips","Minty Spire (QoL Compilation)","Permanent Neow","Relic Stats","StSLib"],"gold_per_floor":[114,114,126,126,143,143,218,238,261,273,298,298,331,351,351,424,424,440,440,60,110,122,122,122,151,151,162,181,215,215,1,1,74,74,85,85,85,63,0,18,45,45,123,123,143,143,143,160,160,160,160,160,160,51,77,77,77],"floor_reached":56,"playtime":3089,"items_purged":["Strike_R","Strike_R"],"score":2025,"play_id":"77400c15-c8c3-4306-98cd-b40ae143f4b6","local_time":"20201215011202","is_ascension_mode":true,"campfire_choices":[{"data":"Iron Wave","floor":6.0,"key":"SMITH"},{"data":"Body Slam","floor":12.0,"key":"SMITH"},{"data":"Power Through","floor":15.0,"key":"SMITH"},{"data":"Barricade","floor":23.0,"key":"SMITH"},{"data":"Corruption","floor":30.0,"key":"SMITH"},{"data":"Battle Trance","floor":32.0,"key":"SMITH"},{"floor":42.0,"key":"RECALL"},{"data":"Sword Boomerang","floor":47.0,"key":"SMITH"},{"data":"Impervious","floor":49.0,"key":"SMITH"},{"data":"Bash","floor":53.0,"key":"SMITH"}],"circlet_count":0,"master_deck":["AscendersBane","Defend_R","Defend_R","Defend_R","Defend_R","Bash+1","Battle Trance+1","Exhume","Anger","Body Slam+1","Barricade+1","Power Through+1","Pummel","Corruption+1","Spot Weakness","Shrug It Off","Battle Trance","Shrug It Off","Twin Strike","Entrench","Impervious+1","Shrug It Off+1","Shrug It Off","Sword Boomerang+1","Reaper","Entrench","Heavy Blade"],"relics":["Burning Blood","Oddly Smooth Stone","Bag of Preparation","Tiny Chest","Blood Vial","Coffee Dripper","Nilry\u0027s Codex","Brimstone","Nunchaku","The Courier","TungstenRod","Happy Flower","Empty Cage","Bottled Lightning","Red Mask","Lantern","Frozen Egg 2","White Beast Statue"],"acts_visited":["Exordium","TheCity","TheBeyond","TheEnding"],"potions_floor_usage":[56],"damage_taken":[{"damage":2.0,"enemies":"Small Slimes","floor":1.0,"turns":5.0},{"damage":6.0,"enemies":"2 Louse","floor":3.0,"turns":3.0},{"damage":4.0,"enemies":"Jaw Worm","floor":5.0,"turns":7.0},{"damage":5.0,"enemies":"Looter","floor":8.0,"turns":3.0},{"damage":0.0,"enemies":"Lots of Slimes","floor":10.0,"turns":2.0},{"damage":28.0,"enemies":"Lagavulin","floor":11.0,"turns":8.0},{"damage":34.0,"enemies":"3 Sentries","floor":13.0,"turns":11.0},{"damage":6.0,"enemies":"Large Slime","floor":14.0,"turns":8.0},{"damage":18.0,"enemies":"Hexaghost","floor":16.0,"turns":8.0},{"damage":4.0,"enemies":"3 Byrds","floor":18.0,"turns":7.0},{"damage":0.0,"enemies":"Spheric Guardian","floor":22.0,"turns":4.0},{"damage":0.0,"enemies":"Shelled Parasite and Fungi","floor":24.0,"turns":1.0},{"damage":29.0,"enemies":"Gremlin Leader","floor":25.0,"turns":8.0},{"damage":0.0,"enemies":"Centurion and Healer","floor":27.0,"turns":4.0},{"damage":1.0,"enemies":"Snake Plant","floor":28.0,"turns":3.0},{"damage":40.0,"enemies":"Book of Stabbing","floor":29.0,"turns":4.0},{"damage":5.0,"enemies":"Champ","floor":33.0,"turns":7.0},{"damage":23.0,"enemies":"3 Darklings","floor":35.0,"turns":4.0},{"damage":0.0,"enemies":"3 Shapes","floor":40.0,"turns":3.0},{"damage":4.0,"enemies":"Reptomancer","floor":41.0,"turns":6.0},{"damage":0.0,"enemies":"Transient","floor":45.0,"turns":6.0},{"damage":0.0,"enemies":"Sphere and 2 Shapes","floor":48.0,"turns":2.0},{"damage":31.0,"enemies":"Time Eater","floor":50.0,"turns":6.0},{"damage":28.0,"enemies":"Awakened One","floor":51.0,"turns":5.0},{"damage":5.0,"enemies":"Shield and Spear","floor":55.0,"turns":5.0},{"damage":81,"enemies":"The Heart","floor":56,"turns":3}],"seed_played":"4268139442470263763","potions_obtained":[{"floor":3.0,"key":"Weak Potion"},{"floor":8.0,"key":"Explosive Potion"},{"floor":10.0,"key":"Swift Potion"},{"floor":13.0,"key":"ColorlessPotion"},{"floor":16.0,"key":"SmokeBomb"},{"floor":22.0,"key":"Weak Potion"},{"floor":25.0,"key":"PowerPotion"},{"floor":27.0,"key":"FearPotion"},{"floor":29.0,"key":"Weak Potion"},{"floor":40.0,"key":"Regen Potion"},{"floor":41.0,"key":"PowerPotion"}],"is_trial":false,"path_per_floor":["M","?","M","?","M","R","?","M","T","M","E","R","E","M","R","B",null,"M","?","$","?","M","R","M","E","T","M","M","E","R","$","R","B",null,"M","T","?","$","?","M","E","R","T","?","M","T","R","M","R","B","B",null,"R","$","E","B"],"character_chosen":"IRONCLAD","items_purchased":["Brimstone","Shrug It Off","Battle Trance","Happy Flower","Shrug It Off","Entrench","Swift Potion"],"campfire_rested":0,"item_purchase_floors":[20,20,20,31,38,54,54],"current_hp_per_floor":[72,72,72,72,74,74,63,64,64,70,48,48,20,22,22,12,59,63,42,42,42,50,50,58,37,37,45,52,20,20,20,20,23,62,47,47,47,47,47,55,74,74,74,71,71,71,71,71,71,71,71,71,71,71,71,0,0],"gold":77,"neow_bonus":"RANDOM_COMMON_RELIC","is_daily":false,"chose_seed":false,"campfire_upgraded":9,"win_rate":0.0,"timestamp":1608012722,"path_taken":["M","?","M","?","M","R","?","?","T","M","E","R","E","M","R","BOSS","M","?","$","?","M","R","M","E","T","?","M","E","R","$","R","BOSS","M","?","?","$","?","M","E","R","T","?","M","?","R","M","R","BOSS","BOSS","R","$","E","BOSS"],"items_purchased_type":["Relic","Card","Card","Relic","Card","Card","Potion"],"build_version":"2020-12-13","purchased_purges":2,"victory":false,"max_hp_per_floor":[75,75,75,75,75,75,75,75,75,75,75,75,75,75,75,75,75,75,75,75,75,75,75,75,75,75,75,75,75,75,75,75,75,75,75,75,75,75,75,75,75,75,75,71,71,71,71,71,71,71,71,71,71,71,71,71,71],"relic_stats":{"Blood Vial":26,"Nunchaku":[11],"Happy Flower":[15],"counters":[26,133],"Tiny Chest":2,"Bag of Preparation":[44],"obtain_stats":[{"Lantern":41,"Happy Flower":31,"Nilry\u0027s Codex":19,"Oddly Smooth Stone":0,"The Courier":26,"Bag of Preparation":9,"Frozen Egg 2":46,"Empty Cage":34,"Burning Blood":0,"White Beast Statue":55,"Blood Vial":13,"Nunchaku":25,"Brimstone":20,"Tiny Chest":11,"Coffee Dripper":17,"Red Mask":39,"Bottled Lightning":36,"TungstenRod":29},{"Lantern":20,"Happy Flower":16,"Nilry\u0027s Codex":10,"Oddly Smooth Stone":0,"The Courier":13,"Bag of Preparation":4,"Frozen Egg 2":21,"Empty Cage":17,"Burning Blood":0,"White Beast Statue":25,"Blood Vial":7,"Nunchaku":13,"Brimstone":10,"Tiny Chest":6,"Coffee Dripper":9,"Red Mask":18,"Bottled Lightning":18,"TungstenRod":16},{"Lantern":106,"Happy Flower":86,"Nilry\u0027s Codex":62,"Oddly Smooth Stone":0,"The Courier":75,"Bag of Preparation":18,"Frozen Egg 2":112,"Empty Cage":93,"Burning Blood":0,"White Beast Statue":130,"Blood Vial":39,"Nunchaku":75,"Brimstone":62,"Tiny Chest":28,"Coffee Dripper":55,"Red Mask":97,"Bottled Lightning":97,"TungstenRod":86}],"Burning Blood":126,"TungstenRod":17},"card_choices":[{"not_picked":["True Grit","Flex"],"picked":"Battle Trance","floor":1.0},{"not_picked":["Shrug It Off","Power Through"],"picked":"Iron Wave","floor":3.0},{"not_picked":["Seeing Red","Perfected Strike"],"picked":"Anger","floor":5.0},{"not_picked":["Heavy Blade","Second Wind"],"picked":"Body Slam","floor":8.0},{"not_picked":["Thunderclap","Dark Embrace","Dropkick"],"picked":"SKIP","floor":10.0},{"not_picked":["Inflame","Heavy Blade"],"picked":"Barricade","floor":11.0},{"not_picked":["Feel No Pain","Headbutt"],"picked":"Power Through","floor":13.0},{"not_picked":["Warcry","Rupture"],"picked":"Pummel","floor":14.0},{"not_picked":["Demon Form","Barricade"],"picked":"Corruption","floor":16.0},{"not_picked":["Perfected Strike","Uppercut"],"picked":"Spot Weakness","floor":18.0},{"not_picked":["Sword Boomerang","Whirlwind"],"picked":"Shrug It Off","floor":22.0},{"not_picked":["Dropkick","Havoc"],"picked":"Twin Strike","floor":25.0},{"not_picked":["Havoc","Heavy Blade","Anger"],"picked":"SKIP","floor":27.0},{"not_picked":["Perfected Strike+1","Rampage","Fire Breathing"],"picked":"SKIP","floor":28.0},{"not_picked":["Flex","Reckless Charge"],"picked":"Entrench","floor":29.0},{"not_picked":["Brutality","Bludgeon"],"picked":"Impervious","floor":33.0},{"not_picked":["Sword Boomerang","Perfected Strike"],"picked":"Shrug It Off+1","floor":35.0},{"not_picked":["Twin Strike","Perfected Strike"],"picked":"Sword Boomerang","floor":40.0},{"not_picked":["Perfected Strike","Burning Pact"],"picked":"Reaper","floor":41.0},{"not_picked":["Wild Strike","Iron Wave","Intimidate"],"picked":"SKIP","floor":45.0},{"not_picked":["Clash","Sword Boomerang","Perfected Strike"],"picked":"SKIP","floor":48.0},{"not_picked":["Cleave","Feed"],"picked":"Heavy Blade","floor":55.0}],"player_experience":1244290,"relics_obtained":[{"floor":9.0,"key":"Bag of Preparation"},{"floor":11.0,"key":"Tiny Chest"},{"floor":13.0,"key":"Blood Vial"},{"floor":19.0,"key":"Nilry\u0027s Codex"},{"floor":25.0,"key":"Nunchaku"},{"floor":26.0,"key":"The Courier"},{"floor":29.0,"key":"TungstenRod"},{"floor":36.0,"key":"Bottled Lightning"},{"floor":41.0,"key":"Lantern"},{"floor":46.0,"key":"Frozen Egg 2"},{"floor":55.0,"key":"White Beast Statue"}],"event_choices":[{"damage_healed":0.0,"max_hp_gain":0.0,"max_hp_loss":0.0,"gold_gain":0.0,"event_name":"Liars Game","player_choice":"Ignored","floor":2.0,"gold_loss":0.0,"damage_taken":0.0},{"damage_healed":0.0,"max_hp_gain":0.0,"max_hp_loss":0.0,"gold_gain":0.0,"cards_transformed":["Strike_R"],"event_name":"Living Wall","player_choice":"Change","floor":4.0,"gold_loss":0.0,"damage_taken":0.0,"cards_obtained":["Exhume"]},{"damage_healed":0.0,"max_hp_gain":0.0,"max_hp_loss":0.0,"gold_gain":75.0,"event_name":"World of Goop","player_choice":"Gather Gold","floor":7.0,"gold_loss":0.0,"damage_taken":11.0},{"damage_healed":0.0,"max_hp_gain":0.0,"max_hp_loss":0.0,"gold_gain":0.0,"event_name":"Cursed Tome","player_choice":"Obtained Book","floor":19.0,"gold_loss":0.0,"damage_taken":21.0},{"damage_healed":0.0,"max_hp_gain":0.0,"max_hp_loss":0.0,"gold_gain":50.0,"event_name":"Golden Shrine","player_choice":"Pray","floor":21.0,"gold_loss":0.0,"damage_taken":0.0},{"cards_removed":["Iron Wave"],"damage_healed":0.0,"max_hp_gain":0.0,"max_hp_loss":0.0,"gold_gain":0.0,"event_name":"Falling","player_choice":"Removed Attack","floor":37.0,"gold_loss":0.0,"damage_taken":0.0},{"damage_healed":0.0,"max_hp_gain":0.0,"max_hp_loss":0.0,"gold_gain":0.0,"event_name":"Tomb of Lord Red Mask","player_choice":"Paid","floor":39.0,"gold_loss":63.0,"damage_taken":0.0,"relics_obtained":["Red Mask"]},{"damage_healed":0.0,"max_hp_gain":0.0,"max_hp_loss":4.0,"gold_gain":0.0,"event_name":"Winding Halls","player_choice":"Max HP","floor":44.0,"gold_loss":0.0,"damage_taken":0.0}],"is_beta":false,"boss_relics":[{"not_picked":["Cursed Key","Runic Dome"],"picked":"Coffee Dripper"},{"not_picked":["Black Star","Calling Bell"],"picked":"Empty Cage"}],"items_purged_floors":[20,31],"is_endless":false,"potions_floor_spawned":[3,8,10,13,16,22,25,27,29,40,41,45],"killed_by":"The Heart","ascension_level":20}}