{"host":"mi1ox2k6wy3juh8w","time":1608062426,"event":{"mods":["AchievementEnabler","BaseMod","Colored Map","GifTheSpireLib","Minty Spire (QoL Compilation)","StSLib","SuperFastMode"],"gold_per_floor":[114,39,39,59,73,108,124,124,147,161,174,174,206,223,223,323,323,342,342,367,367,382,382,402,421,500,102,102,114,114,39,39,137,137,150,64,82,82,101,101,101,112,112,122,133,153,153,178,178,178,178,178,178,213,213],"floor_reached":56,"playtime":2128,"items_purged":["Strike_G","Strike_G"],"score":1520,"play_id":"b2e96734-d9de-467e-8c7e-3b93d5ee8379","local_time":"20201216050026","is_ascension_mode":true,"campfire_choices":[{"data":"Defend_G","floor":8.0,"key":"PURGE"},{"data":"Wraith Form v2","floor":12.0,"key":"SMITH"},{"data":"Prepared","floor":15.0,"key":"SMITH"},{"data":"Strike_G","floor":23.0,"key":"PURGE"},{"data":"Strike_G","floor":28.0,"key":"PURGE"},{"data":"Defend_G","floor":30.0,"key":"PURGE"},{"data":"Acrobatics","floor":32.0,"key":"SMITH"},{"data":"Defend_G","floor":41.0,"key":"PURGE"},{"floor":49.0,"key":"RECALL"},{"data":"Sucker Punch","floor":52.0,"key":"PURGE"}],"circlet_count":0,"master_deck":["Survivor","Neutralize","Prepared+1","Eviscerate","Acrobatics+1","Wraith Form v2+1","Backflip","Corpse Explosion","Reflex"],"relics":["Ring of the Snake","Peace Pipe","Akabeko","Toy Ornithopter","Bronze Scales","Sozu","MutagenicStrength","Red Mask","Nilry\u0027s Codex","Pantograph","Tingsha","SlaversCollar","MealTicket","Lizard Tail","Ornamental Fan"],"acts_visited":["Exordium","TheCity","TheBeyond","TheEnding"],"potions_floor_usage":[],"damage_taken":[{"damage":0.0,"enemies":"Cultist","floor":1.0,"turns":4.0},{"damage":4.0,"enemies":"Small Slimes","floor":4.0,"turns":5.0},{"damage":2.0,"enemies":"2 Louse","floor":5.0,"turns":2.0},{"damage":7.0,"enemies":"Gremlin Nob","floor":6.0,"turns":3.0},{"damage":5.0,"enemies":"Blue Slaver","floor":7.0,"turns":3.0},{"damage":0.0,"enemies":"Exordium Wildlife","floor":10.0,"turns":3.0},{"damage":0.0,"enemies":"Looter","floor":11.0,"turns":2.0},{"damage":21.0,"enemies":"3 Sentries","floor":13.0,"turns":8.0},{"damage":0.0,"enemies":"Exordium Thugs","floor":14.0,"turns":2.0},{"damage":16.0,"enemies":"Slime Boss","floor":16.0,"turns":9.0},{"damage":6.0,"enemies":"2 Thieves","floor":18.0,"turns":2.0},{"damage":0.0,"enemies":"Masked Bandits","floor":20.0,"turns":2.0},{"damage":4.0,"enemies":"Shell Parasite","floor":22.0,"turns":5.0},{"damage":0.0,"enemies":"Chosen and Byrds","floor":24.0,"turns":4.0},{"damage":10.0,"enemies":"Snake Plant","floor":25.0,"turns":2.0},{"damage":1.0,"enemies":"Shelled Parasite and Fungi","floor":29.0,"turns":4.0},{"damage":17.0,"enemies":"Collector","floor":33.0,"turns":3.0},{"damage":4.0,"enemies":"3 Shapes","floor":35.0,"turns":2.0},{"damage":0.0,"enemies":"Orb Walker","floor":37.0,"turns":1.0},{"damage":0.0,"enemies":"Maw","floor":39.0,"turns":1.0},{"damage":0.0,"enemies":"2 Orb Walkers","floor":40.0,"turns":1.0},{"damage":0.0,"enemies":"Writhing Mass","floor":42.0,"turns":1.0},{"damage":0.0,"enemies":"Spire Growth","floor":44.0,"turns":1.0},{"damage":0.0,"enemies":"3 Darklings","floor":45.0,"turns":1.0},{"damage":0.0,"enemies":"Jaw Worm Horde","floor":46.0,"turns":1.0},{"damage":0.0,"enemies":"Reptomancer","floor":48.0,"turns":1.0},{"damage":0.0,"enemies":"Donu and Deca","floor":50.0,"turns":1.0},{"damage":0.0,"enemies":"Shield and Spear","floor":54.0,"turns":1.0},{"damage":23,"enemies":"The Heart","floor":55,"turns":4}],"seed_played":"-4714881607447041581","potions_obtained":[{"floor":1.0,"key":"LiquidMemories"},{"floor":6.0,"key":"CultistPotion"},{"floor":10.0,"key":"DistilledChaos"},{"floor":11.0,"key":"SpeedPotion"}],"is_trial":false,"path_per_floor":["M","$","?","M","M","E","M","R","T","M","M","R","E","M","R","B",null,"M","?","?","?","M","R","M","M","T","$","R","M","R","?","R","B",null,"M","?","M","?","M","?","R","M","T","M","M","M","?","E","R","B",null,"R","$","E","B",null],"character_chosen":"THE_SILENT","items_purchased":["Tingsha"],"campfire_rested":0,"item_purchase_floors":[27],"current_hp_per_floor":[49,49,49,45,43,36,31,31,31,31,31,31,10,15,15,9,70,64,64,64,48,44,44,44,34,34,34,34,33,33,33,33,41,70,66,66,66,66,66,66,66,66,66,66,66,66,66,66,66,70,70,70,70,70,47],"gold":213,"neow_bonus":"ONE_RARE_RELIC","is_daily":false,"chose_seed":false,"campfire_upgraded":3,"win_rate":0.0,"timestamp":1608062426,"path_taken":["M","$","?","M","M","E","M","R","T","M","M","R","E","M","R","BOSS","M","?","?","?","M","R","M","M","T","$","R","?","R","?","R","BOSS","M","?","?","?","M","?","R","M","T","M","?","M","?","E","R","BOSS","R","$","E","BOSS"],"items_purchased_type":["Relic"],"build_version":"2020-12-13","purchased_purges":2,"victory":true,"max_hp_per_floor":[70,70,70,70,70,70,70,70,70,70,70,70,70,70,70,70,70,70,70,70,70,70,70,70,70,70,70,70,70,70,70,70,70,70,70,70,70,70,70,70,70,70,70,70,70,70,70,70,70,70,70,70,70,70,70],"card_choices":[{"not_picked":["Cloak And Dagger","Deflect"],"picked":"Prepared","floor":1.0},{"not_picked":["Dagger Spray","Deflect"],"picked":"Eviscerate","floor":4.0},{"not_picked":["Deadly Poison","Masterful Stab","Footwork"],"picked":"SKIP","floor":5.0},{"not_picked":["Unload","Bane","Blade Dance"],"picked":"SKIP","floor":6.0},{"not_picked":["Prepared","Poisoned Stab","Cloak And Dagger"],"picked":"SKIP","floor":7.0},{"not_picked":["Deflect","Sucker Punch"],"picked":"Acrobatics","floor":10.0},{"not_picked":["Deflect","Outmaneuver"],"picked":"Wraith Form v2","floor":11.0},{"not_picked":["Flying Knee","Well Laid Plans"],"picked":"Backflip","floor":13.0},{"not_picked":["Sucker Punch","Choke","Dash"],"picked":"SKIP","floor":14.0},{"not_picked":["Phantasmal Killer","Tools of the Trade"],"picked":"Corpse Explosion","floor":16.0},{"not_picked":["Infinite Blades","Poisoned Stab+1","Outmaneuver"],"picked":"SKIP","floor":18.0},{"not_picked":["Dagger Throw","Crippling Poison"],"picked":"Reflex","floor":22.0},{"not_picked":["Finisher+1","Footwork","Burst"],"picked":"SKIP","floor":24.0},{"not_picked":["Underhanded Strike+1","PiercingWail","Slice"],"picked":"SKIP","floor":25.0},{"not_picked":["Deflect","Noxious Fumes+1","Concentrate"],"picked":"SKIP","floor":29.0},{"not_picked":["Outmaneuver+1","Sucker Punch","Deflect+1"],"picked":"SKIP","floor":35.0},{"not_picked":["Dagger Spray","Distraction+1","Dodge and Roll"],"picked":"SKIP","floor":37.0},{"not_picked":["Dagger Throw","Masterful Stab","Expertise"],"picked":"SKIP","floor":39.0},{"not_picked":["Slice","Backflip","Caltrops+1"],"picked":"SKIP","floor":42.0},{"not_picked":["Cloak And Dagger","Accuracy","Concentrate+1"],"picked":"SKIP","floor":44.0},{"not_picked":["Blade Dance+1","Infinite Blades+1","Catalyst+1"],"picked":"SKIP","floor":45.0},{"not_picked":["Dodge and Roll","Underhanded Strike+1","Prepared+1"],"picked":"SKIP","floor":46.0},{"not_picked":["Deflect+1","Night Terror","Sucker Punch+1"],"picked":"SKIP","floor":48.0},{"not_picked":["Storm of Steel","Dagger Spray","Dagger Throw"],"picked":"SKIP","floor":54.0}],"player_experience":243985,"relics_obtained":[{"floor":6.0,"key":"Akabeko"},{"floor":9.0,"key":"Toy Ornithopter"},{"floor":13.0,"key":"Bronze Scales"},{"floor":20.0,"key":"Red Mask"},{"floor":21.0,"key":"Nilry\u0027s Codex"},{"floor":26.0,"key":"Pantograph"},{"floor":48.0,"key":"Lizard Tail"},{"floor":54.0,"key":"Ornamental Fan"}],"event_choices":[{"damage_healed":0.0,"max_hp_gain":0.0,"max_hp_loss":0.0,"gold_gain":0.0,"cards_transformed":["Defend_G"],"event_name":"Living Wall","player_choice":"Change","floor":3.0,"gold_loss":0.0,"damage_taken":0.0,"cards_obtained":["Sucker Punch"]},{"damage_healed":0.0,"max_hp_gain":0.0,"max_hp_loss":0.0,"gold_gain":0.0,"event_name":"Drug Dealer","player_choice":"Inject Mutagens","floor":19.0,"gold_loss":0.0,"damage_taken":0.0,"relics_obtained":["MutagenicStrength"]},{"damage_healed":0.0,"max_hp_gain":0.0,"max_hp_loss":0.0,"gold_gain":0.0,"event_name":"Masked Bandits","player_choice":"Fought Bandits","floor":20.0,"gold_loss":0.0,"damage_taken":0.0},{"damage_healed":0.0,"max_hp_gain":0.0,"max_hp_loss":0.0,"gold_gain":0.0,"event_name":"Cursed Tome","player_choice":"Obtained Book","floor":21.0,"gold_loss":0.0,"damage_taken":16.0},{"cards_removed":["Strike_G"],"damage_healed":0.0,"max_hp_gain":0.0,"max_hp_loss":0.0,"gold_gain":0.0,"event_name":"Beggar","player_choice":"Gave Gold","floor":31.0,"gold_loss":75.0,"damage_taken":0.0},{"damage_healed":0.0,"max_hp_gain":0.0,"max_hp_loss":0.0,"gold_gain":0.0,"event_name":"WeMeetAgain","player_choice":"Paid Gold","floor":36.0,"gold_loss":86.0,"damage_taken":0.0,"relics_obtained":["MealTicket"]},{"cards_removed":["Defend_G"],"damage_healed":0.0,"max_hp_gain":0.0,"max_hp_loss":0.0,"gold_gain":0.0,"event_name":"Falling","player_choice":"Removed Skill","floor":38.0,"gold_loss":0.0,"damage_taken":0.0},{"damage_healed":0.0,"max_hp_gain":0.0,"max_hp_loss":0.0,"gold_gain":0.0,"event_name":"Mysterious Sphere","player_choice":"Fight","floor":40.0,"gold_loss":0.0,"damage_taken":0.0},{"damage_healed":0.0,"max_hp_gain":0.0,"max_hp_loss":0.0,"gold_gain":0.0,"event_name":"SensoryStone","player_choice":"Memory 1","floor":47.0,"gold_loss":0.0,"damage_taken":0.0}],"is_beta":false,"boss_relics":[{"not_picked":["SacredBark","Coffee Dripper"],"picked":"Sozu"},{"not_picked":["Ring of the Serpent","Philosopher\u0027s Stone"],"picked":"SlaversCollar"}],"items_purged_floors":[2,27],"is_endless":false,"potions_floor_spawned":[1,6,10,11,20,24,33,39,45,46,48],"ascension_level":2}}