{"host":"og6lam4kt3nibbw0","time":1608049438,"event":{"mods":["AchievementEnabler","BaseMod","Colored Map","DeckTracker","Highlight Path","Keyboard Shortcuts","Minty Spire (QoL Compilation)","Permanent Neow","Quick Restart","StSLib","SuperFastMode"],"gold_per_floor":[114,127,127,127,142,170,170,186,210,135,35,52,52,80,80,157,157,157,172,172,222,234,234,234,234],"floor_reached":24,"playtime":1056,"items_purged":["Strike_G","Defend_G"],"score":462,"play_id":"a4dd29a3-3b6e-4d30-9d5f-f972538bc9bc","local_time":"20201216012358","is_ascension_mode":true,"campfire_choices":[{"data":"Footwork","floor":7.0,"key":"SMITH"},{"floor":13.0,"key":"REST"},{"floor":15.0,"key":"REST"},{"floor":23,"key":"REST"}],"circlet_count":0,"master_deck":["AscendersBane","Strike_G","Strike_G","Strike_G","Defend_G","Defend_G","Defend_G","Survivor","Neutralize","Dagger Throw","Underhanded Strike","Footwork+1","Noxious Fumes","Underhanded Strike","All Out Attack","Backflip","Prepared","Wraith Form v2","Catalyst","Bouncing Flask","Venomology","Dagger Throw"],"relics":["Ring of the Serpent","Prayer Wheel","Bag of Preparation","PreservedInsect","Happy Flower"],"acts_visited":["Exordium","TheCity"],"potions_floor_usage":[22,24],"damage_taken":[{"damage":1.0,"enemies":"2 Louse","floor":1.0,"turns":4.0},{"damage":2.0,"enemies":"Jaw Worm","floor":2.0,"turns":3.0},{"damage":9.0,"enemies":"Cultist","floor":5.0,"turns":5.0},{"damage":24.0,"enemies":"Gremlin Nob","floor":6.0,"turns":4.0},{"damage":12.0,"enemies":"Gremlin Gang","floor":8.0,"turns":5.0},{"damage":11.0,"enemies":"Exordium Thugs","floor":12.0,"turns":4.0},{"damage":0.0,"enemies":"Lagavulin","floor":14.0,"turns":4.0},{"damage":29.0,"enemies":"The Guardian","floor":16.0,"turns":13.0},{"damage":0.0,"enemies":"Spheric Guardian","floor":18.0,"turns":1.0},{"damage":18.0,"enemies":"Shell Parasite","floor":19.0,"turns":7.0},{"damage":14,"enemies":"Centurion and Healer","floor":22,"turns":6},{"damage":39,"enemies":"Shelled Parasite and Fungi","floor":24,"turns":5}],"seed_played":"-7631565717442756201","potions_obtained":[{"floor":2.0,"key":"PowerPotion"},{"floor":6.0,"key":"BlessingOfTheForge"},{"floor":12.0,"key":"ColorlessPotion"},{"floor":16.0,"key":"SmokeBomb"}],"is_trial":false,"path_per_floor":["M","M","?","?","M","E","R","M","T","$","$","M","R","E","R","B",null,"M","M","?","?","M","R","M"],"character_chosen":"THE_SILENT","items_purchased":[],"campfire_rested":3,"item_purchase_floors":[],"current_hp_per_floor":[58,56,56,61,52,28,28,16,16,16,16,5,24,24,43,14,52,52,34,34,34,20,39,0,0],"gold":234,"neow_bonus":"ONE_RARE_RELIC","is_daily":false,"chose_seed":false,"campfire_upgraded":1,"win_rate":0.0,"timestamp":1608049438,"path_taken":["M","M","?","?","M","E","R","M","T","?","$","M","R","E","R","BOSS","M","M","?","?","M","R","M"],"items_purchased_type":[],"build_version":"2020-12-13","purchased_purges":2,"victory":false,"max_hp_per_floor":[60,60,60,65,65,65,65,65,65,65,65,65,65,65,65,65,65,65,65,65,65,65,65,65,65],"card_choices":[{"not_picked":["Deflect","Catalyst"],"picked":"Dagger Throw","floor":1.0},{"not_picked":["Deflect","Finisher"],"picked":"Underhanded Strike","floor":1.0},{"not_picked":["Cloak And Dagger","Predator"],"picked":"Footwork","floor":2.0},{"not_picked":["Crippling Poison","Heel Hook","Cloak And Dagger"],"picked":"SKIP","floor":2.0},{"not_picked":["Dagger Throw","Storm of Steel"],"picked":"Noxious Fumes","floor":5.0},{"not_picked":["Bane","Finisher","Cloak And Dagger"],"picked":"SKIP","floor":5.0},{"not_picked":["Choke","Deflect"],"picked":"Underhanded Strike","floor":6.0},{"not_picked":["Blade Dance","Expertise"],"picked":"All Out Attack","floor":8.0},{"not_picked":["Flying Knee","Outmaneuver"],"picked":"Backflip","floor":8.0},{"not_picked":["Venomology","Endless Agony"],"picked":"Prepared","floor":12.0},{"not_picked":["Poisoned Stab","Underhanded Strike","Noxious Fumes"],"picked":"SKIP","floor":12.0},{"not_picked":["Poisoned Stab","Bane","Underhanded Strike"],"picked":"SKIP","floor":14.0},{"not_picked":["Malaise","A Thousand Cuts"],"picked":"Wraith Form v2","floor":16.0},{"not_picked":["Sucker Punch+1","Blade Dance+1"],"picked":"Catalyst","floor":19.0},{"not_picked":["Quick Slash","Cloak And Dagger"],"picked":"Bouncing Flask","floor":19.0},{"not_picked":["Poisoned Stab","Cloak And Dagger","Deflect"],"picked":"SKIP","floor":22},{"not_picked":["Reflex","Cloak And Dagger","Expertise"],"picked":"SKIP","floor":22}],"player_experience":757643,"relics_obtained":[{"floor":6.0,"key":"Bag of Preparation"},{"floor":9.0,"key":"PreservedInsect"},{"floor":14.0,"key":"Happy Flower"}],"event_choices":[{"damage_healed":0.0,"max_hp_gain":0.0,"max_hp_loss":0.0,"gold_gain":0.0,"event_name":"Shining Light","player_choice":"Ignored","floor":3.0,"gold_loss":0.0,"damage_taken":0.0},{"damage_healed":0.0,"max_hp_gain":5.0,"max_hp_loss":0.0,"gold_gain":0.0,"event_name":"Big Fish","player_choice":"Donut","floor":4.0,"gold_loss":0.0,"damage_taken":0.0},{"damage_healed":0.0,"max_hp_gain":0.0,"max_hp_loss":0.0,"gold_gain":0.0,"cards_transformed":["Strike_G","Defend_G"],"event_name":"Drug Dealer","player_choice":"Became Test Subject","floor":20.0,"gold_loss":0.0,"damage_taken":0.0,"cards_obtained":["Venomology","Dagger Throw"]},{"damage_healed":0.0,"max_hp_gain":0.0,"max_hp_loss":0.0,"gold_gain":50.0,"event_name":"Nest","player_choice":"Stole From Cult","floor":21.0,"gold_loss":0.0,"damage_taken":0.0}],"is_beta":false,"boss_relics":[{"not_picked":["Velvet Choker","Runic Dome"],"picked":"Ring of the Serpent"}],"items_purged_floors":[10,11],"is_endless":false,"potions_floor_spawned":[2,6,12,16],"killed_by":"Shelled Parasite and Fungi","ascension_level":20}}