{"host":"ctlqibkg0sskiu65","time":1608033114,"event":{"mods":["2.2 Compatiblity","AchievementEnabler","Aspiration","BaseMod","BetterRewards","Colored Map","Colored Powertips","Conspire","Downfall","Fiend Mod","Hermit","Infinite Spire","Minty Spire (QoL Compilation)","Quick Restart","Replay The Spire","Shop Mod","StSLib","The Bladedancer","The Cursed","The Hierophant","The Jungle","The Kombatant","The Servant 0.9.4","TheBandit"],"gold_per_floor":[112,112,126,141,141,141,141,141,141,174,25,41,41,41,41,140,140,159,159,172,172,191,520,520,532,532,532,550,576,576,576],"floor_reached":30,"playtime":1227,"items_purged":["Strike_R"],"score":398,"play_id":"dac7fcb2-8f2d-4662-a038-af0094e7cb43","local_time":"20201215055154","is_ascension_mode":false,"campfire_choices":[{"data":"Feed","floor":6,"key":"SMITH"},{"data":"Anger","floor":13,"key":"SMITH"},{"data":"Bash","floor":15,"key":"SMITH"},{"data":"Metallicize","floor":24,"key":"SMITH"},{"data":"Defend_R","floor":27,"key":"SMITH"}],"circlet_count":0,"master_deck":["Strike_R","Strike_R","Strike_R","Defend_R","Defend_R","Defend_R","Defend_R+1","Bash+1","Anger+1","Limit Break","Feed+1","Body Slam+1","Metallicize+1","ReplayTheSpireMod:Stacked","Iron Wave+1","Metallicize","Body Slam+1"],"relics":["Burning Blood","Thread and Needle","Molten Egg 2","Bird Faced Urn","Pocketwatch","aspiration:Nostalgia","hermit:Momento","aspiration:PoetsPen_weak","MutagenicStrength","Old Coin","Prayer Wheel","Pen Nib"],"acts_visited":["Exordium","TheCity"],"potions_floor_usage":[16,16,25,30,30],"damage_taken":[{"damage":0,"enemies":"2 Louse","floor":1,"turns":3},{"damage":0,"enemies":"infinitespire:Voidling","floor":3,"turns":4},{"damage":2,"enemies":"Jaw Worm","floor":4,"turns":3},{"damage":30,"enemies":"Lagavulin","floor":10,"turns":8},{"damage":0,"enemies":"3 Louse","floor":12,"turns":4},{"damage":35,"enemies":"Hexaghost","floor":16,"turns":9},{"damage":1,"enemies":"Chosen","floor":18,"turns":4},{"damage":10,"enemies":"Spheric Guardian","floor":20,"turns":4},{"damage":5,"enemies":"Cultist and Chosen","floor":22,"turns":6},{"damage":0,"enemies":"Replay:Snechameleon","floor":23,"turns":6},{"damage":0,"enemies":"3 Cultists","floor":25,"turns":5},{"damage":3,"enemies":"Centurion and Healer","floor":28,"turns":5},{"damage":103,"enemies":"Nightmare","floor":30,"turns":7}],"seed_played":"-8933551905827167054","potions_obtained":[{"floor":1,"key":"SteroidPotion"},{"floor":12,"key":"Swift Potion"},{"floor":18,"key":"ColorlessPotion"},{"floor":22,"key":"GamblersBrew"},{"floor":25,"key":"Fire Potion"}],"is_trial":false,"path_per_floor":["M","?","M","M","?","R","?","?","T","E","$","M","R","$","R","B",null,"M","?","M","?","M","E","R","M","T","R","M","T","NM"],"character_chosen":"IRONCLAD","items_purchased":["aspiration:Nostalgia"],"campfire_rested":0,"item_purchase_floors":[11],"current_hp_per_floor":[80,80,80,80,80,80,68,68,68,48,48,58,58,58,58,29,88,92,86,88,88,91,100,100,100,100,100,100,100,0,0],"gold":576,"neow_bonus":"","is_daily":false,"chose_seed":false,"campfire_upgraded":5,"win_rate":0.0,"timestamp":1608033114,"path_taken":["M","?","?","M","?","R","?","?","T","E","$","M","R","?","R","BOSS","M","?","?","?","M","E","R","M","T","R","M","?","NM"],"items_purchased_type":["Relic"],"build_version":"2020-12-13","purchased_purges":1,"victory":false,"max_hp_per_floor":[80,80,80,80,80,80,80,80,80,84,84,88,88,88,88,88,88,92,92,96,96,96,100,100,100,100,100,100,100,100,100],"card_choices":[{"not_picked":["Sword Boomerang","Cleave"],"picked":"Anger","floor":1},{"not_picked":["Warcry","Run Through","True Grit"],"picked":"SKIP","floor":3},{"not_picked":["Twin Strike","Disarm"],"picked":"Feed","floor":4},{"not_picked":["Defy Death","Body Slam+1","Fire Breathing"],"picked":"SKIP","floor":10},{"not_picked":["Defy Death","Fire Breathing"],"picked":"Body Slam+1","floor":10},{"not_picked":["Headbutt+1","Body Slam+1","ReplayTheSpireMod:LeadingStrike+1"],"picked":"SKIP","floor":12},{"not_picked":["Sword Boomerang+1","Perfected Strike+1"],"picked":"Metallicize","floor":18},{"not_picked":["Warcry","Body Slam+1"],"picked":"ReplayTheSpireMod:Stacked","floor":20},{"not_picked":["Massacre+1","Carnage+1"],"picked":"Iron Wave+1","floor":22},{"not_picked":["Dropkick+1","Headbutt+1","Impervious"],"picked":"SKIP","floor":23},{"not_picked":["Armaments+1","Seeing Red","Clash+1"],"picked":"SKIP","floor":25},{"not_picked":["Hemokinesis+1","Seeing Red"],"picked":"Metallicize","floor":28},{"not_picked":["True Grit","Twin Strike+1"],"picked":"Body Slam+1","floor":28}],"player_experience":144394,"relics_obtained":[{"floor":9,"key":"Bird Faced Urn"},{"floor":10,"key":"Pocketwatch"},{"floor":23,"key":"Old Coin"},{"floor":26,"key":"Prayer Wheel"},{"floor":29,"key":"Pen Nib"}],"event_choices":[{"damage_healed":0,"gold_gain":0,"cards_transformed":["Strike_R"],"player_choice":"Transformed","damage_taken":0,"max_hp_gain":0,"max_hp_loss":0,"event_name":"Transmorgrifier","floor":2,"gold_loss":0,"cards_obtained":["Limit Break"]},{"damage_healed":0,"gold_gain":0,"player_choice":"Ignored","damage_taken":0,"max_hp_gain":0,"max_hp_loss":0,"event_name":"Liars Game","floor":5,"gold_loss":0},{"damage_healed":0,"gold_gain":0,"player_choice":"Success","damage_taken":12,"relics_obtained":["Molten Egg 2"],"max_hp_gain":0,"max_hp_loss":0,"event_name":"Scrap Ooze","floor":7,"gold_loss":0},{"damage_healed":0,"gold_gain":0,"player_choice":"Searched \u00270\u0027 times","damage_taken":0,"max_hp_gain":0,"max_hp_loss":0,"event_name":"Dead Adventurer","floor":8,"gold_loss":0},{"damage_healed":0,"gold_gain":0,"player_choice":"","damage_taken":6,"max_hp_gain":0,"max_hp_loss":0,"event_name":"Knowing Skull","floor":19,"potions_obtained":[],"gold_loss":0,"cards_obtained":[]},{"damage_healed":0,"gold_gain":0,"player_choice":"Inject Mutagens","damage_taken":0,"relics_obtained":["MutagenicStrength"],"max_hp_gain":0,"max_hp_loss":0,"event_name":"Drug Dealer","floor":21,"gold_loss":0}],"is_beta":false,"boss_relics":[{"not_picked":["Ectoplasm","Kintsugi"],"picked":"aspiration:PoetsPen_weak"}],"items_purged_floors":[0],"is_endless":false,"potions_floor_spawned":[1,12,18,22,25],"killed_by":"Nightmare","ascension_level":0}}