{"host":"cr9rpoy6dx9riis3","time":1608058794,"event":{"mods":["AchievementEnabler","BaseMod","Better Altar","Better Note","Better Sensory Stone","Better Skull","Better Third Choice","Better-Laid Plans","BetterRewards","Block Reminder","Curses Come First","Displayed Cursed Tome","Emptier Cage","Marked Mod","Minty Spire (QoL Compilation)","Permanent Neow","Relic Sorter","StSLib","The Blue Laboratory","Transform Curses"],"gold_per_floor":[116,135,135,62,62,94,94,113,113,113,113],"floor_reached":10,"playtime":296,"items_purged":[],"score":76,"play_id":"63ba42a1-cfe8-4f80-b0fa-0616f0dc2af3","local_time":"20201215195954","is_ascension_mode":true,"campfire_choices":[{"data":"Reaper","floor":7,"key":"SMITH"}],"circlet_count":0,"master_deck":["Strike_R","Strike_R","Strike_R","Strike_R","Strike_R","Defend_R","Defend_R","Defend_R","Defend_R","Bash","Reaper+1","Fiend Fire","Ghostly Armor","Burning Pact"],"relics":["Burning Blood","White Beast Statue"],"acts_visited":["Exordium"],"potions_floor_usage":[6,10],"damage_taken":[{"damage":6,"enemies":"Cultist","floor":1,"turns":4},{"damage":13,"enemies":"Jaw Worm","floor":2,"turns":4},{"damage":20,"enemies":"Gremlin Nob","floor":6,"turns":5},{"damage":3,"enemies":"Small Slimes","floor":8,"turns":4},{"damage":92,"enemies":"Lagavulin","floor":10,"turns":9}],"seed_played":"4271349788976539040","potions_obtained":[{"floor":1,"key":"Dexterity Potion"},{"floor":2,"key":"Block Potion"}],"is_trial":false,"path_per_floor":["M","M","T","$","?","E","R","M","T","E"],"character_chosen":"IRONCLAD","items_purchased":["Ghostly Armor"],"campfire_rested":0,"item_purchase_floors":[4],"current_hp_per_floor":[80,77,77,77,77,67,67,75,75,0,0],"gold":113,"neow_bonus":"THREE_RARE_CARDS","is_daily":false,"chose_seed":false,"campfire_upgraded":1,"win_rate":0.0,"timestamp":1608058794,"path_taken":["M","M","?","$","?","E","R","M","T","E"],"items_purchased_type":["Card"],"build_version":"2020-12-13","purchased_purges":0,"victory":false,"max_hp_per_floor":[80,80,80,80,77,77,77,77,77,77,77],"card_choices":[{"not_picked":["Double Tap","Bludgeon"],"picked":"Reaper","floor":0},{"not_picked":["Searing Blow","Body Slam","Sword Boomerang"],"picked":"SKIP","floor":1},{"not_picked":["Armaments","True Grit"],"picked":"Fiend Fire","floor":2},{"not_picked":["Sword Boomerang","Perfected Strike","Flex"],"picked":"SKIP","floor":6},{"not_picked":["Thunderclap","Armaments"],"picked":"Burning Pact","floor":8}],"player_experience":700658,"relics_obtained":[{"floor":9,"key":"White Beast Statue"}],"event_choices":[{"cards_removed":["Parasite"],"damage_healed":0,"gold_gain":0,"player_choice":"Forget","damage_taken":0,"max_hp_gain":0,"max_hp_loss":0,"event_name":"Living Wall","floor":5,"gold_loss":0}],"is_beta":false,"boss_relics":[],"items_purged_floors":[],"is_endless":false,"potions_floor_spawned":[1,2],"killed_by":"Lagavulin","ascension_level":3}}