{"host":"l8lm1goh5xm9tkuw","time":1608014021,"event":{"mods":["Act Like it!","Alarm Clock","Astrologer","BaseMod","Colored Map","Colored Powertips","GungeonMod","Hermit","KinomotoSakuraMod(Ä¾Ö®±¾Ó£)","KomeijiMod","Library of Ruina","Library of Ruina Extra","Lobotomy","LobotomyExtend","Marisa£¨ìFÓê¡¡Ä§ÀíÉ³£©","Minty Spire (QoL Compilation)","MostiFishMod","Quick Restart","Replay The Spire","Shade Mod","StSLib","TestMod","The Animator","The Bug Knight","The Hierophant","UnlockEverythingMod","vexMod","¡¾ÒÅÎï¿¨ÅÆ¡¿REMEMod"],"gold_per_floor":[114,129,139,139,159,192,208,240,264,290,309,339,339,355,355,428,428,446,446,156,167,177,204,204,230,230,261,261,289,289,303,303,379,379,393,393,420,34,34,45,64,102,102,102,126,126,144,27,27,33,33],"floor_reached":52,"playtime":1558,"items_purged":["Strike_P","Confused"],"score":1599,"play_id":"4451024d-baed-4ad1-9fe4-7e0067a77a80","local_time":"20201215143341","is_ascension_mode":true,"campfire_choices":[{"data":"MostiFishMod:Speedup","floor":15,"key":"SMITH"},{"data":"Blasphemy","floor":24,"key":"SMITH"},{"data":"MostiFishMod:DustFall","floor":28,"key":"SMITH"},{"data":"MostiFishMod:LegendTransform","floor":30,"key":"SMITH"},{"data":"Prostrate","floor":32,"key":"SMITH"},{"data":"Adaptation","floor":44,"key":"SMITH"},{"data":"TalkToTheHand","floor":46,"key":"SMITH"},{"data":"MostiFishMod:PathToVictory","floor":49,"key":"SMITH"}],"circlet_count":0,"master_deck":["AscendersBane","Strike_P+1","Strike_P","Strike_P","Defend_P","Defend_P","Defend_P","Defend_P","Eruption+1","Vigilance","Tantrum+1","Tantrum","CutThroughFate","Prostrate+1","FlurryOfBlows","Blasphemy+1","MostiFishMod:Speedup+1","MostiFishMod:DustFall+1","MostiFishMod:LegendTransform+1","ClearTheMind","MostiFishMod:PathToVictory+1","Scrawl","Evaluate+1","TalkToTheHand+1","Adaptation+1","Conclude","DeusExMachina"],"relics":["DaveBox","testmod-TestBox","REME_ComplimentaryCards","JellyFishMachine","testmod-ArcanaOfDestiny","ChiXiaoBlade","Question Card","LetterFromLob","Snack Pack","PageOfScarecrow","Letter Opener","Singing Bowl","Yang","ImportantClient","FeatherPendant","Thread and Needle","PageOfSingingMachine","DemoMod:NanoMachines","PageOfTheQueenOfHatred","PageOfTheKnightOfDespair","testmod-DeterminationOfClimber","PageOfGreed","vexMod:GhostlyGear","Whetstone","PageOfWrath","DemoMod:JetPack","DemoMod:GlassGuonStoneRelic","PageOfNihil"],"acts_visited":["Exordium","TheCity","TheBeyond"],"potions_floor_usage":[16,42],"damage_taken":[{"damage":0.0,"enemies":"Small Slimes","floor":1.0,"turns":3.0},{"damage":0.0,"enemies":"Cultist","floor":2.0,"turns":2.0},{"damage":0.0,"enemies":"2 Louse","floor":3.0,"turns":1.0},{"damage":0.0,"enemies":"Large Slime","floor":5.0,"turns":3.0},{"damage":0.0,"enemies":"3 Sentries","floor":6.0,"turns":4.0},{"damage":0,"enemies":"Looter","floor":7,"turns":3},{"damage":0,"enemies":"HollowMod:MossKnight","floor":8,"turns":2},{"damage":8,"enemies":"Replay:BlueRogue","floor":10,"turns":3},{"damage":0,"enemies":"Red Slaver","floor":11,"turns":2},{"damage":0,"enemies":"Gremlin Nob","floor":12,"turns":2},{"damage":0,"enemies":"Gremlin Gang","floor":14,"turns":1},{"damage":21,"enemies":"The Guardian","floor":16,"turns":5},{"damage":0,"enemies":"2 Thieves","floor":18,"turns":1},{"damage":0,"enemies":"Chosen","floor":21,"turns":1},{"damage":4,"enemies":"Snake Plant","floor":22,"turns":3},{"damage":0,"enemies":"Gremlin Leader","floor":23,"turns":1},{"damage":2,"enemies":"Replay:Snechameleon","floor":25,"turns":2},{"damage":0,"enemies":"REME_1_Revenger","floor":27,"turns":2},{"damage":0,"enemies":"Slavers","floor":29,"turns":2},{"damage":0,"enemies":"Sentry and Sphere","floor":31,"turns":2},{"damage":0,"enemies":"KingOfGreed","floor":33,"turns":2},{"damage":0,"enemies":"3 Shapes","floor":35,"turns":2},{"damage":0,"enemies":"Mind Bloom Boss Battle","floor":37,"turns":2},{"damage":11,"enemies":"Orb Walker","floor":40,"turns":2},{"damage":0,"enemies":"Jaw Worm Horde","floor":41,"turns":1},{"damage":11,"enemies":"Reptomancer","floor":42,"turns":2},{"damage":0,"enemies":"3 Darklings","floor":45,"turns":2},{"damage":0,"enemies":"Sphere and 2 Shapes","floor":47,"turns":1},{"damage":0,"enemies":"Replay:Hell Engine","floor":50,"turns":2}],"seed_played":"-7345294826459742413","potions_obtained":[{"floor":2.0,"key":"Venom Potion"},{"floor":8,"key":"Flashbang"},{"floor":16,"key":"BlessingOfTheForge"},{"floor":41,"key":"AttackPotion"},{"floor":42,"key":"testmod-SpacePotion"}],"is_trial":false,"path_per_floor":["M","M","M","?","M","E","M","E","T","E","M","E","?","M","R","B",null,"M","?","$","M","M","E","R","E","T","E","R","E","R","M","R","B",null,"M","?","?","$","?","M","M","E","T","R","M","R","M","$","R","B",null,null],"character_chosen":"WATCHER","items_purchased":["Thread and Needle","vexMod:GhostlyGear","Whetstone","TalkToTheHand","DeusExMachina"],"campfire_rested":0,"item_purchase_floors":[20,38,38,38,48],"current_hp_per_floor":[61,61,61,61,61,61,61,65,65,61,61,65,60,64,64,49,63,69,70,70,72,74,76,76,78,78,78,78,80,80,80,80,80,80,80,80,80,80,80,76,84,78,78,78,86,86,88,88,88,88,88],"gold":33,"neow_bonus":"BOSS_RELIC","is_daily":false,"chose_seed":false,"campfire_upgraded":8,"win_rate":0.0,"timestamp":1608014021,"path_taken":["M","M","M","?","M","E","M","E","T","E","?","E","?","M","R","BOSS","M","?","$","M","M","E","R","E","T","E","R","E","R","M","R","BOSS","M","?","?","$","?","M","?","E","T","R","M","R","M","?","R","BOSS"],"items_purchased_type":["Relic","Relic","Relic","Card","Card"],"build_version":"2020-12-13","purchased_purges":2,"victory":true,"max_hp_per_floor":[68,68,68,68,68,68,68,68,68,68,68,68,68,68,68,68,68,70,70,70,72,74,76,76,78,78,78,78,80,80,80,80,80,80,80,80,80,80,80,82,84,84,84,84,86,86,88,88,88,88,88],"card_choices":[{"not_picked":["CutThroughFate","Replay:AtTheReady"],"picked":"Tantrum","floor":1.0},{"not_picked":["FlyingSleeves","ClearTheMind","Replay:AtTheReady","REME_Repentance"],"picked":"SKIP","floor":2.0},{"not_picked":["SpiritShield","JustLucky","FlyingSleeves"],"picked":"Tantrum","floor":3.0},{"not_picked":["Nirvana","JustLucky","FlyingSleeves"],"picked":"CutThroughFate","floor":5.0},{"not_picked":["Tantrum","ClearTheMind","Replay:BluntJabs","JustLucky"],"picked":"SKIP","floor":6.0},{"not_picked":["Replay:Vibes","CutThroughFate","Collect"],"picked":"Prostrate","floor":7},{"not_picked":["EmptyBody","PathToVictory","EmptyMind"],"picked":"FlurryOfBlows","floor":8},{"not_picked":["Protect","JustLucky","WreathOfFlame","Replay:BluntJabs"],"picked":"SKIP","floor":10},{"not_picked":["REME_WorshipGod","FlyingSleeves","Replay:Anticipation","Replay:Battleflow"],"picked":"SKIP","floor":11},{"not_picked":["JustLucky","Swivel","Halt"],"picked":"Blasphemy","floor":12},{"not_picked":["Halt","Replay:Anticipation","Prostrate"],"picked":"MostiFishMod:Speedup","floor":14},{"not_picked":["Establishment","Alpha","MostiFishMod:StarOceanP"],"picked":"MostiFishMod:DustFall","floor":16},{"not_picked":["Replay:ManipulateFuture","Replay:BluntJabs","EmptyFist","Sanctity"],"picked":"Singing Bowl","floor":18},{"not_picked":["Prostrate","FlurryOfBlows","EmptyBody","Sanctity"],"picked":"Singing Bowl","floor":21},{"not_picked":["EmptyBody","REME_Repentance","FlyingSleeves","Replay:DivineShield"],"picked":"Singing Bowl","floor":22},{"not_picked":["Consecrate","Evaluate","Brilliance","Replay:Cycle"],"picked":"Singing Bowl","floor":23},{"not_picked":["CrushJoints","MostiFishMod:MemoryFragments","MentalFortress","Nirvana+1"],"picked":"Singing Bowl","floor":25},{"not_picked":["Collect","Replay:ManipulateFuture","REME_EmptyShield"],"picked":"MostiFishMod:LegendTransform","floor":27},{"not_picked":["Sanctity","EmptyBody+1","Replay:BluntJabs","MostiFishMod:LegendTransform"],"picked":"Singing Bowl","floor":29},{"not_picked":["BowlingBash","SandsOfTime","MostiFishMod:UniPurple"],"picked":"ClearTheMind","floor":31},{"not_picked":["MostiFishMod:StarWish","MostiFishMod:Pointsdynamics","MostiFishMod:Minus"],"picked":"MostiFishMod:PathToVictory","floor":33},{"not_picked":["Tantrum","Replay:ManipulateFuture","Replay:DivineShield"],"picked":"Scrawl","floor":35},{"not_picked":["Replay:Anticipation","Crescendo","CutThroughFate"],"picked":"Evaluate+1","floor":37},{"not_picked":["Halt","Replay:ManipulateFuture","Replay:AtTheReady","CutThroughFate"],"picked":"Singing Bowl","floor":40},{"not_picked":["FlurryOfBlows","Protect","EmptyFist","ForeignInfluence+1"],"picked":"Singing Bowl","floor":41},{"not_picked":["Evaluate","JustLucky","MentalFortress"],"picked":"Conclude","floor":42},{"not_picked":["EmptyMind","FlyingSleeves+1","DeceiveReality+1","Consecrate"],"picked":"Singing Bowl","floor":45},{"not_picked":["Brilliance","FlurryOfBlows","REME_Repentance","Protect"],"picked":"Singing Bowl","floor":47}],"player_experience":303834,"relics_obtained":[{"floor":1.0,"key":"Question Card"},{"floor":1.0,"key":"LetterFromLob"},{"floor":6.0,"key":"Snack Pack"},{"floor":8,"key":"PageOfScarecrow"},{"floor":10,"key":"Letter Opener"},{"floor":12,"key":"Singing Bowl"},{"floor":16,"key":"ImportantClient"},{"floor":23,"key":"PageOfSingingMachine"},{"floor":26,"key":"DemoMod:NanoMachines"},{"floor":27,"key":"PageOfTheQueenOfHatred"},{"floor":29,"key":"PageOfTheKnightOfDespair"},{"floor":37,"key":"PageOfGreed"},{"floor":42,"key":"PageOfWrath"},{"floor":43,"key":"DemoMod:JetPack"},{"floor":45,"key":"PageOfNihil"}],"event_choices":[{"damage_healed":0.0,"max_hp_gain":0.0,"max_hp_loss":0.0,"gold_gain":0.0,"event_name":"Upgrade Shrine","player_choice":"Upgraded","floor":4.0,"gold_loss":0.0,"damage_taken":0.0,"cards_upgraded":["Eruption"]},{"damage_healed":0,"gold_gain":0,"player_choice":"Success","damage_taken":5,"relics_obtained":["Yang"],"max_hp_gain":0,"max_hp_loss":0,"event_name":"Scrap Ooze","floor":13,"gold_loss":0},{"damage_healed":0,"gold_gain":0,"player_choice":"Fight","damage_taken":0,"max_hp_gain":0,"max_hp_loss":0,"event_name":"MindBloom","floor":37,"gold_loss":0},{"damage_healed":0,"gold_gain":0,"player_choice":"1 cards matched","damage_taken":0,"max_hp_gain":0,"max_hp_loss":0,"event_name":"Match and Keep!","floor":39,"gold_loss":0,"cards_obtained":["Adaptation"]}],"is_beta":false,"boss_relics":[{"not_picked":["BloodWine","testmod-Nine"],"picked":"FeatherPendant"},{"not_picked":["Replay:Bronze Core","Transparent"],"picked":"testmod-DeterminationOfClimber"}],"items_purged_floors":[20,38],"is_endless":false,"potions_floor_spawned":[2,8,10,12,14,16,22,23,29,33,37,41,42],"ascension_level":15}}