{"host":"bp6b47iftb3mluh0","time":1608047180,"event":{"mods":["Act Like it!","Alarm Clock","Aspiration","BaseMod","Better Third Choice","Better Vampires","Challenge The Spire","Colored Powertips","Conspire","Dota2Spire","Downfall","Friendly Minions","Gensokyo","Hallownest","Hermit","Kiyohime（清姬）","Lobotomy","LobotomyExtend","Marisa（F雨　魔理沙）","Marked Mod","Minty Spire (QoL Compilation)","Quick Restart","Red Circlet Mod","Replay The Spire","Ryuuou龙王","Shop Mod","StSLib","The Bug Knight","The Poker Player","Uncapped","Waifu the Spire","Youmu（魂魄妖梦）","[地精首领爬塔]The Maniac","vexMod","【东方二次创作】八云紫mod","【遗物卡牌】REMEMod"],"gold_per_floor":[111,111,127,127,127,161,111,36,36,36,36,54,70,86,36,131,131,142,142,156,169,180,130,150,175,175,137,49,62,12,25,25,37,37,37,72,72,99,99,49,59,59,88,88,38,140,140],"floor_reached":18,"playtime":2120,"items_purged":["maniac:Strike","Slimebound:Strike_Slimebound"],"score":323,"play_id":"be819e51-dc9f-4f11-858f-b9aa24a17538","local_time":"20201215234620","is_ascension_mode":false,"campfire_choices":[{"data":"Slimebound:Split","floor":7.0,"key":"SMITH"},{"data":"Slimebound:CorrosiveSpit","floor":10.0,"key":"SMITH"},{"data":"Slimebound:SplitMire","floor":15.0,"key":"SMITH"},{"floor":23.0,"key":"RECALL"},{"floor":27.0,"key":"REST"},{"floor":30.0,"key":"REST"},{"floor":10,"key":"REST"}],"circlet_count":0,"master_deck":["conspire:GhostlyStrike","Slimebound:Tackle","conspire:GhostlyDefend","conspire:GhostlyDefend+1","conspire:GhostlyDefend","conspire:GhostlyDefend","Slimebound:Split+1","Slimebound:CorrosiveSpit+1","conspire:GhostlyDefend","sneckomod:UnknownClassSLIMEBOUND+1","Slimebound:SlimeTap","Slimebound:SlimeSpikes+1","Slimebound:Equalize","Injury","Slimebound:LeechEnergy+1","Slimebound:SplitMire+1","Slimebound:RallyTheTroops+1","Slimebound:ViciousTackle+1","Slimebound:RejuvenatingLick","Slimebound:SamplingLick+1","Slimebound:SlimeBarrage+1","Slimebound:SelfFormingGoo+1","Slimebound:RollThrough+1","Slimebound:MassFeed+1","Slimebound:Repurpose","Slimebound:PrepareCrush"],"relics":["Slimebound:AbsorbEndCombat","REME_ComplimentaryCards","Thread and Needle","Slimebound:GreedOozeRelic","Blue Doll","Ancient Tea Set","Bird Faced Urn","Molten Egg 2","Fusion Hammer","Toy Ornithopter","MawBank","Moonlight_r","LetterFromLob","Bag of Marbles","Odd Mushroom","aspiration:Lifesprig","Anchor","vexMod:Dragonfruit"],"acts_visited":["Exordium","TheCity"],"potions_floor_usage":[],"damage_taken":[{"damage":5.0,"enemies":"2 Louse","floor":1.0,"turns":3.0},{"damage":4.0,"enemies":"Small Slimes","floor":3.0,"turns":4.0},{"damage":17.0,"enemies":"Lagavulin","floor":6.0,"turns":6.0},{"damage":10.0,"enemies":"Jaw Worm","floor":12.0,"turns":3.0},{"damage":11.0,"enemies":"Large Slime","floor":13.0,"turns":4.0},{"damage":7.0,"enemies":"Exordium Wildlife","floor":14.0,"turns":3.0},{"damage":34.0,"enemies":"Fading Forest","floor":16.0,"turns":11.0},{"damage":13.0,"enemies":"3 Byrds","floor":18.0,"turns":2.0},{"damage":11.0,"enemies":"Spheric Guardian","floor":20.0,"turns":3.0},{"damage":28.0,"enemies":"Shelled Parasite and Fungi","floor":21.0,"turns":6.0},{"damage":26.0,"enemies":"Centurion and Healer","floor":22.0,"turns":6.0},{"damage":13.0,"enemies":"Cultist and Chosen","floor":24.0,"turns":4.0},{"damage":15.0,"enemies":"Snake Plant","floor":29.0,"turns":2.0},{"damage":1.0,"enemies":"Small Slimes","floor":1.0,"turns":2.0},{"damage":4,"enemies":"2 Louse","floor":3,"turns":2},{"damage":4,"enemies":"3 Sentries","floor":6,"turns":3},{"damage":12,"enemies":"The Mushroom Lair","floor":8,"turns":3},{"damage":8,"enemies":"Jaw Worm","floor":11,"turns":2},{"damage":8,"enemies":"Gremlin Nob","floor":13,"turns":3},{"damage":18,"enemies":"Slime Boss","floor":16,"turns":4}],"seed_played":"5016376354098571363","potions_obtained":[{"floor":3.0,"key":"SteroidPotion"},{"floor":6.0,"key":"LifebloodPotion"},{"floor":20.0,"key":"Explosive Potion"},{"floor":21.0,"key":"Strength Potion"},{"floor":22.0,"key":"Toxic Potion"},{"floor":3,"key":"Strength Potion"},{"floor":8,"key":"PowerPotion"}],"is_trial":false,"path_per_floor":["M","?","M","?","T","E","R","$","T","R","?","M","M","M","R","B",null,"M","?","M","M","M","R","M","T","T","R","$","M","R","M","M","?","M","?","$","E","$","?","T","R","M","$","E","T","R","B",null,null],"character_chosen":"SLIMEBOUND","items_purchased":[],"campfire_rested":3,"item_purchase_floors":[],"current_hp_per_floor":[60,60,60,60,60,53,53,53,53,53,53,55,60,57,57,56,60,59,59,60,52,56,56,60,60,60,60,60,60,60,60,60,60,60,60,60,60,56,56,60,60,60,60,65,65,65,65],"gold":140,"neow_bonus":"ONE_RARE_RELIC","is_daily":false,"chose_seed":false,"campfire_upgraded":3,"win_rate":0.0,"timestamp":1608047180,"path_taken":["M","?","M","?","?","E","R","$","T","R","?","M","M","M","R","BOSS","M","?","M","M","M","R","M","?","T","R","$","M","R","M","M","?","M","?","$","E","$","?","T","R","M","?","E","?","R","BOSS"],"items_purchased_type":[],"build_version":"2020-12-13","purchased_purges":2,"victory":true,"max_hp_per_floor":[60,60,60,60,60,60,60,60,60,60,60,60,60,60,60,60,60,60,60,60,60,60,60,60,60,60,60,60,60,60,60,60,60,60,60,60,60,60,60,60,60,60,60,65,65,65,65],"card_choices":[{"not_picked":["Slimebound:LeechEnergy","Slimebound:FinishingTackle"],"picked":"Slimebound:SlimeTap","floor":1.0},{"not_picked":["Slimebound:PressTheAttack","Slimebound:GrowthPunch"],"picked":"Slimebound:SlimeSpikes","floor":3.0},{"not_picked":["Slimebound:PressTheAttack","Slimebound:SpikyOuterGoop"],"picked":"Slimebound:Equalize","floor":6.0},{"not_picked":["Slimebound:FinishingTackle+1","Slimebound:Chomp+1"],"picked":"Slimebound:LeechEnergy+1","floor":12.0},{"not_picked":["Slimebound:LeechingTouch+1","Slimebound:GrowthPunch+1"],"picked":"Slimebound:SplitMire","floor":13.0},{"not_picked":["Slimebound:GoopSpray","Slimebound:SlimeBrawl","Slimebound:LeechEnergy+1"],"picked":"SKIP","floor":14.0},{"not_picked":["Slimebound:MassRepurpose","Slimebound:Teamwork"],"picked":"Slimebound:RallyTheTroops+1","floor":16.0},{"not_picked":["Slimebound:LeechEnergy+1","Slimebound:SplitMire"],"picked":"Slimebound:ViciousTackle+1","floor":18.0},{"not_picked":["Slimebound:ViciousTackle+1","Slimebound:GrowthPunch+1"],"picked":"Slimebound:RejuvenatingLick","floor":20.0},{"not_picked":["Slimebound:SplitMire+1","Slimebound:SplitLeeching","Slimebound:LivingWall"],"picked":"SKIP","floor":21.0},{"not_picked":["Slimebound:MegaLick","Slimebound:SlimeTap"],"picked":"Slimebound:SamplingLick+1","floor":22.0},{"not_picked":["Slimebound:LeechEnergy+1","Slimebound:RollThrough+1"],"picked":"Slimebound:SlimeBarrage+1","floor":24.0},{"not_picked":["Slimebound:FlameTackle+1","Slimebound:SplitLeeching"],"picked":"Slimebound:SelfFormingGoo","floor":29.0},{"not_picked":["Slimebound:SplitMire","Slimebound:SplitAcid","Slimebound:SlimeTap"],"picked":"SKIP","floor":1.0},{"not_picked":["Slimebound:LeadByExample","Slimebound:GrowthPunch+1"],"picked":"Slimebound:RollThrough+1","floor":3},{"not_picked":["Slimebound:LeechEnergy+1","Slimebound:PressTheAttack+1"],"picked":"Slimebound:MassFeed+1","floor":6},{"not_picked":["Slimebound:SamplingLick","Slimebound:SplitLeeching"],"picked":"Slimebound:Repurpose","floor":11},{"not_picked":["Slimebound:GoopSpray","Slimebound:RallyTheTroops+1","Slimebound:RollThrough+1"],"picked":"SKIP","floor":13},{"not_picked":["Slimebound:SlimeSlap+1","Slimebound:WasteNot"],"picked":"Slimebound:PrepareCrush","floor":16}],"player_experience":182865,"relics_obtained":[{"floor":1.0,"key":"LetterFromLob"},{"floor":5.0,"key":"Blue Doll"},{"floor":6.0,"key":"Ancient Tea Set"},{"floor":9.0,"key":"Bird Faced Urn"},{"floor":25.0,"key":"Toy Ornithopter"},{"floor":26.0,"key":"MawBank"},{"floor":1.0,"key":"LetterFromLob"},{"floor":6,"key":"Bag of Marbles"},{"floor":8,"key":"Odd Mushroom"},{"floor":9,"key":"aspiration:Lifesprig"},{"floor":13,"key":"Anchor"},{"floor":14,"key":"vexMod:Dragonfruit"}],"event_choices":[{"damage_healed":0.0,"max_hp_gain":0.0,"max_hp_loss":0.0,"gold_gain":0.0,"event_name":"conspire:LoneGhost","player_choice":"Agree","floor":2.0,"gold_loss":0.0,"damage_taken":0.0},{"damage_healed":0,"gold_gain":0,"player_choice":"Fought Mushrooms","damage_taken":0,"max_hp_gain":0,"max_hp_loss":0,"event_name":"Mushrooms","floor":8,"gold_loss":0}],"is_beta":false,"boss_relics":[{"not_picked":["Honey Jar","conspire:SeveredTorchhead"],"picked":"Fusion Hammer"}],"items_purged_floors":[8,28],"is_endless":false,"potions_floor_spawned":[3,6,20,21,22,3,8,11],"ascension_level":0}}