{"host":"m2mhqdo8f4p5auhk","time":1608061815,"event":{"mods":["2.2 Compatiblity","Act Like it!","BaseMod","Clawfect","Decade(???)","Hallownest","Hermit","HololiveMod","Hubris","Marisa????????","Minty Spire (QoL Compilation)","Reimu??????","Replay The Spire","StSLib","The Bug Knight","The Servant 0.9.4","The Wild Card","TheSwordswoman"],"gold_per_floor":[144,161,176,194,208,237,237,251,329,341,341,352,385,385,385,385,385],"floor_reached":16,"playtime":1346,"items_purged":[],"score":126,"play_id":"3fa4b9fa-db0c-4e44-a8cd-02d941dc3ed0","local_time":"20201215115015","is_ascension_mode":false,"campfire_choices":[{"floor":7,"key":"REST"},{"floor":15,"key":"REST"}],"circlet_count":0,"master_deck":["HollowMod:NailStrikeStart","HollowMod:NailStrikeStart","HollowMod:NailStrikeStart","HollowMod:NailStrikeStart","HollowMod:QuickDashStart","HollowMod:QuickDashStart","HollowMod:QuickDashStart","HollowMod:QuickDashStart","HollowMod:FocusHealStart","HollowMod:PogoStrike","HollowMod:GoodIntentions","HollowMod:GrimmsGift","HollowMod:DesolateDive","HollowMod:VengefulVoid","HollowMod:QuirrelsAssistance","HollowMod:FallenFury","HollowMod:HowlingWraiths","HollowMod:SoulShaman","HollowMod:MantisMark","HollowMod:LifebloodCocoon","HollowMod:InfectedCysts"],"relics":["HollowMod:VesselMask","Ancient Tea Set","Replay:Mystery Machine","Mercury Hourglass","Hallownest:DreamNailRelic","Replay:Wax Seal"],"acts_visited":["Hallownest:Greenpath"],"potions_floor_usage":[8,13,13,16,16],"damage_taken":[{"damage":30,"enemies":"Hallownest:eliteMossKnight","floor":0,"turns":15},{"damage":2,"enemies":"Hallownest:2_MossCreeps","floor":1,"turns":6},{"damage":1,"enemies":"Hallownest:2_Baldur","floor":2,"turns":6},{"damage":11,"enemies":"Hallownest:2_Tiktiks_and_1_Crawlid","floor":3,"turns":3},{"damage":1,"enemies":"Hallownest:monsterMossCharger","floor":4,"turns":2},{"damage":4,"enemies":"Hallownest:monsterAspidMother","floor":5,"turns":7},{"damage":3,"enemies":"Hallownest:eliteMossKnight","floor":6,"turns":6},{"damage":12,"enemies":"Hallownest:Wandering_and_Horned","floor":8,"turns":6},{"damage":0,"enemies":"Hallownest:monsterMossCharger","floor":10,"turns":4},{"damage":17,"enemies":"Hallownest:Guard_and_Warrior","floor":12,"turns":4},{"damage":11,"enemies":"Hallownest:eliteCrystalGuardian","floor":13,"turns":6},{"damage":42,"enemies":"Hallownest:BossFalseKnight","floor":16,"turns":6}],"seed_played":"-5204665249703313217","potions_obtained":[{"floor":2,"key":"LifebloodPotion"},{"floor":3,"key":"Strength Potion"},{"floor":5,"key":"PowerPotion"},{"floor":8,"key":"LifebloodPotion"},{"floor":13,"key":"Languid Potion"}],"is_trial":false,"path_per_floor":["M","M","M","M","M","E","R","M","T","M","?","M","E","$","R","B"],"character_chosen":"THE_BUGKNIGHT","items_purchased":[],"campfire_rested":2,"item_purchase_floors":[],"current_hp_per_floor":[43,42,31,30,26,23,45,39,39,39,39,22,17,17,39,0,0],"gold":385,"neow_bonus":"RANDOM_EVENT","is_daily":false,"chose_seed":false,"campfire_upgraded":0,"win_rate":0.0,"timestamp":1608061815,"path_taken":["M","?","M","M","M","E","R","?","T","M","?","?","E","?","R","BOSS"],"items_purchased_type":[],"build_version":"2020-12-13","purchased_purges":0,"victory":false,"max_hp_per_floor":[75,75,75,75,75,75,75,75,75,75,75,75,75,75,75,75,75],"card_choices":[{"not_picked":["HollowMod:CoiledNail","HollowMod:SharpenedNail"],"picked":"HollowMod:GoodIntentions","floor":0},{"not_picked":["HollowMod:AbyssShriek","HollowMod:ShadowDash"],"picked":"HollowMod:GrimmsGift","floor":1},{"not_picked":["HollowMod:BaldurShell","HollowMod:CycloneSlash"],"picked":"HollowMod:DesolateDive","floor":2},{"not_picked":["HollowMod:CrystalDash","HollowMod:InfectionAssault"],"picked":"HollowMod:VengefulVoid","floor":3},{"not_picked":["HollowMod:DashSlash","HollowMod:SharpenedShadows"],"picked":"HollowMod:QuirrelsAssistance","floor":4},{"not_picked":["HollowMod:SoulSplash","HollowMod:GoodIntentions"],"picked":"HollowMod:FallenFury","floor":5},{"not_picked":["HollowMod:DashSlash","HollowMod:LifebloodCore"],"picked":"HollowMod:HowlingWraiths","floor":6},{"not_picked":["HollowMod:InfectedCysts","HollowMod:SoulSplash"],"picked":"HollowMod:SoulShaman","floor":8},{"not_picked":["HollowMod:InfectedAttack","HollowMod:ShadowDash"],"picked":"HollowMod:MantisMark","floor":10},{"not_picked":["HollowMod:HowlingWraiths","HollowMod:DescendingDark"],"picked":"HollowMod:LifebloodCocoon","floor":12},{"not_picked":["HollowMod:InfectedAttack","HollowMod:SoulVessel"],"picked":"HollowMod:InfectedCysts","floor":13}],"player_experience":164920,"relics_obtained":[{"floor":0,"key":"Ancient Tea Set"},{"floor":6,"key":"Replay:Mystery Machine"},{"floor":9,"key":"Mercury Hourglass"},{"floor":13,"key":"Replay:Wax Seal"}],"event_choices":[],"is_beta":false,"boss_relics":[],"items_purged_floors":[],"is_endless":false,"potions_floor_spawned":[2,3,5,8,12,13],"killed_by":"Hallownest:BossFalseKnight","ascension_level":0}}