{"host":"ik8ww1p4uabx5gam","time":1608008160,"event":{"mods":["Always Whale","Aspiration","BaseMod","Better Third Choice","BetterRewards","Colored Map","Conspire","Energized Spire","FetchMod","Hubris","Infinite Spire","Jedi Mod","Minty Spire (QoL Compilation)","Random Character Button","Replay The Spire","Shop Mod","Spicy Shops","Spikes Relics","StSLib","The Blue Laboratory","Wandering Minibosses"],"gold_per_floor":[10,63,63,80,80,80,80,112,184,184,196,209,87,117,117,215,215,232,243,263,263,263,292,305,330,330,341,341,30,62,62,62,164,164,175,185,185,41,61,61,93,93,93,93,107,136,150,160,160,160],"floor_reached":51,"playtime":4607,"items_purged":["Injury","Defend_P"],"score":1148,"play_id":"54248371-c4b8-4ad0-8234-2ff949e190c0","local_time":"20201214225600","is_ascension_mode":true,"campfire_choices":[{"data":"Eruption","floor":6,"key":"SMITH"},{"data":"Scrawl","floor":10,"key":"SMITH"},{"floor":15,"key":"DIG"},{"data":"infinitespire:Execution","floor":32,"key":"SMITH"},{"data":"Limit Break","floor":40,"key":"SMITH"},{"data":"Infernal Blade","floor":42,"key":"SMITH"},{"data":"Blasphemy","floor":49,"key":"SMITH"}],"circlet_count":0,"master_deck":["Strike_P","Strike_P","Strike_P","Defend_P","Defend_P","Eruption+1","Vigilance","Fasting2","Blasphemy+1","FlurryOfBlows","Scrawl+1","BattleHymn","SandsOfTime+1","Consecrate+1","Infernal Blade+1","jedi:unlimitedpower","Protect+1","Evaluate","infinitespire:SevenWalls+1","infinitespire:Execution+1","Replay:Hum","Limit Break+1","AbeCurse","DevaForm"],"relics":["PureWater","Toy Ornithopter","Ring of Misfortune","ReplayTheSpireMod:Ring of Addiction","White Beast Statue","hubris:EmptyBottle","Molten Egg 2","hubris:MedicalManual","hubris:DisguiseKit","Sundial","hubris:TenFootPole","aspiration:RandomNobGenerator","aspiration:SeaSaltIceCream","Happy Flower","Replay:Bronze Core","RollingBoulder","Pantograph","Thread and Needle","wanderingMiniBosses:AbyssPearl","Enchiridion","Mango","TeardropLocket","Abe\u0027s Treasure","Sling","Gremlin Food","Chameleon Ring","Golden Egg"],"acts_visited":["Exordium","TheCity","TheBeyond"],"potions_floor_usage":[8,8,12,14,14,16,16,18,20,20,20,23,27,27,27,30,33,33,35,35,39,39,46,47,48,48,50,50,50],"damage_taken":[{"damage":1,"enemies":"Cultist","floor":1,"turns":4},{"damage":4,"enemies":"conspire:RoseBush","floor":4,"turns":4},{"damage":12,"enemies":"Gremlin Nob","floor":8,"turns":3},{"damage":0,"enemies":"2 Louse","floor":11,"turns":1},{"damage":0,"enemies":"Blue Slaver","floor":12,"turns":1},{"damage":1,"enemies":"Replay:BlueRogue","floor":14,"turns":5},{"damage":0,"enemies":"Slime Boss","floor":16,"turns":3},{"damage":12,"enemies":"2 Thieves","floor":18,"turns":2},{"damage":18,"enemies":"Shell Parasite","floor":19,"turns":3},{"damage":0,"enemies":"Snecko","floor":20,"turns":2},{"damage":0,"enemies":"Book of Stabbing","floor":23,"turns":3},{"damage":0,"enemies":"Cultist and Chosen","floor":24,"turns":3},{"damage":0,"enemies":"Gremlin Leader","floor":25,"turns":4},{"damage":0,"enemies":"conspire:HollyBat","floor":27,"turns":6},{"damage":0,"enemies":"Slavers","floor":30,"turns":2},{"damage":0,"enemies":"Collector","floor":33,"turns":2},{"damage":4,"enemies":"Orb Walker","floor":35,"turns":3},{"damage":0,"enemies":"3 Shapes","floor":36,"turns":5},{"damage":12,"enemies":"Maw","floor":39,"turns":4},{"damage":6,"enemies":"Nemesis","floor":41,"turns":5},{"damage":0,"enemies":"4 Shapes","floor":45,"turns":6},{"damage":0,"enemies":"R_Hoarder","floor":46,"turns":5},{"damage":30,"enemies":"Transient","floor":47,"turns":4},{"damage":0,"enemies":"Sphere and 2 Shapes","floor":48,"turns":3},{"damage":1,"enemies":"Awakened One","floor":50,"turns":4}],"seed_played":"379696892921522208","potions_obtained":[{"floor":5,"key":"ColorlessPotion"},{"floor":5,"key":"blueLaboratory:MidnightOil"},{"floor":5,"key":"blueLaboratory:AbyssPotion"},{"floor":8,"key":"Venom Potion"},{"floor":11,"key":"EssenceOfSteel"},{"floor":14,"key":"FearPotion"},{"floor":16,"key":"blueLaboratory:BottledTrinity"},{"floor":18,"key":"Block Potion"},{"floor":19,"key":"Adrenaline Potion"},{"floor":20,"key":"Block Potion"},{"floor":23,"key":"blueLaboratory:BottleOfRum"},{"floor":27,"key":"blueLaboratory:Moonshine"},{"floor":30,"key":"blueLaboratory:HorrorPotion"},{"floor":33,"key":"Death Potion"},{"floor":35,"key":"blueLaboratory:EpiphanyPotion"},{"floor":39,"key":"BottledMiracle"},{"floor":47,"key":"Reflective Coating"},{"floor":48,"key":"SteroidPotion"}],"is_trial":false,"path_per_floor":["M","T","?","M","?","R","?","E","T","R","M","M","$","E","R_BF","B",null,"M","M","M","AVR","?","E","M","E","T","M","?","$","E","?","R","B",null,"M","M","?","$","M","R","E","R","T","$","M","E","M","M","R","B",null],"character_chosen":"WATCHER","items_purchased":["Consecrate+1","Mango","Sling"],"campfire_rested":0,"item_purchase_floors":[13,29,38],"current_hp_per_floor":[71,71,71,67,67,67,67,60,60,60,60,65,65,70,70,70,70,58,40,55,55,62,67,67,67,67,68,61,75,80,80,80,82,82,82,82,82,82,73,73,67,67,67,67,67,72,47,57,57,76],"gold":160,"neow_bonus":"REMOVE_TWO","is_daily":false,"chose_seed":false,"campfire_upgraded":6,"win_rate":0.0,"timestamp":1608008160,"path_taken":["M","?","?","?","?","R","?","E","T","R","?","M","$","E","R_BF","BOSS","M","M","?","AVR","?","E","?","E","T","M","?","?","E","?","R","BOSS","M","M","?","$","M","R","E","R","T","?","M","E","M","M","R","BOSS"],"items_purchased_type":["Card","Relic","Relic"],"build_version":"2020-12-13","purchased_purges":2,"victory":true,"max_hp_per_floor":[72,72,72,72,72,72,72,72,72,72,72,70,70,70,70,70,70,70,70,70,70,70,70,70,70,70,68,68,82,82,82,82,82,82,82,82,82,82,80,80,80,80,78,78,78,76,76,76,76,76],"card_choices":[{"not_picked":["ThirdEye","CrushJoints"],"picked":"Fasting2","floor":1},{"not_picked":["CutThroughFate","CrushJoints"],"picked":"FlurryOfBlows","floor":4},{"not_picked":["FollowUp+1","BowlingBash+1"],"picked":"Scrawl","floor":8},{"not_picked":["Conclude+1","CrushJoints+1","Feel No Pain"],"picked":"BattleHymn","floor":11},{"not_picked":["SashWhip+1","WaveOfTheHand","Blood for Blood"],"picked":"SandsOfTime+1","floor":12},{"not_picked":["WreathOfFlame","Replay:AtTheReady","Replay:Anticipation"],"picked":"Infernal Blade","floor":14},{"not_picked":["DeusExMachina","jedi:nirvanicrebirth","Establishment"],"picked":"jedi:unlimitedpower","floor":16},{"not_picked":["Prostrate","PathToVictory","Seeing Red"],"picked":"Protect+1","floor":18},{"not_picked":["Replay:ManipulateFuture","SignatureMove+1","Halt","Twin Strike"],"picked":"SKIP","floor":19},{"not_picked":["Prostrate+1","SashWhip+1","Shrug It Off"],"picked":"Evaluate","floor":20},{"not_picked":["DeceiveReality","Study","Crescendo","Entrench"],"picked":"SKIP","floor":23},{"not_picked":["Replay:BluntJabs+1","LikeWater","Evaluate","hubris:SharpeningStone"],"picked":"SKIP","floor":24},{"not_picked":["Replay:BluntJabs+1","LikeWater","Evaluate","hubris:SharpeningStone"],"picked":"SKIP","floor":24},{"not_picked":["DeusExMachina","FlyingSleeves+1","Indignation","Combust"],"picked":"SKIP","floor":25},{"not_picked":["Replay:BluntJabs+1","PathToVictory","FlyingSleeves+1","Armaments"],"picked":"SKIP","floor":27},{"not_picked":["Indignation","Consecrate+1","Warcry"],"picked":"Replay:Hum","floor":30},{"not_picked":["LessonLearned+1","Establishment","Omniscience"],"picked":"Limit Break","floor":33},{"not_picked":["Prostrate+1","EmptyFist+1","WheelKick+1","Rupture"],"picked":"SKIP","floor":35},{"not_picked":["Consecrate+1","Replay:AtTheReady+1","Wild Strike"],"picked":"DevaForm","floor":36},{"not_picked":["FlyingSleeves+1","SashWhip+1","Adaptation+1","Shockwave"],"picked":"SKIP","floor":39},{"not_picked":["SashWhip+1","Replay:AllIn","EmptyFist+1","jedi:collectorstrike"],"picked":"SKIP","floor":41},{"not_picked":["Consecrate+1","ThirdEye","Protect+1","Replay:Undeath\u0027s Touch"],"picked":"SKIP","floor":45},{"not_picked":["CrushJoints+1","Evaluate+1","Vengeance+1","Uppercut"],"picked":"SKIP","floor":46},{"not_picked":["SandsOfTime+1","Nirvana+1","JustLucky+1","Twin Strike"],"picked":"SKIP","floor":47},{"not_picked":["Replay:Anticipation+1","WindmillStrike+1","Crescendo+1","hubris:ReadiedAction"],"picked":"SKIP","floor":48}],"player_experience":881054,"relics_obtained":[{"floor":2,"key":"Toy Ornithopter"},{"floor":5,"key":"Ring of Misfortune"},{"floor":5,"key":"ReplayTheSpireMod:Ring of Addiction"},{"floor":5,"key":"White Beast Statue"},{"floor":5,"key":"hubris:EmptyBottle"},{"floor":8,"key":"hubris:MedicalManual"},{"floor":9,"key":"hubris:DisguiseKit"},{"floor":14,"key":"Sundial"},{"floor":15,"key":"hubris:TenFootPole"},{"floor":23,"key":"RollingBoulder"},{"floor":25,"key":"Pantograph"},{"floor":26,"key":"Thread and Needle"},{"floor":27,"key":"wanderingMiniBosses:AbyssPearl"},{"floor":28,"key":"Enchiridion"},{"floor":30,"key":"TeardropLocket"},{"floor":41,"key":"Gremlin Food"},{"floor":43,"key":"Chameleon Ring"},{"floor":46,"key":"Golden Egg"}],"event_choices":[{"damage_healed":0,"gold_gain":0,"player_choice":"1 cards matched","damage_taken":0,"max_hp_gain":0,"max_hp_loss":0,"event_name":"Match and Keep!","floor":3,"gold_loss":0,"cards_obtained":["Blasphemy"]},{"damage_healed":0,"gold_gain":0,"player_choice":"1 cards matched","damage_taken":0,"max_hp_gain":0,"max_hp_loss":0,"event_name":"Match and Keep!","floor":3,"gold_loss":0,"cards_obtained":["Blasphemy"]},{"damage_healed":0,"gold_gain":0,"player_choice":"1 cards matched","damage_taken":0,"max_hp_gain":0,"max_hp_loss":0,"event_name":"Match and Keep!","floor":3,"gold_loss":0,"cards_obtained":["Blasphemy"]},{"damage_healed":0,"gold_gain":0,"player_choice":"Obtained Book","damage_taken":16,"max_hp_gain":0,"max_hp_loss":0,"event_name":"Cursed Tome","floor":28,"gold_loss":0},{"damage_healed":0,"gold_gain":0,"player_choice":"Leave","damage_taken":0,"max_hp_gain":0,"max_hp_loss":0,"event_name":"conspire:Investor","floor":31,"gold_loss":0},{"damage_healed":0,"gold_gain":0,"player_choice":"Ignored","damage_taken":0,"max_hp_gain":0,"max_hp_loss":0,"event_name":"Tomb of Lord Red Mask","floor":37,"gold_loss":0}],"is_beta":false,"boss_relics":[{"not_picked":["energizedSpire:CrystalSphere","infinitespire:Cupcake"],"picked":"aspiration:RandomNobGenerator"},{"not_picked":["aspiration:PoetsPen_weak","conspire:SlowCooker"],"picked":"Abe\u0027s Treasure"}],"items_purged_floors":[13,21],"is_endless":false,"potions_floor_spawned":[8,11,12,14,16,18,19,20,23,24,25,27,30,33,35,36,39,41,45,46,47,48],"ascension_level":1}}