{"host":"ya062ahhhuj9au1o","time":1608004547,"event":{"mods":["BaseMod","Better Third Choice","Filter the Spire","Hermit","Minty Spire (QoL Compilation)","Random Character Button","Robot Space Explorer","Somnambulant","StSLib","The Bug Knight","The Cursed","The Servant 0.9.4"],"gold_per_floor":[367,442,278,278,294,294,305,305,305,320,335,29,49,71,71,71,71],"floor_reached":16,"playtime":1107,"items_purged":["somnambulantmod: Defend_Somnambulant","somnambulantmod: Defend_Somnambulant"],"score":129,"play_id":"84bdcc3d-2116-4d41-93e6-38a536135175","local_time":"20201214225547","is_ascension_mode":true,"campfire_choices":[{"data":"somnambulantmod: PrimingPunch","floor":6,"key":"SMITH"},{"data":"somnambulantmod: QuickNap","floor":8,"key":"SMITH"},{"data":"1","floor":15,"key":"LIFT"}],"circlet_count":0,"master_deck":["somnambulantmod: SomnambulantStrike","somnambulantmod: SomnambulantStrike","somnambulantmod: SomnambulantStrike","somnambulantmod: SomnambulantStrike","somnambulantmod: SomnambulantStrike","somnambulantmod: Defend_Somnambulant","somnambulantmod: Defend_Somnambulant","somnambulantmod: Defend_Somnambulant","somnambulantmod: QuickNap+1","somnambulantmod: PrimingPunch+1","somnambulantmod: SleepingBody","Finesse","somnambulantmod: Harden","somnambulantmod: Remember","somnambulantmod: Pinch","somnambulantmod: Hush","somnambulantmod: Pinch","somnambulantmod: LayeredDefense","somnambulantmod: HorrificThought"],"relics":["somnambulantmod: DreamJournal","Toy Ornithopter","Girya","Lee\u0027s Waffle","Odd Mushroom"],"acts_visited":["Exordium"],"potions_floor_usage":[],"damage_taken":[{"damage":7.0,"enemies":"Small Slimes","floor":1.0,"turns":4.0},{"damage":7,"enemies":"2 Louse","floor":5,"turns":3},{"damage":1,"enemies":"Cultist","floor":7,"turns":4},{"damage":8,"enemies":"Blue Slaver","floor":10,"turns":4},{"damage":2,"enemies":"Exordium Wildlife","floor":11,"turns":4},{"damage":13,"enemies":"Exordium Thugs","floor":13,"turns":3},{"damage":21,"enemies":"The Mushroom Lair","floor":14,"turns":5},{"damage":38,"enemies":"Hexaghost","floor":16,"turns":11}],"seed_played":"6074885365531928509","potions_obtained":[{"floor":1.0,"key":"FearPotion"},{"floor":7,"key":"SpeedPotion"},{"floor":10,"key":"Ancient Potion"},{"floor":13,"key":"EssenceOfSteel"}],"is_trial":false,"path_per_floor":["M","?","$","?","M","R","M","R","T","M","M","$","M","?","R","B"],"character_chosen":"THE_SOMNAMBULANT","items_purchased":["Finesse","Lee\u0027s Waffle","somnambulantmod: Pinch"],"campfire_rested":0,"item_purchase_floors":[3,12,12],"current_hp_per_floor":[56,45,45,45,38,38,37,37,37,29,27,70,57,36,36,0,0],"gold":71,"neow_bonus":"TWO_FIFTY_GOLD","is_daily":false,"chose_seed":false,"campfire_upgraded":2,"win_rate":0.0,"timestamp":1608004547,"path_taken":["M","?","$","?","M","R","?","R","T","M","M","$","M","?","R","BOSS"],"items_purchased_type":["Card","Relic","Card"],"build_version":"2020-12-13","purchased_purges":2,"victory":false,"max_hp_per_floor":[63,63,63,63,63,63,63,63,63,63,63,70,70,70,70,70,70],"card_choices":[{"not_picked":["somnambulantmod: TrepanningBlow","somnambulantmod: Harden"],"picked":"somnambulantmod: SleepingBody","floor":1.0},{"not_picked":["somnambulantmod: ShimmeringVeil","somnambulantmod: TrepanningBlow"],"picked":"somnambulantmod: Harden","floor":5},{"not_picked":["somnambulantmod: Harden","somnambulantmod: InLimbo"],"picked":"somnambulantmod: Remember","floor":7},{"not_picked":["somnambulantmod: HappyThoughts","somnambulantmod: Bloom"],"picked":"somnambulantmod: Pinch","floor":10},{"not_picked":["somnambulantmod: GalaxyBrain","somnambulantmod: Trauma"],"picked":"somnambulantmod: Hush","floor":11},{"not_picked":["somnambulantmod: ShowerThought","somnambulantmod: Extract"],"picked":"somnambulantmod: LayeredDefense","floor":13},{"not_picked":["somnambulantmod: HappyThoughts","somnambulantmod: RacingThoughts"],"picked":"somnambulantmod: HorrificThought","floor":14}],"player_experience":1626427,"relics_obtained":[{"floor":9,"key":"Girya"},{"floor":14,"key":"Odd Mushroom"}],"event_choices":[{"damage_healed":0.0,"max_hp_gain":0.0,"max_hp_loss":0.0,"gold_gain":75.0,"event_name":"betterThird:BetterGoop","player_choice":"Gold","floor":2.0,"gold_loss":0.0,"damage_taken":11.0},{"damage_healed":0.0,"max_hp_gain":0.0,"max_hp_loss":0.0,"gold_gain":0.0,"event_name":"WeMeetAgain","player_choice":"Gave Potion","floor":4.0,"gold_loss":0.0,"damage_taken":0.0,"relics_obtained":["Toy Ornithopter"]},{"damage_healed":0,"gold_gain":0,"player_choice":"Fought Mushrooms","damage_taken":0,"max_hp_gain":0,"max_hp_loss":0,"event_name":"Mushrooms","floor":14,"gold_loss":0}],"is_beta":false,"boss_relics":[],"items_purged_floors":[3,12],"is_endless":false,"potions_floor_spawned":[1,7,10,13],"killed_by":"Hexaghost","ascension_level":8}}