{"host":"y6ogtdgt8z4md30g","time":1608000115,"event":{"mods":["AchievementEnabler","BaseMod","Better Third Choice","Colored Powertips","Downfall","Hubris","Infinite Spire","Minty Spire (QoL Compilation)","Replay The Spire","Spicy Shops","StSLib"],"gold_per_floor":[99,99,99,99,99,113,113,113,127,127,127,142,36,36,53,53,53],"floor_reached":16,"playtime":1252,"items_purged":[],"score":88,"play_id":"aa95f74f-ba0f-40ee-a0ca-8d74efd50f15","local_time":"20201214214155","is_ascension_mode":false,"campfire_choices":[{"floor":1,"key":"RECALL"},{"data":"champ:StanceDance","floor":8,"key":"SMITH"},{"floor":10,"key":"REST"}],"circlet_count":0,"master_deck":["champ:Strike","champ:Strike","champ:Strike","champ:Strike","champ:Defend","champ:Defend","champ:Defend","champ:Defend","champ:Execute","champ:Taunt","champ:StanceDance+1","champ:FaceSlap","champ:Lariat","champ:FocusedGladiator","champ:CrookedStrike","champ:Haymaker","champ:BringItOn","champ:EnragedBash","champ:FlashCut","Parasite","champ:ViciousMockery"],"relics":["champ:ChampionCrown","downfall:HeartsMalice","champ:LiftRelic","downfall:BrokenWingStatue"],"acts_visited":["Exordium"],"potions_floor_usage":[15,16],"damage_taken":[{"damage":0,"enemies":"2 Louse","floor":2,"turns":1},{"damage":0,"enemies":"Small Slimes","floor":3,"turns":1},{"damage":0,"enemies":"Jaw Worm","floor":4,"turns":1},{"damage":17,"enemies":"Blue Slaver","floor":6,"turns":2},{"damage":26,"enemies":"Exordium Wildlife","floor":9,"turns":7},{"damage":24,"enemies":"3 Louse","floor":12,"turns":4},{"damage":5,"enemies":"downfall:FleeingMerchant","floor":13,"turns":4},{"damage":11,"enemies":"Large Slime","floor":15,"turns":5},{"damage":103,"enemies":"downfall:Defect","floor":16,"turns":8}],"seed_played":"-8739061624917133552","potions_obtained":[{"floor":6,"key":"PowerPotion"},{"floor":12,"key":"Elixir"},{"floor":15,"key":"Weak Potion"}],"is_trial":false,"path_per_floor":["R","M","M","M","?","M","T","R","M","R","?","M","$","?","M","B"],"character_chosen":"THE_CHAMP","items_purchased":["champ:EnragedBash","champ:FlashCut"],"campfire_rested":1,"item_purchase_floors":[13,13],"current_hp_per_floor":[90,90,90,90,90,78,78,78,57,84,84,65,65,87,87,0,0],"gold":53,"neow_bonus":"THREE_ENEMY_KILL","is_daily":false,"chose_seed":false,"campfire_upgraded":1,"win_rate":0.0,"timestamp":1608000115,"path_taken":["R","M","M","M","?","M","T","R","M","R","?","M","$","?","M","BOSS"],"items_purchased_type":["Card","Card"],"build_version":"2020-12-13","purchased_purges":0,"victory":false,"max_hp_per_floor":[90,90,90,90,90,90,90,90,90,90,90,90,90,90,90,90,90],"card_choices":[{"not_picked":["champ:FocusedGladiator","champ:Haymaker"],"picked":"champ:StanceDance","floor":2},{"not_picked":["champ:PerfectedStrike","champ:DefensiveShout"],"picked":"champ:FaceSlap","floor":3},{"not_picked":["champ:DeathBlow","champ:EndlessRage"],"picked":"champ:Lariat","floor":4},{"not_picked":["champ:EndlessRage","champ:FocusedBerserking"],"picked":"champ:FocusedGladiator","floor":6},{"not_picked":["champ:CalledShot","champ:FlashCut"],"picked":"champ:CrookedStrike","floor":9},{"not_picked":["champ:Circumvent","champ:SwordThrow"],"picked":"champ:Haymaker","floor":12},{"not_picked":["champ:GutPunch","champ:GladiatorsShout"],"picked":"champ:BringItOn","floor":13},{"not_picked":["champ:DefensiveShout","champ:FlashCut"],"picked":"champ:ViciousMockery","floor":15}],"player_experience":41570,"relics_obtained":[],"event_choices":[{"damage_healed":22,"gold_gain":0,"player_choice":"Healed and dodged fight","damage_taken":0,"max_hp_gain":0,"max_hp_loss":0,"event_name":"Mushrooms","floor":14,"gold_loss":0,"cards_obtained":["Parasite"]}],"is_beta":false,"boss_relics":[],"items_purged_floors":[],"is_endless":false,"potions_floor_spawned":[6,12,15],"killed_by":"downfall:Defect","ascension_level":0}}