{"host":"cr9rpoy6dx9riis3","time":1608071034,"event":{"mods":["AchievementEnabler","BaseMod","Better Altar","Better Note","Better Sensory Stone","Better Skull","Better Third Choice","Better-Laid Plans","BetterRewards","Block Reminder","Curses Come First","Displayed Cursed Tome","Emptier Cage","Marked Mod","Minty Spire (QoL Compilation)","Permanent Neow","Relic Sorter","StSLib","The Blue Laboratory","Transform Curses"],"gold_per_floor":[119,119,119,135,60,60,60,60,107,107,142,152,152,167,167,272,272,282,301,301,321,521,521,553,553,622,622,217,217,217],"floor_reached":29,"playtime":1080,"items_purged":["Bash","Strike_R"],"score":390,"play_id":"6adbcd81-d486-443a-9107-282e33813e52","local_time":"20201215232354","is_ascension_mode":true,"campfire_choices":[{"data":"Infernal Blade","floor":6,"key":"SMITH"},{"data":"Ghostly Armor","floor":8,"key":"SMITH"},{"data":"Uppercut","floor":13,"key":"SMITH"},{"data":"Bludgeon","floor":15,"key":"SMITH"},{"data":"Bludgeon","floor":23,"key":"SMITH"},{"data":"Reckless Charge","floor":25,"key":"SMITH"},{"data":"Dropkick","floor":27,"key":"SMITH"}],"circlet_count":0,"master_deck":["Strike_R","Strike_R","Strike_R+1","Strike_R","Defend_R+1","Defend_R","Defend_R","Defend_R","Ghostly Armor+1","Feel No Pain","Infernal Blade+1","Bludgeon+1","Uppercut+1","Dropkick+1","Bludgeon+1","Spot Weakness+1","Reckless Charge+1"],"relics":["Burning Blood","Orichalcum","Darkstone Periapt","Centennial Puzzle","Bag of Marbles","Bird Faced Urn","Mark of Pain"],"acts_visited":["Exordium","TheCity"],"potions_floor_usage":[11,11,24,24,24],"damage_taken":[{"damage":0,"enemies":"2 Louse","floor":1,"turns":4},{"damage":1,"enemies":"Jaw Worm","floor":4,"turns":4},{"damage":41,"enemies":"Gremlin Nob","floor":11,"turns":5},{"damage":0,"enemies":"Small Slimes","floor":12,"turns":2},{"damage":0,"enemies":"Red Slaver","floor":14,"turns":2},{"damage":39,"enemies":"Hexaghost","floor":16,"turns":13},{"damage":0,"enemies":"Spheric Guardian","floor":18,"turns":3},{"damage":6,"enemies":"Chosen","floor":19,"turns":3},{"damage":11,"enemies":"Snake Plant","floor":21,"turns":4},{"damage":29,"enemies":"Slavers","floor":24,"turns":4},{"damage":58,"enemies":"Gremlin Leader","floor":29,"turns":4}],"seed_played":"2519882907529885409","potions_obtained":[{"floor":1,"key":"PowerPotion"},{"floor":16,"key":"Swift Potion"},{"floor":18,"key":"blueLaboratory:PyrophylliteBrew"},{"floor":21,"key":"blueLaboratory:Moonshine"},{"floor":24,"key":"SpeedPotion"}],"is_trial":false,"path_per_floor":["M","?","?","M","$","R","?","R","T","?","E","M","R","M","R","B",null,"M","M","?","M","?","R","E","R","T","R","$","E"],"character_chosen":"IRONCLAD","items_purchased":["Ghostly Armor","Feel No Pain","BloodPotion","Bird Faced Urn"],"campfire_rested":0,"item_purchase_floors":[0,0,0,28],"current_hp_per_floor":[80,73,73,78,78,78,62,62,62,62,43,49,49,55,55,22,80,80,80,80,75,75,75,52,52,52,52,52,0,0],"gold":217,"neow_bonus":"","is_daily":false,"chose_seed":false,"campfire_upgraded":7,"win_rate":0.0,"timestamp":1608071034,"path_taken":["M","?","?","M","$","R","?","R","T","?","E","M","R","M","R","BOSS","M","M","?","M","?","R","E","R","T","R","$","E"],"items_purchased_type":["Card","Card","Potion","Relic"],"build_version":"2020-12-13","purchased_purges":2,"victory":false,"max_hp_per_floor":[80,80,80,80,80,80,80,80,80,80,80,80,80,80,80,80,80,80,80,80,80,80,80,80,80,80,80,80,80,80],"card_choices":[{"not_picked":["Body Slam","Anger"],"picked":"Infernal Blade","floor":1},{"not_picked":["Warcry","Body Slam","Cleave"],"picked":"SKIP","floor":4},{"not_picked":["Iron Wave","Intimidate"],"picked":"Bludgeon","floor":11},{"not_picked":["Shrug It Off","Wild Strike"],"picked":"Uppercut","floor":12},{"not_picked":["Perfected Strike","Sword Boomerang"],"picked":"Dropkick","floor":14},{"not_picked":["Juggernaut","Limit Break"],"picked":"Bludgeon","floor":16},{"not_picked":["Thunderclap","Perfected Strike","Flex+1"],"picked":"SKIP","floor":18},{"not_picked":["Cleave","Heavy Blade","Headbutt"],"picked":"SKIP","floor":19},{"not_picked":["Armaments","Sword Boomerang"],"picked":"Reckless Charge","floor":21},{"not_picked":["Headbutt","Pummel","Intimidate+1"],"picked":"SKIP","floor":24}],"player_experience":705440,"relics_obtained":[{"floor":11,"key":"Centennial Puzzle"},{"floor":24,"key":"Bag of Marbles"},{"floor":26,"key":"Darkstone Periapt"}],"event_choices":[{"damage_healed":0,"gold_gain":1,"player_choice":"Relic ","damage_taken":7,"max_hp_gain":0,"max_hp_loss":0,"event_name":"betterThird:BetterScrap","floor":2,"gold_loss":0,"cards_obtained":["Alpha"]},{"damage_healed":0,"gold_gain":0,"player_choice":"Ignored","damage_taken":0,"max_hp_gain":0,"max_hp_loss":0,"event_name":"Golden Idol","floor":3,"gold_loss":0},{"damage_healed":78,"gold_gain":0,"player_choice":"Upgrade","damage_taken":16,"max_hp_gain":0,"max_hp_loss":80,"event_name":"betterThird:BetterShining","floor":7,"gold_loss":0,"cards_upgraded":["Strike_R","Defend_R"]},{"damage_healed":0,"gold_gain":0,"player_choice":"0 cards matched","damage_taken":0,"max_hp_gain":0,"max_hp_loss":0,"event_name":"Match and Keep!","floor":10,"gold_loss":0,"cards_obtained":[]},{"cards_removed":["Bludgeon"],"damage_healed":0,"gold_gain":0,"player_choice":"Take \u0026 Give","damage_taken":0,"max_hp_gain":0,"max_hp_loss":0,"event_name":"betterNote:BetterNote","floor":20,"gold_loss":0,"cards_obtained":["Spot Weakness"]},{"damage_healed":0,"gold_gain":200,"player_choice":"Gold","damage_taken":0,"max_hp_gain":0,"max_hp_loss":0,"event_name":"Wheel of Change","floor":22,"gold_loss":0}],"is_beta":false,"boss_relics":[{"not_picked":["Astrolabe","Velvet Choker"],"picked":"Mark of Pain"}],"items_purged_floors":[5,28],"is_endless":false,"potions_floor_spawned":[1,16,18,21,24],"killed_by":"Gremlin Leader","ascension_level":3}}