{"host":"sst22apzgpn07t8v","time":1608038243,"event":{"mods":["Act Like it!","BaseMod","Downfall","Hallownest","HololiveMod","Lobotomy","LobotomyExtend","Minty Spire (QoL Compilation)","Replay The Spire","Shop Mod","StSLib"],"gold_per_floor":[100,135,135,135,135,0,0,20,38,38,49,66,77,97,117,214,214,214,214,214,247,259,284,321,352,377,415,427,453,465,465],"floor_reached":30,"playtime":1938,"items_purged":[],"score":370,"play_id":"95273ba3-ed21-438a-92c6-5eaf15414361","local_time":"20201215211723","is_ascension_mode":false,"campfire_choices":[],"circlet_count":0,"master_deck":["Mercenary","SpecialBullet","SpecialBullet","SpecialBullet","SpecialBullet","SpecialBullet","SpecialBullet","SpecialBullet","SpecialBullet","InformationCode","SecurityCode","CentralCode","Hornet","LaLuna","ShyLook","Lamp+7","SomewhereSpear","Hornet","Hornet","Noise","Scorched","RapturousDream","Adoration","SomewhereSpear","BlackArmy","GoldRush","Hallownest:attackMasterCycloneSlash","OSAHOGD","Diffraction","LongBird","Hornet+1","Noise+1","VoidDream","SomewhereSpear","OldLady","Diffraction+1"],"relics":["CogitoBucket","downfall:HeartsMalice","Ice Cream","Divine Protection","LetterFromLob","HellTrain","Odd Mushroom","SolemnVow_r","WantedRequest","RedMistMask","Cursed Key","MawBank","Nunchaku","Bag of Preparation"],"acts_visited":["Exordium","Hallownest:CityofTears"],"potions_floor_usage":[16,16],"damage_taken":[{"damage":0,"enemies":"3 Sentries","floor":2,"turns":1},{"damage":0,"enemies":"2 Louse","floor":4,"turns":1},{"damage":0,"enemies":"Small Slimes","floor":5,"turns":1},{"damage":0,"enemies":"downfall:FleeingMerchant","floor":6,"turns":4},{"damage":0,"enemies":"Cultist","floor":8,"turns":2},{"damage":11,"enemies":"2 Fungi Beasts","floor":9,"turns":3},{"damage":0,"enemies":"Gremlin Gang","floor":11,"turns":2},{"damage":0,"enemies":"Blue Slaver","floor":12,"turns":2},{"damage":7,"enemies":"Red Slaver","floor":13,"turns":3},{"damage":5,"enemies":"The Mushroom Lair","floor":14,"turns":4},{"damage":14,"enemies":"2 Fungi Beasts","floor":15,"turns":2},{"damage":26,"enemies":"downfall:Watcher","floor":16,"turns":5},{"damage":43,"enemies":"Hallownest:eliteWatcherKnight","floor":21,"turns":7},{"damage":7,"enemies":"Hallownest:Flukemon_and_Top","floor":23,"turns":3},{"damage":2,"enemies":"Hallownest:2_Mistakes","floor":25,"turns":2},{"damage":0,"enemies":"Hallownest:Master_and_Novice","floor":26,"turns":2},{"damage":0,"enemies":"Hallownest:Nosk","floor":27,"turns":4},{"damage":32,"enemies":"Hallownest:3_Mistakes","floor":29,"turns":2},{"damage":82,"enemies":"Hallownest:monsterShrumalOgre","floor":30,"turns":5}],"seed_played":"-4086320832622473297","potions_obtained":[{"floor":8,"key":"CultistPotion"},{"floor":9,"key":"Languid Potion"},{"floor":11,"key":"Dexterity Potion"},{"floor":15,"key":"champ:CounterPotion"},{"floor":16,"key":"SkillPotion"},{"floor":26,"key":"SneckoOil"}],"is_trial":false,"path_per_floor":["R","E","R","M","M","$","T","M","M","R","M","M","M","?","M","B",null,"R","M","?","E","R","M","T","M","M","E","?","M","M"],"character_chosen":"Angela","items_purchased":["SomewhereSpear","Hornet"],"campfire_rested":0,"item_purchase_floors":[6,6],"current_hp_per_floor":[70,70,70,70,70,70,70,70,70,70,70,70,70,70,70,65,70,70,70,70,47,47,69,69,70,70,70,70,63,0,0],"gold":465,"neow_bonus":"THREE_ENEMY_KILL","is_daily":false,"chose_seed":false,"campfire_upgraded":0,"win_rate":0.0,"timestamp":1608038243,"path_taken":["R","E","R","M","M","$","T","M","M","R","M","M","M","?","M","BOSS","R","M","?","E","R","M","T","M","M","E","?","M","?"],"items_purchased_type":["Card","Card"],"build_version":"2020-12-13","purchased_purges":0,"victory":false,"max_hp_per_floor":[70,70,70,70,70,70,70,70,70,70,70,70,70,70,70,70,70,70,70,70,70,70,70,70,70,70,70,70,70,70,70],"card_choices":[{"not_picked":["Penitence"],"picked":"Hornet","floor":2},{"not_picked":["Regret_ego","Soda"],"picked":"SKIP","floor":4},{"not_picked":["BeautyBeast","Bloodbath"],"picked":"LaLuna","floor":5},{"not_picked":["SwordSharpenedByTears"],"picked":"FourthMatchFlame","floor":5},{"not_picked":["Scorched","WallGazer"],"picked":"ShyLook","floor":6},{"not_picked":["CherryBlossom"],"picked":"Lamp","floor":6},{"not_picked":["CherryBlossom"],"picked":"Hornet","floor":8},{"not_picked":["WallGazer","Scorched"],"picked":"Mercenary","floor":9},{"not_picked":["Loneliness"],"picked":"Noise","floor":9},{"not_picked":["Bloodbath","SpiderBud"],"picked":"Scorched","floor":11},{"not_picked":["BlackSwan_ego"],"picked":"RapturousDream","floor":11},{"not_picked":["RapturousDream"],"picked":"Adoration","floor":12},{"not_picked":["BeautyBeast","DreamingCurrent"],"picked":"Funeral","floor":13},{"not_picked":["FeatherOfHonor"],"picked":"SomewhereSpear","floor":13},{"not_picked":["BigBadWolf","BeautyBeast"],"picked":"BlackArmy","floor":14},{"not_picked":["Loneliness","Soda"],"picked":"SKIP","floor":15},{"not_picked":["SoundOfStar"],"picked":"GoldRush","floor":16},{"not_picked":["OldLady","MHz"],"picked":"OSAHOGD","floor":21},{"not_picked":["SomewhereSpear"],"picked":"Diffraction","floor":21},{"not_picked":["Regret_ego+1","Lantern+1"],"picked":"SKIP","floor":23},{"not_picked":["LittleHelper","LittlePrince"],"picked":"LongBird","floor":25},{"not_picked":["Justitia"],"picked":"Hornet+1","floor":25},{"not_picked":["CUTE"],"picked":"Noise+1","floor":26},{"not_picked":["Murderer","MeatLantern"],"picked":"VoidDream","floor":27},{"not_picked":["GreenStem"],"picked":"SomewhereSpear","floor":27},{"not_picked":["SingingMachine","SpiderBud"],"picked":"OldLady","floor":29},{"not_picked":["CherryBlossom"],"picked":"Diffraction+1","floor":29}],"player_experience":152289,"relics_obtained":[{"floor":2,"key":"Ice Cream"},{"floor":7,"key":"Divine Protection"},{"floor":9,"key":"LetterFromLob"},{"floor":14,"key":"Odd Mushroom"},{"floor":16,"key":"RedMistMask"},{"floor":21,"key":"MawBank"},{"floor":24,"key":"Nunchaku"},{"floor":27,"key":"Bag of Preparation"}],"event_choices":[{"damage_healed":0,"gold_gain":0,"player_choice":"Fought Mushrooms","damage_taken":0,"max_hp_gain":0,"max_hp_loss":0,"event_name":"Mushrooms","floor":14,"gold_loss":0}],"is_beta":false,"boss_relics":[{"not_picked":["Hololive_TopUpMoneyS","Tiny House"],"picked":"Cursed Key"}],"items_purged_floors":[],"is_endless":false,"potions_floor_spawned":[8,9,11,12,15,16,26,29],"killed_by":"Hallownest:monsterShrumalOgre","ascension_level":0}}