{"host":"i3w38rq1z4slkels","time":1608057944,"event":{"mods":["2.2 Compatiblity","Act Like it!","BaseMod","Better Match","Better Vampires","BetterRewards","Conspire","Downfall","Minty Spire (QoL Compilation)","Rare Cards Sparkle","Replay The Spire","StSLib"],"gold_per_floor":[99,99,115,40,56,56,56,75,89,115,129,229,245,258,273,374,374,224,224,243,258,268,278,278,291,291,311,17,17,17,35,55,156,156,156,173,173,173,229,241,266,218,237,270,304,304,304,321,340,344],"floor_reached":51,"playtime":5031,"items_purged":["champ:BladeFlurry"],"score":747,"play_id":"33d206fc-c965-4f68-94b6-402133fc99fd","local_time":"20201216014544","is_ascension_mode":true,"campfire_choices":[{"floor":1,"key":"RECALL"},{"data":"champ:Taunt","floor":4,"key":"SMITH"},{"data":"champ:DefensiveStyle","floor":18,"key":"SMITH"},{"floor":26,"key":"REST"},{"data":"champ:ShieldWall","floor":35,"key":"SMITH"},{"data":"champ:HoldFirm","floor":38,"key":"SMITH"}],"circlet_count":0,"master_deck":["champ:Strike","champ:Strike","champ:Defend","champ:Defend","champ:Defend","champ:Execute","champ:Taunt+1","champ:ShieldThrow","champ:Backstep","champ:Aggression","champ:DefensiveStyle+1","champ:ShieldSlam","champ:Riposte+1","champ:CheapShot+1","champ:HoldFirm+1","champ:ShieldWall+1","champ:HoldFirm+1","champ:Balance+1","champ:EnGarde+1","champ:ShieldSigil"],"relics":["conspire:SpecialSausage","downfall:HeartBlessingRed","Calipers","Singing Bowl","Astrolabe","downfall:HeartBlessingGreen","downfall:HeartBlessingBlue","downfall:KnowingSkull","Quantum Egg","Golden Egg","Black Star","Replay:Bandana","Replay:Wax Seal","Pocketwatch","The Courier"],"acts_visited":["Exordium","TheCity","TheBeyond"],"potions_floor_usage":[13,16,16,25,31,32,44,44],"damage_taken":[{"damage":0,"enemies":"Jaw Worm","floor":3,"turns":3},{"damage":5,"enemies":"Cultist","floor":5,"turns":3},{"damage":0,"enemies":"conspire:RoseBush","floor":8,"turns":3},{"damage":18,"enemies":"conspire:2 RoseBushes","floor":9,"turns":9},{"damage":35,"enemies":"Lagavulin","floor":10,"turns":9},{"damage":0,"enemies":"Red Slaver","floor":11,"turns":2},{"damage":0,"enemies":"conspire:2 RoseBushes","floor":13,"turns":4},{"damage":8,"enemies":"3 Louse","floor":14,"turns":3},{"damage":4,"enemies":"Blue Slaver","floor":15,"turns":2},{"damage":37,"enemies":"downfall:Silent","floor":16,"turns":12},{"damage":30,"enemies":"Spheric Guardian","floor":20,"turns":4},{"damage":16,"enemies":"Snake Plant","floor":21,"turns":3},{"damage":18,"enemies":"conspire:HollyBat","floor":22,"turns":7},{"damage":23,"enemies":"Centurion and Healer","floor":23,"turns":7},{"damage":1,"enemies":"Cultist and Chosen","floor":25,"turns":4},{"damage":19,"enemies":"Snake Plant","floor":27,"turns":5},{"damage":16,"enemies":"downfall:FleeingMerchant","floor":28,"turns":4},{"damage":26,"enemies":"Sentry and Sphere","floor":31,"turns":7},{"damage":0,"enemies":"conspire:HollyBat","floor":32,"turns":7},{"damage":44,"enemies":"downfall:Watcher","floor":33,"turns":14},{"damage":9,"enemies":"3 Shapes","floor":36,"turns":7},{"damage":9,"enemies":"3 Darklings","floor":39,"turns":7},{"damage":10,"enemies":"4 Shapes","floor":40,"turns":9},{"damage":7,"enemies":"downfall:FleeingMerchant","floor":42,"turns":4},{"damage":29,"enemies":"Sphere and 2 Shapes","floor":43,"turns":11},{"damage":8,"enemies":"Reptomancer","floor":44,"turns":11},{"damage":0,"enemies":"conspire:MimicChest","floor":45,"turns":6},{"damage":5,"enemies":"Jaw Worm Horde","floor":48,"turns":4},{"damage":56,"enemies":"Transient","floor":49,"turns":5},{"damage":5,"enemies":"downfall:Ironclad","floor":50,"turns":10}],"seed_played":"6855494052871734104","potions_obtained":[{"floor":10,"key":"CultistPotion"},{"floor":11,"key":"Reflective Coating"},{"floor":13,"key":"Doom Potion"},{"floor":15,"key":"Block Potion"},{"floor":20,"key":"Fire Potion"},{"floor":21,"key":"Energy Potion"},{"floor":27,"key":"Adrenaline Potion"},{"floor":31,"key":"PowerPotion"},{"floor":39,"key":"BlessingOfTheForge"},{"floor":45,"key":"SkillPotion"},{"floor":48,"key":"Languid Potion"}],"is_trial":false,"path_per_floor":["R","?","M","R","M","?","T","M","M","E","M","?","M","M","M","B",null,"R","?","M","M","M","M","T","M","R","M","$","?","?","M","M","B",null,"R","M","?","R","M","M","T","$","M","E","?","?","?","M","M","B",null],"character_chosen":"THE_CHAMP","items_purchased":["champ:ShieldWall","Golden Egg"],"campfire_rested":1,"item_purchase_floors":[28,28],"current_hp_per_floor":[90,90,90,90,90,87,87,87,79,50,50,50,50,42,44,13,92,102,93,74,60,44,36,36,37,70,58,55,93,93,69,71,27,118,118,111,111,111,104,96,96,89,77,69,69,69,69,66,17,12],"gold":344,"neow_bonus":"BOSS_RELIC","is_daily":false,"chose_seed":false,"campfire_upgraded":4,"win_rate":0.0,"timestamp":1608057944,"path_taken":["R","?","?","R","M","?","T","M","M","E","M","?","M","M","M","BOSS","R","?","?","M","M","M","T","M","R","M","$","?","?","M","M","BOSS","R","M","?","R","M","M","T","$","M","E","?","?","?","M","M","BOSS"],"items_purchased_type":["Card","Relic"],"build_version":"2020-12-13","purchased_purges":1,"victory":true,"max_hp_per_floor":[90,90,90,90,90,90,90,90,90,90,90,90,90,90,92,92,92,102,102,104,106,108,110,110,112,112,114,114,114,114,116,118,118,118,118,120,120,120,122,124,124,124,126,126,126,126,126,128,130,130],"card_choices":[{"not_picked":["champ:DefensiveShout","champ:TornadoPunch","champ:BladeFlurry"],"picked":"SKIP","floor":3},{"not_picked":["champ:DefensiveShout","champ:AdrenalArmor"],"picked":"champ:BladeFlurry","floor":5},{"not_picked":["champ:CrookedStrike","champ:Haymaker"],"picked":"champ:EndlessRage","floor":8},{"not_picked":["champ:FlashCut","champ:DeathBlow"],"picked":"champ:Haymaker","floor":9},{"not_picked":["champ:RageSigil","champ:AdrenalArmor"],"picked":"champ:ShieldThrow","floor":10},{"not_picked":["champ:GladiatorsShout","champ:Aggression"],"picked":"champ:Backstep","floor":11},{"not_picked":["champ:RapidStrikes","champ:CalledShot"],"picked":"champ:Aggression","floor":13},{"not_picked":["champ:HeartStrike","champ:FocusedBerserking"],"picked":"champ:DefensiveStyle","floor":14},{"not_picked":["champ:Haymaker","champ:SwordSigil","champ:BerserkersShout"],"picked":"Singing Bowl","floor":15},{"not_picked":["champ:CheapShot","champ:LastStand"],"picked":"champ:ShieldSlam","floor":16},{"not_picked":["champ:RecklessLeap+1","champ:AdrenalArmor+1","champ:FlashCut+1"],"picked":"Singing Bowl","floor":20},{"not_picked":["champ:SwordSigil+1","champ:FocusedDefense","champ:PerfectedStrike+1"],"picked":"Singing Bowl","floor":21},{"not_picked":["champ:GladiatorsShout+1","champ:StanceDance","champ:BerserkersShout"],"picked":"Singing Bowl","floor":22},{"not_picked":["champ:BringItOn","champ:Circumvent+1","champ:PreciseThrust"],"picked":"Singing Bowl","floor":23},{"not_picked":["champ:ViciousMockery","champ:CrookedStrike+1","champ:Encircle"],"picked":"Singing Bowl","floor":25},{"not_picked":["champ:RageSigil","champ:FocusedGladiator+1","champ:ShieldSigil"],"picked":"Singing Bowl","floor":27},{"not_picked":["champ:GladiatorsShout","champ:SwordSigil+1"],"picked":"champ:HoldFirm","floor":28},{"not_picked":["champ:Backstep","champ:BladeFlurry","champ:PerfectedStrike"],"picked":"Singing Bowl","floor":31},{"not_picked":["champ:FaceSlap","champ:HeartStrike","champ:CalledShot+1"],"picked":"Singing Bowl","floor":32},{"not_picked":["champ:Improvising","champ:CrownThrow"],"picked":"champ:HoldFirm","floor":33},{"not_picked":["champ:DefensiveShout+1","champ:ArenaPreparation","champ:FocusedDefense"],"picked":"Singing Bowl","floor":36},{"not_picked":["champ:SwordSigil+1","champ:RapidStrikes+1","champ:Balance+1"],"picked":"Singing Bowl","floor":39},{"not_picked":["champ:SwordSigil+1","champ:FaceSlap+1","champ:BerserkersShout+1"],"picked":"Singing Bowl","floor":40},{"not_picked":["champ:StanceDance+1","champ:FocusedDefense"],"picked":"champ:Balance+1","floor":42},{"not_picked":["champ:SwordSigil","champ:BerserkersShout+1","champ:RageSigil+1"],"picked":"Singing Bowl","floor":43},{"not_picked":["champ:RapidStrikes+1","champ:BerserkersShout+1"],"picked":"champ:EnGarde+1","floor":44},{"not_picked":["champ:GutPunch","champ:ArenaPreparation"],"picked":"champ:ShieldSigil","floor":45},{"not_picked":["champ:RapidStrikes","champ:BerserkerStyle","champ:ViciousMockery"],"picked":"Singing Bowl","floor":48},{"not_picked":["champ:Lariat+1","champ:TornadoPunch+1","champ:ShieldSigil+1"],"picked":"Singing Bowl","floor":49}],"player_experience":415801,"relics_obtained":[{"floor":10,"key":"Singing Bowl"},{"floor":24,"key":"Quantum Egg"},{"floor":41,"key":"Replay:Bandana"},{"floor":44,"key":"Replay:Wax Seal"},{"floor":44,"key":"Pocketwatch"},{"floor":45,"key":"The Courier"}],"event_choices":[{"cards_removed":["champ:Strike"],"damage_healed":0,"gold_gain":0,"player_choice":"Purged","damage_taken":0,"max_hp_gain":0,"max_hp_loss":0,"event_name":"Purifier","floor":2,"gold_loss":0},{"damage_healed":0,"gold_gain":0,"player_choice":"Success","damage_taken":3,"relics_obtained":["Calipers"],"max_hp_gain":0,"max_hp_loss":0,"event_name":"Scrap Ooze","floor":6,"gold_loss":0},{"damage_healed":38,"gold_gain":0,"player_choice":"Heal","damage_taken":0,"max_hp_gain":0,"max_hp_loss":0,"event_name":"The Library","floor":29,"gold_loss":0},{"cards_removed":["champ:Haymaker"],"damage_healed":0,"gold_gain":0,"player_choice":"Removed Attack","damage_taken":0,"max_hp_gain":0,"max_hp_loss":0,"event_name":"Falling","floor":46,"gold_loss":0},{"damage_healed":0,"gold_gain":0,"player_choice":"Ignored","damage_taken":0,"max_hp_gain":0,"max_hp_loss":0,"event_name":"Mysterious Sphere","floor":47,"gold_loss":0}],"is_beta":false,"boss_relics":[{"not_picked":["conspire:SlowCooker","Runic Pyramid"],"picked":"Astrolabe"},{"not_picked":["conspire:SeveredTorchhead","Busted Crown"],"picked":"Black Star"}],"items_purged_floors":[42],"is_endless":false,"potions_floor_spawned":[10,11,13,15,20,21,27,31,39,45,48],"ascension_level":1}}