{"host":"y30n8hbqlqxhztg8","time":1608001734,"event":{"mods":["A Magickal Journey","AchievementEnabler","BaseMod","BetterRewards","Block Reminder","Colored Map","Conspire","Downfall","GifTheSpireLib","Glutton Mod","Hubris","Infinite Spire","Koishi","Marisa????????","Minty Spire (QoL Compilation)","Prisma Mod","Replay The Spire","Shop Mod","Somnambulant","StSLib","Stuff the Spire","The Factory","The Jungle","[IsaacMod]????"],"gold_per_floor":[110,127,127,127,140,175,175,175,175,175,175,204,204,216,216,312,312,322,337,257,257,277,277,277,277],"floor_reached":24,"playtime":742,"items_purged":[],"score":204,"play_id":"2158258d-9ed9-4cc4-926c-ce9eab61bedb","local_time":"20201214190854","is_ascension_mode":false,"campfire_choices":[{"floor":7,"key":"REST"},{"floor":10,"key":"REST"},{"floor":13,"key":"REST"},{"floor":15,"key":"REST"},{"floor":23,"key":"REST"}],"circlet_count":0,"master_deck":["Strike_MRS","Strike_MRS","Strike_MRS","Strike_MRS","Defend_MRS","Defend_MRS","Defend_MRS","Defend_MRS","MasterSpark","UpSweep","LuminesStrike","MachineGunSpark","UnstableBomb","NonDirectionalLaser","TreasureHunter","PowerUp","WitchLeyline+1","GasGiant"],"relics":["MiniHakkero","HushsDoor","MaYiHuaBei","Counterbalance","StuffTheSpire:DarkSteelAnvil","Bottled Flame","Empty Cage"],"acts_visited":["Exordium","TheCity"],"potions_floor_usage":[16,16,16],"damage_taken":[{"damage":9,"enemies":"2 Louse","floor":1,"turns":3},{"damage":6,"enemies":"Cultist","floor":2,"turns":3},{"damage":7,"enemies":"Small Slimes","floor":5,"turns":3},{"damage":53,"enemies":"3 Sentries","floor":6,"turns":7},{"damage":27,"enemies":"Gremlin Nob","floor":12,"turns":4},{"damage":11,"enemies":"Exordium Wildlife","floor":14,"turns":3},{"damage":56,"enemies":"Hexaghost","floor":16,"turns":9},{"damage":54,"enemies":"3 Byrds","floor":18,"turns":6},{"damage":5,"enemies":"Spheric Guardian","floor":19,"turns":3},{"damage":20,"enemies":"Cultist and Chosen","floor":22,"turns":5},{"damage":29,"enemies":"Centurion and Healer","floor":24,"turns":3}],"seed_played":"-994776567799611218","potions_obtained":[{"floor":2,"key":"Venom Potion"},{"floor":6,"key":"Energy Potion"},{"floor":12,"key":"Toxic Potion"}],"is_trial":false,"path_per_floor":["M","M","?","?","M","E","R","?","T","R","$","E","R","M","R","B",null,"M","M","$","?","M","R","M"],"character_chosen":"MARISA","items_purchased":["GasGiant"],"campfire_rested":5,"item_purchase_floors":[20],"current_hp_per_floor":[73,67,67,67,60,7,31,31,31,55,55,28,52,41,65,9,82,28,23,23,23,3,27,0,0],"gold":277,"neow_bonus":"TEN_PERCENT_HP_BONUS","is_daily":false,"chose_seed":false,"campfire_upgraded":0,"win_rate":0.0,"timestamp":1608001734,"path_taken":["M","M","?","?","?","E","R","?","T","R","$","E","R","M","R","BOSS","M","M","?","?","?","R","M"],"items_purchased_type":["Card"],"build_version":"2020-12-13","purchased_purges":0,"victory":false,"max_hp_per_floor":[82,82,82,82,82,82,82,82,82,82,82,82,82,82,82,82,82,82,82,82,82,82,82,82,82],"card_choices":[{"not_picked":["Singularity","ManaConvection"],"picked":"LuminesStrike","floor":1},{"not_picked":["IllusionStar","LuminesStrike"],"picked":"GravityBeat","floor":2},{"not_picked":["GravityBeat","PulseMagic"],"picked":"MachineGunSpark","floor":5},{"not_picked":["Bomb","DarkSpark"],"picked":"MachineGunSpark","floor":6},{"not_picked":["BigCrunch","SporeBomb"],"picked":"UnstableBomb","floor":12},{"not_picked":["Bomb","UnstableBomb"],"picked":"NonDirectionalLaser","floor":14},{"not_picked":["MaximisePower","CasketOfStar"],"picked":"TreasureHunter","floor":16},{"not_picked":["MagicChant","SporeBomb"],"picked":"PowerUp","floor":18},{"not_picked":["MilkyWay","6A"],"picked":"WitchLeyline+1","floor":19},{"not_picked":["ShootTheMoon","SprinkleStarSeal","PropBag+1"],"picked":"SKIP","floor":22}],"player_experience":50981,"relics_obtained":[{"floor":6,"key":"Counterbalance"},{"floor":9,"key":"StuffTheSpire:DarkSteelAnvil"},{"floor":12,"key":"Bottled Flame"}],"event_choices":[{"damage_healed":0,"gold_gain":0,"player_choice":"Leave","damage_taken":0,"max_hp_gain":0,"max_hp_loss":0,"event_name":"FaceTrader","floor":3,"gold_loss":0},{"damage_healed":0,"gold_gain":0,"player_choice":"Disagree","damage_taken":0,"max_hp_gain":0,"max_hp_loss":0,"event_name":"conspire:LoneGhost","floor":4,"gold_loss":0},{"damage_healed":0,"gold_gain":0,"player_choice":"Leave","damage_taken":0,"max_hp_gain":0,"max_hp_loss":0,"event_name":"conspire:Investor","floor":8,"gold_loss":0}],"is_beta":false,"boss_relics":[{"not_picked":["conspire:SlowCooker","Replay:Ancient Bell"],"picked":"Empty Cage"},{"not_picked":[]}],"items_purged_floors":[],"is_endless":false,"potions_floor_spawned":[2,6,12,14,22],"killed_by":"Centurion and Healer","ascension_level":0}}