{"host":"usewcu4ohw2wtmxk","time":1608006702,"event":{"mods":["AchievementEnabler","BaseMod","BetterRewards","Colored Powertips","Minty Spire (QoL Compilation)","Permanent Neow","Quick Restart","Relic Sorter","Relic Stats","Shop Mod","StSLib"],"gold_per_floor":[],"floor_reached":50,"playtime":1766,"items_purged":[],"score":1262,"play_id":"0cb78849-a0d5-42a9-b072-4854e9555f30","local_time":"20201215123142","is_ascension_mode":true,"campfire_choices":[],"circlet_count":0,"master_deck":["AscendersBane","Defend_B","Defend_B","Defend_B","Zap","Dualcast","Apotheosis+1","White Noise","Tempest","Core Surge","Sunder","Glacier","Hologram","Hello World","Buffer","Defragment+1","Turbo","Echo Form","Coolheaded","Coolheaded","Reboot","Compile Driver","Master of Strategy","Coolheaded","Sunder","Loop+1","Creative AI","Aggregate+1"],"relics":["Cracked Core","Smiling Mask","Golden Idol","Regal Pillow","Tiny Chest","Mercury Hourglass","TungstenRod","Orrery","Snecko Eye","Blood Vial","Strawberry","Membership Card","Bottled Lightning","Dream Catcher","Anchor","Runic Dome","Question Card","Omamori","Bottled Flame","Pen Nib"],"acts_visited":["Exordium","TheCity","TheBeyond"],"potions_floor_usage":[],"damage_taken":[],"seed_played":"8486687018435317705","potions_obtained":[],"is_trial":false,"path_per_floor":[],"character_chosen":"DEFECT","items_purchased":[],"campfire_rested":7,"item_purchase_floors":[],"current_hp_per_floor":[],"gold":369,"neow_bonus":"RANDOM_COLORLESS_2","is_daily":false,"chose_seed":false,"campfire_upgraded":2,"win_rate":0.0,"timestamp":1608006702,"path_taken":[],"items_purchased_type":["Relic","Card","Relic","Potion","Relic"],"build_version":"2020-12-13","purchased_purges":3,"victory":false,"max_hp_per_floor":[],"relic_stats":{"Regal Pillow":50,"counters":[23,101],"Golden Idol":142,"Pen Nib":[1],"Smiling Mask":38,"Question Card":10,"Mercury Hourglass":[367],"Blood Vial":16,"Dream Catcher":6,"Snecko Eye":[142,149,145,166],"Tiny Chest":2,"obtain_stats":[{"Regal Pillow":7,"Golden Idol":5,"Pen Nib":46,"Omamori":41,"Smiling Mask":4,"Question Card":38,"Mercury Hourglass":10,"Blood Vial":20,"Runic Dome":34,"Dream Catcher":25,"Anchor":31,"Bottled Flame":43,"Strawberry":21,"Orrery":14,"Snecko Eye":17,"Tiny Chest":9,"Membership Card":22,"Bottled Lightning":23,"Cracked Core":0,"TungstenRod":13},{"Regal Pillow":3,"Golden Idol":2,"Pen Nib":20,"Omamori":17,"Smiling Mask":2,"Question Card":15,"Mercury Hourglass":5,"Blood Vial":9,"Runic Dome":13,"Dream Catcher":11,"Anchor":12,"Bottled Flame":18,"Strawberry":9,"Orrery":7,"Snecko Eye":8,"Tiny Chest":4,"Membership Card":9,"Bottled Lightning":10,"Cracked Core":0,"TungstenRod":7},{"Regal Pillow":14,"Golden Idol":7,"Pen Nib":90,"Omamori":74,"Smiling Mask":7,"Question Card":63,"Mercury Hourglass":19,"Blood Vial":38,"Runic Dome":59,"Dream Catcher":48,"Anchor":50,"Bottled Flame":77,"Strawberry":38,"Orrery":26,"Snecko Eye":35,"Tiny Chest":16,"Membership Card":38,"Bottled Lightning":42,"Cracked Core":0,"TungstenRod":26}],"TungstenRod":21},"card_choices":[],"player_experience":260308,"relics_obtained":[],"event_choices":[],"is_beta":false,"boss_relics":[],"items_purged_floors":[],"is_endless":false,"potions_floor_spawned":[],"killed_by":"Time Eater","ascension_level":20}}