{"host":"63rwe7p34ct1i0qu","time":1608034762,"event":{"mods":["BaseMod","DeckTracker","Minty Spire (QoL Compilation)","Permanent Neow","Quick Restart","StSLib"],"gold_per_floor":[13,13,88,88,51,82,82,105,105,85,118,149,149,188,188,314,314,333,48,71,87,106,106,140,140,188,198,198,216,216,231,231,332,332,344,344,195,246,246,246,266,281,281,306,78,78,78,96,96,96],"floor_reached":51,"playtime":1434,"items_purged":["Decay"],"score":1112,"play_id":"f9c9a1f2-fc09-4fe3-afcf-dcb911bfa247","local_time":"20201215211922","is_ascension_mode":true,"campfire_choices":[{"floor":7,"key":"REST"},{"data":"Fire Breathing","floor":15,"key":"SMITH"},{"data":"1","floor":23,"key":"LIFT"},{"data":"2","floor":30,"key":"LIFT"},{"floor":32,"key":"REST"},{"floor":40,"key":"DIG"},{"floor":46,"key":"DIG"},{"floor":49,"key":"DIG"}],"circlet_count":0,"master_deck":["Strike_R","Defend_R","Defend_R","Defend_R+1","Defend_R","Bash","Bloodletting+1","Immolate","Sword Boomerang","Power Through","Fire Breathing+1","Offering","CurseOfTheBell","Shrug It Off+1","Immolate","Entrench+1","Limit Break","Juggernaut","Brutality","Limit Break","Fire Breathing+1"],"relics":["Burning Blood","Bloody Idol","Juzu Bracelet","War Paint","Odd Mushroom","Thread and Needle","Mummified Hand","Pen Nib","Calling Bell","Unceasing Top","Singing Bowl","Orichalcum","Girya","Anchor","Potion Belt","Blood Vial","Runic Cube","Cauldron","Shovel","HornCleat","Self Forming Clay","Gremlin Horn","DollysMirror","Lizard Tail","Gambling Chip"],"acts_visited":["Exordium","TheCity","TheBeyond"],"potions_floor_usage":[14,21,24,27,33,33,37,38,38,44,50,50,50,50],"damage_taken":[{"damage":0,"enemies":"2 Louse","floor":1,"turns":1},{"damage":19,"enemies":"Gremlin Nob","floor":6,"turns":4},{"damage":7,"enemies":"Small Slimes","floor":8,"turns":2},{"damage":6,"enemies":"The Mushroom Lair","floor":11,"turns":2},{"damage":3,"enemies":"3 Sentries","floor":12,"turns":5},{"damage":14,"enemies":"Lagavulin","floor":14,"turns":5},{"damage":3,"enemies":"Slime Boss","floor":16,"turns":6},{"damage":29,"enemies":"3 Byrds","floor":18,"turns":4},{"damage":17,"enemies":"Shell Parasite","floor":21,"turns":5},{"damage":6,"enemies":"3 Cultists","floor":22,"turns":2},{"damage":12,"enemies":"Slavers","floor":24,"turns":5},{"damage":16,"enemies":"Shelled Parasite and Fungi","floor":27,"turns":7},{"damage":0,"enemies":"Chosen and Byrds","floor":29,"turns":4},{"damage":25,"enemies":"Centurion and Healer","floor":31,"turns":5},{"damage":57,"enemies":"Champ","floor":33,"turns":10},{"damage":12,"enemies":"Orb Walker","floor":35,"turns":3},{"damage":8,"enemies":"2 Orb Walkers","floor":38,"turns":3},{"damage":3,"enemies":"3 Shapes","floor":41,"turns":2},{"damage":8,"enemies":"Sphere and 2 Shapes","floor":42,"turns":3},{"damage":8,"enemies":"Reptomancer","floor":44,"turns":4},{"damage":6,"enemies":"3 Darklings","floor":48,"turns":2},{"damage":44,"enemies":"Awakened One","floor":50,"turns":6}],"seed_played":"842015664478342262","potions_obtained":[{"floor":1,"key":"Ancient Potion"},{"floor":8,"key":"SpeedPotion"},{"floor":10,"key":"GamblersBrew"},{"floor":16,"key":"Strength Potion"},{"floor":21,"key":"FearPotion"},{"floor":24,"key":"EssenceOfSteel"},{"floor":31,"key":"PowerPotion"},{"floor":37,"key":"BloodPotion"},{"floor":37,"key":"DistilledChaos"},{"floor":37,"key":"AttackPotion"},{"floor":37,"key":"Swift Potion"},{"floor":37,"key":"GamblersBrew"},{"floor":41,"key":"FearPotion"},{"floor":42,"key":"CultistPotion"}],"is_trial":false,"path_per_floor":["M","?","?","?","$","E","R","M","T","?","?","E","?","E","R","B",null,"M","$","T","M","M","R","E","?","T","M","?","M","R","M","R","B",null,"M","?","$","?","?","R","M","M","T","E","$","R","?","M","R","B",null],"character_chosen":"IRONCLAD","items_purchased":["Power Through","Girya","Cauldron","DollysMirror"],"campfire_rested":2,"item_purchase_floors":[5,19,37,45],"current_hp_per_floor":[78,78,67,47,47,34,58,57,57,57,57,60,60,52,52,55,74,51,51,51,42,42,42,36,36,41,40,40,55,55,43,68,24,71,74,74,88,90,90,90,92,94,94,94,94,94,94,96,96,58],"gold":96,"neow_bonus":"TRANSFORM_TWO_CARDS","is_daily":false,"chose_seed":false,"campfire_upgraded":1,"win_rate":0.0,"timestamp":1608034762,"path_taken":["M","?","?","?","?","E","R","M","T","?","?","E","?","E","R","BOSS","M","$","?","M","M","R","E","?","T","M","?","M","R","M","R","BOSS","M","?","$","?","?","R","M","M","T","E","$","R","?","M","R","BOSS"],"items_purchased_type":["Card","Relic","Relic","Relic"],"build_version":"2020-12-13","purchased_purges":1,"victory":true,"max_hp_per_floor":[80,80,80,80,80,80,80,80,80,80,80,80,80,80,80,80,80,80,80,80,82,82,82,82,82,82,84,84,86,86,86,86,86,86,88,88,88,90,90,90,92,94,94,94,94,94,94,96,96,96],"card_choices":[{"not_picked":["Iron Wave","Havoc"],"picked":"Carnage","floor":1},{"not_picked":["Clash","Armaments","Body Slam"],"picked":"SKIP","floor":6},{"not_picked":["Flex","Cleave","Dropkick"],"picked":"SKIP","floor":8},{"not_picked":["Armaments","Sentinel","Whirlwind"],"picked":"SKIP","floor":12},{"not_picked":["True Grit","Havoc"],"picked":"Fire Breathing","floor":14},{"not_picked":["Impervious","Brutality"],"picked":"Offering","floor":16},{"not_picked":["Warcry","Reckless Charge"],"picked":"Shrug It Off+1","floor":18},{"not_picked":["Twin Strike","Thunderclap","Clothesline"],"picked":"Singing Bowl","floor":21},{"not_picked":["Clothesline+1","Body Slam"],"picked":"Immolate","floor":22},{"not_picked":["Power Through","Body Slam"],"picked":"Entrench+1","floor":24},{"not_picked":["Flex+1","Armaments","Body Slam"],"picked":"Singing Bowl","floor":27},{"not_picked":["Blood for Blood","Shockwave","Twin Strike"],"picked":"Singing Bowl","floor":29},{"not_picked":["Power Through","Rampage"],"picked":"Juggernaut","floor":31},{"not_picked":["Limit Break","Juggernaut"],"picked":"Brutality","floor":33},{"not_picked":["Warcry","Cleave+1","Body Slam"],"picked":"Singing Bowl","floor":35},{"not_picked":["Twin Strike","Thunderclap+1","Rampage"],"picked":"Singing Bowl","floor":38},{"not_picked":["Bludgeon","Pummel","Wild Strike+1"],"picked":"Singing Bowl","floor":41},{"not_picked":["Infernal Blade","Twin Strike+1","Anger"],"picked":"Singing Bowl","floor":42},{"not_picked":["Headbutt+1","Wild Strike+1"],"picked":"Limit Break","floor":44},{"not_picked":["Combust+1","Sentinel+1","Carnage+1"],"picked":"Singing Bowl","floor":48}],"player_experience":772748,"relics_obtained":[{"floor":6,"key":"Juzu Bracelet"},{"floor":9,"key":"War Paint"},{"floor":11,"key":"Odd Mushroom"},{"floor":12,"key":"Thread and Needle"},{"floor":13,"key":"Mummified Hand"},{"floor":14,"key":"Pen Nib"},{"floor":17,"key":"Unceasing Top"},{"floor":17,"key":"Singing Bowl"},{"floor":17,"key":"Orichalcum"},{"floor":20,"key":"Anchor"},{"floor":24,"key":"Potion Belt"},{"floor":26,"key":"Blood Vial"},{"floor":38,"key":"Shovel"},{"floor":40,"key":"HornCleat"},{"floor":43,"key":"Self Forming Clay"},{"floor":44,"key":"Gremlin Horn"},{"floor":46,"key":"Lizard Tail"},{"floor":49,"key":"Gambling Chip"}],"event_choices":[{"damage_healed":0,"gold_gain":0,"cards_transformed":["Strike_R"],"player_choice":"Change","damage_taken":0,"max_hp_gain":0,"max_hp_loss":0,"event_name":"Living Wall","floor":2,"gold_loss":0,"cards_obtained":["Sword Boomerang"]},{"damage_healed":0,"gold_gain":75,"player_choice":"Gather Gold","damage_taken":11,"max_hp_gain":0,"max_hp_loss":0,"event_name":"World of Goop","floor":3,"gold_loss":0},{"damage_healed":0,"gold_gain":0,"player_choice":"Take Damage","damage_taken":20,"relics_obtained":["Golden Idol"],"max_hp_gain":0,"max_hp_loss":0,"event_name":"Golden Idol","floor":4,"gold_loss":0},{"damage_healed":0,"gold_gain":0,"player_choice":"Bought 1 Potion","damage_taken":0,"max_hp_gain":0,"max_hp_loss":0,"event_name":"The Woman in Blue","floor":10,"gold_loss":0},{"damage_healed":0,"gold_gain":0,"player_choice":"Fought Mushrooms","damage_taken":0,"max_hp_gain":0,"max_hp_loss":0,"event_name":"Mushrooms","floor":11,"gold_loss":0},{"damage_healed":0,"gold_gain":0,"player_choice":"Relic","damage_taken":0,"max_hp_gain":0,"max_hp_loss":0,"event_name":"Wheel of Change","floor":13,"gold_loss":0},{"damage_healed":0,"gold_gain":0,"player_choice":"Gave Idol","damage_taken":0,"relics_obtained":["Bloody Idol"],"max_hp_gain":0,"max_hp_loss":0,"event_name":"Forgotten Altar","floor":25,"relics_lost":["Golden Idol"],"gold_loss":0},{"damage_healed":0,"gold_gain":0,"cards_transformed":["Strike_R"],"player_choice":"Transformed","damage_taken":0,"max_hp_gain":0,"max_hp_loss":0,"event_name":"Transmorgrifier","floor":28,"gold_loss":0,"cards_obtained":["Limit Break"]},{"damage_healed":0,"gold_gain":0,"player_choice":"Ignored","damage_taken":0,"max_hp_gain":0,"max_hp_loss":0,"event_name":"Tomb of Lord Red Mask","floor":36,"gold_loss":0},{"damage_healed":0,"gold_gain":0,"player_choice":"Fight","damage_taken":0,"max_hp_gain":0,"max_hp_loss":0,"event_name":"Mysterious Sphere","floor":38,"gold_loss":0},{"damage_healed":0,"gold_gain":0,"player_choice":"Cursed","damage_taken":0,"max_hp_gain":0,"max_hp_loss":0,"event_name":"Wheel of Change","floor":39,"gold_loss":0,"cards_obtained":["Decay"]},{"cards_removed":["Carnage"],"damage_healed":0,"gold_gain":0,"player_choice":"Removed Attack","damage_taken":0,"max_hp_gain":0,"max_hp_loss":0,"event_name":"Falling","floor":47,"gold_loss":0}],"is_beta":false,"boss_relics":[{"not_picked":["SacredBark","Cursed Key"],"picked":"Calling Bell"},{"not_picked":["Runic Pyramid","SlaversCollar"],"picked":"Runic Cube"}],"items_purged_floors":[45],"is_endless":false,"potions_floor_spawned":[1,8,16,21,24,31,41,42],"ascension_level":6}}