{"host":"wonp23fsqqcu31ie","time":1608026273,"event":{"mods":["2.2 Compatiblity","AchievementEnabler","Aspiration","BaseMod","Bestiary","Better Altar","Better Match","Better Sensory Stone","Better Skull","Better Third Choice","BetterRewards","Block Reminder","Colored Map","Colored Powertips","Conspire","DeckTracker","Displayed Cursed Tome","Downfall","Hermit","Highlight Path","Hubris","Minty Spire (QoL Compilation)","Permanent Neow","Quick Restart","Rare Cards Sparkle","Relic Stats","Replay The Spire","Shade Mod","Shop Mod","StSLib","SuperFastMode","The Animator","The Cursed","The Gatherer","The Necromancer","The Runesmith","The Servant 0.9.4"],"gold_per_floor":[130,130,90,118,154,154,169,23,23,57,80,80,116,151,151,278,278,309,340,390,390,415,450,495,3,53,53,68,68,68,102,102,226,226,244,12,12,12,12,45,45,70,149,167,49,49,119,136,136,140,140,140,42,104,104,104],"floor_reached":55,"playtime":2019,"items_purged":["animator:Father+1","Pain"],"score":896,"play_id":"e722793a-b2fc-43ee-a935-0a66ba185a23","local_time":"20201215205753","is_ascension_mode":true,"campfire_choices":[{"floor":6.0,"key":"RECALL"},{"floor":15.0,"key":"REST"},{"floor":27.0,"key":"REST"},{"floor":32.0,"key":"REST"},{"floor":46.0,"key":"REST"},{"floor":49.0,"key":"REST"},{"data":"animator:Sloth","floor":52,"key":"SMITH"},{"data":"animator:Pride","floor":52,"key":"SMITH"}],"circlet_count":0,"master_deck":["animator:Strike_FullmetalAlchemist","animator:Defend_FullmetalAlchemist","animator:Strike+1","animator:Strike","animator:Defend","animator:Defend","animator:ElricEdward","animator:ElricAlphonse","animator:Sloth+1","animator:GuildGirl","animator:YunYun","animator:Pride+1","animator:HighElfArcher","animator:Vanir","animator:ZankiKiguchi","animator:Shuna","animator:MaesHughes","animator:Greed+1","animator:Witch+1","animator:Aqua","animator:Wiz+1","animator:Scar","animator:Hans+1","animator:Witch+1","Delirium","animator:HigakiRinne+1","animator:Konayuki","animator:Kazuma","animator:Biyorigo+1","animator:DwarfShaman+1","animator:Spearman"],"relics":["animator:VividPicture","animator:TheMissingPiece","hubris:Icosahedron","Replay:Mystery Machine","animator:HallowedScabbard","Champion Belt","Ginger","aspiration:Stabinomicon","Vajra","PreservedInsect","animator:CerealBox","Thread and Needle","ReplayTheSpireMod:TigerMarble","WarpedTongs","Mirror","Busted Crown","MerchantsRug","ReplayTheSpireMod:CursedCoin","hubris:SlimyHat","Burning Blood","Garlic","Replay:Kaleidoscope"],"acts_visited":["Exordium","TheCity","TheBeyond","TheEnding"],"potions_floor_usage":[55,55],"damage_taken":[{"damage":0.0,"enemies":"Jaw Worm","floor":1.0,"turns":4.0},{"damage":0.0,"enemies":"2 Louse","floor":4.0,"turns":2.0},{"damage":7.0,"enemies":"Cultist","floor":5.0,"turns":4.0},{"damage":5.0,"enemies":"3 Louse","floor":7.0,"turns":2.0},{"damage":11.0,"enemies":"3 Sentries","floor":10.0,"turns":4.0},{"damage":5.0,"enemies":"Gremlin Gang","floor":11.0,"turns":4.0},{"damage":26.0,"enemies":"Lagavulin","floor":13.0,"turns":5.0},{"damage":0.0,"enemies":"Looter","floor":14.0,"turns":2.0},{"damage":12.0,"enemies":"Slime Boss","floor":16.0,"turns":9.0},{"damage":21.0,"enemies":"3 Byrds","floor":18.0,"turns":6.0},{"damage":5.0,"enemies":"Shell Parasite","floor":19.0,"turns":5.0},{"damage":14.0,"enemies":"conspire:MimicChest","floor":20.0,"turns":7.0},{"damage":23.0,"enemies":"conspire:Head Lice","floor":23.0,"turns":8.0},{"damage":0.0,"enemies":"Centurion and Healer","floor":24.0,"turns":5.0},{"damage":2.0,"enemies":"Shelled Parasite and Fungi","floor":28.0,"turns":5.0},{"damage":6.0,"enemies":"Gremlin Leader","floor":31.0,"turns":4.0},{"damage":58.0,"enemies":"Collector","floor":33.0,"turns":7.0},{"damage":5.0,"enemies":"3 Darklings","floor":35.0,"turns":4.0},{"damage":0.0,"enemies":"Giant Head","floor":40.0,"turns":6.0},{"damage":28.0,"enemies":"R_Hoarder","floor":42.0,"turns":5.0},{"damage":0.0,"enemies":"Orb Walker","floor":44.0,"turns":3.0},{"damage":0.0,"enemies":"Mind Bloom Boss Battle","floor":47.0,"turns":6.0},{"damage":28.0,"enemies":"Maw","floor":48.0,"turns":6.0},{"damage":53.0,"enemies":"Time Eater","floor":50.0,"turns":12.0},{"damage":83,"enemies":"Shield and Spear","floor":54,"turns":7},{"damage":102,"enemies":"The Heart","floor":55,"turns":8}],"seed_played":"3295834542388838492","potions_obtained":[{"floor":3.0,"key":"FearPotion"},{"floor":3.0,"key":"Fire Potion"},{"floor":3.0,"key":"champ:CounterPotion"},{"floor":4.0,"key":"DistilledChaos"},{"floor":13.0,"key":"Block Potion"},{"floor":14.0,"key":"Fruit Juice"},{"floor":16.0,"key":"SpeedPotion"},{"floor":20.0,"key":"FearPotion"},{"floor":24.0,"key":"FearPotion"},{"floor":28.0,"key":"Explosive Potion"},{"floor":33.0,"key":"Swift Potion"},{"floor":40.0,"key":"EssenceOfSteel"}],"is_trial":false,"path_per_floor":["M","?","?","M","M","R","M","$","T","E","M","?","E","M","R","B",null,"M","M","?","?","T","E","M","$","T","R","M","?","$","E","R","B",null,"M","$","?","?","?","E","R","E","T","M","$","R","?","M","R","B",null,"R","$","E","B"],"character_chosen":"THE_ANIMATOR","items_purchased":["Replay:Mystery Machine","animator:CerealBox","Thread and Needle","MerchantsRug","ReplayTheSpireMod:CursedCoin","hubris:SlimyHat","aspiration:Nostalgia","Garlic","Dexterity Potion","champ:CounterPotion"],"campfire_rested":5,"item_purchase_floors":[8,25,25,36,36,36,45,53,53,53],"current_hp_per_floor":[66,66,66,66,59,59,55,55,55,45,41,41,19,24,46,45,75,58,53,49,33,33,17,19,19,19,41,63,63,63,59,78,30,78,75,75,65,68,68,72,72,47,47,49,49,73,82,71,84,50,84,84,84,51,0,0],"gold":104,"neow_bonus":"RANDOM_EVENT","is_daily":false,"chose_seed":false,"campfire_upgraded":2,"win_rate":0.0,"timestamp":1608026273,"path_taken":["M","?","?","?","M","R","M","$","T","E","M","?","E","M","R","BOSS","M","?","?","?","?","E","M","?","T","R","?","?","$","E","R","BOSS","M","$","?","?","?","E","R","E","T","?","$","R","?","M","R","BOSS","R","$","E","BOSS"],"items_purchased_type":["Relic","Relic","Relic","Relic","Relic","Relic","Relic","Relic","Potion","Potion"],"build_version":"2020-12-13","purchased_purges":2,"victory":false,"max_hp_per_floor":[66,66,66,66,66,66,67,67,67,68,69,69,69,74,74,75,75,75,75,75,75,75,76,76,76,76,76,78,78,78,78,78,78,78,78,78,78,81,81,83,83,83,83,83,83,83,84,84,84,84,84,84,84,84,84,84],"relic_stats":{"Busted Crown":38,"counters":[26,140],"PreservedInsect":314,"Champion Belt":[8],"Ginger":[21],"obtain_stats":[{"Golden Egg":9,"animator:TheMissingPiece":0,"Vajra":22,"aspiration:Stabinomicon":21,"hubris:SlimyHat":36,"Ginger":20,"Replay:Mystery Machine":8,"Burning Blood":45,"Dream Catcher":42,"hubris:Icosahedron":2,"WingedGreaves":40,"animator:HallowedScabbard":10,"animator:VividPicture":17,"MerchantsRug":36,"ReplayTheSpireMod:CursedCoin":36,"aspiration:Nostalgia":45,"Thread and Needle":25,"PreservedInsect":23,"Replay:Kaleidoscope":54,"Replay:Arrowhead":47,"animator:CerealBox":25,"WarpedTongs":29,"Busted Crown":34,"animator:LivingPicture":0,"ReplayTheSpireMod:TigerMarble":26,"Garlic":53,"Champion Belt":13,"Mirror":31},{"Golden Egg":4,"animator:TheMissingPiece":0,"Vajra":12,"aspiration:Stabinomicon":12,"hubris:SlimyHat":18,"Ginger":12,"Replay:Mystery Machine":4,"Burning Blood":21,"Dream Catcher":20,"hubris:Icosahedron":1,"WingedGreaves":19,"animator:HallowedScabbard":5,"animator:VividPicture":9,"MerchantsRug":18,"ReplayTheSpireMod:CursedCoin":18,"aspiration:Nostalgia":21,"Thread and Needle":14,"PreservedInsect":13,"Replay:Kaleidoscope":25,"Replay:Arrowhead":22,"animator:CerealBox":14,"WarpedTongs":15,"Busted Crown":17,"animator:LivingPicture":0,"ReplayTheSpireMod:TigerMarble":14,"Garlic":24,"Champion Belt":7,"Mirror":16},{"Golden Egg":12,"animator:TheMissingPiece":0,"Vajra":54,"aspiration:Stabinomicon":54,"hubris:SlimyHat":87,"Ginger":54,"Replay:Mystery Machine":12,"Burning Blood":101,"Dream Catcher":98,"hubris:Icosahedron":4,"WingedGreaves":93,"animator:HallowedScabbard":16,"animator:VividPicture":36,"MerchantsRug":87,"ReplayTheSpireMod:CursedCoin":87,"aspiration:Nostalgia":101,"Thread and Needle":67,"PreservedInsect":62,"Replay:Kaleidoscope":132,"Replay:Arrowhead":107,"animator:CerealBox":67,"WarpedTongs":72,"Busted Crown":83,"animator:LivingPicture":0,"ReplayTheSpireMod:TigerMarble":67,"Garlic":125,"Champion Belt":25,"Mirror":76}],"Burning Blood":24,"WarpedTongs":[66]},"card_choices":[{"not_picked":["animator:Sonic","animator:Souei"],"picked":"animator:Sloth","floor":1.0},{"not_picked":["animator:Azekura","animator:Hitei"],"picked":"animator:GuildGirl","floor":4.0},{"not_picked":["animator:ShinjiMatou","animator:ElricAlphonse"],"picked":"animator:YunYun","floor":5.0},{"not_picked":["animator:Gluttony","animator:WinryRockbell"],"picked":"animator:Pride","floor":7.0},{"not_picked":["animator:EmiyaShirou","animator:GazelDwargon"],"picked":"animator:HighElfArcher","floor":10.0},{"not_picked":["animator:YunYun","animator:Spearman"],"picked":"animator:Vanir","floor":11.0},{"not_picked":["animator:Shion","animator:Geryuganshoop"],"picked":"animator:Shuna","floor":13.0},{"not_picked":["animator:Pride","animator:ElricEdward"],"picked":"animator:MaesHughes","floor":14.0},{"not_picked":["animator:Eris","animator:Shizu"],"picked":"animator:Greed","floor":16.0},{"not_picked":["animator:HighElfArcher","animator:Genos","animator:Melzalgald"],"picked":"SKIP","floor":18.0},{"not_picked":["animator:ZankiKiguchi","animator:Sloth+1"],"picked":"animator:Witch+1","floor":19.0},{"not_picked":["animator:Hakurou+1","animator:MumenRider"],"picked":"animator:Aqua","floor":20.0},{"not_picked":["animator:Saitama","animator:ElricAlphonse"],"picked":"animator:Wiz","floor":23.0},{"not_picked":["animator:Sloth","animator:Gluttony"],"picked":"animator:Father","floor":24.0},{"not_picked":["animator:ElricAlphonse","animator:Hakurou"],"picked":"animator:Scar","floor":28.0},{"not_picked":["animator:Caster","animator:Vanir+1","animator:Aqua"],"picked":"SKIP","floor":31.0},{"not_picked":["animator:Biyorigo","animator:Saber"],"picked":"animator:Hans","floor":33.0},{"not_picked":[],"picked":"animator:Witch+1","floor":35.0},{"not_picked":[],"picked":"animator:Kazuma","floor":40.0},{"not_picked":[],"picked":"animator:Biyorigo","floor":42.0},{"not_picked":["animator:Hitei+1"],"picked":"SKIP","floor":44.0},{"not_picked":[],"picked":"animator:DwarfShaman+1","floor":47.0},{"not_picked":["animator:Millim"],"picked":"SKIP","floor":48.0},{"not_picked":[],"picked":"animator:Spearman","floor":54}],"player_experience":613843,"relics_obtained":[{"floor":9.0,"key":"Golden Egg"},{"floor":10.0,"key":"animator:HallowedScabbard"},{"floor":13.0,"key":"Champion Belt"},{"floor":20.0,"key":"Ginger"},{"floor":22.0,"key":"Vajra"},{"floor":23.0,"key":"PreservedInsect"},{"floor":26.0,"key":"ReplayTheSpireMod:TigerMarble"},{"floor":31.0,"key":"Mirror"},{"floor":40.0,"key":"WingedGreaves"},{"floor":42.0,"key":"Dream Catcher"},{"floor":47.0,"key":"Replay:Arrowhead"},{"floor":54,"key":"Replay:Kaleidoscope"}],"event_choices":[{"damage_healed":0.0,"max_hp_gain":0.0,"max_hp_loss":0.0,"gold_gain":0.0,"event_name":"The Woman in Blue","player_choice":"Bought 3 Potions","floor":3.0,"gold_loss":0.0,"damage_taken":0.0},{"damage_healed":0.0,"max_hp_gain":0.0,"max_hp_loss":0.0,"gold_gain":0.0,"cards_transformed":["animator:Strike"],"event_name":"Transmorgrifier","player_choice":"Transformed","floor":12.0,"gold_loss":0.0,"damage_taken":0.0,"cards_obtained":["animator:ZankiKiguchi"]},{"damage_healed":0.0,"max_hp_gain":0.0,"max_hp_loss":0.0,"gold_gain":0.0,"event_name":"Cursed Tome","player_choice":"Obtained Book","floor":21.0,"gold_loss":0.0,"damage_taken":16.0},{"damage_healed":0.0,"max_hp_gain":0.0,"max_hp_loss":0.0,"gold_gain":0.0,"event_name":"Accursed Blacksmith","player_choice":"Rummage","floor":29.0,"gold_loss":0.0,"damage_taken":0.0,"relics_obtained":["WarpedTongs"],"cards_obtained":["Pain"]},{"damage_healed":0.0,"max_hp_gain":0.0,"max_hp_loss":0.0,"gold_gain":0.0,"event_name":"Winding Halls","player_choice":"Embrace Madness","floor":37.0,"gold_loss":0.0,"damage_taken":10.0,"cards_obtained":["animator:HigakiRinne"]},{"damage_healed":0.0,"max_hp_gain":0.0,"max_hp_loss":0.0,"gold_gain":0.0,"cards_transformed":["animator:Defend"],"event_name":"Transmorgrifier","player_choice":"Transformed","floor":39.0,"gold_loss":0.0,"damage_taken":0.0,"cards_obtained":["animator:Konayuki"]},{"damage_healed":0.0,"max_hp_gain":0.0,"max_hp_loss":0.0,"gold_gain":0.0,"event_name":"MindBloom","player_choice":"Fight","floor":47.0,"gold_loss":0.0,"damage_taken":0.0}],"is_beta":false,"boss_relics":[{"not_picked":["hubris:HollowSoul","conspire:RunicOctahedron"],"picked":"animator:VividPicture"},{"not_picked":["Kintsugi","Replay:Bronze Core"],"picked":"Busted Crown"}],"items_purged_floors":[25,36],"is_endless":false,"potions_floor_spawned":[4,5,13,14,16,20,24,28,33,40,48],"killed_by":"The Heart","ascension_level":2}}