{"host":"8fjsnt81u6xsmhji","time":1608020662,"event":{"mods":["BaseMod","Colored Powertips","Downfall","Glutton Mod","Minty Spire (QoL Compilation)","Quick Restart","Somnambulant","StSLib","The Bug Knight","The Construct","The Forsaken","The Hierophant","The Mystic"],"gold_per_floor":[99,134,134,284,209,225,225,242,277,277,292,303,403,503,515,515,515],"floor_reached":16,"playtime":1161,"items_purged":[],"score":116,"play_id":"6fe9889b-4bf2-4080-86ce-11fadd109dcf","local_time":"20201215022422","is_ascension_mode":true,"campfire_choices":[{"floor":1.0,"key":"RECALL"},{"floor":5,"key":"REST"},{"floor":10,"key":"REST"}],"circlet_count":0,"master_deck":["champ:Strike","champ:Strike","champ:Strike","champ:Strike","champ:Defend","champ:Defend","champ:Defend","champ:Defend","champ:Execute","champ:Taunt","Parasite","champ:Improvising","champ:SkillfulDodge","Slimebound:Icky","champ:BringItOn","champ:BerserkersShout","champ:FlashCut","champ:BladeFlurry","champ:ShieldWall","champ:PerfectedStrike"],"relics":["champ:ChampionCrown","Regal Pillow","downfall:HeartBlessingRed","Torii","Pear","CloakClasp"],"acts_visited":["Exordium"],"potions_floor_usage":[14,14,16],"damage_taken":[{"damage":62.0,"enemies":"3 Sentries","floor":2.0,"turns":14.0},{"damage":7,"enemies":"Cultist","floor":6,"turns":4},{"damage":5,"enemies":"2 Louse","floor":8,"turns":3},{"damage":73,"enemies":"Lagavulin","floor":9,"turns":9},{"damage":9,"enemies":"Small Slimes","floor":11,"turns":5},{"damage":13,"enemies":"3 Louse","floor":12,"turns":4},{"damage":78,"enemies":"3 Louse","floor":14,"turns":9},{"damage":11,"enemies":"Blue Slaver","floor":15,"turns":5},{"damage":25,"enemies":"downfall:Silent","floor":16,"turns":2}],"seed_played":"7205741038318596243","potions_obtained":[{"floor":11,"key":"Fire Potion"},{"floor":12,"key":"hexamod:EctoCoolerPotion"},{"floor":14,"key":"ColorlessPotion"}],"is_trial":false,"path_per_floor":["R","E","?","?","R","M","T","M","E","R","M","M","?","?","M","B"],"character_chosen":"THE_CHAMP","items_purchased":[],"campfire_rested":2,"item_purchase_floors":[],"current_hp_per_floor":[90,43,43,43,85,83,83,83,44,89,88,86,86,30,22,0,0],"gold":515,"neow_bonus":"THREE_RARE_CARDS","is_daily":false,"chose_seed":false,"campfire_upgraded":0,"win_rate":0.0,"timestamp":1608020662,"path_taken":["R","E","?","?","R","M","T","M","E","R","M","M","?","?","M","BOSS"],"items_purchased_type":[],"build_version":"2020-12-13","purchased_purges":0,"victory":false,"max_hp_per_floor":[90,90,90,90,90,90,90,90,100,100,100,100,100,100,100,100,100],"card_choices":[{"not_picked":["champ:ShieldSlam","champ:CrownThrow"],"picked":"champ:Improvising","floor":0.0},{"not_picked":["champ:Encircle","champ:FalseCounter"],"picked":"champ:SkillfulDodge","floor":2.0},{"not_picked":["champ:Encircle","champ:TornadoPunch"],"picked":"champ:BringItOn","floor":6},{"not_picked":["champ:DefensiveShout","champ:BringItOn"],"picked":"champ:BerserkersShout","floor":8},{"not_picked":["champ:DefensiveStyle","champ:Encircle","champ:PerfectForm"],"picked":"SKIP","floor":9},{"not_picked":["champ:Backstep","champ:PreciseThrust"],"picked":"champ:FlashCut","floor":11},{"not_picked":["champ:GladiatorsShout","champ:DefensiveShout"],"picked":"champ:BladeFlurry","floor":12},{"not_picked":["champ:BringItOn","champ:PerfectedStrike"],"picked":"champ:ShieldWall","floor":14},{"not_picked":["champ:BerserkersShout","champ:EnGarde"],"picked":"champ:PerfectedStrike","floor":15}],"player_experience":551941,"relics_obtained":[{"floor":2.0,"key":"Regal Pillow"},{"floor":7,"key":"Torii"},{"floor":9,"key":"Pear"},{"floor":14,"key":"CloakClasp"}],"event_choices":[],"is_beta":false,"boss_relics":[],"items_purged_floors":[],"is_endless":false,"potions_floor_spawned":[11,12,14],"killed_by":"downfall:Silent","ascension_level":1}}