{"host":"1tl36azeqm6yhdgj","time":1608064510,"event":{"mods":["AchievementEnabler","BaseMod","Minty Spire (QoL Compilation)","StSLib","The IronCluck","everything is the same but u backflip on backflip"],"gold_per_floor":[217,392,406,35,35,63,63,63,63],"floor_reached":8,"playtime":197,"items_purged":["Doubt"],"score":86,"play_id":"141acbd2-7f52-4223-b63c-358674836a89","local_time":"20201215153510","is_ascension_mode":true,"campfire_choices":[{"floor":7,"key":"REST"}],"circlet_count":0,"master_deck":["AscendersBane","Strike_R","Strike_R","Strike_R","Strike_R","Strike_R","Defend_R","Defend_R","Defend_R","Defend_R","Bash","Metallicize","Shrug It Off"],"relics":["Burning Blood","TungstenRod","Matryoshka","Unceasing Top"],"acts_visited":["Exordium"],"potions_floor_usage":[6],"damage_taken":[{"damage":3,"enemies":"Jaw Worm","floor":1,"turns":5},{"damage":17,"enemies":"Small Slimes","floor":3,"turns":5},{"damage":37,"enemies":"Lagavulin","floor":6,"turns":10},{"damage":49,"enemies":"Gremlin Nob","floor":8,"turns":5}],"seed_played":"-2763737377209127221","potions_obtained":[{"floor":1,"key":"CultistPotion"}],"is_trial":false,"path_per_floor":["M","?","M","$","?","E","R","E"],"character_chosen":"IRONCLAD","items_purchased":["TungstenRod"],"campfire_rested":1,"item_purchase_floors":[4],"current_hp_per_floor":[75,75,64,64,44,13,37,0,0],"gold":63,"neow_bonus":"HUNDRED_GOLD","is_daily":false,"chose_seed":false,"campfire_upgraded":0,"win_rate":0.0,"timestamp":1608064510,"path_taken":["M","?","M","$","?","E","R","E"],"items_purchased_type":["Relic"],"build_version":"2020-12-13","purchased_purges":1,"victory":false,"max_hp_per_floor":[80,80,80,80,80,80,80,80,80],"card_choices":[{"not_picked":["Power Through","Warcry"],"picked":"Metallicize","floor":1},{"not_picked":["Warcry","Iron Wave"],"picked":"Shrug It Off","floor":3},{"not_picked":["Sever Soul","Dual Wield","Pommel Strike"],"picked":"SKIP","floor":6}],"player_experience":1945972,"relics_obtained":[{"floor":6,"key":"Unceasing Top"}],"event_choices":[{"damage_healed":0,"gold_gain":175,"player_choice":"AGREE","damage_taken":0,"max_hp_gain":0,"max_hp_loss":0,"event_name":"Liars Game","floor":2,"gold_loss":0,"cards_obtained":["Doubt"]},{"damage_healed":0,"gold_gain":0,"player_choice":"Success","damage_taken":25,"relics_obtained":["Matryoshka"],"max_hp_gain":0,"max_hp_loss":0,"event_name":"Scrap Ooze","floor":5,"gold_loss":0}],"is_beta":false,"boss_relics":[],"items_purged_floors":[4],"is_endless":false,"potions_floor_spawned":[1],"killed_by":"Gremlin Nob","ascension_level":12}}