{"host":"h9sifdw9yh9o1dhs","time":1608014828,"event":{"mods":["BaseMod","Hermit","Minty Spire (QoL Compilation)","Rare Cards Sparkle","StSLib","Wandering Minibosses"],"gold_per_floor":[134,161,161,189,189,189,205,244,315,315,351,389,464,190,190,309,309,342,361,381,381,414,414,482,482,482,13,13,83,83,115,115,218,218,252,267,45,0,32,32,62,62,62,96,96,96,114,126,126,126],"floor_reached":51,"playtime":3482,"items_purged":["hermit:LoneWolf+1"],"score":782,"play_id":"1db60d94-f19c-44b4-89fd-831a9fbee18d","local_time":"20201215014708","is_ascension_mode":true,"campfire_choices":[{"data":"hermit:DeadOrAlive","floor":6,"key":"SMITH"},{"data":"hermit:Maintenance","floor":10,"key":"SMITH"},{"floor":15,"key":"REST"},{"data":"hermit:FlashPowder","floor":23,"key":"SMITH"},{"data":"hermit:FlashPowder","floor":30,"key":"SMITH"},{"floor":32,"key":"REST"},{"data":"hermit:GoldenBullet","floor":40,"key":"SMITH"},{"data":"hermit:Determination","floor":45,"key":"SMITH"},{"floor":49,"key":"REST"}],"circlet_count":0,"master_deck":["hermit:Strike_Hermit+1","hermit:Strike_Hermit+1","hermit:Strike_Hermit+1","hermit:Defend_Hermit+1","hermit:Defend_Hermit+1","hermit:Defend_Hermit+1","hermit:Snapshot","hermit:Covet","hermit:DeadOrAlive+1","hermit:Maintenance+1","hermit:Ricochet","hermit:Snipe","hermit:FatalDesire","hermit:Gestalt+1","hermit:BlackWind+1","hermit:GoldenBullet+1","hermit:FlashPowder+1","hermit:GoldenBullet+1","hermit:FlashPowder+1","hermit:ShadowCloak","hermit:Glare","hermit:Gestalt","hermit:ShadowCloak+1","hermit:Determination+1","hermit:Coalescence"],"relics":["hermit:Momento","Bloody Idol","Bottled Lightning","Lizard Tail","Meat on the Bone","Astrolabe","Centennial Puzzle","hermit:Horseshoe","Dead Branch","hermit:Spyglass","StoneCalendar","Philosopher\u0027s Stone","Chemical X","Red Mask","Darkstone Periapt","Frozen Egg 2","Pen Nib"],"acts_visited":["Exordium","TheCity","TheBeyond"],"potions_floor_usage":[16,22,24,24,33,33,33,39,39,50,50,50],"damage_taken":[{"damage":0,"enemies":"2 Louse","floor":1,"turns":1},{"damage":0,"enemies":"Small Slimes","floor":2,"turns":4},{"damage":1,"enemies":"Jaw Worm","floor":4,"turns":2},{"damage":12,"enemies":"Large Slime","floor":7,"turns":4},{"damage":18,"enemies":"Exordium Wildlife","floor":8,"turns":3},{"damage":9,"enemies":"Lagavulin","floor":11,"turns":5},{"damage":18,"enemies":"Exordium Thugs","floor":12,"turns":6},{"damage":18,"enemies":"Hexaghost","floor":16,"turns":10},{"damage":24,"enemies":"2 Thieves","floor":18,"turns":4},{"damage":3,"enemies":"Chosen","floor":19,"turns":7},{"damage":10,"enemies":"Snake Plant","floor":20,"turns":5},{"damage":27,"enemies":"3 Cultists","floor":22,"turns":7},{"damage":27,"enemies":"Slavers","floor":24,"turns":6},{"damage":17,"enemies":"Book of Stabbing","floor":29,"turns":8},{"damage":1,"enemies":"Shelled Parasite and Fungi","floor":31,"turns":7},{"damage":21,"enemies":"Automaton","floor":33,"turns":15},{"damage":2,"enemies":"3 Shapes","floor":35,"turns":6},{"damage":16,"enemies":"3 Darklings","floor":36,"turns":7},{"damage":13,"enemies":"Spire Growth","floor":39,"turns":4},{"damage":4,"enemies":"Nemesis","floor":41,"turns":9},{"damage":12,"enemies":"Giant Head","floor":44,"turns":8},{"damage":1,"enemies":"Maw","floor":47,"turns":7},{"damage":2,"enemies":"Transient","floor":48,"turns":5},{"damage":46,"enemies":"Donu and Deca","floor":50,"turns":12}],"seed_played":"565552978637418239","potions_obtained":[{"floor":4,"key":"SneckoOil"},{"floor":7,"key":"LiquidMemories"},{"floor":16,"key":"CultistPotion"},{"floor":22,"key":"BlessingOfTheForge"},{"floor":29,"key":"Swift Potion"},{"floor":31,"key":"BlessingOfTheForge"},{"floor":33,"key":"EntropicBrew"},{"floor":39,"key":"hermit:Tonic"},{"floor":44,"key":"FearPotion"}],"is_trial":false,"path_per_floor":["M","M","?","M","?","R","M","M","T","R","E","M","?","$","R","B",null,"M","M","M","?","M","R","E","?","T","$","T","E","R","M","R","B",null,"M","M","$","?","M","R","E","?","T","E","R","?","M","M","R","B",null],"character_chosen":"HERMIT","items_purchased":["Meat on the Bone","hermit:Snipe","hermit:FlashPowder","hermit:ShadowCloak","Dead Branch","Dexterity Potion","Chemical X"],"campfire_rested":3,"item_purchase_floors":[14,14,27,27,27,27,37],"current_hp_per_floor":[75,75,80,79,74,74,62,44,44,44,35,17,6,6,28,22,74,50,47,49,49,34,34,19,19,19,19,19,24,24,45,67,51,74,74,63,63,63,60,60,61,61,61,54,54,54,58,61,70,36],"gold":126,"neow_bonus":"ONE_RANDOM_RARE_CARD","is_daily":false,"chose_seed":false,"campfire_upgraded":6,"win_rate":0.0,"timestamp":1608014828,"path_taken":["M","M","?","M","?","R","M","M","T","R","E","M","?","$","R","BOSS","M","M","M","?","M","R","E","?","T","$","?","E","R","?","R","BOSS","M","M","$","?","M","R","E","?","T","E","R","?","M","M","R","BOSS"],"items_purchased_type":["Relic","Card","Card","Card","Relic","Potion","Relic"],"build_version":"2020-12-13","purchased_purges":1,"victory":true,"max_hp_per_floor":[75,75,80,80,74,74,74,74,74,74,74,74,74,74,74,74,74,74,74,74,74,74,74,74,74,74,74,74,74,74,74,74,74,74,74,74,74,74,74,74,74,70,70,70,70,70,70,70,70,70],"card_choices":[{"not_picked":["hermit:Desperado","hermit:Cheat","hermit:SprayPray"],"picked":"SKIP","floor":1},{"not_picked":["hermit:Spite","hermit:DeadOrAlive","hermit:Desperado"],"picked":"SKIP","floor":2},{"not_picked":["hermit:Feint","hermit:BodyArmor","hermit:BigShot"],"picked":"SKIP","floor":4},{"not_picked":["hermit:CalledShot","hermit:GhostlyPresence"],"picked":"hermit:Shortfuse","floor":7},{"not_picked":["hermit:Desperado","hermit:Quickdraw"],"picked":"hermit:Maintenance","floor":8},{"not_picked":["hermit:Magnum","hermit:Virtue","hermit:Dive"],"picked":"SKIP","floor":11},{"not_picked":["hermit:Roulette","hermit:Midnight"],"picked":"hermit:Ricochet","floor":12},{"not_picked":["hermit:HeroicBravado","hermit:Adapt"],"picked":"hermit:FatalDesire","floor":16},{"not_picked":["hermit:Headshot+1","hermit:Vantage"],"picked":"hermit:GoldenBullet","floor":18},{"not_picked":["hermit:Horror","hermit:SprayPray+1"],"picked":"hermit:FlashPowder","floor":19},{"not_picked":["hermit:TakeCover","hermit:Grudge","hermit:Roulette"],"picked":"SKIP","floor":20},{"not_picked":["hermit:LoneWolf","hermit:PistolWhip"],"picked":"hermit:GoldenBullet+1","floor":22},{"not_picked":["hermit:Snipe","hermit:NoHoldsBarred","hermit:BodyArmor"],"picked":"SKIP","floor":24},{"not_picked":["hermit:HighNoon","hermit:Virtue"],"picked":"hermit:Glare","floor":29},{"not_picked":["hermit:Roulette","hermit:ShadowCloak","hermit:Desperado"],"picked":"SKIP","floor":31},{"not_picked":["hermit:TrackingShot+1","hermit:Showdown","hermit:Headshot"],"picked":"SKIP","floor":35},{"not_picked":["hermit:Malice+1","hermit:Feint"],"picked":"hermit:Gestalt","floor":36},{"not_picked":["hermit:LowProfile+1","hermit:Desperado+1"],"picked":"hermit:ShadowCloak+1","floor":39},{"not_picked":["hermit:SprayPray","hermit:TrackingShot+1"],"picked":"hermit:Determination","floor":41},{"not_picked":["hermit:OverwhelmingPower+1","hermit:TakeCover"],"picked":"hermit:Coalescence","floor":44},{"not_picked":["hermit:Roulette+1","hermit:WideOpen","hermit:Quickdraw"],"picked":"SKIP","floor":47},{"not_picked":["hermit:Glare+1","hermit:WideOpen","hermit:SprayPray"],"picked":"SKIP","floor":48}],"player_experience":903460,"relics_obtained":[{"floor":9,"key":"Bottled Lightning"},{"floor":11,"key":"Lizard Tail"},{"floor":24,"key":"Centennial Puzzle"},{"floor":26,"key":"hermit:Horseshoe"},{"floor":28,"key":"hermit:Spyglass"},{"floor":29,"key":"StoneCalendar"},{"floor":41,"key":"Darkstone Periapt"},{"floor":43,"key":"Frozen Egg 2"},{"floor":44,"key":"Pen Nib"}],"event_choices":[{"damage_healed":0,"gold_gain":0,"player_choice":"Donut","damage_taken":0,"max_hp_gain":5,"max_hp_loss":0,"event_name":"Big Fish","floor":3,"gold_loss":0},{"damage_healed":0,"gold_gain":0,"player_choice":"Lose Max HP","damage_taken":0,"relics_obtained":["Golden Idol"],"max_hp_gain":0,"max_hp_loss":6,"event_name":"Golden Idol","floor":5,"gold_loss":0},{"damage_healed":0,"gold_gain":75,"player_choice":"Gather Gold","damage_taken":11,"max_hp_gain":0,"max_hp_loss":0,"event_name":"World of Goop","floor":13,"gold_loss":0},{"damage_healed":0,"gold_gain":0,"player_choice":"Simplicity","damage_taken":0,"max_hp_gain":0,"max_hp_loss":0,"event_name":"Back to Basics","floor":21,"gold_loss":0,"cards_upgraded":["hermit:Strike_Hermit","hermit:Strike_Hermit","hermit:Strike_Hermit","hermit:Defend_Hermit","hermit:Defend_Hermit","hermit:Defend_Hermit"]},{"damage_healed":0,"gold_gain":0,"player_choice":"Gave Idol","damage_taken":0,"relics_obtained":["Bloody Idol"],"max_hp_gain":0,"max_hp_loss":0,"event_name":"Forgotten Altar","floor":25,"relics_lost":["Golden Idol"],"gold_loss":0},{"damage_healed":0,"gold_gain":0,"player_choice":"Paid","damage_taken":0,"relics_obtained":["Red Mask"],"max_hp_gain":0,"max_hp_loss":0,"event_name":"Tomb of Lord Red Mask","floor":38,"gold_loss":45},{"damage_healed":0,"gold_gain":0,"player_choice":"Max HP","damage_taken":0,"max_hp_gain":0,"max_hp_loss":4,"event_name":"Winding Halls","floor":42,"gold_loss":0},{"damage_healed":0,"gold_gain":0,"player_choice":"Ignored","damage_taken":0,"max_hp_gain":0,"max_hp_loss":0,"event_name":"Mysterious Sphere","floor":46,"gold_loss":0}],"is_beta":false,"boss_relics":[{"not_picked":["Tiny House","Coffee Dripper"],"picked":"Astrolabe"},{"not_picked":["Empty Cage","Snecko Eye"],"picked":"Philosopher\u0027s Stone"}],"items_purged_floors":[37],"is_endless":false,"potions_floor_spawned":[4,7,16,22,29,31,33,39,41,44,48],"ascension_level":1}}