{"host":"usewcu4ohw2wtmxk","time":1608061144,"event":{"mods":["AchievementEnabler","BaseMod","BetterRewards","Colored Powertips","Minty Spire (QoL Compilation)","Permanent Neow","Quick Restart","Relic Sorter","Relic Stats","Shop Mod","StSLib"],"gold_per_floor":[117,128,203,217,217,217,250,250,325,325,353,372,406,419,419,493,493,507,557,322,322,336,336,370,113,113,148,167,193,225,225,225,225,225,225],"floor_reached":34,"playtime":828,"items_purged":["Defend_P","Strike_P"],"score":1042,"play_id":"3e4db928-29b9-49a4-8c15-ac95f7d04bd3","local_time":"20201216033904","is_ascension_mode":true,"campfire_choices":[{"floor":6.0,"key":"REST"},{"data":"WheelKick","floor":8.0,"key":"SMITH"},{"floor":10.0,"key":"REST"},{"data":"Vault","floor":15.0,"key":"SMITH"},{"data":"InnerPeace","floor":23.0,"key":"SMITH"},{"data":"Fasting2","floor":32,"key":"SMITH"}],"circlet_count":0,"master_deck":["AscendersBane","Strike_P+1","Strike_P+1","Strike_P+1","Defend_P+1","Eruption+1","Vigilance+1","DevaForm+1","CutThroughFate+1","WheelKick+1","InnerPeace+1","Vault+1","LessonLearned+1","Fasting2+1"],"relics":["PureWater","Nunchaku","Shuriken","Anchor","WingedGreaves","Busted Crown","Lantern","MutagenicStrength","Pen Nib","PreservedInsect","Ornamental Fan","Meat on the Bone","Mercury Hourglass","Omamori"],"acts_visited":["Exordium","TheCity"],"potions_floor_usage":[],"damage_taken":[{"damage":1.0,"enemies":"Cultist","floor":1.0,"turns":4.0},{"damage":2.0,"enemies":"Jaw Worm","floor":2.0,"turns":4.0},{"damage":8.0,"enemies":"Small Slimes","floor":4.0,"turns":3.0},{"damage":14.0,"enemies":"Lagavulin","floor":7.0,"turns":5.0},{"damage":6.0,"enemies":"Gremlin Nob","floor":11.0,"turns":3.0},{"damage":0.0,"enemies":"3 Louse","floor":12.0,"turns":2.0},{"damage":2.0,"enemies":"3 Sentries","floor":13.0,"turns":4.0},{"damage":0.0,"enemies":"Lots of Slimes","floor":14.0,"turns":4.0},{"damage":20.0,"enemies":"The Guardian","floor":16.0,"turns":6.0},{"damage":11.0,"enemies":"Shell Parasite","floor":18.0,"turns":3.0},{"damage":0.0,"enemies":"Chosen","floor":22.0,"turns":3.0},{"damage":19.0,"enemies":"Slavers","floor":24.0,"turns":4.0},{"damage":0,"enemies":"Book of Stabbing","floor":27,"turns":3},{"damage":0,"enemies":"Shelled Parasite and Fungi","floor":28,"turns":2},{"damage":0,"enemies":"Gremlin Leader","floor":29,"turns":3},{"damage":0,"enemies":"Slavers","floor":30,"turns":2},{"damage":35,"enemies":"Collector","floor":33,"turns":6}],"seed_played":"-2821160962471859096","potions_obtained":[{"floor":1.0,"key":"SmokeBomb"},{"floor":4.0,"key":"AttackPotion"},{"floor":11.0,"key":"Fire Potion"},{"floor":14.0,"key":"FearPotion"},{"floor":18.0,"key":"Fire Potion"},{"floor":29,"key":"Fire Potion"}],"is_trial":false,"path_per_floor":["M","M","?","M","?","R","E","R","T","R","E","M","E","M","R","B",null,"M","?","$","?","M","R","E","$","T","E","M","E","E","?","R","B",null],"character_chosen":"WATCHER","items_purchased":["Lantern","PreservedInsect"],"campfire_rested":2,"item_purchase_floors":[20,25],"current_hp_per_floor":[60,58,47,39,19,39,25,25,25,45,39,39,37,37,37,17,55,44,44,44,44,44,44,25,25,25,25,37,37,37,37,37,14,14,14],"gold":225,"neow_bonus":"REMOVE_CARD","is_daily":false,"chose_seed":false,"campfire_upgraded":4,"win_rate":0.0,"timestamp":1608061144,"path_taken":["M","M","?","M","?","R","E","R","T","R","E","M","E","M","R","BOSS","M","?","$","?","M","R","E","$","T","E","M","E","E","?","R","BOSS"],"items_purchased_type":["Relic","Relic"],"build_version":"2020-12-13","purchased_purges":2,"victory":false,"max_hp_per_floor":[68,68,68,68,68,68,68,68,68,68,68,68,68,68,68,68,68,68,68,68,68,68,68,68,68,68,68,68,68,68,68,68,68,68,68],"relic_stats":{"Nunchaku":[10],"Busted Crown":16,"counters":[17,61],"Shuriken":[23],"Ornamental Fan":[36],"Pen Nib":[3],"PreservedInsect":133,"obtain_stats":[{"Lantern":20,"Pen Nib":24,"PreservedInsect":25,"Omamori":30,"Mercury Hourglass":29,"Nunchaku":7,"Anchor":11,"Busted Crown":17,"Shuriken":9,"Ornamental Fan":26,"MutagenicStrength":21,"WingedGreaves":13,"PureWater":0,"Meat on the Bone":27},{"Lantern":10,"Pen Nib":12,"PreservedInsect":12,"Omamori":16,"Mercury Hourglass":15,"Nunchaku":4,"Anchor":5,"Busted Crown":9,"Shuriken":4,"Ornamental Fan":12,"MutagenicStrength":10,"WingedGreaves":7,"PureWater":0,"Meat on the Bone":13},{"Lantern":38,"Pen Nib":45,"PreservedInsect":45,"Omamori":55,"Mercury Hourglass":53,"Nunchaku":16,"Anchor":19,"Busted Crown":35,"Shuriken":16,"Ornamental Fan":45,"MutagenicStrength":38,"WingedGreaves":25,"PureWater":0,"Meat on the Bone":48}],"Meat on the Bone":24,"Mercury Hourglass":[48]},"card_choices":[],"player_experience":264376,"relics_obtained":[],"event_choices":[],"is_beta":false,"boss_relics":[],"items_purged_floors":[],"is_endless":false,"potions_floor_spawned":[],"ascension_level":20}}