{"host":"e8rlfedn69rz2s07","time":1608068919,"event":{"mods":["BaseMod","Challenge The Spire","Hubris","Infinite Spire","Minty Spire (QoL Compilation)","Permanent Neow","Relic Stats","Replay The Spire","Shop Mod","StSLib"],"gold_per_floor":[111,131,131,31,106,133,107,107,107,107,123,144,169,187,187,312,312,325,285,301,325,18,61,82,82,82,113,113,113,113,137,137,265,265,284,284,308,308,324,359,359,395,395,395,395,395,51,75,75,75,75],"floor_reached":50,"playtime":2198,"items_purged":["hubris:Greed"],"score":926,"play_id":"2454d716-8292-462e-b57a-b316e2844b35","local_time":"20201215234839","is_ascension_mode":true,"campfire_choices":[{"data":"Perfected Strike","floor":8.0,"key":"SMITH"},{"data":"Perfected Strike","floor":15.0,"key":"SMITH"},{"data":"Metallicize","floor":25.0,"key":"SMITH"},{"floor":32.0,"key":"REST"},{"floor":41,"key":"RECALL"},{"floor":44,"key":"REST"},{"data":"Metallicize","floor":46,"key":"SMITH"},{"data":"Disarm","floor":49,"key":"SMITH"}],"circlet_count":0,"master_deck":["AscendersBane","Strike_R","Strike_R","Strike_R","Strike_R","Defend_R","Defend_R","Defend_R","Defend_R+1","Bash","Defend_R","hubris:Strike_Merchant","Reaper","Twin Strike","Perfected Strike+1","Pommel Strike","Metallicize+1","Metallicize+1","Perfected Strike+1","Cleave","Berserk+1","Demon Form+1","hubris:NaturalOne","Pommel Strike","Heavy Blade","Battle Trance","Replay:Dark Deal+1","Shrug It Off+1","Demonic Infusion+1","Shockwave+1","Reaper+1","Replay:Fractal Strike","RitualDagger","Perfected Strike","Limit Break+1","CurseOfTheBell","Disarm+1","ReplayTheSpireMod:Echoes of Time","Sword Boomerang","True Grit","Corruption+1","True Grit+1","Armaments+1"],"relics":["Burning Blood","hubris:Icosahedron","Champion Belt","Golden Egg","Golden Idol","ReplayTheSpireMod:CursedCoin","hubris:RunicObelisk","Du-Vu Doll","StrikeDummy","hubris:Zylophone","Calling Bell","Centennial Puzzle","Mirror","StoneCalendar","infinitespire:PuzzleCube","Bag of Preparation","Lizard Tail","hubris:FunFungus","Strange Spoon"],"acts_visited":["Exordium","TheCity","TheBeyond"],"potions_floor_usage":[42,50,50],"damage_taken":[{"damage":0.0,"enemies":"infinitespire:Voidling","floor":1.0,"turns":5.0},{"damage":9.0,"enemies":"2 Louse","floor":2.0,"turns":4.0},{"damage":51.0,"enemies":"Replay:BlueRogue","floor":6.0,"turns":8.0},{"damage":0.0,"enemies":"Cultist","floor":11.0,"turns":3.0},{"damage":9.0,"enemies":"Large Slime","floor":12.0,"turns":5.0},{"damage":0.0,"enemies":"hubris:Merchant","floor":13.0,"turns":1.0},{"damage":20.0,"enemies":"Gremlin Nob","floor":14.0,"turns":4.0},{"damage":18.0,"enemies":"Slime Boss","floor":16.0,"turns":11.0},{"damage":6.0,"enemies":"Spheric Guardian","floor":18.0,"turns":3.0},{"damage":14.0,"enemies":"Shell Parasite","floor":20.0,"turns":5.0},{"damage":29.0,"enemies":"Snecko","floor":21.0,"turns":4.0},{"damage":19.0,"enemies":"Slavers","floor":23.0,"turns":25.0},{"damage":10.0,"enemies":"3 Cultists","floor":24.0,"turns":4.0},{"damage":39.0,"enemies":"Book of Stabbing","floor":27.0,"turns":5.0},{"damage":0.0,"enemies":"Cultist and Chosen","floor":31.0,"turns":4.0},{"damage":38.0,"enemies":"hubris:MusketHawk","floor":33.0,"turns":7.0},{"damage":7.0,"enemies":"3 Shapes","floor":35.0,"turns":4.0},{"damage":0,"enemies":"Orb Walker","floor":37,"turns":2},{"damage":35,"enemies":"Spire Growth","floor":39,"turns":7},{"damage":29,"enemies":"Nemesis","floor":40,"turns":3},{"damage":70,"enemies":"Reptomancer","floor":42,"turns":5},{"damage":18,"enemies":"Jaw Worm Horde","floor":48,"turns":4},{"damage":143,"enemies":"LordOfAnnihilation","floor":50,"turns":13}],"seed_played":"-5711389479632995383","potions_obtained":[{"floor":1.0,"key":"BloodPotion"},{"floor":6.0,"key":"BloodPotion"},{"floor":12.0,"key":"CultistPotion"},{"floor":16.0,"key":"PowerPotion"},{"floor":20.0,"key":"Adrenaline Potion"},{"floor":24.0,"key":"SpeedPotion"},{"floor":27.0,"key":"Regen Potion"},{"floor":42,"key":"Dexterity Potion"}],"is_trial":false,"path_per_floor":["M","M","?","$","?","E","$","R","T","?","M","M","$","E","R","B",null,"M","?","M","M","$","E","M","R","T","E","AVR","?","?","M","R","B",null,"M","?","M","AVR","M","E","R","E","T","R","?","R","$","M","R","B"],"character_chosen":"IRONCLAD","items_purchased":["Pommel Strike","Metallicize","Cleave","ReplayTheSpireMod:CursedCoin","Block Potion","Replay:Dark Deal","Shrug It Off","Demonic Infusion","Strange Spoon","Corruption","True Grit"],"campfire_rested":2,"item_purchase_floors":[4,4,7,13,13,22,22,22,47,47,47],"current_hp_per_floor":[78,75,75,75,64,37,37,37,37,37,47,44,64,50,50,50,68,68,68,60,37,37,74,70,70,70,37,37,31,31,44,66,34,64,74,74,74,74,74,51,51,24,24,46,74,74,74,62,62,0,0],"gold":75,"neow_bonus":"THREE_RARE_CARDS","is_daily":false,"chose_seed":false,"campfire_upgraded":5,"win_rate":0.0,"timestamp":1608068919,"path_taken":["M","?","?","$","?","E","$","R","T","?","M","?","$","E","R","BOSS","M","?","M","?","$","E","M","R","T","E","AVR","?","?","M","R","BOSS","M","?","M","AVR","M","E","R","E","T","R","?","R","$","M","R","BOSS"],"items_purchased_type":["Card","Card","Card","Relic","Potion","Card","Card","Card","Relic","Card","Card"],"build_version":"2020-12-13","purchased_purges":1,"victory":false,"max_hp_per_floor":[80,80,80,80,80,80,80,80,80,74,74,74,74,74,74,74,74,74,74,74,74,74,74,74,74,74,74,74,74,74,74,74,74,74,74,74,74,74,74,74,74,74,74,74,74,74,74,74,74,74,74],"relic_stats":{"Strange Spoon":[9],"Centennial Puzzle":[18],"Lizard Tail":37,"counters":[23,136],"Golden Idol":203,"StoneCalendar":[84],"Bag of Preparation":[6],"Champion Belt":[14],"obtain_stats":[{"Golden Egg":9,"Golden Idol":10,"ReplayTheSpireMod:CursedCoin":13,"StoneCalendar":34,"Bag of Preparation":40,"hubris:RunicObelisk":17,"Burning Blood":0,"Du-Vu Doll":23,"hubris:Zylophone":28,"Calling Bell":34,"Strange Spoon":47,"Centennial Puzzle":34,"Lizard Tail":42,"hubris:Icosahedron":3,"hubris:FunFungus":43,"Champion Belt":6,"StrikeDummy":27,"Mirror":34,"infinitespire:PuzzleCube":38},{"Golden Egg":3,"Golden Idol":3,"ReplayTheSpireMod:CursedCoin":6,"StoneCalendar":16,"Bag of Preparation":20,"hubris:RunicObelisk":8,"Burning Blood":0,"Du-Vu Doll":12,"hubris:Zylophone":14,"Calling Bell":16,"Strange Spoon":21,"Centennial Puzzle":16,"Lizard Tail":21,"hubris:Icosahedron":2,"hubris:FunFungus":21,"Champion Belt":3,"StrikeDummy":14,"Mirror":16,"infinitespire:PuzzleCube":18},{"Golden Egg":17,"Golden Idol":17,"ReplayTheSpireMod:CursedCoin":26,"StoneCalendar":98,"Bag of Preparation":114,"hubris:RunicObelisk":41,"Burning Blood":0,"Du-Vu Doll":78,"hubris:Zylophone":87,"Calling Bell":98,"Strange Spoon":119,"Centennial Puzzle":98,"Lizard Tail":119,"hubris:Icosahedron":9,"hubris:FunFungus":119,"Champion Belt":17,"StrikeDummy":87,"Mirror":98,"infinitespire:PuzzleCube":104}],"Burning Blood":109},"card_choices":[{"not_picked":["Impervious","Corruption"],"picked":"Reaper","floor":0.0},{"not_picked":["Seeing Red","Replay:Undeath\u0027s Touch"],"picked":"Twin Strike","floor":1.0},{"not_picked":["Wild Strike","Fire Breathing"],"picked":"Perfected Strike","floor":2.0},{"not_picked":["Intimidate","Massacre"],"picked":"Perfected Strike","floor":6.0},{"not_picked":["Replay:Undeath\u0027s Touch","Havoc","Iron Wave"],"picked":"SKIP","floor":11.0},{"not_picked":["Flex","Clothesline","ReplayTheSpireMod:Strike From Hell"],"picked":"SKIP","floor":12.0},{"not_picked":["Perfected Strike","Warcry"],"picked":"Berserk","floor":14.0},{"not_picked":["Fiend Fire","Exhume"],"picked":"Demon Form","floor":16.0},{"not_picked":["Iron Wave","Warcry+1"],"picked":"Pommel Strike","floor":18.0},{"not_picked":["Feel No Pain","Pommel Strike"],"picked":"Heavy Blade","floor":20.0},{"not_picked":["infinitespire:OneForAll","Armaments"],"picked":"Battle Trance","floor":21.0},{"not_picked":["Havoc+1","Entrench","Combust"],"picked":"SKIP","floor":23.0},{"not_picked":["True Grit","Inflame"],"picked":"Shockwave+1","floor":24.0},{"not_picked":["ReplayTheSpireMod:Limb From Limb","Perfected Strike"],"picked":"Reaper","floor":27.0},{"not_picked":["Sword Boomerang","ReplayTheSpireMod:LeadingStrike"],"picked":"Perfected Strike","floor":31.0},{"not_picked":["Hemogenesis","Eclipse"],"picked":"Limit Break","floor":33.0},{"not_picked":["Rampage","Perfected Strike"],"picked":"Dual Wield+1","floor":35.0},{"not_picked":["Heavy Blade","Clash+1"],"picked":"Disarm","floor":37},{"not_picked":["Combust","Intimidate"],"picked":"Sword Boomerang","floor":39},{"not_picked":["Warcry","Twin Strike"],"picked":"True Grit","floor":40},{"not_picked":["Feel No Pain+1","Dual Wield","Life Link"],"picked":"SKIP","floor":42},{"not_picked":["Battle Trance","True Grit+1"],"picked":"Armaments+1","floor":48}],"player_experience":705892,"relics_obtained":[{"floor":6.0,"key":"Champion Belt"},{"floor":9.0,"key":"Golden Egg"},{"floor":23.0,"key":"Du-Vu Doll"},{"floor":27.0,"key":"StrikeDummy"},{"floor":34.0,"key":"Centennial Puzzle"},{"floor":34.0,"key":"Mirror"},{"floor":34.0,"key":"StoneCalendar"},{"floor":40,"key":"Bag of Preparation"},{"floor":42,"key":"Lizard Tail"},{"floor":43,"key":"hubris:FunFungus"}],"event_choices":[{"damage_healed":0.0,"max_hp_gain":0.0,"max_hp_loss":0.0,"gold_gain":75.0,"event_name":"World of Goop","player_choice":"Gather Gold","floor":5.0,"gold_loss":0.0,"damage_taken":11.0},{"damage_healed":0.0,"max_hp_gain":0.0,"max_hp_loss":6.0,"gold_gain":0.0,"event_name":"Golden Idol","player_choice":"Lose Max HP","floor":10.0,"gold_loss":0.0,"damage_taken":0.0,"relics_obtained":["Golden Idol"]},{"damage_healed":0.0,"max_hp_gain":0.0,"max_hp_loss":0.0,"gold_gain":0.0,"event_name":"Designer","player_choice":"Upgraded Two","floor":19.0,"gold_loss":40.0,"damage_taken":0.0,"cards_upgraded":["Defend_R","Strike_R"]},{"damage_healed":0.0,"max_hp_gain":0.0,"max_hp_loss":0.0,"gold_gain":0.0,"event_name":"Nest","player_choice":"Joined the Cult","floor":29.0,"gold_loss":0.0,"damage_taken":6.0,"cards_obtained":["RitualDagger"]},{"cards_removed":["Strike_R"],"damage_healed":0.0,"max_hp_gain":0.0,"max_hp_loss":0.0,"gold_gain":0.0,"event_name":"Falling","player_choice":"Removed Attack","floor":36.0,"gold_loss":0.0,"damage_taken":0.0},{"cards_removed":["Dual Wield"],"damage_healed":28,"gold_gain":0,"player_choice":"Offered Uncommon","damage_taken":0,"max_hp_gain":0,"max_hp_loss":0,"event_name":"Bonfire Elementals","floor":45,"gold_loss":0}],"is_beta":false,"boss_relics":[{"not_picked":["Ectoplasm","ReplayTheSpireMod:DimensionalGlitch"],"picked":"hubris:RunicObelisk"},{"not_picked":["hubris:GrandSneckoEye","Velvet Choker"],"picked":"Calling Bell"}],"items_purged_floors":[13],"is_endless":false,"potions_floor_spawned":[1,6,12,16,20,24,27,35,42],"killed_by":"LordOfAnnihilation","ascension_level":12}}