{"host":"b5mzvg96njlg7ry9","time":1608046051,"event":{"mods":["AlwaysNeverKeys","Aspiration","BaseMod","Better Note","Better Third Choice","BetterRewards","Colored Map","Colored Powertips","Downfall","Highlight Path","Hubris","Infinite Spire","Minty Spire (QoL Compilation)","Quick Restart","Relic Sorter","Replay The Spire","Shop Mod","StSLib","SuperFastMode"],"gold_per_floor":[24,24,24,50,50,81,81,81,193,218,203,221,221,221,240,340,340,190,190,459,485,485,513,513,541,476,507,526,555,581,595,614,715,715,715,565,575,575,593,619,701,701,735,735,749,920,920,931,951,951,951,979,100,100,100],"floor_reached":56,"playtime":3869,"items_purged":["Tactician","Shame","champ:Strike","champ:Strike","champ:Execute","champ:IronFortress","Pain"],"score":1822,"play_id":"2437776b-84d6-4ab9-9ae5-f3db0281ced5","local_time":"20201215162731","is_ascension_mode":true,"campfire_choices":[{"data":"champ:Taunt","floor":1.0,"key":"SMITH"},{"data":"champ:FightOn","floor":18.0,"key":"PURGE"},{"data":"champ:Strike","floor":35.0,"key":"PURGE"},{"data":"champ:HoldFirm","floor":42.0,"key":"SMITH"},{"data":"champ:FocusedDefense","floor":44.0,"key":"SMITH"},{"data":"champ:Defend","floor":54.0,"key":"PURGE"}],"circlet_count":0,"master_deck":["champ:Defend+1","champ:Taunt+1","champ:EnGarde","champ:SkillfulDodge","champ:HoldFirm+1","champ:ShieldThrow","champ:FocusedDefense+1","champ:EnchantShield","champ:TornadoPunch+1","infinitespire:TheBestDefense","champ:ShieldThrow+1","champ:FocusedDefense","champ:DefensiveStyle","champ:DefensiveStyle","champ:FalseCounter+1","Secret Technique","Replay:SS_hec_2"],"relics":["champ:ChampionCrown","hubris:Icosahedron","hubris:CrystalStatue","hubris:Reverence","Nunchaku","downfall:HeartsMalice","downfall:HeartBlessingRed","Centennial Puzzle","InkBottle","hubris:ToyBattleship","TungstenRod","ReplayTheSpireMod:Lightbulb","MerchantsRug","Bag of Marbles","Ancient Tea Set","Peace Pipe","SacredBark","downfall:HeartBlessingGreen","downfall:HeartBlessingBlue","Lantern","hubris:EmptyBottle","hubris:SlimyHat","Replay:Ringing Soul","Black Star","infinitespire:Broken Mirror","Singing Bowl","Replay:Bottled Snecko","Akabeko","Garlic","Simple Rune","ReplayTheSpireMod:Ninjato","Red Mask","aspiration:Lifesprig","aspiration:FetidBarrel","Whetstone","hubris:BundleOfHerbs","Prayer Wheel","Juzu Bracelet","WarpedTongs","Bag of Preparation","hubris:Zylophone","Ginger"],"acts_visited":["Exordium","TheCity","TheBeyond","TheEnding"],"potions_floor_usage":[55,55,55,55,55],"damage_taken":[{"damage":0.0,"enemies":"2 Louse","floor":3.0,"turns":1.0},{"damage":0.0,"enemies":"Replay:BlueRogue","floor":4.0,"turns":1.0},{"damage":0.0,"enemies":"Lagavulin","floor":6.0,"turns":1.0},{"damage":10.0,"enemies":"downfall:FleeingMerchant","floor":9.0,"turns":4.0},{"damage":7.0,"enemies":"Replay:BlueRogue","floor":10.0,"turns":7.0},{"damage":4.0,"enemies":"downfall:FleeingMerchant","floor":11.0,"turns":4.0},{"damage":2.0,"enemies":"Jaw Worm","floor":12.0,"turns":4.0},{"damage":4.0,"enemies":"Small Slimes","floor":15.0,"turns":5.0},{"damage":47.0,"enemies":"downfall:Defect","floor":16.0,"turns":8.0},{"damage":8.0,"enemies":"downfall:FleeingMerchant","floor":20.0,"turns":4.0},{"damage":21.0,"enemies":"Book of Stabbing","floor":21.0,"turns":7.0},{"damage":4.0,"enemies":"Slavers","floor":23.0,"turns":3.0},{"damage":2.0,"enemies":"Book of Stabbing","floor":25.0,"turns":2.0},{"damage":0.0,"enemies":"downfall:FleeingMerchant","floor":26.0,"turns":2.0},{"damage":3.0,"enemies":"Slavers","floor":27.0,"turns":3.0},{"damage":0.0,"enemies":"Spheric Guardian","floor":28.0,"turns":2.0},{"damage":6.0,"enemies":"Masked Bandits","floor":29.0,"turns":3.0},{"damage":6.0,"enemies":"Centurion and Healer","floor":31.0,"turns":11.0},{"damage":4.0,"enemies":"Shelled Parasite and Fungi","floor":32.0,"turns":3.0},{"damage":0.0,"enemies":"downfall:Ironclad","floor":33.0,"turns":9.0},{"damage":3.0,"enemies":"3 Shapes","floor":37.0,"turns":1.0},{"damage":4.0,"enemies":"3 Darklings","floor":39.0,"turns":3.0},{"damage":14.0,"enemies":"Giant Head","floor":40.0,"turns":10.0},{"damage":0.0,"enemies":"Reptomancer","floor":43.0,"turns":7.0},{"damage":0.0,"enemies":"Sphere and 2 Shapes","floor":45.0,"turns":3.0},{"damage":0.0,"enemies":"Maw","floor":48.0,"turns":5.0},{"damage":1.0,"enemies":"3 Darklings","floor":49.0,"turns":3.0},{"damage":0.0,"enemies":"downfall:Silent","floor":50.0,"turns":4.0},{"damage":9.0,"enemies":"downfall:CharBossMerchant","floor":52.0,"turns":6.0},{"damage":23,"enemies":"downfall:NeowBoss","floor":55,"turns":11}],"seed_played":"4058591379965258512","potions_obtained":[{"floor":4.0,"key":"Toxic Potion"},{"floor":10.0,"key":"DistilledChaos"},{"floor":12.0,"key":"DuplicationPotion"},{"floor":15.0,"key":"Elixir"},{"floor":16.0,"key":"Block Potion"},{"floor":23.0,"key":"SneckoOil"},{"floor":27.0,"key":"champ:OpenerPotion"},{"floor":31.0,"key":"Weak Potion"},{"floor":40.0,"key":"sneckomod:MuddlingPotion"},{"floor":45.0,"key":"PowerPotion"},{"floor":48.0,"key":"LiquidBronze"}],"is_trial":false,"path_per_floor":["R","?","M","E","?","E","T","?","$","E","$","M","?","?","M","B",null,"R","?","$","E","AVR","E","T","E","$","E","M","?","T","M","M","B",null,"R","$","M","?","M","E","T","R","E","R","M","$","?","M","M","B",null,"E","$","R","B",null],"character_chosen":"THE_CHAMP","items_purchased":["champ:HoldFirm","TungstenRod","ReplayTheSpireMod:Lightbulb","MerchantsRug","hubris:EmptyBottle","hubris:SlimyHat","champ:TornadoPunch","Replay:Ringing Soul","Garlic","champ:ShieldThrow","Prayer Wheel","infinitespire:BlackPotion","Juzu Bracelet","champ:TechniquePotion","Ginger","Secret Technique","DuplicationPotion","Replay:SS_hec_2"],"campfire_rested":0,"item_purchase_floors":[9,9,9,9,20,20,20,20,26,26,46,46,46,46,53,53,53,53],"current_hp_per_floor":[90,90,90,90,90,90,90,90,90,87,88,86,74,74,75,33,90,100,100,100,94,97,95,98,98,108,107,110,106,106,102,105,107,138,138,138,137,137,135,123,123,123,126,126,128,128,131,136,139,139,161,155,158,158,167],"gold":100,"neow_bonus":"THREE_ENEMY_KILL","is_daily":false,"chose_seed":false,"campfire_upgraded":3,"win_rate":0.0,"timestamp":1608046051,"path_taken":["R","?","M","E","?","E","T","?","$","E","$","M","?","?","M","BOSS","R","?","$","E","AVR","E","T","E","$","E","M","?","?","M","M","BOSS","R","$","M","?","M","E","T","R","E","R","M","$","?","M","M","BOSS","E","$","R","BOSS"],"items_purchased_type":["Card","Relic","Relic","Relic","Relic","Relic","Card","Relic","Relic","Card","Relic","Potion","Relic","Potion","Relic","Card","Potion","Card"],"build_version":"2020-12-13","purchased_purges":7,"victory":true,"max_hp_per_floor":[90,90,90,90,90,90,90,90,90,90,90,90,90,90,90,90,90,100,100,100,110,113,115,118,120,125,127,130,132,132,134,136,138,138,138,138,140,140,142,144,144,144,147,147,149,149,152,157,161,161,161,164,167,167,167],"card_choices":[{"not_picked":["champ:PerfectedStrike","champ:ShieldSigil"],"picked":"champ:IronFortress","floor":3.0},{"not_picked":["champ:BringItOn","champ:DeathBlow"],"picked":"champ:FightOn","floor":4.0},{"not_picked":["champ:ShieldWall","champ:PerfectedStrike"],"picked":"champ:EnGarde","floor":6.0},{"not_picked":["champ:Shatter","champ:AdrenalArmor"],"picked":"champ:SkillfulDodge","floor":9.0},{"not_picked":["champ:GladiatorStyle","champ:RapidStrikes"],"picked":"champ:ShieldThrow","floor":10.0},{"not_picked":["champ:FlashCut","champ:Encircle","champ:Haymaker"],"picked":"SKIP","floor":11.0},{"not_picked":["champ:FlashCut","champ:Encircle","champ:Haymaker"],"picked":"SKIP","floor":11.0},{"not_picked":["champ:FlashCut","champ:Encircle","champ:Haymaker"],"picked":"SKIP","floor":11.0},{"not_picked":["champ:FlashCut","champ:BerserkersShout"],"picked":"champ:FocusedDefense","floor":12.0},{"not_picked":["champ:Circumvent","champ:FanOfKnives","champ:RecklessLeap"],"picked":"SKIP","floor":15.0},{"not_picked":["champ:Improvising","champ:IgnorePain"],"picked":"champ:EnchantShield","floor":16.0},{"not_picked":["champ:BringItOn","champ:SwordSigil"],"picked":"champ:FlashCut","floor":20.0},{"not_picked":["champ:GladiatorsShout","champ:CrookedStrike","champ:BerserkersShout+1"],"picked":"SKIP","floor":21.0},{"not_picked":["champ:GladiatorStyle","champ:PerfectedStrike+1","champ:DeathBlow"],"picked":"Singing Bowl","floor":23.0},{"not_picked":["champ:DefensiveShout","champ:BerserkersShout","champ:FlashCut"],"picked":"Singing Bowl","floor":25.0},{"not_picked":["champ:PerfectedStrike","champ:RecklessLeap+1","champ:AdrenalArmor"],"picked":"Singing Bowl","floor":26.0},{"not_picked":["champ:BerserkersShout","champ:GutPunch","champ:PreciseThrust"],"picked":"Singing Bowl","floor":27.0},{"not_picked":["champ:RageSigil","champ:Lariat+1"],"picked":"champ:FocusedDefense","floor":28.0},{"not_picked":["champ:ArenaPreparation","champ:PreciseThrust","champ:PerfectedStrike+1"],"picked":"Singing Bowl","floor":29.0},{"not_picked":["champ:Backstep+1","champ:FocusedGladiator","champ:Duel"],"picked":"Singing Bowl","floor":31.0},{"not_picked":["champ:PerfectedStrike","champ:Shatter","champ:FanOfKnives+1"],"picked":"Singing Bowl","floor":32.0},{"not_picked":["champ:HoldFirm","champ:SteelEdge","champ:LastStand"],"picked":"Singing Bowl","floor":33.0},{"not_picked":["champ:FlashCut","champ:Encircle+1","champ:EndlessRage+1"],"picked":"Singing Bowl","floor":37.0},{"not_picked":["champ:TornadoPunch","champ:FanOfKnives","champ:DefensiveShout+1"],"picked":"Singing Bowl","floor":39.0},{"not_picked":["champ:BringItOn","champ:Lariat+1","champ:SwordSigil+1"],"picked":"Singing Bowl","floor":40.0},{"not_picked":["champ:DefensiveShout+1","champ:BladeFlurry"],"picked":"champ:DefensiveStyle","floor":43.0},{"not_picked":["champ:FanOfKnives","champ:PreciseThrust+1","champ:StanceDance"],"picked":"Singing Bowl","floor":45.0},{"not_picked":["champ:BerserkersShout","champ:IronFortress"],"picked":"champ:DefensiveStyle","floor":48.0},{"not_picked":["champ:RageSigil","champ:CrookedStrike+1","champ:CalledShot"],"picked":"Singing Bowl","floor":48.0},{"not_picked":["champ:Circumvent","champ:EndlessRage+1","champ:StanceDance+1"],"picked":"Singing Bowl","floor":49.0},{"not_picked":["champ:FocusedGladiator","champ:ArenaPreparation+1","champ:SkillfulDodge+1"],"picked":"Singing Bowl","floor":49.0},{"not_picked":["champ:Backstep+1","champ:EnGarde+1"],"picked":"champ:FalseCounter+1","floor":52.0}],"player_experience":783512,"relics_obtained":[{"floor":4.0,"key":"InkBottle"},{"floor":6.0,"key":"hubris:ToyBattleship"},{"floor":7.0,"key":"hubris:DeckOfHolding"},{"floor":10.0,"key":"Bag of Marbles"},{"floor":21.0,"key":"Pear"},{"floor":23.0,"key":"Singing Bowl"},{"floor":23.0,"key":"Replay:Bottled Snecko"},{"floor":24.0,"key":"hubris:DuctTape"},{"floor":25.0,"key":"Akabeko"},{"floor":25.0,"key":"hubris:Reverence"},{"floor":27.0,"key":"Simple Rune"},{"floor":27.0,"key":"ReplayTheSpireMod:Ninjato"},{"floor":29.0,"key":"Red Mask"},{"floor":30.0,"key":"Nunchaku"},{"floor":40.0,"key":"aspiration:Lifesprig"},{"floor":40.0,"key":"aspiration:FetidBarrel"},{"floor":41.0,"key":"hubris:CrystalStatue"},{"floor":43.0,"key":"Whetstone"},{"floor":43.0,"key":"hubris:BundleOfHerbs"},{"floor":52.0,"key":"Bag of Preparation"},{"floor":52.0,"key":"hubris:Zylophone"}],"event_choices":[{"damage_healed":0.0,"max_hp_gain":0.0,"max_hp_loss":0.0,"gold_gain":1.0,"event_name":"betterThird:BetterScrap","player_choice":"Relic Relic ","floor":13.0,"gold_loss":0.0,"damage_taken":16.0,"cards_obtained":["Massacre"]},{"damage_healed":0.0,"max_hp_gain":0.0,"max_hp_loss":0.0,"gold_gain":0.0,"event_name":"Addict","player_choice":"Stole Relic","floor":19.0,"gold_loss":0.0,"damage_taken":0.0,"relics_obtained":["Lantern"],"cards_obtained":["Shame"]},{"damage_healed":0.0,"max_hp_gain":0.0,"max_hp_loss":0.0,"gold_gain":0.0,"event_name":"Masked Bandits","player_choice":"Fought Bandits","floor":29.0,"gold_loss":0.0,"damage_taken":0.0},{"damage_healed":0.0,"max_hp_gain":0.0,"max_hp_loss":0.0,"gold_gain":0.0,"event_name":"Accursed Blacksmith","player_choice":"Rummage","floor":47.0,"gold_loss":0.0,"damage_taken":0.0,"relics_obtained":["WarpedTongs"],"cards_obtained":["Pain"]}],"is_beta":false,"boss_relics":[{"not_picked":["hubris:GrandSneckoEye","aspiration:SilentSkillbook"],"picked":"SacredBark"},{"not_picked":["hubris:BlackHole","aspiration:WatcherSkillbook","Abe\u0027s Treasure"]}],"items_purged_floors":[9,20,22,26,36,46,53],"is_endless":false,"potions_floor_spawned":[4,10,12,15,16,23,27,31,32,37,40,45,48],"ascension_level":2}}