{"host":"z9grmtg2w0nmz8n1","time":1608001020,"event":{"mods":["Aspiration","Bard","BaseMod","Beaked The Cultist","Better Third Choice","BetterRewards","CCEM","Colored Map","GifTheSpireLib","Googly Eyes","Highlight Path","Hubris","Infinite Spire","Jedi Mod","Jorbs\u0027s Wanderer Trilogy","Minty Spire (QoL Compilation)","Permanent Neow","Replay The Spire","Spicy Shops","StSLib","Stuff the Spire","The Bug Knight"],"gold_per_floor":[113,113,123,13,13,48,62,62,137,165,165,165,223,257,257,361,361,379,391,462,481,481,481,498,498,525,559,164,164,164,190,190,295,295,354,369,160,170,182,210,61,61,61,89,103,103,135,89,89,89,89,89,11,11,11],"floor_reached":56,"playtime":3422,"items_purged":["Strike_G","Strike_G","Languid","Injury","Strike_G","Strike_G","Strike_G+1"],"score":1312,"play_id":"cac283e5-55d0-4881-b96e-d88e43011079","local_time":"20201215005700","is_ascension_mode":true,"campfire_choices":[{"floor":8,"key":"RECALL"},{"data":"Noxious Fumes","floor":12,"key":"SMITH"},{"floor":15,"key":"REST"},{"data":"ReplayTheSpireMod:Black Plague","floor":23,"key":"SMITH"},{"data":"Backstab","floor":25,"key":"SMITH"},{"data":"Strike_G","floor":30,"key":"SMITH"},{"floor":32,"key":"REST"},{"floor":42,"key":"REST"},{"data":"Endless Agony","floor":49,"key":"SMITH"},{"data":"Survivor","floor":52,"key":"SMITH"}],"circlet_count":0,"master_deck":["Defend_G","Defend_G","Defend_G","Defend_G","Survivor+1","Neutralize+1","Backstab+1","ReplayTheSpireMod:Black Plague+1","Noxious Fumes+1","Deadly Poison","Backstab","A Thousand Cuts+1","Slice","Backstab+1","Flying Knee","StuffTheSpire:BrimstoneBlast+1","Master of Strategy+1","Swift Strike+1","Endless Agony+1","jedi:poisonivy+1","Blur+1"],"relics":["Ring of the Snake","Ring of Fangs","ReplayTheSpireMod:Ring of Challenge","StuffTheSpire:HeavyRock","Strawberry","Frozen Egg 2","Akabeko","WristBlade","StuffTheSpire:MayFlowers","Replay:Rubber Ducky","CCEMRelics:FestiveHat","Tiny Chest","Orrery","CCEMRelics:PorcelainBowl","hubris:RunicObelisk","Membership Card","Happy Flower","StuffTheSpire:MayFlowers","Juzu Bracelet","hubris:CuriousFeather","infinitespire:Lychee Nut","aspiration:Lifesprig","jedi:ominousloannote","jedi:bottledfury","jedi:heavyjacket","Replay:Kaleidoscope","InkBottle"],"acts_visited":["Exordium","TheCity","TheBeyond","TheEnding"],"potions_floor_usage":[13,14,16,21,21,33,35,38,40,50,50],"damage_taken":[{"damage":0,"enemies":"2 Louse","floor":1,"turns":3},{"damage":0,"enemies":"Small Slimes","floor":3,"turns":2},{"damage":16,"enemies":"3 Sentries","floor":6,"turns":8},{"damage":0,"enemies":"Cultist","floor":7,"turns":3},{"damage":7,"enemies":"Replay:BlueRogue","floor":10,"turns":6},{"damage":7,"enemies":"Looter","floor":13,"turns":3},{"damage":0,"enemies":"HollowMod:MossKnight","floor":14,"turns":3},{"damage":16,"enemies":"Fading Forest","floor":16,"turns":11},{"damage":5,"enemies":"Spheric Guardian","floor":18,"turns":4},{"damage":6,"enemies":"3 Byrds","floor":19,"turns":6},{"damage":2,"enemies":"Cultist and Chosen","floor":21,"turns":6},{"damage":1,"enemies":"Centurion and Healer","floor":24,"turns":5},{"damage":6,"enemies":"Gremlin Leader","floor":27,"turns":6},{"damage":0,"enemies":"HollowMod:Nosk","floor":31,"turns":5},{"damage":34,"enemies":"Collector","floor":33,"turns":6},{"damage":31,"enemies":"3 Darklings","floor":35,"turns":5},{"damage":22,"enemies":"3 Shapes","floor":36,"turns":4},{"damage":26,"enemies":"Spire Growth","floor":38,"turns":4},{"damage":0,"enemies":"Maw","floor":39,"turns":5},{"damage":0,"enemies":"beaked:SuperParasite","floor":40,"turns":7},{"damage":0,"enemies":"Reptomancer","floor":44,"turns":4},{"damage":0,"enemies":"Writhing Mass","floor":45,"turns":3},{"damage":0,"enemies":"HollowMod:StalkingDevout","floor":47,"turns":5},{"damage":0,"enemies":"Replay:Hell Engine","floor":50,"turns":6},{"damage":0,"enemies":"Shield and Spear","floor":54,"turns":3},{"damage":13,"enemies":"The Heart","floor":55,"turns":8}],"seed_played":"-4400923677911958472","potions_obtained":[{"floor":1,"key":"Elixir"},{"floor":6,"key":"AttackPotion"},{"floor":10,"key":"SkillPotion"},{"floor":13,"key":"Energy Potion"},{"floor":16,"key":"Adrenaline Potion"},{"floor":18,"key":"Energy Potion"},{"floor":21,"key":"GamblersBrew"},{"floor":31,"key":"Fruit Juice"},{"floor":36,"key":"Fruit Juice"},{"floor":39,"key":"ColorlessPotion"},{"floor":40,"key":"jedi:StrikingPotion"}],"is_trial":false,"path_per_floor":["M","?","M","$","?","E","M","R","T","E","?","R","M","E","R","B",null,"M","M","?","M","AVR","R","M","R","T","E","$","?","R","E","R","B",null,"M","M","$","M","M","E","$","R","T","E","M","?","E","$","R","B",null,"R","$","E","B",null],"character_chosen":"THE_SILENT","items_purchased":["Noxious Fumes","Tiny Chest","Orrery","Membership Card","StuffTheSpire:MayFlowers","Juzu Bracelet","jedi:ominousloannote","jedi:bottledfury","jedi:poisonivy+1","jedi:heavyjacket","Replay:Kaleidoscope"],"campfire_rested":3,"item_purchase_floors":[4,28,28,37,41,41,48,48,48,48,53],"current_hp_per_floor":[70,54,54,54,54,38,38,38,38,38,38,38,31,31,54,54,77,72,66,47,45,45,45,47,47,47,46,46,46,46,46,69,38,77,54,32,32,11,11,17,17,43,43,43,49,49,61,61,61,65,65,65,65,65,60],"gold":11,"neow_bonus":"UPGRADE_CARD","is_daily":false,"chose_seed":false,"campfire_upgraded":6,"win_rate":0.0,"timestamp":1608001020,"path_taken":["M","?","M","$","?","E","?","R","T","E","?","R","M","E","R","BOSS","M","M","?","M","AVR","R","M","R","T","E","$","?","R","E","R","BOSS","M","M","$","M","M","E","$","R","T","E","M","?","E","?","R","BOSS","R","$","E","BOSS"],"items_purchased_type":["Card","Relic","Relic","Relic","Relic","Relic","Relic","Relic","Card","Relic","Relic"],"build_version":"2020-12-13","purchased_purges":7,"victory":true,"max_hp_per_floor":[70,70,70,70,70,70,70,70,70,77,77,77,77,77,77,77,77,77,77,77,77,77,77,77,77,77,77,77,77,77,77,77,77,77,82,82,82,87,87,87,87,87,87,65,65,65,65,65,65,65,65,65,65,65,65],"card_choices":[{"not_picked":["Backflip","hubris:SlightOfHand"],"picked":"Backstab","floor":1},{"not_picked":["infinitespire:TheBestDefense","infinitespire:FinalStrike"],"picked":"ReplayTheSpireMod:Black Plague","floor":2},{"not_picked":["hubris:SlightOfHand","Outmaneuver","Leg Sweep"],"picked":"SKIP","floor":3},{"not_picked":["Calculated Gamble","ReplayTheSpireMod:Speed Training"],"picked":"Deadly Poison","floor":6},{"not_picked":["Prepared","Dodge and Roll"],"picked":"Backstab","floor":7},{"not_picked":["Catalyst","aspiration:Lunge","StuffTheSpire:Incursion"],"picked":"SKIP","floor":10},{"not_picked":["Sucker Punch","PiercingWail","StuffTheSpire:ClusterCrunch"],"picked":"SKIP","floor":13},{"not_picked":["Toxin Wave","Doppelganger","Crippling Poison"],"picked":"SKIP","floor":14},{"not_picked":["Atom Bomb","Burst"],"picked":"A Thousand Cuts+1","floor":16},{"not_picked":["Blade Dance","Dagger Throw"],"picked":"Slice","floor":18},{"not_picked":["Backflip","Riddle With Holes","StuffTheSpire:Incursion"],"picked":"SKIP","floor":19},{"not_picked":["Dodge and Roll","A Thousand Cuts+1"],"picked":"Backstab+1","floor":21},{"not_picked":["ReplayTheSpireMod:Tripwire","Acrobatics","Dagger Throw+1"],"picked":"SKIP","floor":24},{"not_picked":["Acrobatics","Quick Slash","Deflect"],"picked":"SKIP","floor":27},{"not_picked":["Escape Plan+1","StuffTheSpire:ClusterCrunch"],"picked":"Flying Knee","floor":28},{"not_picked":["Prepared","PiercingWail"],"picked":"StuffTheSpire:BrimstoneBlast+1","floor":28},{"not_picked":["Purity+1","HandOfGreed+1"],"picked":"Master of Strategy+1","floor":31},{"not_picked":["StuffTheSpire:FinalStruggle","Flying Knee","hubris:Sniper"],"picked":"SKIP","floor":31},{"not_picked":["Trip+1","Secret Weapon+1"],"picked":"Swift Strike+1","floor":35},{"not_picked":["StuffTheSpire:Injection","Concentrate+1","Dagger Throw+1"],"picked":"SKIP","floor":35},{"not_picked":["Deflect+1","StuffTheSpire:BumpUp","jedi:acidrain+1"],"picked":"SKIP","floor":36},{"not_picked":["StuffTheSpire:Sprint+1","Sucker Punch","Acrobatics+1"],"picked":"SKIP","floor":38},{"not_picked":["Malaise","Sneak Up","StuffTheSpire:Injection"],"picked":"SKIP","floor":39},{"not_picked":["Eviscerate","hubris:TrickCloak","StuffTheSpire:ClusterCrunch+1"],"picked":"SKIP","floor":40},{"not_picked":["StuffTheSpire:MirrorStance+1","Reflex+1","Backflip+1"],"picked":"SKIP","floor":44},{"not_picked":["ReplayTheSpireMod:The Works","Cloak And Dagger","Outmaneuver+1"],"picked":"SKIP","floor":45},{"not_picked":["Unload","Blade Dance"],"picked":"Endless Agony","floor":47},{"not_picked":["Atom Bomb","Skewer"],"picked":"Blur+1","floor":54}],"player_experience":554927,"relics_obtained":[{"floor":5,"key":"Ring of Fangs"},{"floor":5,"key":"ReplayTheSpireMod:Ring of Challenge"},{"floor":6,"key":"StuffTheSpire:HeavyRock"},{"floor":10,"key":"Strawberry"},{"floor":14,"key":"Akabeko"},{"floor":26,"key":"Replay:Rubber Ducky"},{"floor":27,"key":"CCEMRelics:FestiveHat"},{"floor":31,"key":"CCEMRelics:PorcelainBowl"},{"floor":40,"key":"Happy Flower"},{"floor":43,"key":"hubris:CuriousFeather"},{"floor":44,"key":"infinitespire:Lychee Nut"},{"floor":47,"key":"aspiration:Lifesprig"},{"floor":54,"key":"InkBottle"}],"event_choices":[{"damage_healed":0,"gold_gain":0,"player_choice":"Ignored","damage_taken":0,"max_hp_gain":0,"max_hp_loss":0,"event_name":"Ghosts","floor":29,"gold_loss":0},{"cards_removed":["Defend_G"],"damage_healed":0,"gold_gain":0,"player_choice":"Removed Skill","damage_taken":0,"max_hp_gain":0,"max_hp_loss":0,"event_name":"Falling","floor":46,"gold_loss":0}],"is_beta":false,"boss_relics":[{"not_picked":["Astrolabe","Velvet Choker"],"picked":"WristBlade"},{"not_picked":["StuffTheSpire:RunicConfusion","StuffTheSpire:RunicHypercube"],"picked":"hubris:RunicObelisk"}],"items_purged_floors":[4,22,28,37,41,48,48],"is_endless":false,"potions_floor_spawned":[1,6,10,13,16,18,21,31,36,39,40,44],"ascension_level":1}}