{"host":"nj06ypb01n3s9mn8","time":1608029562,"event":{"mods":["2.2 Compatiblity","BaseMod","Colored Map","Downfall","Highlight Path","Marisa????????","Minty Spire (QoL Compilation)","Replay The Spire","StSLib","The Animator","The Necromancer","The Servant 0.9.4","Waifu the Spire"],"gold_per_floor":[99,117,151,167,167,85,162,189,189,227,244,61,161,161,180,289,289,214,241,274,285,278,300,300,300,300,150,135,153,478,578,604,705,705,705,740,764,790,696,724,803,803,803,803,658,658,670,690,707,707,707,745,294,294,294,294],"floor_reached":55,"playtime":7165,"items_purged":["Voices","Regret","hexamod:ThirdSeal"],"score":935,"play_id":"d40d1014-4843-426a-8dd9-f8ca03b64e74","local_time":"20201215075242","is_ascension_mode":false,"campfire_choices":[{"floor":1.0,"key":"DIG"},{"data":"hexamod:EmpoweringStance","floor":5.0,"key":"SMITH"},{"floor":18.0,"key":"RECALL"},{"data":"hexamod:Hexaguard","floor":27,"key":"SMITH"},{"data":"hexamod:SpectersWail","floor":35,"key":"SMITH"},{"data":"Replay:SS_forest_6","floor":44,"key":"SMITH"},{"data":"Replay:SS_hec_1","floor":54,"key":"SMITH"}],"circlet_count":0,"master_deck":["hexamod:Strike+1","hexamod:Defend+1","hexamod:Float+1","hexamod:AdvancingGuard+1","hexamod:GhostShield+1","hexamod:SpectersWail+1","hexamod:EmpoweringStance+1","hexamod:AdvancingGuard+1","hexamod:SecondSeal","hexamod:FirstSeal","hexamod:StepThrough+1","hexamod:TimeWarp+1","hexamod:Hexaguard+1","hexamod:Hexaguard+1","hexamod:HexaLevel+1","hexamod:Hexaguard+1","hexamod:StepThrough+1","hexamod:RecurringNightmare+1","hexamod:StepThrough+1","hexamod:SixthSeal","hexamod:StepThrough+1","hexamod:PhantomCloak+1","hexamod:GhostShield+1","hexamod:HexaLevel+1","expansioncontent:Chronoboost+1","Replay:SS_forest_6+1","Replay:SS_hec_1+1","expansioncontent:Chronoboost+1","hexamod:EtherealExpedition+1","hexamod:GhostOfSpireFuture+1","Panache"],"relics":["hexamod:SpiritBrand","Replay:Kaleidoscope","Mango","ReplayTheSpireMod:Ninjato","Calipers","Strawberry","Replay:Grab Bag","hexamod:IceCube","Replay:Bronze Core","Runic Pyramid","Replay:Drink Me","downfall:HeartBlessingGreen","Regal Pillow","downfall:HeartBlessingRed","downfall:HeartBlessingBlue","Durian","Replay:Accelerometer","Sozu","StoneCalendar","Divine Protection","Guide Book","ReplayTheSpireMod:Lightbulb","Oddly Smooth Stone"],"acts_visited":["Exordium","TheCity","TheBeyond","TheEnding"],"potions_floor_usage":[55,55,55],"damage_taken":[{"damage":1.0,"enemies":"Jaw Worm","floor":2.0,"turns":5.0},{"damage":18.0,"enemies":"Lagavulin","floor":3.0,"turns":9.0},{"damage":0.0,"enemies":"2 Louse","floor":4.0,"turns":3.0},{"damage":0.0,"enemies":"downfall:FleeingMerchant","floor":6.0,"turns":4.0},{"damage":5.0,"enemies":"3 Sentries","floor":8.0,"turns":6.0},{"damage":3.0,"enemies":"Replay:BlueRogue","floor":10.0,"turns":5.0},{"damage":0.0,"enemies":"Small Slimes","floor":11.0,"turns":2.0},{"damage":5.0,"enemies":"downfall:FleeingMerchant","floor":12.0,"turns":4.0},{"damage":1.0,"enemies":"downfall:Heads","floor":13.0,"turns":6.0},{"damage":0.0,"enemies":"3 Louse","floor":15.0,"turns":4.0},{"damage":22.0,"enemies":"downfall:Silent","floor":16.0,"turns":8.0},{"damage":0.0,"enemies":"Chosen","floor":19.0,"turns":5.0},{"damage":0.0,"enemies":"Slavers","floor":20.0,"turns":4.0},{"damage":0.0,"enemies":"Shell Parasite","floor":21.0,"turns":4.0},{"damage":0.0,"enemies":"downfall:FleeingMerchant","floor":22.0,"turns":5.0},{"damage":0,"enemies":"Shelled Parasite and Fungi","floor":23,"turns":4},{"damage":0,"enemies":"downfall:FleeingMerchant","floor":28,"turns":5},{"damage":0,"enemies":"3 Cultists","floor":29,"turns":4},{"damage":0,"enemies":"downfall:FleeingMerchant","floor":30,"turns":4},{"damage":0,"enemies":"Colosseum Nobs","floor":31,"turns":5},{"damage":0,"enemies":"Snake Plant","floor":32,"turns":7},{"damage":0,"enemies":"downfall:Watcher","floor":33,"turns":8},{"damage":0,"enemies":"Giant Head","floor":36,"turns":8},{"damage":0,"enemies":"Orb Walker","floor":37,"turns":4},{"damage":0,"enemies":"3 Darklings","floor":38,"turns":7},{"damage":0,"enemies":"4 Shapes","floor":40,"turns":5},{"damage":0,"enemies":"Maw","floor":47,"turns":8},{"damage":0,"enemies":"Spire Growth","floor":48,"turns":5},{"damage":0,"enemies":"Sphere and 2 Shapes","floor":49,"turns":8},{"damage":0,"enemies":"downfall:Defect","floor":50,"turns":10},{"damage":0,"enemies":"downfall:CharBossMerchant","floor":52,"turns":10},{"damage":91,"enemies":"downfall:NeowBoss","floor":55,"turns":20}],"seed_played":"8676791851474067836","potions_obtained":[{"floor":4.0,"key":"EntropicBrew"},{"floor":11.0,"key":"Elixir"},{"floor":15.0,"key":"SmokeBomb"},{"floor":16.0,"key":"EssenceOfSteel"},{"floor":21.0,"key":"SkillPotion"},{"floor":26,"key":"CultistPotion"},{"floor":32,"key":"PowerPotion"}],"is_trial":false,"path_per_floor":["R_BF","M","E","M","R","$","T","E","?","E","M","$","?","?","M","B",null,"R","M","E","M","$","M","T","?","?","R","$","M","$","?","M","B",null,"R","E","M","M","$","M","T","?","$","R","$","?","M","M","M","B",null,"E","$","R","B"],"character_chosen":"THE_SPIRIT","items_purchased":["hexamod:StepThrough","hexamod:StepThrough","expansioncontent:Chronoboost","Guide Book","Oddly Smooth Stone","Panache"],"campfire_rested":0,"item_purchase_floors":[12,30,39,45,53,53],"current_hp_per_floor":[70,69,65,65,65,72,72,74,74,85,85,87,86,86,91,76,69,69,69,69,69,69,69,69,69,69,79,79,79,79,84,84,84,84,84,84,84,84,84,84,84,74,74,74,74,74,84,84,84,84,84,84,84,84,0,0],"gold":294,"neow_bonus":"TRANSFORM_TWO_CARDS","is_daily":false,"chose_seed":false,"campfire_upgraded":5,"win_rate":0.0,"timestamp":1608029562,"path_taken":["R_BF","M","E","M","R","$","T","E","?","E","M","$","?","?","M","BOSS","R","M","E","M","$","M","T","?","?","R","$","M","$","?","M","BOSS","R","E","M","M","$","M","T","?","$","R","$","?","M","?","M","BOSS","E","$","R","BOSS"],"items_purchased_type":["Card","Card","Card","Relic","Relic","Card"],"build_version":"2020-11-29","purchased_purges":3,"victory":false,"max_hp_per_floor":[70,70,84,84,84,84,84,84,84,91,91,91,91,91,91,91,69,69,69,69,69,69,69,69,69,69,79,79,79,79,84,84,84,84,84,84,84,84,84,84,84,84,84,84,84,84,84,84,84,84,84,84,84,84,84,84],"card_choices":[{"not_picked":["hexamod:SwordOfDarkness","hexamod:ThermalTransfer"],"picked":"hexamod:GhostShield","floor":2.0},{"not_picked":["hexamod:BurningTouch","hexamod:ChargedBarrage"],"picked":"hexamod:SpectersWail","floor":2.0},{"not_picked":["hexamod:SoulSteal","hexamod:ExtraCrispy"],"picked":"hexamod:EmpoweringStance","floor":3.0},{"not_picked":["hexamod:SwordOfDarkness","hexamod:GhostOfSpirePresent"],"picked":"hexamod:AdvancingGuard","floor":3.0},{"not_picked":["hexamod:FlamesFromBeyond","hexamod:NecessarySacrifice"],"picked":"hexamod:SecondSeal","floor":4.0},{"not_picked":["hexamod:NightmareStrike","hexamod:StepThrough"],"picked":"hexamod:FirstSeal","floor":4.0},{"not_picked":["hexamod:ChargedBarrage","hexamod:PhantomCloak"],"picked":"hexamod:StepThrough","floor":6.0},{"not_picked":["hexamod:FirstSeal","hexamod:PhantomCloak"],"picked":"hexamod:TimeWarp","floor":6.0},{"not_picked":["hexamod:ShieldOfDarkness","hexamod:Rewind"],"picked":"hexamod:Hexaguard","floor":8.0},{"not_picked":["hexamod:GhostOfSpirePast","hexamod:GhostflameBarrier","hexamod:BurningTouch"],"picked":"SKIP","floor":8.0},{"not_picked":["hexamod:SwordOfDarkness","hexamod:ThermalTransfer"],"picked":"hexamod:Hexaguard","floor":10.0},{"not_picked":["hexamod:GhostLash","hexamod:GhostflameBarrier","hexamod:InspiringFlames"],"picked":"SKIP","floor":10.0},{"not_picked":["hexamod:NightmareStrike","hexamod:ShieldOfDarkness","hexamod:SecondSeal"],"picked":"SKIP","floor":11.0},{"not_picked":["hexamod:PhantomFireball","hexamod:BurningTouch","hexamod:Firestarter"],"picked":"SKIP","floor":11.0},{"not_picked":["hexamod:Firestarter","hexamod:GhostLash"],"picked":"hexamod:HexaLevel","floor":12.0},{"not_picked":["hexamod:RetreatToShadows","hexamod:Firestarter"],"picked":"hexamod:Hexaguard","floor":12.0},{"not_picked":["hexamod:ShieldOfDarkness","hexamod:Again"],"picked":"hexamod:RecurringNightmare","floor":13.0},{"not_picked":["hexamod:ThermalTransfer","hexamod:BacktrackSmack","hexamod:Hexaguard"],"picked":"SKIP","floor":15.0},{"not_picked":["hexamod:Haunt","hexamod:GhostLash","hexamod:RainOfEmbers"],"picked":"SKIP","floor":15.0},{"not_picked":["hexamod:PhantomCloak+1","hexamod:GhostShield+1","hexamod:SpectersWail+1"],"picked":"SKIP","floor":19.0},{"not_picked":["hexamod:HauntingEcho","hexamod:Firestarter","hexamod:ThermalTransfer"],"picked":"SKIP","floor":19.0},{"not_picked":["hexamod:ThermalTransfer+1","hexamod:HeatMetal","hexamod:InspiringFlames"],"picked":"SKIP","floor":20.0},{"not_picked":["hexamod:DynamicBlow+1","hexamod:ShieldOfDarkness","hexamod:RainOfEmbers"],"picked":"SKIP","floor":20.0},{"not_picked":["hexamod:RecurringNightmare","hexamod:Rewind+1","hexamod:HeatMetal"],"picked":"SKIP","floor":21.0},{"not_picked":["hexamod:GhostLash","hexamod:FourthSeal"],"picked":"hexamod:SixthSeal","floor":22.0},{"not_picked":["hexamod:GhostflameBarrier","hexamod:SwordOfDarkness","hexamod:ShieldOfDarkness"],"picked":"SKIP","floor":22.0},{"not_picked":["hexamod:CatchUp","hexamod:Haunt","hexamod:ThirdSeal"],"picked":"SKIP","floor":23},{"not_picked":["hexamod:ThirdSeal","hexamod:HeatCrush","hexamod:EtherealExpedition"],"picked":"SKIP","floor":23},{"not_picked":["hexamod:BacktrackSmack","hexamod:GhostLash","hexamod:ThirdSeal"],"picked":"SKIP","floor":28},{"not_picked":["hexamod:BurningTouch","hexamod:NightmareGuise+1","hexamod:Hexaguard+1"],"picked":"SKIP","floor":28},{"not_picked":["hexamod:HauntingEcho","hexamod:NightmareGuise+1","hexamod:InspiringFlames"],"picked":"SKIP","floor":29},{"not_picked":["hexamod:UnleashSpirits","hexamod:SoulSteal","hexamod:Again"],"picked":"SKIP","floor":29},{"not_picked":["hexamod:CatchUp","hexamod:SecondSeal","hexamod:GhostOfSpirePresent"],"picked":"SKIP","floor":30},{"not_picked":["hexamod:FastForward+1","hexamod:InspiringFlames"],"picked":"hexamod:PhantomCloak","floor":31},{"not_picked":["hexamod:Incineration+1","hexamod:EtherealExpedition"],"picked":"hexamod:GhostShield+1","floor":32},{"not_picked":["hexamod:ThermalTransfer","hexamod:FirstSeal","hexamod:InspiringFlames+1"],"picked":"SKIP","floor":32},{"not_picked":["hexamod:ParanormalForm","hexamod:GhostflameInferno"],"picked":"hexamod:HexaLevel","floor":33},{"not_picked":["hexamod:PhantomFireball","hexamod:HeatMetal","hexamod:Hexaguard+1"],"picked":"SKIP","floor":36},{"not_picked":["hexamod:FlamesFromBeyond","hexamod:FastForward+1","hexamod:SwordOfDarkness"],"picked":"SKIP","floor":36},{"not_picked":["hexamod:FlamesFromBeyond+1","hexamod:NightmareGuise","hexamod:ThermalTransfer+1"],"picked":"SKIP","floor":37},{"not_picked":["hexamod:SpectersWail","hexamod:BacktrackSmack+1","hexamod:GhostOfSpirePast"],"picked":"SKIP","floor":37},{"not_picked":["hexamod:PhantomFireball+1","hexamod:BacktrackSmack+1","hexamod:FirstSeal"],"picked":"SKIP","floor":38},{"not_picked":["hexamod:CatchUp","hexamod:GhostOfSpirePresent","hexamod:BacktrackSmack"],"picked":"SKIP","floor":38},{"not_picked":["hexamod:HauntingEcho+1","hexamod:ExtraCrispy+1","hexamod:EtherealExpedition+1"],"picked":"SKIP","floor":40},{"not_picked":["hexamod:ThermalTransfer+1","hexamod:BurningTouch+1","hexamod:RetreatToShadows+1"],"picked":"SKIP","floor":40},{"not_picked":["expansioncontent:CaCaw","expansioncontent:GuardianWhirl"],"picked":"Replay:SS_forest_6","floor":42},{"not_picked":["expansioncontent:DefensiveStance","expansioncontent:AwakenDeath"],"picked":"Replay:SS_hec_1","floor":42},{"not_picked":["expansioncontent:FaceSlap","expansioncontent:DonusPower"],"picked":"expansioncontent:Chronoboost","floor":42},{"not_picked":["hexamod:SpectersWail","hexamod:Haunt+1","hexamod:Hexaguard+1"],"picked":"SKIP","floor":47},{"not_picked":["hexamod:ShieldOfDarkness+1","hexamod:NightmareGuise+1","hexamod:FastForward+1"],"picked":"SKIP","floor":47},{"not_picked":["hexamod:FastForward+1","hexamod:PhantomFireball+1","hexamod:Incineration+1"],"picked":"SKIP","floor":48},{"not_picked":["hexamod:ExtraCrispy+1","hexamod:FastForward+1","hexamod:GhostShield+1"],"picked":"SKIP","floor":48},{"not_picked":["hexamod:BacktrackSmack","hexamod:Hexaguard+1"],"picked":"hexamod:EtherealExpedition+1","floor":49},{"not_picked":["hexamod:ShieldOfDarkness+1","hexamod:SpectralAdrenaline"],"picked":"hexamod:GhostOfSpireFuture","floor":49},{"not_picked":["hexamod:GhostShield","hexamod:TimeOfNeed","hexamod:StepThrough+1"],"picked":"SKIP","floor":52},{"not_picked":["hexamod:Incineration","hexamod:GhostOfSpireFuture","hexamod:Hexaguard"],"picked":"SKIP","floor":52}],"player_experience":35054,"relics_obtained":[{"floor":1.0,"key":"Replay:Kaleidoscope"},{"floor":3.0,"key":"Mango"},{"floor":7.0,"key":"ReplayTheSpireMod:Ninjato"},{"floor":8.0,"key":"Calipers"},{"floor":10.0,"key":"Strawberry"},{"floor":20.0,"key":"Regal Pillow"},{"floor":31,"key":"Durian"},{"floor":31,"key":"Replay:Accelerometer"},{"floor":36,"key":"StoneCalendar"},{"floor":41,"key":"Divine Protection"},{"floor":52,"key":"ReplayTheSpireMod:Lightbulb"}],"event_choices":[],"is_beta":false,"boss_relics":[{"not_picked":["Runic Dome","Empty Cage"],"picked":"Replay:Grab Bag"},{"not_picked":["Painkiller Herb","Ectoplasm"],"picked":"hexamod:IceCube"},{"not_picked":["ChewingGum","Velvet Choker"],"picked":"Replay:Bronze Core"},{"not_picked":["Snecko Eye","Kintsugi"],"picked":"Runic Pyramid"},{"not_picked":["SacredBark","SlaversCollar"],"picked":"Replay:Drink Me"},{"not_picked":["Tiny House","Replay:Ancient Bell"],"picked":"Sozu"}],"items_purged_floors":[6,12,53],"is_endless":false,"potions_floor_spawned":[4,11,15,16,21,29,32,33,38,48,49],"killed_by":"downfall:NeowBoss","ascension_level":0}}