{"host":"mmqs5ul2bvb60kyc","time":1608033977,"event":{"mods":["BaseMod","Minty Spire (QoL Compilation)","StSLib"],"gold_per_floor":[109,109,128,128,128,162,162,203,254,279,279,48,82,100,100,221,221,239,263,263,14,14,14,48,48,48,63,102,102,102,121,121,121,121],"floor_reached":33,"playtime":1134,"items_purged":["Strike_P"],"score":570,"play_id":"2587f6a1-db30-47b4-8c42-d89106d23ed5","local_time":"20201215200617","is_ascension_mode":true,"campfire_choices":[{"data":"Ragnarok","floor":7.0,"key":"SMITH"},{"data":"Worship","floor":11.0,"key":"SMITH"},{"data":"Prostrate","floor":15.0,"key":"SMITH"},{"data":"DevaForm","floor":23,"key":"SMITH"},{"data":"Vault","floor":25,"key":"SMITH"},{"data":"Pray","floor":30,"key":"SMITH"},{"data":"Pray","floor":32,"key":"SMITH"}],"circlet_count":0,"master_deck":["Strike_P+1","Strike_P","Defend_P","Defend_P","Defend_P","Defend_P","Eruption+1","Vigilance","CutThroughFate+1","Indignation","Ragnarok+1","Worship+1","Prostrate+1","WheelKick","SignatureMove","MentalFortress","DevaForm+1","Vault+1","Pray+1","CutThroughFate","InnerPeace","Ghostly","Ghostly","Ghostly","Ghostly","Ghostly","Pray+1","MentalFortress"],"relics":["PureWater","NeowsBlessing","Golden Idol","Whetstone","Ornamental Fan","Omamori","Orrery","Question Card","SlaversCollar","Bag of Preparation","Potion Belt","TungstenRod","Kunai","Enchiridion"],"acts_visited":["Exordium","TheCity"],"potions_floor_usage":[],"damage_taken":[{"damage":0.0,"enemies":"2 Louse","floor":1.0,"turns":1.0},{"damage":0.0,"enemies":"Cultist","floor":3.0,"turns":1.0},{"damage":0.0,"enemies":"3 Sentries","floor":6.0,"turns":1.0},{"damage":0.0,"enemies":"Gremlin Nob","floor":8.0,"turns":2.0},{"damage":0.0,"enemies":"Jaw Worm","floor":10.0,"turns":1.0},{"damage":5.0,"enemies":"3 Sentries","floor":13.0,"turns":4.0},{"damage":7.0,"enemies":"Exordium Wildlife","floor":14.0,"turns":4.0},{"damage":16.0,"enemies":"Hexaghost","floor":16.0,"turns":7.0},{"damage":2.0,"enemies":"Chosen","floor":18.0,"turns":4.0},{"damage":5,"enemies":"3 Byrds","floor":19,"turns":6},{"damage":3,"enemies":"Book of Stabbing","floor":24,"turns":4},{"damage":0,"enemies":"Shelled Parasite and Fungi","floor":27,"turns":4},{"damage":0,"enemies":"Gremlin Leader","floor":28,"turns":4},{"damage":0,"enemies":"Snecko","floor":31,"turns":4},{"damage":18,"enemies":"Collector","floor":33,"turns":3}],"seed_played":"6798904678340692378","potions_obtained":[{"floor":3.0,"key":"BlessingOfTheForge"},{"floor":6.0,"key":"ColorlessPotion"},{"floor":10.0,"key":"LiquidMemories"},{"floor":24,"key":"Block Potion"},{"floor":31,"key":"FearPotion"}],"is_trial":false,"path_per_floor":["M","?","M","?","?","E","R","E","T","M","R","$","E","M","R","B",null,"M","M","?","$","?","R","E","R","T","M","E","?","R","M","R","B"],"character_chosen":"WATCHER","items_purchased":["Orrery","Bag of Preparation","CutThroughFate","InnerPeace"],"campfire_rested":0,"item_purchase_floors":[12,21,21,21],"current_hp_per_floor":[65,65,65,58,58,58,58,58,58,58,58,58,53,46,46,30,58,56,51,51,51,33,33,30,30,30,30,30,18,18,18,18,0,0],"gold":121,"neow_bonus":"THREE_ENEMY_KILL","is_daily":false,"chose_seed":false,"campfire_upgraded":7,"win_rate":0.0,"timestamp":1608033977,"path_taken":["M","?","?","?","?","E","R","E","T","M","R","?","E","M","R","BOSS","M","M","?","$","?","R","E","R","T","?","E","?","R","M","R","BOSS"],"items_purchased_type":["Relic","Relic","Card","Card"],"build_version":"2020-12-13","purchased_purges":1,"victory":false,"max_hp_per_floor":[72,72,72,72,67,67,67,67,67,67,67,67,67,67,67,67,67,67,67,67,67,33,33,33,33,33,33,33,33,33,33,33,33,33],"card_choices":[{"not_picked":["FlurryOfBlows","Protect"],"picked":"CutThroughFate","floor":1.0},{"not_picked":["Protect","JustLucky"],"picked":"Indignation","floor":3.0},{"not_picked":["Meditate","Consecrate"],"picked":"Ragnarok","floor":6.0},{"not_picked":["CutThroughFate","BowlingBash"],"picked":"Worship","floor":8.0},{"not_picked":["FollowUp","EmptyBody"],"picked":"Prostrate","floor":10.0},{"not_picked":["FlurryOfBlows","SashWhip"],"picked":"WheelKick","floor":12.0},{"not_picked":["WheelKick","FollowUp"],"picked":"SignatureMove","floor":12.0},{"not_picked":["CarveReality","Nirvana"],"picked":"MentalFortress","floor":12.0},{"not_picked":["Consecrate","FollowUp","FlyingSleeves"],"picked":"SKIP","floor":13.0},{"not_picked":["EmptyFist","Protect","EmptyBody"],"picked":"DevaForm","floor":14.0},{"not_picked":["MasterReality","Brilliance","Blasphemy"],"picked":"Vault","floor":16.0},{"not_picked":["SandsOfTime","Halt","ThirdEye","FollowUp+1"],"picked":"SKIP","floor":18.0},{"not_picked":["Halt+1","FlurryOfBlows","Consecrate","PathToVictory"],"picked":"SKIP","floor":19},{"not_picked":["CarveReality","CutThroughFate+1","ForeignInfluence"],"picked":"Pray","floor":24},{"not_picked":["EmptyFist","Halt+1","ThirdEye","Prostrate"],"picked":"SKIP","floor":27},{"not_picked":["FlyingSleeves+1","Judgement","Prostrate"],"picked":"MentalFortress","floor":28},{"not_picked":["ThirdEye","BattleHymn","Prostrate","Nirvana+1"],"picked":"SKIP","floor":31}],"player_experience":192167,"relics_obtained":[{"floor":6.0,"key":"Whetstone"},{"floor":8.0,"key":"Ornamental Fan"},{"floor":9.0,"key":"Omamori"},{"floor":13.0,"key":"Question Card"},{"floor":24,"key":"Potion Belt"},{"floor":26,"key":"TungstenRod"},{"floor":28,"key":"Kunai"},{"floor":29,"key":"Enchiridion"}],"event_choices":[{"damage_healed":0.0,"max_hp_gain":0.0,"max_hp_loss":0.0,"gold_gain":0.0,"event_name":"Upgrade Shrine","player_choice":"Upgraded","floor":2.0,"gold_loss":0.0,"damage_taken":0.0,"cards_upgraded":["Eruption"]},{"cards_removed":["Strike_P"],"damage_healed":0.0,"max_hp_gain":0.0,"max_hp_loss":0.0,"gold_gain":0.0,"event_name":"Golden Wing","player_choice":"Card Removal","floor":4.0,"gold_loss":0.0,"damage_taken":7.0},{"damage_healed":0.0,"max_hp_gain":0.0,"max_hp_loss":5.0,"gold_gain":0.0,"event_name":"Golden Idol","player_choice":"Lose Max HP","floor":5.0,"gold_loss":0.0,"damage_taken":0.0,"relics_obtained":["Golden Idol"]},{"damage_healed":0,"gold_gain":0,"player_choice":"Read","damage_taken":0,"max_hp_gain":0,"max_hp_loss":0,"event_name":"The Library","floor":20,"gold_loss":0,"cards_obtained":["Pray"]},{"damage_healed":0,"gold_gain":0,"player_choice":"Became a Ghost","damage_taken":0,"max_hp_gain":0,"max_hp_loss":34,"event_name":"Ghosts","floor":22,"gold_loss":0,"cards_obtained":["Ghostly","Ghostly","Ghostly","Ghostly","Ghostly"]},{"damage_healed":0,"gold_gain":0,"player_choice":"Obtained Book","damage_taken":16,"max_hp_gain":0,"max_hp_loss":0,"event_name":"Cursed Tome","floor":29,"gold_loss":0}],"is_beta":false,"boss_relics":[{"not_picked":["HolyWater","Cursed Key"],"picked":"SlaversCollar"}],"items_purged_floors":[12],"is_endless":false,"potions_floor_spawned":[3,6,10,18,24,31],"killed_by":"Collector","ascension_level":9}}