{"host":"fhxb6lstqf7mbqu1","time":1608027556,"event":{"mods":["Bard","BaseMod","BetterRewards","Colored Map","Duelist Mod","Infinite Spire","Minty Spire (QoL Compilation)","Replay The Spire","StSLib","The Cursed","The Jungle","The Servant 0.9.4"],"gold_per_floor":[110,9999016,9999016,9997973,9997991,9997991,9998033,9998033,9998033,9998051,9998076,9998076,9998108,9998134,9998134,9998241,9998241,9998262,9998282,9998306,9998333,9997689,9997723,9997232,9997250,9997250,9997286,9997286,9997286,9997286,9996830,9996830,9996830,9996830,9996961,9996961,9996977,9996977,9996466,9996498,9996522,9996522,9996569,9996569,9996569,9996603,9995975,9995975,9995994,9995994,9995994,9995994],"floor_reached":53,"playtime":5006,"items_purged":["Strike_S","Defend_S","Strike_S","Defend_S","Defend_S","Strike_S","Strike_S","Exchange"],"score":871,"play_id":"de7958b1-617a-4e89-9c60-c92d8316f2ea","local_time":"20201215211916","is_ascension_mode":false,"campfire_choices":[{"data":"Read","floor":6.0,"key":"SMITH"},{"data":"TimeWarp","floor":8.0,"key":"SMITH"},{"data":"BottledTime","floor":15.0,"key":"SMITH"},{"data":"infinitespire:Oblivion","floor":30.0,"key":"SMITH"},{"data":"Duplication","floor":32.0,"key":"SMITH"},{"data":"Initiator","floor":34.0,"key":"SMITH"},{"floor":42.0,"key":"REST"},{"data":"Solidify","floor":44.0,"key":"SMITH"},{"data":"TheWorld","floor":48.0,"key":"SMITH"},{"data":"Reset","floor":51.0,"key":"SMITH"}],"circlet_count":0,"master_deck":["KidneyShot","Apotheosis+1","Gouge+1","Defy","Read+1","StarChef","FanOfKnives","Ricochet","ReturningBlade","Rearm","ShiftingGears+1","StarChef","Sabotage","BestPractice+1","TimeWarp+1","ShatteredReality","BottledTime+1","Hightail","Dilation","StarChef+1","Ricochet","GearUp","FastForward","Solidify+1","WasteNot+1","Rewind","SoulSculpture","Alleviate","Hightail+1","Duplication+1","Moonlight","Initiator+1","Shuttle","BestPractice+1","Reset+1","infinitespire:Oblivion+1","ReplayTheSpireMod:Private Reserves","ReplayTheSpireMod:Private Reserves","DoubleEdge+1","Starlight","Duplication","Barrier","Comet+1","SurpressingFire+1","GearUp","Panacea","InstantArmor+1","FlawlessForm+1","Rearm","Crow Ritual+1","PendulumOfEternity","TheWorld+1","Crow Ritual+1","Chrysalis","Dramatic Entrance","Rewind"],"relics":["Uniform","Torii","Oddly Smooth Stone","StoneCalendar","Chemical X","Anchor","Durian","infinitespire:Broken Mirror","Guide Book","Sling","infinitespire:Golems Mask","MealTicket","Pet Ghost","Replay:Lucky Slots","Bag of Preparation","Bottled Tornado","Frozen Egg 2","Shuriken","Darkstone Periapt","Lantern","Busted Crown","Blue Doll","Strawberry","Membership Card","Blood Vial","infinitespire:Midas Blood","Question Card","Nunchaku","Counterbalance","Medical Kit","MysterySword","Strange Spoon","White Beast Statue","infinitespire:Beetle Shell","PocketWatch","Pantograph","Incense Burner","War Paint","ReplayTheSpireMod:ShopPack","infinitespire:Lychee Nut"],"acts_visited":["Exordium","Exordium","TheBeyond"],"potions_floor_usage":[],"damage_taken":[{"damage":0.0,"enemies":"2 Louse","floor":1.0,"turns":1.0},{"damage":0.0,"enemies":"Small Slimes","floor":5.0,"turns":2.0},{"damage":0.0,"enemies":"3 Sentries","floor":7.0,"turns":3.0},{"damage":0.0,"enemies":"infinitespire:Voidling","floor":10.0,"turns":2.0},{"damage":1.0,"enemies":"Gremlin Nob","floor":11.0,"turns":3.0},{"damage":0.0,"enemies":"Lagavulin","floor":13.0,"turns":4.0},{"damage":0.0,"enemies":"Exordium Thugs","floor":14.0,"turns":2.0},{"damage":0.0,"enemies":"Slime Boss","floor":16.0,"turns":6.0},{"damage":0.0,"enemies":"theJungle:GiantWrat","floor":18.0,"turns":3.0},{"damage":0.0,"enemies":"theJungle:5_Spyders","floor":19.0,"turns":7.0},{"damage":0.0,"enemies":"theJungle:Lyon","floor":20.0,"turns":5.0},{"damage":1.0,"enemies":"theJungle:2_Snecko_Cultists","floor":21.0,"turns":3.0},{"damage":0.0,"enemies":"theJungle:Cassacara","floor":23.0,"turns":3.0},{"damage":0.0,"enemies":"theJungle:Snecko_Cultist_And_Trap","floor":25.0,"turns":3.0},{"damage":0.0,"enemies":"theJungle:MamaSnecko","floor":27.0,"turns":4.0},{"damage":21.0,"enemies":"theJungle:TotemBoss","floor":35.0,"turns":6.0},{"damage":0.0,"enemies":"Orb Walker","floor":37.0,"turns":2.0},{"damage":23.0,"enemies":"3 Darklings","floor":40.0,"turns":5.0},{"damage":8.0,"enemies":"Transient","floor":41.0,"turns":5.0},{"damage":0.0,"enemies":"Nightmare","floor":43.0,"turns":6.0},{"damage":0.0,"enemies":"Reptomancer","floor":46.0,"turns":2.0},{"damage":0.0,"enemies":"Spire Growth","floor":49.0,"turns":3.0},{"damage":0,"enemies":"Donu and Deca","floor":52,"turns":1}],"seed_played":"-5543886285906340872","potions_obtained":[{"floor":5.0,"key":"Block Potion"},{"floor":18.0,"key":"FearPotion"},{"floor":21.0,"key":"EntropicBrew"},{"floor":40.0,"key":"SteroidPotion"},{"floor":43.0,"key":"FearPotion"},{"floor":46.0,"key":"Ancient Potion"}],"is_trial":false,"path_per_floor":["M","$","?","$","M","R","E","R","T","M","E","?","E","M","R","B",null,"M","M","M","M","$","E","?","M","T","E","PTL","PTL","R","$","R","?","R","B",null,"M","?","$","M","M","R","NM","R","T","E","$","R","M","AVR","R","B",null],"character_chosen":"THE_SERVANT","items_purchased":["Apotheosis","Oddly Smooth Stone","StoneCalendar","Chemical X","PowerPotion","Languid Potion","Defy","Read","StarChef","FanOfKnives","Ricochet","Durian","infinitespire:Broken Mirror","Guide Book","ReturningBlade","Rearm","ShiftingGears","StarChef","BestPractice+1","Sling","infinitespire:Golems Mask","MealTicket","TimeWarp","ShatteredReality","BottledTime","Hightail","Replay:Lucky Slots","Bag of Preparation","Dilation","StarChef+1","Ricochet","GearUp","Bottled Tornado","Blue Doll","Strawberry","Membership Card","Initiator","Shuttle","BestPractice+1","Nunchaku","Counterbalance","Medical Kit","ReplayTheSpireMod:Private Reserves","DoubleEdge+1","Starlight","Strange Spoon","White Beast Statue","infinitespire:Beetle Shell","Comet+1","SurpressingFire+1","GearUp","Panacea","War Paint","Crow Ritual+1","PendulumOfEternity","TheWorld","ReplayTheSpireMod:ShopPack","infinitespire:Lychee Nut"],"campfire_rested":1,"item_purchase_floors":[0,0,0,0,0,0,0,0,0,0,0,0,0,0,0,0,0,0,2,2,2,2,2,2,2,2,4,4,4,4,4,4,4,22,22,22,22,22,22,31,31,31,31,31,31,39,39,39,39,39,39,39,47,47,47,47,47,47],"current_hp_per_floor":[63,63,63,70,70,70,70,70,70,70,69,69,69,69,69,69,70,70,70,70,69,77,77,77,77,77,77,77,77,77,77,77,77,77,56,77,77,77,77,54,48,71,73,73,73,75,57,57,57,57,57,57],"gold":9995994,"neow_bonus":"","is_daily":false,"chose_seed":false,"campfire_upgraded":9,"win_rate":0.0,"timestamp":1608027556,"path_taken":["M","$","?","$","M","R","E","R","T","M","E","?","E","?","R","BOSS","M","M","M","M","$","E","?","M","T","E","PTL","PTL","R","$","R","?","R","BOSS","M","?","$","M","M","R","NM","R","T","E","$","R","?","AVR","R","BOSS"],"items_purchased_type":["Card","Relic","Relic","Relic","Potion","Potion","Card","Card","Card","Card","Card","Relic","Relic","Relic","Card","Card","Card","Card","Card","Relic","Relic","Relic","Card","Card","Card","Card","Relic","Relic","Card","Card","Card","Card","Relic","Relic","Relic","Relic","Card","Card","Card","Relic","Relic","Relic","Card","Card","Card","Relic","Relic","Relic","Card","Card","Card","Card","Relic","Card","Card","Card","Relic","Relic"],"build_version":"2020-11-30","purchased_purges":8,"victory":true,"max_hp_per_floor":[70,70,70,70,70,70,70,70,70,70,70,70,70,70,70,70,70,70,70,70,70,77,77,77,77,77,77,77,77,77,77,77,77,77,77,77,77,77,77,77,77,77,77,77,77,77,57,57,57,57,57,57],"card_choices":[{"not_picked":["Spin","WasteNot"],"picked":"Sabotage","floor":1.0},{"not_picked":["Potential","WasteNot"],"picked":"FastForward","floor":5.0},{"not_picked":["Rewind","BottledTime"],"picked":"Solidify","floor":7.0},{"not_picked":["FanOfKnives","FastForward"],"picked":"WasteNot+1","floor":10.0},{"not_picked":["Contraction","Snipe"],"picked":"Rewind","floor":11.0},{"not_picked":["Defy","ShatteredReality"],"picked":"Alleviate","floor":13.0},{"not_picked":["Rewind","Ricochet"],"picked":"Hightail","floor":14.0},{"not_picked":["TheWorld","ForgedInTime"],"picked":"Duplication","floor":16.0},{"not_picked":[],"picked":"Moonlight","floor":18.0},{"not_picked":["ShiftingGears+1"],"picked":"SKIP","floor":19.0},{"not_picked":["Alleviate"],"picked":"SKIP","floor":20.0},{"not_picked":["Potential+1"],"picked":"SKIP","floor":21.0},{"not_picked":[],"picked":"Reset","floor":23.0},{"not_picked":["infinitespire:Gouge","infinitespire:SevenWalls"],"picked":"infinitespire:Oblivion","floor":24.0},{"not_picked":["Ricochet+1"],"picked":"SKIP","floor":25.0},{"not_picked":["Unruled"],"picked":"SKIP","floor":27.0},{"not_picked":["LightFlow"],"picked":"Duplication","floor":35.0},{"not_picked":["Unruled+1","Starlight"],"picked":"SKIP","floor":37.0},{"not_picked":["DoubleEdge+1"],"picked":"InstantArmor+1","floor":40.0},{"not_picked":["TimeWarp+1","Defy+1"],"picked":"SKIP","floor":41.0},{"not_picked":["Advance+1"],"picked":"FlawlessForm+1","floor":43.0},{"not_picked":["FastForward+1"],"picked":"Rearm","floor":46.0},{"not_picked":["Master of Strategy"],"picked":"Crow Ritual","floor":47.0},{"not_picked":["Jack Of All Trades"],"picked":"Chrysalis","floor":47.0},{"not_picked":["PanicButton"],"picked":"Dramatic Entrance","floor":47.0},{"not_picked":["Rearm"],"picked":"Rewind","floor":49.0}],"player_experience":5939,"relics_obtained":[{"floor":3.0,"key":"Pet Ghost"},{"floor":7.0,"key":"Frozen Egg 2"},{"floor":9.0,"key":"Shuriken"},{"floor":11.0,"key":"Darkstone Periapt"},{"floor":13.0,"key":"Lantern"},{"floor":23.0,"key":"Blood Vial"},{"floor":26.0,"key":"infinitespire:Midas Blood"},{"floor":27.0,"key":"Question Card"},{"floor":43.0,"key":"PocketWatch"},{"floor":45.0,"key":"Pantograph"},{"floor":46.0,"key":"Incense Burner"}],"event_choices":[{"damage_healed":0.0,"max_hp_gain":0.0,"max_hp_loss":0.0,"gold_gain":0.0,"event_name":"Match and Keep!","player_choice":"1 cards matched","floor":12.0,"gold_loss":0.0,"damage_taken":0.0,"cards_obtained":["SoulSculpture"]},{"damage_healed":0.0,"max_hp_gain":0.0,"max_hp_loss":0.0,"gold_gain":0.0,"cards_transformed":["Defend_S"],"event_name":"Transmorgrifier","player_choice":"Transformed","floor":38.0,"gold_loss":0.0,"damage_taken":0.0,"cards_obtained":["Barrier"]}],"is_beta":false,"boss_relics":[{"not_picked":["Kintsugi","infinitespire:Cupcake"],"picked":"Busted Crown"},{"not_picked":["Empty Cage","Replay:Grab Bag"],"picked":"MysterySword"}],"items_purged_floors":[0,0,2,4,22,31,39,47],"is_endless":true,"potions_floor_spawned":[5,13,16,18,21,40,41,43,46,49],"ascension_level":0}}