{"host":"eydwxg59205c3vtl","time":1608058052,"event":{"mods":["2.2 Compatiblity","BaseMod","Colored Map","Colored Powertips","Hubris","Minty Spire (QoL Compilation)","StSLib","The Necromancer"],"gold_per_floor":[116,128,303,322,332,332,361,361,361,381,391,420,420,68,68,168,168,181,191,191,91,91,122,122,139,163,163,197,217,217,232,232,333,333,348,142,152,152,152,152,152],"floor_reached":40,"playtime":1698,"items_purged":["Doubt","Strike_W","Strike_W"],"score":654,"play_id":"6487ee05-27c3-4ed2-a0fe-da16b8025351","local_time":"20201215134732","is_ascension_mode":true,"campfire_choices":[{"data":"Summon_Death_Knight","floor":6,"key":"SMITH"},{"data":"Bone_Bullets","floor":8,"key":"SMITH"},{"data":"Whirlwind_of_Bones","floor":13,"key":"SMITH"},{"data":"Mayhem","floor":15,"key":"SMITH"},{"data":"Bone_Armor","floor":24,"key":"SMITH"},{"data":"Summon_Vampire_Lady","floor":27,"key":"SMITH"},{"data":"Bone_Shift","floor":30,"key":"SMITH"},{"data":"Skeleton_Dragon","floor":32,"key":"SMITH"}],"circlet_count":0,"master_deck":["AscendersBane","Strike_W","Strike_W","Defend_W","Defend_W","Defend_W","Negative_Energy_Arrows","Bone_Wall","Summon_Death_Knight+1","Bone_Spikes","Negative_Energy_Shield","Bone_Bullets+1","Bone_Spikes","Bone_Shift+1","Whirlwind_of_Bones+1","Spectral_Armor","Summon_Lich","Mayhem+1","Bone_Spikes","Summon_Vampire_Lady+1","Bone_Prison","Siphon_Strength+1","Bone_Armor+1","Plague_Bolt+1","Skeleton_Dragon+1","Negative_Energy_Shield","Detonate_Bones","Blood_Curse+1","Bone_Armory","Bone_Bullets+1"],"relics":["Vampire_Amulet","Oddly Smooth Stone","Matryoshka","hubris:CrystalStatue","SacredBark","Tiny Chest","Gremlin Horn","Boot","Question Card","Busted Crown","hubris:Towel"],"acts_visited":["Exordium","TheCity","TheBeyond"],"potions_floor_usage":[7,16,23,25,28,33,40,40,40],"damage_taken":[{"damage":2,"enemies":"Jaw Worm","floor":1,"turns":5},{"damage":5,"enemies":"2 Louse","floor":2,"turns":3},{"damage":4,"enemies":"Small Slimes","floor":4,"turns":4},{"damage":0,"enemies":"Exordium Wildlife","floor":5,"turns":4},{"damage":6,"enemies":"Lagavulin","floor":7,"turns":8},{"damage":15,"enemies":"Lots of Slimes","floor":10,"turns":5},{"damage":2,"enemies":"Large Slime","floor":11,"turns":6},{"damage":12,"enemies":"3 Sentries","floor":12,"turns":9},{"damage":13,"enemies":"Hexaghost","floor":16,"turns":9},{"damage":12,"enemies":"Chosen","floor":18,"turns":6},{"damage":5,"enemies":"3 Byrds","floor":19,"turns":5},{"damage":11,"enemies":"Book of Stabbing","floor":23,"turns":6},{"damage":0,"enemies":"Snake Plant","floor":25,"turns":7},{"damage":1,"enemies":"Gremlin Leader","floor":28,"turns":5},{"damage":7,"enemies":"Centurion and Healer","floor":29,"turns":8},{"damage":14,"enemies":"Snecko","floor":31,"turns":6},{"damage":25,"enemies":"Collector","floor":33,"turns":8},{"damage":48,"enemies":"3 Darklings","floor":35,"turns":8},{"damage":35,"enemies":"3 Shapes","floor":37,"turns":5},{"damage":64,"enemies":"Giant Head","floor":40,"turns":8}],"seed_played":"4489190483305465226","potions_obtained":[{"floor":2,"key":"FearPotion"},{"floor":4,"key":"GamblersBrew"},{"floor":12,"key":"BlessingOfTheForge"},{"floor":16,"key":"LiquidMemories"},{"floor":23,"key":"SpeedPotion"},{"floor":25,"key":"DistilledChaos"},{"floor":29,"key":"DistilledChaos"},{"floor":31,"key":"FearPotion"},{"floor":35,"key":"BlessingOfTheForge"},{"floor":37,"key":"LiquidMemories"}],"is_trial":false,"path_per_floor":["M","M","?","M","M","R","E","R","T","M","M","E","R","$","R","B",null,"M","M","?","$","?","E","R","M","T","R","E","M","R","M","R","B",null,"M","$","M","?","?","E"],"character_chosen":"NECROMANCER","items_purchased":["Summon_Lich","Mayhem","Bone_Spikes","Bone_Armory"],"campfire_rested":0,"item_purchase_floors":[14,14,14,36],"current_hp_per_floor":[68,67,67,67,71,71,67,67,67,62,64,58,58,58,58,47,68,73,74,60,60,60,63,63,65,65,65,80,80,80,68,68,62,76,45,45,25,25,25,0,0],"gold":152,"neow_bonus":"ONE_RANDOM_RARE_CARD","is_daily":false,"chose_seed":false,"campfire_upgraded":8,"win_rate":0.0,"timestamp":1608058052,"path_taken":["M","M","?","M","M","R","E","R","T","M","M","E","R","$","R","BOSS","M","M","?","$","?","E","R","?","T","R","E","M","R","M","R","BOSS","M","$","M","?","?","E"],"items_purchased_type":["Card","Card","Card","Card"],"build_version":"2020-12-13","purchased_purges":3,"victory":false,"max_hp_per_floor":[75,75,75,75,75,75,75,75,75,75,75,75,75,75,75,75,75,75,75,80,80,80,80,80,80,80,80,80,80,80,80,80,80,80,80,80,80,80,80,80,80],"card_choices":[{"not_picked":["Finger_Of_Death","Uncharnel","Death_Coil"],"picked":"SKIP","floor":1},{"not_picked":["Finger_Of_Death","Life_Tap"],"picked":"Bone_Spikes","floor":2},{"not_picked":["Bone_Spikes","Pandemic"],"picked":"Negative_Energy_Shield","floor":4},{"not_picked":["Blood_Shield","Vampiric_Strike"],"picked":"Bone_Bullets","floor":5},{"not_picked":["Scare","Toxic_Smoke_Screen"],"picked":"Bone_Spikes","floor":7},{"not_picked":["Grasp_Heart","Scare"],"picked":"Bone_Shift","floor":10},{"not_picked":["Shade_Step","Spectral_Armor"],"picked":"Whirlwind_of_Bones","floor":11},{"not_picked":["Uncharnel","Pandemic"],"picked":"Spectral_Armor","floor":12},{"not_picked":["Blood_Magic","Requiem"],"picked":"Summon_Vampire_Lady","floor":16},{"not_picked":["Toxic_Smoke_Screen+1","Blood_Shield"],"picked":"Bone_Prison","floor":18},{"not_picked":["Bone_Shift","Death_March_Dance"],"picked":"Siphon_Strength+1","floor":19},{"not_picked":["Blood_Wake","Vampiric_Strike"],"picked":"Plague_Bolt+1","floor":23},{"not_picked":["Chill_Blood","Stop_Heart","Acid_Javelin+1"],"picked":"SKIP","floor":25},{"not_picked":["Deaths_Shadow+1","Bones_to_Steel+1"],"picked":"Skeleton_Dragon","floor":28},{"not_picked":["Scare","Vampiric_Strike","Blood_for_Blood"],"picked":"Negative_Energy_Shield","floor":29},{"not_picked":["Epidemic","Negative_Energy_Mist+1","Blood_for_Blood","Stop_Heart"],"picked":"SKIP","floor":31},{"not_picked":["Cloudkill","Summon_Vampire_Lady","Grasp_Heart"],"picked":"Detonate_Bones","floor":33},{"not_picked":["Pandemic"],"picked":"Blood_Curse+1","floor":35},{"not_picked":["Necrotic_Claws"],"picked":"Bone_Bullets+1","floor":37}],"player_experience":529566,"relics_obtained":[{"floor":7,"key":"Oddly Smooth Stone"},{"floor":9,"key":"Matryoshka"},{"floor":12,"key":"hubris:CrystalStatue"},{"floor":23,"key":"Tiny Chest"},{"floor":26,"key":"Gremlin Horn"},{"floor":26,"key":"Boot"},{"floor":28,"key":"Question Card"}],"event_choices":[{"damage_healed":0,"gold_gain":175,"player_choice":"AGREE","damage_taken":0,"max_hp_gain":0,"max_hp_loss":0,"event_name":"Liars Game","floor":3,"gold_loss":0,"cards_obtained":["Doubt"]},{"damage_healed":0,"gold_gain":0,"player_choice":"Shed Blood","damage_taken":19,"max_hp_gain":5,"max_hp_loss":0,"event_name":"Forgotten Altar","floor":20,"gold_loss":0},{"damage_healed":0,"gold_gain":0,"player_choice":"Read","damage_taken":0,"max_hp_gain":0,"max_hp_loss":0,"event_name":"The Library","floor":22,"gold_loss":0,"cards_obtained":["Bone_Armor"]},{"cards_removed":["Defend_W"],"damage_healed":0,"gold_gain":0,"player_choice":"Removed Skill","damage_taken":0,"max_hp_gain":0,"max_hp_loss":0,"event_name":"Falling","floor":38,"gold_loss":0}],"is_beta":false,"boss_relics":[{"not_picked":["hubris:HollowSoul","Runic Dome"],"picked":"SacredBark"},{"not_picked":["hubris:Stopwatch","Cursed Key"],"picked":"Busted Crown"}],"items_purged_floors":[14,21,36],"is_endless":false,"potions_floor_spawned":[2,4,12,16,23,25,29,31,35,37],"killed_by":"Giant Head","ascension_level":10}}