{"host":"jhryr5u2vj4vukky","time":1608073430,"event":{"mods":["Aspiration","BaseMod","CCEM","Colored Powertips","Conspire","Downfall","GifTheSpireLib","Halation","Highlight Path","Hubris","Minty Spire (QoL Compilation)","Quick Restart","RatMod","Relic Sorter","Replay The Spire","Spikes Relics","StSLib","Stuff the Spire","The Blue Laboratory","Trackpad","vexMod"],"gold_per_floor":[99,113,113,38,52,77,77,92,92,119,130,142,5,25,49,49,49],"floor_reached":16,"playtime":948,"items_purged":["Regret"],"score":104,"play_id":"7756567a-6f4a-4384-931b-17b0169c8164","local_time":"20201215230350","is_ascension_mode":false,"campfire_choices":[{"floor":1,"key":"RECALL"},{"data":"hexamod:EtherealExpedition","floor":4,"key":"SMITH"}],"circlet_count":0,"master_deck":["hexamod:Strike","hexamod:Strike","hexamod:Strike","hexamod:Strike","hexamod:Defend","hexamod:Defend","hexamod:Defend","hexamod:Defend","hexamod:Float","hexamod:EtherealExpedition+1","hexamod:FastForward","hexamod:ThirdSeal","hexamod:Hexaguard","hexamod:EmpoweredFlame","hexamod:NightmareGuise","hexamod:PowerFromBeyond","hexamod:DynamicBlow","hexamod:NightmareStrike","hexamod:TimeOfNeed","hexamod:GhostShield","hexamod:Haunt","hexamod:SpectersWail","hexamod:GhostLash","hexamod:SecondSeal","hexamod:PowerFromBeyond","hexamod:GhostLash"],"relics":["hexamod:SpiritBrand","Replay:Accelerometer","downfall:HeartBlessingRed","Tiny Chest","StuffTheSpire:RedRose"],"acts_visited":["Exordium"],"potions_floor_usage":[10,16],"damage_taken":[{"damage":0,"enemies":"Small Slimes","floor":2,"turns":3},{"damage":0,"enemies":"Cultist","floor":5,"turns":3},{"damage":0,"enemies":"Jaw Worm","floor":8,"turns":4},{"damage":25,"enemies":"3 Sentries","floor":10,"turns":7},{"damage":1,"enemies":"Blue Slaver","floor":11,"turns":3},{"damage":2,"enemies":"Gremlin Gang","floor":12,"turns":4},{"damage":2,"enemies":"downfall:FleeingMerchant","floor":13,"turns":4},{"damage":0,"enemies":"2 Fungi Beasts","floor":14,"turns":4},{"damage":11,"enemies":"Exordium Thugs","floor":15,"turns":4},{"damage":30,"enemies":"downfall:Defect","floor":16,"turns":5}],"seed_played":"-4311955894682669323","potions_obtained":[{"floor":8,"key":"SkillPotion"},{"floor":11,"key":"blueLaboratory:BottleOfVodka"},{"floor":15,"key":"SteroidPotion"}],"is_trial":false,"path_per_floor":["R","M","?","R","M","T","T","M","?","E","M","M","$","M","M","B"],"character_chosen":"THE_SPIRIT","items_purchased":["hexamod:SpectersWail"],"campfire_rested":0,"item_purchase_floors":[13],"current_hp_per_floor":[70,70,70,70,70,70,70,70,70,45,44,42,40,40,29,0,0],"gold":49,"neow_bonus":"THREE_CARDS","is_daily":false,"chose_seed":false,"campfire_upgraded":1,"win_rate":0.0,"timestamp":1608073430,"path_taken":["R","M","?","R","?","?","T","M","?","E","M","M","$","M","M","BOSS"],"items_purchased_type":["Card"],"build_version":"2020-12-13","purchased_purges":1,"victory":false,"max_hp_per_floor":[70,70,70,70,70,70,70,70,70,70,70,70,70,70,70,70,70],"card_choices":[{"not_picked":["hexamod:RadiantFlame","hexamod:Hexaguard"],"picked":"hexamod:EtherealExpedition","floor":0},{"not_picked":["hexamod:ShieldOfDarkness","hexamod:GhostOfSpirePast"],"picked":"hexamod:FastForward","floor":2},{"not_picked":["hexamod:RadiantFlame","hexamod:NightmareStrike"],"picked":"hexamod:Hexaguard","floor":5},{"not_picked":["hexamod:BacktrackSmack","hexamod:AdvancingGuard","hexamod:ShieldOfDarkness"],"picked":"SKIP","floor":5},{"not_picked":["hexamod:HeatCrush","hexamod:BurningTouch","hexamod:PhantomFireball"],"picked":"SKIP","floor":8},{"not_picked":["hexamod:InspiringFlames","hexamod:SoulSteal","hexamod:ShieldOfDarkness"],"picked":"SKIP","floor":8},{"not_picked":["hexamod:BurningTouch","hexamod:GhostOfSpirePresent"],"picked":"hexamod:EmpoweredFlame","floor":10},{"not_picked":["hexamod:ThirdSeal","hexamod:CatchUp"],"picked":"hexamod:NightmareGuise","floor":10},{"not_picked":["hexamod:AdvancingGuard","hexamod:ThermalTransfer"],"picked":"hexamod:PowerFromBeyond","floor":11},{"not_picked":["hexamod:PhantomCloak","hexamod:GhostflameBarrier"],"picked":"hexamod:DynamicBlow","floor":11},{"not_picked":["hexamod:HeatShield","hexamod:SpectersWail"],"picked":"hexamod:NightmareStrike","floor":12},{"not_picked":["hexamod:RainOfEmbers","hexamod:BurningTouch"],"picked":"hexamod:TimeOfNeed","floor":12},{"not_picked":["hexamod:SpectersWail","hexamod:ThermalTransfer"],"picked":"hexamod:GhostShield","floor":13},{"not_picked":["hexamod:InspiringFlames","hexamod:ShieldOfDarkness"],"picked":"hexamod:Haunt","floor":13},{"not_picked":["hexamod:HeatCrush","hexamod:FastForward"],"picked":"hexamod:GhostLash","floor":14},{"not_picked":["hexamod:FastForward","hexamod:RecurringNightmare"],"picked":"hexamod:SecondSeal","floor":14},{"not_picked":["hexamod:GhostOfSpirePast","hexamod:ThermalTransfer"],"picked":"hexamod:PowerFromBeyond","floor":15},{"not_picked":["hexamod:RetreatToShadows","hexamod:GhostflameBarrier"],"picked":"hexamod:GhostLash","floor":15}],"player_experience":622613,"relics_obtained":[{"floor":7,"key":"Tiny Chest"},{"floor":10,"key":"Replay:Accelerometer"}],"event_choices":[{"damage_healed":0,"gold_gain":0,"cards_transformed":["hexamod:Sear"],"player_choice":"Transformed","damage_taken":0,"max_hp_gain":0,"max_hp_loss":0,"event_name":"Transmorgrifier","floor":3,"gold_loss":0,"cards_obtained":["hexamod:ThirdSeal"]}],"is_beta":false,"boss_relics":[],"items_purged_floors":[13],"is_endless":false,"potions_floor_spawned":[8,11,15],"killed_by":"downfall:Defect","ascension_level":0}}