{"host":"gbop6m4qugddaz18","time":1608052560,"event":{"mods":["2.2 Compatiblity","BaseMod","Better Third Choice","Block Reminder","Downfall","GifTheSpireLib","Highlight Path","Minty Spire (QoL Compilation)","Replay The Spire","StSLib"],"gold_per_floor":[99,114,145,157,169,169,169,199,199,225,236,256,270,270,286,383,383,383,400,400,418,452,452,452,452,452],"floor_reached":25,"playtime":2011,"items_purged":[],"score":295,"play_id":"46c35463-b682-4306-ab0d-c3f5715b13d3","local_time":"20201215121600","is_ascension_mode":true,"campfire_choices":[{"data":"Dualcast","floor":1,"key":"SMITH"},{"data":"ReplayTheSpireMod:Fabricate Wheel","floor":18,"key":"SMITH"},{"data":"Self Repair","floor":20,"key":"SMITH"},{"floor":23,"key":"REST"}],"circlet_count":0,"master_deck":["Strike_B","Strike_B","Strike_B","Defend_B","Defend_B","Defend_B","Zap+1","Dualcast+1","Go for the Eyes","FTL","Darkness","Coolheaded+1","Seek","Cold Snap","Self Repair+1","Conserve Battery","Conserve Battery","Coolheaded","Streamline+1","Fusion","Buffer","Redo","Conserve Battery","Beam Cell","Gash","Melter"],"relics":["Cracked Core","Replay:Multitool","Symbiotic Virus","Iron Hammer","ReplayFunnel","Prayer Wheel","ReplayTheSpireMod:TigerMarble","Blue Doll"],"acts_visited":["Exordium","TheCity"],"potions_floor_usage":[8,8,8,12,16,21,25,25,25,25,25],"damage_taken":[{"damage":0,"enemies":"2 Louse","floor":2,"turns":2},{"damage":30,"enemies":"Lagavulin","floor":3,"turns":6},{"damage":0,"enemies":"Cultist","floor":4,"turns":2},{"damage":0,"enemies":"Small Slimes","floor":5,"turns":2},{"damage":0,"enemies":"3 Sentries","floor":8,"turns":5},{"damage":11,"enemies":"Lagavulin","floor":10,"turns":3},{"damage":0,"enemies":"2 Fungi Beasts","floor":11,"turns":2},{"damage":0,"enemies":"3 Louse","floor":12,"turns":2},{"damage":12,"enemies":"Large Slime","floor":13,"turns":4},{"damage":9,"enemies":"Looter","floor":15,"turns":2},{"damage":4,"enemies":"Slime Boss","floor":16,"turns":9},{"damage":24,"enemies":"Shell Parasite","floor":19,"turns":8},{"damage":0,"enemies":"Cultist and Chosen","floor":21,"turns":6},{"damage":41,"enemies":"Book of Stabbing","floor":22,"turns":8},{"damage":84,"enemies":"Gremlin Leader","floor":25,"turns":10}],"seed_played":"-2597035507376111197","potions_obtained":[{"floor":3,"key":"Explosive Potion"},{"floor":4,"key":"EntropicBrew"},{"floor":8,"key":"ColorlessPotion"},{"floor":10,"key":"Doom Potion"},{"floor":11,"key":"Fire Potion"},{"floor":16,"key":"Fire Potion"},{"floor":22,"key":"EntropicBrew"}],"is_trial":false,"path_per_floor":["R","M","E","M","M","?","T","E","R","E","M","M","M","?","M","B",null,"R","M","R","M","E","R","T","E"],"character_chosen":"DEFECT","items_purchased":[],"campfire_rested":1,"item_purchase_floors":[],"current_hp_per_floor":[75,75,45,45,45,45,45,45,67,56,56,66,64,64,65,68,75,75,61,61,71,40,62,62,0,0],"gold":452,"neow_bonus":"UPGRADE_CARD","is_daily":false,"chose_seed":false,"campfire_upgraded":3,"win_rate":0.0,"timestamp":1608052560,"path_taken":["R","M","E","M","M","?","T","E","R","E","M","?","M","?","M","BOSS","R","M","R","M","E","R","T","E"],"items_purchased_type":[],"build_version":"2020-12-13","purchased_purges":0,"victory":false,"max_hp_per_floor":[75,75,75,75,75,75,75,75,75,75,75,75,75,75,75,75,75,75,75,75,75,75,75,75,75,75],"card_choices":[{"not_picked":["Crystallizer","Undo"],"picked":"Go for the Eyes","floor":2},{"not_picked":["ReplayGash","Reinforced Body"],"picked":"FTL","floor":3},{"not_picked":["Panic Button","Skim"],"picked":"Darkness","floor":4},{"not_picked":["Recycle","Steam Power"],"picked":"Coolheaded","floor":5},{"not_picked":["ReplayTheSpireMod:Reroute Power","Genetic Algorithm"],"picked":"Cold Snap","floor":8},{"not_picked":["Beam Cell","Barrage"],"picked":"Self Repair","floor":10},{"not_picked":["BasicCrystalCard","Defragment"],"picked":"Conserve Battery","floor":11},{"not_picked":["Genetic Algorithm","Coolheaded"],"picked":"Conserve Battery","floor":12},{"not_picked":["ReplayTheSpireMod:GoodbyeWorld","Stack"],"picked":"Coolheaded","floor":13},{"not_picked":["Rebound","Consume"],"picked":"Fusion","floor":15},{"not_picked":["Buffer","Rainbow"],"picked":"ReplayTheSpireMod:Fabricate Wheel","floor":16},{"not_picked":["Rebound","Compile Driver"],"picked":"Redo","floor":19},{"not_picked":["FTL","Go for the Eyes"],"picked":"Conserve Battery","floor":19},{"not_picked":["Steam","Rip and Tear"],"picked":"Beam Cell","floor":21},{"not_picked":["Beam Cell","Redo"],"picked":"Gash","floor":21},{"not_picked":["Blizzard","Stack"],"picked":"Melter","floor":22}],"player_experience":432178,"relics_obtained":[{"floor":3,"key":"Replay:Multitool"},{"floor":7,"key":"Symbiotic Virus"},{"floor":8,"key":"Iron Hammer"},{"floor":10,"key":"ReplayFunnel"},{"floor":22,"key":"ReplayTheSpireMod:TigerMarble"},{"floor":24,"key":"Blue Doll"}],"event_choices":[{"damage_healed":0,"gold_gain":0,"cards_transformed":["Defend_B"],"player_choice":"Transformed","damage_taken":0,"max_hp_gain":0,"max_hp_loss":0,"event_name":"Transmorgrifier","floor":6,"gold_loss":0,"cards_obtained":["Seek"]}],"is_beta":false,"boss_relics":[{"not_picked":["FrozenCore","Replay:Drink Me","Snecko Eye"]}],"items_purged_floors":[],"is_endless":false,"potions_floor_spawned":[3,4,8,10,11,16,22],"killed_by":"Gremlin Leader","ascension_level":2}}