{"host":"l2dnabsh5e0fsksb","time":1608040838,"event":{"mods":["2.2 Compatiblity","BaseMod","Downfall","Minty Spire (QoL Compilation)","Quick Restart","StSLib"],"gold_per_floor":[99,425,425,425,450,375,375,404,404,437,537,537,556,556,571,648,648,573,606,606,591,611,630,630,650,650,650,312,312,225,235,255,330,330,330,330,42,73,84,109,156,189,114,142,142,194,194,22,36,36,36,71,71,71,71],"floor_reached":56,"playtime":2992,"items_purged":["Writhe"],"score":2396,"play_id":"5347497f-730c-429a-94e5-6d53f7c38691","local_time":"20201216003038","is_ascension_mode":true,"campfire_choices":[{"floor":1.0,"key":"RECALL"},{"data":"Slimebound:CorrosiveSpit","floor":6.0,"key":"SMITH"},{"data":"Slimebound:SplitMire","floor":9.0,"key":"SMITH"},{"data":"Slimebound:MassFeed","floor":18.0,"key":"SMITH"},{"data":"Slimebound:Darklings","floor":27.0,"key":"SMITH"},{"data":"Slimebound:LevelUp","floor":35.0,"key":"SMITH"},{"floor":43.0,"key":"DIG"},{"floor":54.0,"key":"DIG"}],"circlet_count":0,"master_deck":["AscendersBane","Slimebound:Strike_Slimebound+1","Slimebound:Strike_Slimebound+1","Slimebound:Strike_Slimebound+1","Slimebound:Tackle","Slimebound:Defend_Slimebound+1","Slimebound:Defend_Slimebound+1","Slimebound:Defend_Slimebound+1","Slimebound:Defend_Slimebound+1","Slimebound:Split+1","Slimebound:CorrosiveSpit+1","Slimebound:LeechEnergy","Slimebound:SpikyOuterGoop","Slimebound:MegaLick","Slimebound:SplitMire+1","Slimebound:SamplingLick","Slimebound:LeechEnergy","Slimebound:Repurpose","Slimebound:MassFeed+1","Slimebound:SplitBruiser","RitualDagger","Slimebound:Repurpose","Slimebound:SplitAcid+1","Slimebound:LevelUp+1","Slimebound:Darklings+1","Slimebound:SplitLeeching","Slimebound:SplitAcid","Slimebound:Repurpose","Slimebound:SplitSpecialist","Slimebound:OneTwoCombo","CurseOfTheBell","Slimebound:SamplingLick","Slimebound:GrowthPunch+1","Slimebound:Prepare","Slimebound:Nibble","Slimebound:SplitLeeching","Slimebound:Darklings","Slimebound:SplitLeeching+1","Slimebound:RejuvenatingLick"],"relics":["Slimebound:AbsorbEndCombat","downfall:HeartsMalice","Old Coin","Eternal Feather","downfall:HeartBlessingRed","Vajra","Peace Pipe","Juzu Bracelet","expansioncontent:StudyCardRelic","downfall:HeartBlessingGreen","Happy Flower","Gremlin Horn","Bronze Scales","Bag of Preparation","Pen Nib","Medical Kit","Tiny Chest","Calling Bell","Toy Ornithopter","Ornamental Fan","StoneCalendar","Slimebound:MaxSlimesRelic","Bag of Marbles","Shovel","Bottled Tornado","downfall:HeartBlessingBlue","Centennial Puzzle","Mercury Hourglass","Dead Branch","Pocketwatch","Strange Spoon","Slimebound:SlimedTailRelic","Bottled Flame"],"acts_visited":["Exordium","TheCity","TheBeyond","TheEnding"],"potions_floor_usage":[55,55],"damage_taken":[{"damage":0.0,"enemies":"Lagavulin","floor":2.0,"turns":1.0},{"damage":0.0,"enemies":"Cultist","floor":3.0,"turns":1.0},{"damage":0.0,"enemies":"3 Sentries","floor":5.0,"turns":1.0},{"damage":21.0,"enemies":"Gremlin Nob","floor":8.0,"turns":3.0},{"damage":39.0,"enemies":"3 Sentries","floor":10.0,"turns":6.0},{"damage":0.0,"enemies":"2 Louse","floor":13.0,"turns":1.0},{"damage":4.0,"enemies":"Jaw Worm","floor":15.0,"turns":3.0},{"damage":53.0,"enemies":"downfall:Silent","floor":16.0,"turns":6.0},{"damage":64.0,"enemies":"Gremlin Leader","floor":19.0,"turns":9.0},{"damage":20.0,"enemies":"downfall:FleeingMerchant","floor":21.0,"turns":4.0},{"damage":10.0,"enemies":"Chosen","floor":22.0,"turns":3.0},{"damage":22.0,"enemies":"3 Cultists","floor":23.0,"turns":5.0},{"damage":35.0,"enemies":"Shelled Parasite and Fungi","floor":25.0,"turns":3.0},{"damage":30.0,"enemies":"downfall:FleeingMerchant","floor":28.0,"turns":4.0},{"damage":16.0,"enemies":"downfall:FleeingMerchant","floor":30.0,"turns":2.0},{"damage":28.0,"enemies":"Snecko","floor":31.0,"turns":3.0},{"damage":16.0,"enemies":"Chosen and Byrds","floor":32.0,"turns":3.0},{"damage":56.0,"enemies":"downfall:Defect","floor":33.0,"turns":5.0},{"damage":28.0,"enemies":"Reptomancer","floor":38.0,"turns":2.0},{"damage":28.0,"enemies":"3 Darklings","floor":39.0,"turns":2.0},{"damage":12.0,"enemies":"Mind Bloom Boss Battle","floor":40.0,"turns":3.0},{"damage":32.0,"enemies":"Nemesis","floor":42.0,"turns":3.0},{"damage":41.0,"enemies":"Giant Head","floor":44.0,"turns":4.0},{"damage":24.0,"enemies":"2 Orb Walkers","floor":46.0,"turns":3.0},{"damage":16.0,"enemies":"Orb Walker","floor":49.0,"turns":2.0},{"damage":32.0,"enemies":"downfall:Ironclad","floor":50.0,"turns":4.0},{"damage":48.0,"enemies":"downfall:CharBossMerchant","floor":52.0,"turns":6.0},{"damage":186,"enemies":"downfall:NeowBoss","floor":55,"turns":17}],"seed_played":"-6776309199727676345","potions_obtained":[{"floor":5.0,"key":"Strength Potion"},{"floor":10.0,"key":"champ:CounterPotion"},{"floor":13.0,"key":"hexamod:EctoCoolerPotion"},{"floor":14.0,"key":"PowerPotion"},{"floor":23.0,"key":"SteroidPotion"},{"floor":31.0,"key":"LiquidBronze"},{"floor":32.0,"key":"ColorlessPotion"},{"floor":39.0,"key":"DistilledChaos"},{"floor":49.0,"key":"SteroidPotion"}],"is_trial":false,"path_per_floor":["R","E","M","?","E","R","T","E","R","E","?","?","M","?","M","B",null,"R","E","?","$","M","M","T","M","?","R","$","?","$","M","M","B",null,"R","?","?","E","M","?","T","E","R","E","T","?","?","$","M","B",null,"E","$","R","B",null],"character_chosen":"SLIMEBOUND","items_purchased":["Bronze Scales","Bag of Preparation","Medical Kit","Tiny Chest","Slimebound:MaxSlimesRelic","Strange Spoon"],"campfire_rested":0,"item_purchase_floors":[28,28,30,30,37,48],"current_hp_per_floor":[49,49,49,49,49,54,54,45,54,37,37,54,54,54,54,40,51,54,20,14,24,24,34,34,21,21,36,50,50,54,54,54,58,58,58,58,58,56,58,58,58,54,68,68,68,68,68,68,68,66,68,68,68,68,40],"gold":71,"neow_bonus":"THREE_ENEMY_KILL","is_daily":false,"chose_seed":false,"campfire_upgraded":5,"win_rate":0.0,"timestamp":1608040838,"path_taken":["R","E","M","?","E","R","T","E","R","E","?","?","M","?","M","BOSS","R","E","?","$","M","M","T","M","?","R","$","?","$","M","M","BOSS","R","?","?","E","M","?","T","E","R","E","?","?","?","?","M","BOSS","E","$","R","BOSS"],"items_purchased_type":["Relic","Relic","Relic","Relic","Relic","Relic"],"build_version":"2020-12-13","purchased_purges":1,"victory":true,"max_hp_per_floor":[54,54,54,54,54,54,54,54,54,54,54,54,54,54,54,54,54,54,54,54,54,54,54,54,54,54,54,54,54,54,54,54,58,58,58,58,58,58,58,58,58,58,68,68,68,68,68,68,68,68,68,68,68,68,68],"card_choices":[{"not_picked":["Slimebound:Schlurp","Slimebound:TongueLash"],"picked":"Slimebound:LeechEnergy","floor":2.0},{"not_picked":["Slimebound:SamplingLick","Slimebound:SlimeTap"],"picked":"Slimebound:SpikyOuterGoop","floor":3.0},{"not_picked":["Slimebound:SlimeSpikes","Slimebound:Replication"],"picked":"Slimebound:MegaLick","floor":5.0},{"not_picked":["Slimebound:SamplingLick","Slimebound:LeechEnergy"],"picked":"Slimebound:SplitMire","floor":8.0},{"not_picked":["Slimebound:GoopTackle","Slimebound:WasteNot"],"picked":"Slimebound:SamplingLick","floor":10.0},{"not_picked":["Slimebound:LeechingTouch","Slimebound:SlimeSpikes"],"picked":"Slimebound:LeechEnergy","floor":13.0},{"not_picked":["Slimebound:SlimeTap","Slimebound:ForwardTackle"],"picked":"Slimebound:Repurpose","floor":15.0},{"not_picked":["Slimebound:RallyTheTroops","Slimebound:MinionMaster"],"picked":"Slimebound:MassFeed","floor":16.0},{"not_picked":["Slimebound:HungryTackle","Slimebound:PressTheAttack"],"picked":"Slimebound:SplitBruiser","floor":19.0},{"not_picked":["Slimebound:Chomp+1","Slimebound:GrowthPunch"],"picked":"Slimebound:Repurpose","floor":21.0},{"not_picked":["Slimebound:SplitMire","Slimebound:SplitBruiser"],"picked":"Slimebound:SplitAcid+1","floor":22.0},{"not_picked":["Slimebound:SlimeSpikes+1","Slimebound:HungryTackle"],"picked":"Slimebound:LevelUp","floor":23.0},{"not_picked":["Slimebound:SplitAcid","Slimebound:SplitLeeching"],"picked":"Slimebound:Darklings","floor":25.0},{"not_picked":["Slimebound:SplitMire","Slimebound:SlimeBarrage"],"picked":"Slimebound:SplitLeeching","floor":28.0},{"not_picked":["Slimebound:Equalize","Slimebound:SplitBruiser"],"picked":"Slimebound:SplitAcid","floor":30.0},{"not_picked":["Slimebound:Schlurp","Slimebound:Dissolve"],"picked":"Slimebound:Repurpose","floor":31.0},{"not_picked":["Slimebound:HauntingLick","Slimebound:PressTheAttack"],"picked":"Slimebound:SplitSpecialist","floor":32.0},{"not_picked":["Slimebound:LeechLife","Slimebound:OozeBath"],"picked":"Slimebound:OneTwoCombo","floor":33.0},{"not_picked":["Slimebound:ViciousTackle+1","Slimebound:ItLooksTasty+1","Slimebound:FirmFortitude"],"picked":"SKIP","floor":38.0},{"not_picked":["Slimebound:GrowthPunch","Slimebound:RollThrough"],"picked":"Slimebound:SamplingLick","floor":39.0},{"not_picked":["Slimebound:SlimeSpikes","Slimebound:Schlurp+1"],"picked":"Slimebound:GrowthPunch+1","floor":40.0},{"not_picked":["Slimebound:RejuvenatingLick","Slimebound:MassFeed"],"picked":"Slimebound:Prepare","floor":42.0},{"not_picked":["Slimebound:LeechingTouch+1","Slimebound:GoopSpray"],"picked":"Slimebound:Nibble","floor":44.0},{"not_picked":["Slimebound:SlimeSpikes+1","Slimebound:FlameTackle"],"picked":"Slimebound:SplitLeeching","floor":46.0},{"not_picked":["Slimebound:AcidTongue","Slimebound:ViciousTackle+1"],"picked":"Slimebound:SplitLeeching+1","floor":49.0},{"not_picked":["Slimebound:DouseInSlime","Slimebound:ComboTackle+1"],"picked":"Slimebound:RejuvenatingLick","floor":52.0}],"player_experience":1683301,"relics_obtained":[{"floor":2.0,"key":"Old Coin"},{"floor":5.0,"key":"Eternal Feather"},{"floor":7.0,"key":"Vajra"},{"floor":8.0,"key":"Peace Pipe"},{"floor":10.0,"key":"Juzu Bracelet"},{"floor":19.0,"key":"Happy Flower"},{"floor":24.0,"key":"Gremlin Horn"},{"floor":34.0,"key":"Toy Ornithopter"},{"floor":34.0,"key":"Ornamental Fan"},{"floor":34.0,"key":"StoneCalendar"},{"floor":38.0,"key":"Bag of Marbles"},{"floor":40.0,"key":"Shovel"},{"floor":42.0,"key":"Bottled Tornado"},{"floor":43.0,"key":"Centennial Puzzle"},{"floor":44.0,"key":"Mercury Hourglass"},{"floor":45.0,"key":"Dead Branch"},{"floor":46.0,"key":"Pocketwatch"},{"floor":52.0,"key":"Slimebound:SlimedTailRelic"},{"floor":54.0,"key":"Bottled Flame"}],"event_choices":[{"damage_healed":0.0,"max_hp_gain":0.0,"max_hp_loss":0.0,"gold_gain":0.0,"event_name":"Upgrade Shrine","player_choice":"Upgraded","floor":4.0,"gold_loss":0.0,"damage_taken":0.0,"cards_upgraded":["Slimebound:Split"]},{"damage_healed":17.0,"max_hp_gain":0.0,"max_hp_loss":0.0,"gold_gain":0.0,"event_name":"Wheel of Change","player_choice":"Full Heal","floor":12.0,"gold_loss":0.0,"damage_taken":0.0},{"damage_healed":0.0,"max_hp_gain":0.0,"max_hp_loss":0.0,"gold_gain":0.0,"event_name":"Lab","player_choice":"Got Potions","floor":14.0,"gold_loss":0.0,"damage_taken":0.0},{"damage_healed":0.0,"max_hp_gain":0.0,"max_hp_loss":0.0,"gold_gain":0.0,"event_name":"Back to Basics","player_choice":"Simplicity","floor":26.0,"gold_loss":0.0,"damage_taken":0.0,"cards_upgraded":["Slimebound:Strike_Slimebound","Slimebound:Strike_Slimebound","Slimebound:Strike_Slimebound","Slimebound:Defend_Slimebound","Slimebound:Defend_Slimebound","Slimebound:Defend_Slimebound","Slimebound:Defend_Slimebound"]},{"damage_healed":0.0,"max_hp_gain":0.0,"max_hp_loss":0.0,"gold_gain":0.0,"event_name":"Mysterious Sphere","player_choice":"Fight","floor":46.0,"gold_loss":0.0,"damage_taken":0.0}],"is_beta":false,"boss_relics":[{"not_picked":["Pandora\u0027s Box","Runic Pyramid"],"picked":"expansioncontent:StudyCardRelic"},{"not_picked":["Runic Dome","Slimebound:AbsorbEndCombatUpgraded"],"picked":"Calling Bell"}],"items_purged_floors":[30],"is_endless":false,"potions_floor_spawned":[5,10,13,23,31,32,39,40,49,52],"ascension_level":16}}