{"host":"kpyoctgc7jne3jiy","time":1608026999,"event":{"mods":["AchievementEnabler","BaseMod","Minty Spire (QoL Compilation)"],"gold_per_floor":[114,189,204,204,204,204,254,254,254,254,254,269,143,158,158,258,258,273,273,273,273,288,318,318,333,333,348,363,363,363,393,393,493,493,508,523,523,55,70,70,70],"floor_reached":40,"playtime":2986,"items_purged":[],"score":626,"play_id":"0fb25dd8-6f68-4a3e-8d06-9f7256a55d0f","local_time":"20201215110959","daily_mods":["Allstar","Hoarder","Night Terrors"],"is_ascension_mode":false,"campfire_choices":[{"data":"Cold Snap","floor":6.0,"key":"SMITH"},{"data":"Chill","floor":8.0,"key":"SMITH"},{"data":"Discovery","floor":11.0,"key":"SMITH"},{"data":"Glacier","floor":15.0,"key":"SMITH"},{"floor":29.0,"key":"REST"},{"data":"Chaos","floor":32.0,"key":"SMITH"}],"circlet_count":0,"master_deck":["Strike_B+1","Strike_B+1","Strike_B+1","Strike_B+1","Defend_B+1","Defend_B+1","Defend_B+1","Defend_B+1","Zap","Dualcast","Discovery","Discovery+1","Discovery+1","Dramatic Entrance","Dramatic Entrance","Dramatic Entrance","Forethought","Forethought","Forethought","Jack Of All Trades","Jack Of All Trades","Jack Of All Trades","Forethought+1","Forethought","Forethought","Cold Snap","Cold Snap+1","Cold Snap+1","Leap","Leap","Leap+1","Chill+1","Chill","Chill","Echo Form","Echo Form","Echo Form","Glacier+1","Glacier","Glacier+1","Creative AI","Creative AI","Creative AI","Chaos","Chaos+1","Chaos","Writhe","Writhe","Writhe","Go for the Eyes+1","Go for the Eyes+1","Go for the Eyes+1","White Noise+1","White Noise+1","White Noise+1","Pain","Pain","Pain","Rainbow+1","Rainbow+1","Rainbow+1","Self Repair","Self Repair","Self Repair","Stack+1","Stack+1","Stack+1"],"relics":["Cracked Core","Shuriken","The Courier","Inserter","Singing Bowl","War Paint","Toxic Egg 2","WarpedTongs","Bottled Flame","SacredBark","Toolbox","Symbiotic Virus","Omamori"],"acts_visited":["Exordium","TheCity","TheBeyond"],"potions_floor_usage":[37],"damage_taken":[{"damage":0.0,"enemies":"Small Slimes","floor":1.0,"turns":1.0},{"damage":4.0,"enemies":"Jaw Worm","floor":3.0,"turns":2.0},{"damage":5.0,"enemies":"Lagavulin","floor":7.0,"turns":6.0},{"damage":0.0,"enemies":"2 Louse","floor":12.0,"turns":1.0},{"damage":0.0,"enemies":"Large Slime","floor":14.0,"turns":9.0},{"damage":17.0,"enemies":"Hexaghost","floor":16.0,"turns":11.0},{"damage":23.0,"enemies":"Shell Parasite","floor":18.0,"turns":8.0},{"damage":0.0,"enemies":"Spheric Guardian","floor":22.0,"turns":5.0},{"damage":32.0,"enemies":"Book of Stabbing","floor":23.0,"turns":8.0},{"damage":18.0,"enemies":"Chosen and Byrds","floor":25.0,"turns":8.0},{"damage":18.0,"enemies":"Snecko","floor":27.0,"turns":10.0},{"damage":6.0,"enemies":"Centurion and Healer","floor":28.0,"turns":16.0},{"damage":24.0,"enemies":"Slavers","floor":31.0,"turns":6.0},{"damage":26.0,"enemies":"Champ","floor":33.0,"turns":12.0},{"damage":17.0,"enemies":"3 Darklings","floor":35.0,"turns":6.0},{"damage":12.0,"enemies":"3 Shapes","floor":36.0,"turns":5.0},{"damage":0,"enemies":"Jaw Worm Horde","floor":37,"turns":1},{"damage":19,"enemies":"3 Darklings","floor":39,"turns":8},{"damage":49,"enemies":"Reptomancer","floor":40,"turns":6}],"seed_played":"8833210206598683822","potions_obtained":[{"floor":3.0,"key":"SpeedPotion"},{"floor":12.0,"key":"Block Potion"},{"floor":14.0,"key":"ColorlessPotion"},{"floor":18.0,"key":"EntropicBrew"},{"floor":25.0,"key":"PotionOfCapacity"},{"floor":36.0,"key":"SmokeBomb"}],"is_trial":false,"path_per_floor":["M","?","M","?","?","R","E","R","T","?","R","M","$","M","R","B",null,"M","?","?","?","M","E","?","M","T","M","M","R","?","E","R","B",null,"M","M","M","$","M","E"],"character_chosen":"DEFECT","items_purchased":["Echo Form","Self Repair","Toolbox","Symbiotic Virus","Omamori"],"campfire_rested":1,"item_purchase_floors":[13,38,38,38,38],"current_hp_per_floor":[75,64,60,60,45,45,40,40,40,40,40,40,40,40,40,23,75,52,75,75,75,77,47,47,31,31,13,22,76,76,54,54,28,78,63,53,53,53,48,0,0],"gold":70,"neow_bonus":"","is_daily":true,"chose_seed":false,"campfire_upgraded":5,"win_rate":0.0,"timestamp":1608026999,"path_taken":["M","?","M","?","?","R","E","R","T","?","R","M","$","M","R","BOSS","M","?","?","?","M","E","?","M","T","M","M","R","?","E","R","BOSS","M","?","M","$","M","E"],"items_purchased_type":["Card","Card","Relic","Relic","Relic"],"build_version":"2020-12-13","purchased_purges":0,"victory":false,"max_hp_per_floor":[75,75,75,75,75,75,75,75,75,75,75,75,75,75,75,75,75,75,75,75,75,77,79,79,81,81,81,81,76,76,78,78,78,78,80,82,82,82,82,82,82],"card_choices":[{"not_picked":["Stack","Reinforced Body"],"picked":"Cold Snap","floor":1.0},{"not_picked":["Consume","Redo"],"picked":"Leap","floor":3.0},{"not_picked":["Rebound","Gash"],"picked":"Chill","floor":7.0},{"not_picked":["Gash","Redo","Rebound"],"picked":"SKIP","floor":12.0},{"not_picked":["Redo","Sweeping Beam"],"picked":"Glacier","floor":14.0},{"not_picked":["Echo Form","Reboot"],"picked":"Creative AI","floor":16.0},{"not_picked":["Barrage+1","Capacitor+1"],"picked":"Chaos","floor":18.0},{"not_picked":["Lockon","Steam","Beam Cell"],"picked":"Singing Bowl","floor":22.0},{"not_picked":["Steam","Beam Cell","Hyperbeam"],"picked":"Singing Bowl","floor":23.0},{"not_picked":["Rip and Tear","Double Energy","Rebound"],"picked":"Singing Bowl","floor":25.0},{"not_picked":["Turbo+1","Coolheaded+1"],"picked":"Go for the Eyes+1","floor":27.0},{"not_picked":["Beam Cell","Stack+1"],"picked":"White Noise+1","floor":28.0},{"not_picked":["Undo+1","Beam Cell","Turbo+1"],"picked":"Singing Bowl","floor":31.0},{"not_picked":["Reboot+1","Meteor Strike"],"picked":"Rainbow+1","floor":33.0},{"not_picked":["Streamline+1","Force Field+1","Go for the Eyes"],"picked":"Singing Bowl","floor":35.0},{"not_picked":["Redo+1","Beam Cell","FTL"],"picked":"Singing Bowl","floor":36.0},{"not_picked":["Heatsinks","Compile Driver+1"],"picked":"Stack+1","floor":39}],"player_experience":201092,"relics_obtained":[{"floor":7.0,"key":"Shuriken"},{"floor":9.0,"key":"The Courier"},{"floor":23.0,"key":"War Paint"},{"floor":26.0,"key":"Toxic Egg 2"},{"floor":31.0,"key":"Bottled Flame"}],"event_choices":[{"damage_healed":0.0,"max_hp_gain":0.0,"max_hp_loss":0.0,"gold_gain":75.0,"event_name":"World of Goop","player_choice":"Gather Gold","floor":2.0,"gold_loss":0.0,"damage_taken":11.0},{"damage_healed":0.0,"max_hp_gain":0.0,"max_hp_loss":0.0,"gold_gain":0.0,"event_name":"Liars Game","player_choice":"Ignored","floor":4.0,"gold_loss":0.0,"damage_taken":0.0},{"damage_healed":0.0,"max_hp_gain":0.0,"max_hp_loss":0.0,"gold_gain":0.0,"event_name":"Shining Light","player_choice":"Entered Light","floor":5.0,"gold_loss":0.0,"damage_taken":15.0,"cards_upgraded":["Forethought","Cold Snap"]},{"damage_healed":0.0,"max_hp_gain":0.0,"max_hp_loss":0.0,"gold_gain":0.0,"event_name":"Living Wall","player_choice":"Grow","floor":10.0,"gold_loss":0.0,"damage_taken":0.0,"cards_upgraded":["Leap"]},{"damage_healed":25.0,"max_hp_gain":0.0,"max_hp_loss":0.0,"gold_gain":0.0,"event_name":"The Library","player_choice":"Heal","floor":19.0,"gold_loss":0.0,"damage_taken":0.0},{"damage_healed":0.0,"max_hp_gain":0.0,"max_hp_loss":0.0,"gold_gain":0.0,"event_name":"The Mausoleum","player_choice":"Opened","floor":20.0,"gold_loss":0.0,"damage_taken":0.0,"relics_obtained":["Singing Bowl"],"cards_obtained":["Writhe"]},{"damage_healed":0.0,"max_hp_gain":0.0,"max_hp_loss":0.0,"gold_gain":0.0,"event_name":"Back to Basics","player_choice":"Simplicity","floor":21.0,"gold_loss":0.0,"damage_taken":0.0,"cards_upgraded":["Strike_B","Strike_B","Strike_B","Strike_B","Defend_B","Defend_B","Defend_B","Defend_B"]},{"damage_healed":0.0,"max_hp_gain":0.0,"max_hp_loss":0.0,"gold_gain":0.0,"event_name":"Ghosts","player_choice":"Ignored","floor":24.0,"gold_loss":0.0,"damage_taken":0.0},{"damage_healed":0.0,"max_hp_gain":0.0,"max_hp_loss":0.0,"gold_gain":0.0,"event_name":"Accursed Blacksmith","player_choice":"Rummage","floor":30.0,"gold_loss":0.0,"damage_taken":0.0,"relics_obtained":["WarpedTongs"],"cards_obtained":["Pain"]}],"is_beta":false,"boss_relics":[{"not_picked":["Runic Dome","SlaversCollar"],"picked":"Inserter"},{"not_picked":["Busted Crown","Philosopher\u0027s Stone"],"picked":"SacredBark"}],"items_purged_floors":[],"is_endless":false,"potions_floor_spawned":[3,12,14,18,25,36,37],"killed_by":"Reptomancer","ascension_level":0}}