{"host":"gsgpu9obojnqwpp0","time":1608002542,"event":{"mods":["AchievementEnabler","BaseMod","Block Reminder","DeckTracker","Minty Spire (QoL Compilation)","Permanent Neow"],"gold_per_floor":[110,35,55,74,74,74,4,14,40,52,89,101,113,113],"floor_reached":13,"playtime":528,"items_purged":["Strike_R"],"score":83,"play_id":"1ef204d0-66db-4fa5-afb8-9b9f0249d83d","local_time":"20201214222222","is_ascension_mode":false,"campfire_choices":[{"data":"Metallicize","floor":6,"key":"SMITH"},{"floor":10,"key":"REST"}],"circlet_count":0,"master_deck":["Strike_R","Strike_R","Strike_R","Defend_R","Defend_R","Defend_R","Defend_R","Bash","Trip","Metallicize+1","Headbutt","Warcry","Fire Breathing","Body Slam","Reaper"],"relics":["Burning Blood","MawBank","Lantern","Mercury Hourglass"],"acts_visited":["Exordium"],"potions_floor_usage":[11,11],"damage_taken":[{"damage":5,"enemies":"Cultist","floor":1,"turns":4},{"damage":7,"enemies":"Small Slimes","floor":3,"turns":5},{"damage":12,"enemies":"Jaw Worm","floor":4,"turns":4},{"damage":21,"enemies":"Lots of Slimes","floor":8,"turns":8},{"damage":70,"enemies":"Lagavulin","floor":11,"turns":13},{"damage":34,"enemies":"Gremlin Nob","floor":13,"turns":5}],"seed_played":"-3745592523753740846","potions_obtained":[{"floor":1,"key":"BloodPotion"},{"floor":8,"key":"Regen Potion"}],"is_trial":false,"path_per_floor":["M","$","M","M","?","R","$","M","T","R","E","T","E"],"character_chosen":"IRONCLAD","items_purchased":["Fire Breathing"],"campfire_rested":1,"item_purchase_floors":[7],"current_hp_per_floor":[80,80,79,73,73,73,73,58,58,80,44,44,16,16],"gold":113,"neow_bonus":"RANDOM_COLORLESS","is_daily":false,"chose_seed":false,"campfire_upgraded":1,"win_rate":0.0,"timestamp":1608002542,"path_taken":["M","$","?","M","?","R","?","?","T","R","E","?","E"],"items_purchased_type":["Card"],"build_version":"2020-12-13","purchased_purges":1,"victory":false,"max_hp_per_floor":[80,80,80,80,80,80,80,80,80,80,80,80,80,80],"card_choices":[{"not_picked":["Purity","Swift Strike"],"picked":"Trip","floor":0},{"not_picked":["True Grit","Heavy Blade"],"picked":"Metallicize","floor":1},{"not_picked":["Feel No Pain","Rage"],"picked":"Headbutt","floor":3},{"not_picked":["Sword Boomerang","Armaments"],"picked":"Warcry","floor":4},{"not_picked":["Clash","Thunderclap"],"picked":"Body Slam","floor":8},{"not_picked":["Cleave","Flex"],"picked":"Reaper","floor":11}],"player_experience":232179,"relics_obtained":[{"floor":9,"key":"MawBank"},{"floor":11,"key":"Lantern"},{"floor":12,"key":"Mercury Hourglass"}],"event_choices":[{"cards_removed":["Strike_R"],"damage_healed":0,"gold_gain":0,"player_choice":"Forget","damage_taken":0,"max_hp_gain":0,"max_hp_loss":0,"event_name":"Living Wall","floor":5,"gold_loss":0}],"is_beta":false,"boss_relics":[],"items_purged_floors":[2],"is_endless":false,"potions_floor_spawned":[1,8],"killed_by":"Gremlin Nob","ascension_level":0}}