{"host":"sav7uxregyirlf69","time":1608015881,"event":{"mods":["AchievementEnabler","BaseMod","Colored Map","DeckTracker","Keyboard Shortcuts","Minty Spire (QoL Compilation)","READ ME - Guardian Mod","StSLib","SuperFastMode"],"gold_per_floor":[115,115,131,131,151,151,151,151,151,151,53,69,88,123,123,217,217,240,112,132,32,32,32,50,50,50],"floor_reached":25,"playtime":530,"items_purged":["Strike_R","Strike_R"],"score":452,"play_id":"75d57518-2753-49a9-968e-c6c38f79f572","local_time":"20201215160441","is_ascension_mode":true,"campfire_choices":[{"data":"Barricade","floor":6.0,"key":"SMITH"},{"floor":8.0,"key":"REST"},{"data":"Ghostly Armor","floor":10.0,"key":"SMITH"},{"data":"Body Slam","floor":15.0,"key":"SMITH"},{"data":"Disarm","floor":23,"key":"SMITH"}],"circlet_count":0,"master_deck":["AscendersBane","Strike_R","Defend_R","Defend_R","Defend_R","Defend_R","Bash","Barricade+1","Ghostly Armor+1","Entrench+1","Body Slam+1","Burning Pact","Disarm+1","Metallicize","Clash"],"relics":["Burning Blood","Golden Idol","Dead Branch","StrikeDummy","Nunchaku","Runic Pyramid"],"acts_visited":["Exordium","TheCity"],"potions_floor_usage":[25],"damage_taken":[{"damage":23.0,"enemies":"Cultist","floor":1.0,"turns":5.0},{"damage":1.0,"enemies":"2 Louse","floor":3.0,"turns":3.0},{"damage":3.0,"enemies":"Small Slimes","floor":5.0,"turns":4.0},{"damage":5.0,"enemies":"Exordium Thugs","floor":12.0,"turns":7.0},{"damage":16.0,"enemies":"Blue Slaver","floor":13.0,"turns":5.0},{"damage":32.0,"enemies":"Gremlin Nob","floor":14.0,"turns":4.0},{"damage":14.0,"enemies":"The Guardian","floor":16.0,"turns":14.0},{"damage":26,"enemies":"Spheric Guardian","floor":18,"turns":14},{"damage":13,"enemies":"3 Byrds","floor":20,"turns":5},{"damage":3,"enemies":"Snake Plant","floor":24,"turns":7},{"damage":57,"enemies":"Slavers","floor":25,"turns":3}],"seed_played":"-5756538059514124162","potions_obtained":[{"floor":5.0,"key":"DistilledChaos"},{"floor":12.0,"key":"Strength Potion"},{"floor":13.0,"key":"Weak Potion"}],"is_trial":false,"path_per_floor":["M","?","M","?","M","R","?","R","T","R","?","M","M","E","R","B",null,"M","$","M","$","?","R","M","E"],"character_chosen":"IRONCLAD","items_purchased":["BloodPotion"],"campfire_rested":1,"item_purchase_floors":[19],"current_hp_per_floor":[51,56,61,36,39,39,39,60,60,60,60,61,51,25,25,17,59,39,39,32,32,32,32,35,0,0],"gold":50,"neow_bonus":"THREE_RARE_CARDS","is_daily":false,"chose_seed":false,"campfire_upgraded":4,"win_rate":0.0,"timestamp":1608015881,"path_taken":["M","?","M","?","M","R","?","R","T","R","?","M","M","E","R","BOSS","M","?","M","$","?","R","M","E"],"items_purchased_type":["Potion"],"build_version":"2020-12-13","purchased_purges":2,"victory":false,"max_hp_per_floor":[68,73,73,73,73,73,73,73,73,73,73,73,73,73,73,73,73,73,73,73,73,73,73,73,73,73],"card_choices":[{"not_picked":["Demon Form","Brutality"],"picked":"Barricade","floor":0.0},{"not_picked":["Pommel Strike","Perfected Strike"],"picked":"Ghostly Armor","floor":1.0},{"not_picked":["Iron Wave","Heavy Blade","Clash"],"picked":"SKIP","floor":3.0},{"not_picked":["Iron Wave","Heavy Blade","Clash"],"picked":"SKIP","floor":3.0},{"not_picked":["Perfected Strike","Twin Strike"],"picked":"Entrench","floor":5.0},{"not_picked":["Combust","Shrug It Off"],"picked":"Body Slam","floor":12.0},{"not_picked":["Entrench","Dark Embrace"],"picked":"Burning Pact","floor":13.0},{"not_picked":["Thunderclap","Iron Wave","Infernal Blade"],"picked":"SKIP","floor":14.0},{"not_picked":["Sword Boomerang","Warcry","Clash"],"picked":"SKIP","floor":18},{"not_picked":["Perfected Strike","Inflame"],"picked":"Disarm","floor":20},{"not_picked":["Bludgeon","Cleave","Headbutt"],"picked":"SKIP","floor":24}],"player_experience":910282,"relics_obtained":[{"floor":9.0,"key":"Dead Branch"},{"floor":14.0,"key":"Nunchaku"}],"event_choices":[{"damage_healed":0.0,"max_hp_gain":5.0,"max_hp_loss":0.0,"gold_gain":0.0,"event_name":"Big Fish","player_choice":"Donut","floor":2.0,"gold_loss":0.0,"damage_taken":0.0},{"damage_healed":0.0,"max_hp_gain":0.0,"max_hp_loss":0.0,"gold_gain":0.0,"event_name":"Golden Idol","player_choice":"Take Damage","floor":4.0,"gold_loss":0.0,"damage_taken":25.0,"relics_obtained":["Golden Idol"]},{"damage_healed":0.0,"max_hp_gain":0.0,"max_hp_loss":0.0,"gold_gain":0.0,"event_name":"Living Wall","player_choice":"Grow","floor":7.0,"gold_loss":0.0,"damage_taken":0.0,"cards_upgraded":["Entrench"]},{"damage_healed":0.0,"max_hp_gain":0.0,"max_hp_loss":0.0,"gold_gain":0.0,"event_name":"WeMeetAgain","player_choice":"Paid Gold","floor":11.0,"gold_loss":98.0,"damage_taken":0.0,"relics_obtained":["StrikeDummy"]},{"damage_healed":0,"gold_gain":0,"cards_transformed":["Strike_R","Strike_R"],"player_choice":"Became Test Subject","damage_taken":0,"max_hp_gain":0,"max_hp_loss":0,"event_name":"Drug Dealer","floor":22,"gold_loss":0,"cards_obtained":["Metallicize","Clash"]}],"is_beta":false,"boss_relics":[{"not_picked":["Runic Cube","Mark of Pain"],"picked":"Runic Pyramid"}],"items_purged_floors":[19,21],"is_endless":false,"potions_floor_spawned":[5,12,13],"killed_by":"Slavers","ascension_level":20}}