{"host":"0fm1w3v00gid44jl","time":1608005178,"event":{"mods":["AchievementEnabler","BaseMod","Colored Map","Colored Powertips","Displayed Cursed Tome","Downfall","Googly Eyes","Highlight Path","Minty Spire (QoL Compilation)","Permanent Neow","Relic Stats","StSLib","SuperFastMode","slay the spire mod where everything is the same but ironclad has a cowboy hat"],"gold_per_floor":[99,99,99,99,99,119,119,145,145,177,190,290,1,20,37,37,37],"floor_reached":16,"playtime":547,"items_purged":["champ:Strike"],"score":108,"play_id":"5ce4d36c-7c31-4da4-8116-ca73c76d58be","local_time":"20201214220618","is_ascension_mode":false,"campfire_choices":[{"data":"champ:DefensiveShout","floor":1,"key":"SMITH"},{"data":"champ:Taunt","floor":4,"key":"SMITH"},{"data":"champ:TornadoPunch","floor":9,"key":"SMITH"}],"circlet_count":0,"master_deck":["champ:Strike","champ:Strike","champ:Strike","champ:Defend","champ:Defend","champ:Defend","champ:Defend","champ:Execute","champ:Taunt+1","champ:DefensiveShout+1","champ:FlashCut","champ:TornadoPunch+1","champ:IgnorePain","champ:Backstep","champ:Riposte","champ:AdrenalArmor","champ:Aggression","champ:BerserkersShout"],"relics":["champ:ChampionCrown","Shuriken","Turnip","Ornamental Fan","Bag of Preparation","Peace Pipe","MealTicket"],"acts_visited":["Exordium"],"potions_floor_usage":[],"damage_taken":[{"damage":9,"enemies":"Cultist","floor":6,"turns":3},{"damage":34,"enemies":"3 Sentries","floor":8,"turns":10},{"damage":44,"enemies":"Lagavulin","floor":10,"turns":6},{"damage":0,"enemies":"2 Louse","floor":11,"turns":1},{"damage":8,"enemies":"downfall:FleeingMerchant","floor":13,"turns":4},{"damage":3,"enemies":"Jaw Worm","floor":14,"turns":3},{"damage":7,"enemies":"Blue Slaver","floor":15,"turns":3},{"damage":0,"enemies":"downfall:Ironclad","floor":16,"turns":1}],"seed_played":"-2611008444013419054","potions_obtained":[{"floor":11,"key":"SteroidPotion"}],"is_trial":false,"path_per_floor":["R","T","?","R","?","M","T","E","R","E","M","?","$","M","M","B"],"character_chosen":"THE_CHAMP","items_purchased":["champ:AdrenalArmor","MealTicket"],"campfire_rested":0,"item_purchase_floors":[13,13],"current_hp_per_floor":[90,90,90,90,83,79,79,60,60,21,21,21,21,20,20,20,20],"gold":37,"neow_bonus":"THREE_CARDS","is_daily":false,"chose_seed":false,"campfire_upgraded":3,"win_rate":0.0,"timestamp":1608005178,"path_taken":["R","?","?","R","?","M","T","E","R","E","M","?","$","M","M","BOSS"],"items_purchased_type":["Card","Relic"],"build_version":"2020-12-13","purchased_purges":1,"victory":false,"max_hp_per_floor":[90,90,90,90,90,90,90,90,90,90,90,90,90,90,90,90,90],"relic_stats":{"Peace Pipe":0,"counters":[8,31],"Shuriken":[0],"Ornamental Fan":[0],"MealTicket":0,"Turnip":[0],"Bag of Preparation":[12],"obtain_stats":[{"Peace Pipe":10,"Shuriken":2,"Ornamental Fan":7,"champ:ChampionCrown":0,"MealTicket":13,"Turnip":5,"Bag of Preparation":8},{"Peace Pipe":3,"Shuriken":0,"Ornamental Fan":1,"champ:ChampionCrown":0,"MealTicket":5,"Turnip":0,"Bag of Preparation":2},{"Peace Pipe":19,"Shuriken":0,"Ornamental Fan":3,"champ:ChampionCrown":0,"MealTicket":24,"Turnip":0,"Bag of Preparation":13}]},"card_choices":[{"not_picked":["champ:StanceDance","champ:Backstep"],"picked":"champ:DefensiveShout","floor":0},{"not_picked":["champ:CrookedStrike","champ:GladiatorStyle"],"picked":"champ:FlashCut","floor":6},{"not_picked":["champ:FaceSlap","champ:CrookedStrike"],"picked":"champ:TornadoPunch","floor":8},{"not_picked":["champ:Encircle","champ:StanceDance"],"picked":"champ:IgnorePain","floor":10},{"not_picked":["champ:Haymaker","champ:GladiatorsShout"],"picked":"champ:Backstep","floor":11},{"not_picked":["champ:ShieldWall","champ:Encircle"],"picked":"champ:Riposte","floor":13},{"not_picked":["champ:PreciseThrust","champ:ShieldWall"],"picked":"champ:Aggression","floor":14},{"not_picked":["champ:Haymaker","champ:PerfectedStrike"],"picked":"champ:BerserkersShout","floor":15}],"player_experience":1233917,"relics_obtained":[{"floor":2,"key":"Shuriken"},{"floor":7,"key":"Ornamental Fan"},{"floor":8,"key":"Bag of Preparation"},{"floor":10,"key":"Peace Pipe"}],"event_choices":[{"damage_healed":0,"gold_gain":0,"player_choice":"Success","damage_taken":7,"relics_obtained":["Turnip"],"max_hp_gain":0,"max_hp_loss":0,"event_name":"Scrap Ooze","floor":5,"gold_loss":0}],"is_beta":false,"boss_relics":[],"items_purged_floors":[13],"is_endless":false,"potions_floor_spawned":[11],"killed_by":"downfall:Ironclad","ascension_level":0}}