{"host":"wukocnei7dgudpva","time":1608074044,"event":{"mods":["AchievementEnabler","BaseMod","Colored Map","Minty Spire (QoL Compilation)","Permanent Neow","StSLib","SuperFastMode"],"gold_per_floor":[112,112,112,34,53,53,119,129,129,202,127,147,147,175,175,280,280,297,315,326,344,394,394,413,476,557,457,507,134,134,202,202,306,306,325,386,346,120,136,136,152,219,272,272,266,286,305,319,319,319,319,319,16,44,44],"floor_reached":56,"playtime":4774,"items_purged":["Strike_P","Defend_P","Defend_P","Defend_P","Strike_P+1"],"score":1205,"play_id":"346ce0de-42c8-464c-9c3b-e47f9e0a5175","local_time":"20201216081404","is_ascension_mode":false,"campfire_choices":[{"floor":6.0,"key":"REST"},{"floor":13.0,"key":"REST"},{"data":"Adaptation","floor":15.0,"key":"SMITH"},{"data":"Vigilance","floor":23.0,"key":"SMITH"},{"floor":30.0,"key":"REST"},{"floor":32.0,"key":"REST"},{"floor":40.0,"key":"REST"},{"floor":44.0,"key":"REST"},{"floor":49.0,"key":"RECALL"},{"data":"MentalFortress","floor":52.0,"key":"SMITH"}],"circlet_count":0,"master_deck":["Eruption+1","Vigilance+1","FearNoEvil+1","Adaptation+1","MentalFortress+1","MentalFortress+1"],"relics":["VioletLotus","SsserpentHead","Toy Ornithopter","TungstenRod","Empty Cage","Bottled Tornado","Pantograph","Whetstone","Vajra","Art of War"],"acts_visited":["Exordium","TheCity","TheBeyond","TheEnding"],"potions_floor_usage":[55],"damage_taken":[{"damage":3.0,"enemies":"Small Slimes","floor":1.0,"turns":3.0},{"damage":1.0,"enemies":"Jaw Worm","floor":5.0,"turns":5.0},{"damage":0.0,"enemies":"Cultist","floor":7.0,"turns":2.0},{"damage":4.0,"enemies":"Exordium Thugs","floor":8.0,"turns":4.0},{"damage":12.0,"enemies":"Exordium Wildlife","floor":12.0,"turns":4.0},{"damage":15.0,"enemies":"3 Sentries","floor":14.0,"turns":4.0},{"damage":22.0,"enemies":"The Guardian","floor":16.0,"turns":15.0},{"damage":0.0,"enemies":"Chosen","floor":18.0,"turns":4.0},{"damage":0.0,"enemies":"2 Thieves","floor":19.0,"turns":4.0},{"damage":8.0,"enemies":"3 Cultists","floor":20.0,"turns":5.0},{"damage":11.0,"enemies":"Snake Plant","floor":21.0,"turns":3.0},{"damage":5.0,"enemies":"Shelled Parasite and Fungi","floor":24.0,"turns":5.0},{"damage":10.0,"enemies":"Cultist and Chosen","floor":25.0,"turns":6.0},{"damage":20.0,"enemies":"Snake Plant","floor":31.0,"turns":4.0},{"damage":67.0,"enemies":"Champ","floor":33.0,"turns":12.0},{"damage":29.0,"enemies":"3 Shapes","floor":35.0,"turns":7.0},{"damage":11.0,"enemies":"Orb Walker","floor":36.0,"turns":4.0},{"damage":18.0,"enemies":"4 Shapes","floor":39.0,"turns":5.0},{"damage":11.0,"enemies":"Spire Growth","floor":41.0,"turns":4.0},{"damage":0.0,"enemies":"Maw","floor":42.0,"turns":7.0},{"damage":11.0,"enemies":"Sphere and 2 Shapes","floor":46.0,"turns":5.0},{"damage":10.0,"enemies":"3 Darklings","floor":47.0,"turns":4.0},{"damage":14.0,"enemies":"Transient","floor":48.0,"turns":5.0},{"damage":47.0,"enemies":"Time Eater","floor":50.0,"turns":11.0},{"damage":0.0,"enemies":"Shield and Spear","floor":54.0,"turns":2.0},{"damage":57,"enemies":"The Heart","floor":55,"turns":7}],"seed_played":"-2302470219731806641","potions_obtained":[{"floor":1.0,"key":"SpeedPotion"},{"floor":5.0,"key":"FairyPotion"},{"floor":12.0,"key":"Fire Potion"},{"floor":18.0,"key":"SpeedPotion"},{"floor":24.0,"key":"Fire Potion"},{"floor":25.0,"key":"SkillPotion"},{"floor":35.0,"key":"Strength Potion"},{"floor":46.0,"key":"SteroidPotion"},{"floor":47.0,"key":"SteroidPotion"},{"floor":48.0,"key":"PowerPotion"}],"is_trial":false,"path_per_floor":["M","?","?","$","M","R","M","M","T","T","$","M","R","E","R","B",null,"M","M","M","M","?","R","M","M","T","$","?","$","R","M","R","B",null,"M","M","?","$","M","R","M","M","T","R","?","M","M","M","R","B",null,"R","$","E","B",null],"character_chosen":"WATCHER","items_purchased":["FearNoEvil","Pantograph","MentalFortress","FearPotion","EssenceOfSteel"],"campfire_rested":6,"item_purchase_floors":[4,29,38,53,53],"current_hp_per_floor":[69,55,55,55,54,72,72,68,68,68,68,56,72,61,61,39,72,72,72,64,53,53,53,48,43,43,43,43,43,64,49,70,5,72,43,37,37,37,19,40,29,29,29,50,50,39,34,25,25,8,72,72,72,72,15],"gold":44,"neow_bonus":"BOSS_RELIC","is_daily":false,"chose_seed":false,"campfire_upgraded":3,"win_rate":0.0,"timestamp":1608074044,"path_taken":["M","?","?","$","M","R","?","M","T","?","$","M","R","E","R","BOSS","M","M","M","M","?","R","M","?","T","$","?","$","R","?","R","BOSS","M","?","?","$","M","R","M","?","T","R","?","M","M","M","R","BOSS","R","$","E","BOSS"],"items_purchased_type":["Card","Relic","Card","Potion","Potion"],"build_version":"2020-12-13","purchased_purges":5,"victory":true,"max_hp_per_floor":[72,72,72,72,72,72,72,72,72,72,72,72,72,72,72,72,72,72,72,72,72,72,72,72,72,72,72,72,72,72,72,72,72,72,72,72,72,72,72,72,72,72,72,72,72,72,72,72,72,72,72,72,72,72,72],"card_choices":[{"not_picked":["Collect","Halt","ClearTheMind"],"picked":"SKIP","floor":1.0},{"not_picked":["BowlingBash","FearNoEvil","Prostrate"],"picked":"SKIP","floor":5.0},{"not_picked":["JustLucky","ThirdEye","Sanctity"],"picked":"SKIP","floor":7.0},{"not_picked":["EmptyBody","Perseverance"],"picked":"Adaptation","floor":8.0},{"not_picked":["Prostrate","WaveOfTheHand","Establishment"],"picked":"SKIP","floor":12.0},{"not_picked":["EmptyBody","ThirdEye","Protect"],"picked":"SKIP","floor":14.0},{"not_picked":["ForeignInfluence","EmptyFist","FollowUp+1"],"picked":"SKIP","floor":18.0},{"not_picked":["DeceiveReality","TalkToTheHand","Protect"],"picked":"SKIP","floor":19.0},{"not_picked":["Halt","ThirdEye","InnerPeace"],"picked":"SKIP","floor":20.0},{"not_picked":["ThirdEye","SignatureMove","Fasting2"],"picked":"SKIP","floor":21.0},{"not_picked":["ForeignInfluence","FlyingSleeves+1","SignatureMove"],"picked":"SKIP","floor":24.0},{"not_picked":["Fasting2","Meditate","EmptyFist"],"picked":"SKIP","floor":25.0},{"not_picked":["BowlingBash+1","MasterReality","JustLucky"],"picked":"SKIP","floor":31.0},{"not_picked":["Perseverance","Prostrate"],"picked":"MentalFortress","floor":35.0},{"not_picked":["EmptyFist+1","Protect+1","Halt+1"],"picked":"SKIP","floor":36.0},{"not_picked":["MentalFortress","Sanctity+1","Collect"],"picked":"SKIP","floor":39.0},{"not_picked":["FlurryOfBlows","BattleHymn","InnerPeace"],"picked":"SKIP","floor":41.0},{"not_picked":["Tantrum+1","SandsOfTime+1","Establishment"],"picked":"SKIP","floor":42.0},{"not_picked":["Sanctity","CutThroughFate+1","PathToVictory+1"],"picked":"SKIP","floor":46.0},{"not_picked":["BattleHymn","WindmillStrike+1","CrushJoints"],"picked":"SKIP","floor":47.0},{"not_picked":["FlurryOfBlows","EmptyFist","ReachHeaven+1"],"picked":"SKIP","floor":48.0},{"not_picked":["ReachHeaven","FlyingSleeves+1","Conclude+1"],"picked":"SKIP","floor":54.0}],"player_experience":237738,"relics_obtained":[{"floor":10.0,"key":"Toy Ornithopter"},{"floor":14.0,"key":"TungstenRod"},{"floor":26.0,"key":"Bottled Tornado"},{"floor":43.0,"key":"Whetstone"},{"floor":54.0,"key":"Art of War"}],"event_choices":[{"damage_healed":0.0,"max_hp_gain":0.0,"max_hp_loss":0.0,"gold_gain":0.0,"event_name":"Shining Light","player_choice":"Entered Light","floor":2.0,"gold_loss":0.0,"damage_taken":14.0,"cards_upgraded":["Strike_P","Eruption"]},{"damage_healed":0.0,"max_hp_gain":0.0,"max_hp_loss":0.0,"gold_gain":0.0,"event_name":"FaceTrader","player_choice":"Trade","floor":3.0,"gold_loss":0.0,"damage_taken":0.0,"relics_obtained":["SsserpentHead"]},{"damage_healed":0.0,"max_hp_gain":0.0,"max_hp_loss":0.0,"gold_gain":0.0,"event_name":"Match and Keep!","player_choice":"0 cards matched","floor":22.0,"gold_loss":0.0,"damage_taken":0.0,"cards_obtained":[]},{"damage_healed":0.0,"max_hp_gain":0.0,"max_hp_loss":0.0,"gold_gain":0.0,"event_name":"Match and Keep!","player_choice":"0 cards matched","floor":28.0,"gold_loss":0.0,"damage_taken":0.0,"cards_obtained":[]},{"cards_removed":["Strike_P"],"damage_healed":0.0,"max_hp_gain":0.0,"max_hp_loss":0.0,"gold_gain":0.0,"event_name":"Designer","player_choice":"Upgrade and Remove","floor":37.0,"gold_loss":90.0,"damage_taken":0.0,"cards_upgraded":["MentalFortress"]},{"damage_healed":0.0,"max_hp_gain":0.0,"max_hp_loss":0.0,"gold_gain":0.0,"event_name":"WeMeetAgain","player_choice":"Paid Gold","floor":45.0,"gold_loss":56.0,"damage_taken":0.0,"relics_obtained":["Vajra"]}],"is_beta":false,"boss_relics":[{"not_picked":["SlaversCollar","Sozu"],"picked":"Empty Cage"},{"not_picked":["Fusion Hammer","Snecko Eye","Astrolabe"]}],"items_purged_floors":[11,27,29,38,53],"is_endless":false,"potions_floor_spawned":[1,5,12,18,24,25,35,46,47,48],"ascension_level":0}}