{"host":"9anmc1688xy4jiyg","time":1608054432,"event":{"mods":["AchievementEnabler","BaseMod","Highlight Path","Minty Spire (QoL Compilation)","Relic Stats","StSLib","ojb\u0027s Info Mod"],"gold_per_floor":[119,119,132,57,57,83,54,54,54,86,104,104,122,141,141,141,141],"floor_reached":16,"playtime":1762,"items_purged":["Strike_R"],"score":209,"play_id":"25eaaa12-7ae7-4e32-8317-0a7d0cc26950","local_time":"20201215184712","is_ascension_mode":true,"campfire_choices":[{"data":"Armaments","floor":8,"key":"SMITH"},{"data":"Flame Barrier","floor":12,"key":"SMITH"},{"floor":15,"key":"REST"}],"circlet_count":0,"master_deck":["AscendersBane","Strike_R","Strike_R","Strike_R","Strike_R","Defend_R","Defend_R","Defend_R","Defend_R","Bash","Master of Strategy","Anger+1","Armaments+1","Double Tap","Twin Strike","Flame Barrier+1","Intimidate","Body Slam","Warcry"],"relics":["Burning Blood","Eternal Feather","Blue Candle","Ancient Tea Set","Bronze Scales"],"acts_visited":["Exordium"],"potions_floor_usage":[6,10],"damage_taken":[{"damage":14,"enemies":"Jaw Worm","floor":1,"turns":3},{"damage":4,"enemies":"2 Louse","floor":3,"turns":3},{"damage":18,"enemies":"Lagavulin","floor":6,"turns":6},{"damage":45,"enemies":"Gremlin Nob","floor":10,"turns":5},{"damage":0,"enemies":"Cultist","floor":11,"turns":2},{"damage":13,"enemies":"Lots of Slimes","floor":13,"turns":4},{"damage":4,"enemies":"Exordium Thugs","floor":14,"turns":4},{"damage":67,"enemies":"Slime Boss","floor":16,"turns":8}],"seed_played":"9128111882730048828","potions_obtained":[{"floor":3,"key":"Block Potion"},{"floor":6,"key":"Ancient Potion"}],"is_trial":false,"path_per_floor":["M","?","M","$","?","E","$","R","T","E","M","R","M","M","R","B"],"character_chosen":"IRONCLAD","items_purchased":["Twin Strike"],"campfire_rested":1,"item_purchase_floors":[7],"current_hp_per_floor":[60,60,62,62,57,45,45,54,54,15,21,30,23,25,54,0,0],"gold":141,"neow_bonus":"RANDOM_COLORLESS_2","is_daily":false,"chose_seed":false,"campfire_upgraded":2,"win_rate":0.0,"timestamp":1608054432,"path_taken":["M","?","M","$","?","E","?","R","T","E","M","R","?","?","R","BOSS"],"items_purchased_type":["Card"],"build_version":"2020-12-13","purchased_purges":1,"victory":false,"max_hp_per_floor":[68,68,68,68,68,68,68,68,68,68,68,68,68,68,68,68,68],"relic_stats":{"counters":[8,35],"Blue Candle":[0],"Bronze Scales":[35],"Eternal Feather":27,"obtain_stats":[{"Blue Candle":6,"Bronze Scales":10,"Eternal Feather":5,"Ancient Tea Set":9,"Burning Blood":0},{"Blue Candle":3,"Bronze Scales":4,"Eternal Feather":2,"Ancient Tea Set":3,"Burning Blood":0},{"Blue Candle":12,"Bronze Scales":17,"Eternal Feather":6,"Ancient Tea Set":12,"Burning Blood":0}],"Burning Blood":42},"card_choices":[{"not_picked":["Violence","Secret Technique"],"picked":"Master of Strategy","floor":0},{"not_picked":["Intimidate","Clothesline"],"picked":"Anger","floor":1},{"not_picked":["Twin Strike","Clothesline"],"picked":"Armaments","floor":3},{"not_picked":["Warcry","Feel No Pain"],"picked":"Double Tap","floor":6},{"not_picked":["Dropkick","Feel No Pain"],"picked":"Flame Barrier","floor":10},{"not_picked":["Clothesline","Dark Embrace"],"picked":"Intimidate","floor":11},{"not_picked":["Heavy Blade","Clothesline"],"picked":"Body Slam","floor":13},{"not_picked":["True Grit","Flex"],"picked":"Warcry","floor":14}],"player_experience":435677,"relics_obtained":[{"floor":6,"key":"Blue Candle"},{"floor":9,"key":"Ancient Tea Set"},{"floor":10,"key":"Bronze Scales"}],"event_choices":[{"damage_healed":0,"gold_gain":0,"player_choice":"Grow","damage_taken":0,"max_hp_gain":0,"max_hp_loss":0,"event_name":"Living Wall","floor":2,"gold_loss":0,"cards_upgraded":["Anger"]},{"damage_healed":0,"gold_gain":0,"player_choice":"Success","damage_taken":5,"relics_obtained":["Eternal Feather"],"max_hp_gain":0,"max_hp_loss":0,"event_name":"Scrap Ooze","floor":5,"gold_loss":0}],"is_beta":false,"boss_relics":[],"items_purged_floors":[4],"is_endless":false,"potions_floor_spawned":[3,6],"killed_by":"Slime Boss","ascension_level":18}}