{"host":"cijwx898anu8dehj","time":1608055350,"event":{"mods":["AchievementEnabler","AlwaysNeverKeys","BaseMod","Colored Map","Colored Powertips","Highlight Path","Minty Spire (QoL Compilation)","Rare Cards Sparkle","Relic Stats","Slay-I"],"gold_per_floor":[109,109,109,123,192,192,208,243,294,519,519,569,612,75,75,213,213,246,346,156,189,248,248,298,342,368,418,418,8,43,58,58,183,183,216,266,388,415,437,489,76,76,99,151,151,184,217,269,269,269],"floor_reached":51,"playtime":3484,"items_purged":["Doubt","Strike_P","Writhe","Strike_P"],"score":1388,"play_id":"2bc18bc6-0052-4749-ab9c-222e7b94c7a4","local_time":"20201215160230","is_ascension_mode":true,"campfire_choices":[{"data":"Eruption","floor":6,"key":"SMITH"},{"floor":11,"key":"REST"},{"data":"Ragnarok","floor":15,"key":"SMITH"},{"floor":23,"key":"REST"},{"floor":28,"key":"REST"},{"data":"Apotheosis","floor":32,"key":"SMITH"},{"data":"LikeWater","floor":42,"key":"SMITH"},{"data":"Fasting2","floor":45,"key":"SMITH"},{"data":"Wireheading","floor":49,"key":"SMITH"}],"circlet_count":0,"master_deck":["Strike_P","Strike_P","Defend_P","Defend_P","Defend_P","Eruption+1","Vigilance","FearNoEvil+1","Fasting2+1","CarveReality+1","Ragnarok+1","Judgement","InnerPeace","Protect","Vault","FlyingSleeves+1","Wireheading+1","Apotheosis+1","FlyingSleeves+1","LikeWater+1","ForeignInfluence+1","FlurryOfBlows+1","SandsOfTime+1","EmptyBody+1","DeceiveReality+1","WreathOfFlame+1","ForeignInfluence+1","DeceiveReality+1"],"relics":["Velvet Choker","Golden Idol","SsserpentHead","The Courier","Smiling Mask","Lantern","Bronze Scales","CeramicFish","Incense Burner","SlaversCollar","Red Mask","Shuriken","Oddly Smooth Stone","Blood Vial","Nunchaku","Lizard Tail","HandDrill","Damaru","Black Star","FossilizedHelix","Bag of Preparation","Dream Catcher","PreservedInsect","Ice Cream","Strawberry","Juzu Bracelet","Art of War","Darkstone Periapt","Whetstone","Toy Ornithopter","Mango"],"acts_visited":["Exordium","TheCity","TheBeyond"],"potions_floor_usage":[8,19,38,50,50],"damage_taken":[{"damage":0,"enemies":"Jaw Worm","floor":1,"turns":5},{"damage":1,"enemies":"2 Louse","floor":4,"turns":2},{"damage":0,"enemies":"Cultist","floor":5,"turns":3},{"damage":0,"enemies":"Blue Slaver","floor":7,"turns":3},{"damage":10,"enemies":"3 Sentries","floor":8,"turns":6},{"damage":22,"enemies":"Lagavulin","floor":13,"turns":5},{"damage":11,"enemies":"The Guardian","floor":16,"turns":8},{"damage":14,"enemies":"2 Thieves","floor":18,"turns":4},{"damage":11,"enemies":"Masked Bandits","floor":19,"turns":5},{"damage":0,"enemies":"3 Byrds","floor":21,"turns":3},{"damage":2,"enemies":"Book of Stabbing","floor":25,"turns":4},{"damage":25,"enemies":"Slavers","floor":27,"turns":5},{"damage":0,"enemies":"Gremlin Leader","floor":30,"turns":6},{"damage":5,"enemies":"Centurion and Healer","floor":31,"turns":3},{"damage":16,"enemies":"Automaton","floor":33,"turns":7},{"damage":0,"enemies":"3 Shapes","floor":35,"turns":7},{"damage":0,"enemies":"Mind Bloom Boss Battle","floor":37,"turns":8},{"damage":6,"enemies":"3 Darklings","floor":38,"turns":7},{"damage":12,"enemies":"Transient","floor":39,"turns":6},{"damage":0,"enemies":"Reptomancer","floor":40,"turns":4},{"damage":0,"enemies":"Nemesis","floor":44,"turns":4},{"damage":0,"enemies":"Reptomancer","floor":46,"turns":4},{"damage":0,"enemies":"Spire Growth","floor":47,"turns":3},{"damage":0,"enemies":"Nemesis","floor":48,"turns":4},{"damage":23,"enemies":"Donu and Deca","floor":50,"turns":7}],"seed_played":"5398729834262681792","potions_obtained":[{"floor":4,"key":"DistilledChaos"},{"floor":7,"key":"Ancient Potion"},{"floor":13,"key":"Block Potion"},{"floor":16,"key":"AttackPotion"},{"floor":18,"key":"FairyPotion"},{"floor":25,"key":"SpeedPotion"},{"floor":30,"key":"Weak Potion"},{"floor":40,"key":"Energy Potion"}],"is_trial":false,"path_per_floor":["M","?","?","M","M","R","M","E","T","?","R","?","E","$","R","B",null,"M","?","$","M","?","R","?","E","T","E","R","$","E","M","R","B",null,"M","?","?","M","M","E","$","R","T","E","R","E","M","E","R","B",null],"character_chosen":"WATCHER","items_purchased":["Bronze Scales","CeramicFish","Incense Burner","Apotheosis","Lizard Tail","HandDrill","PreservedInsect","Ice Cream"],"campfire_rested":3,"item_purchase_floors":[14,14,14,20,29,29,41,41],"current_hp_per_floor":[65,47,47,46,46,46,46,36,36,36,57,57,35,35,35,24,60,46,35,35,35,35,56,50,48,48,25,46,46,48,45,45,31,62,64,64,66,62,52,54,54,54,61,63,63,65,67,83,83,72],"gold":269,"neow_bonus":"BOSS_RELIC","is_daily":false,"chose_seed":false,"campfire_upgraded":6,"win_rate":0.0,"timestamp":1608055350,"path_taken":["M","?","?","M","?","R","M","E","T","?","R","?","E","$","R","BOSS","M","?","$","M","?","R","?","E","T","E","R","$","E","M","R","BOSS","M","?","?","M","M","E","$","R","T","E","R","E","M","E","R","BOSS"],"items_purchased_type":["Relic","Relic","Relic","Card","Relic","Relic","Relic","Relic"],"build_version":"2020-12-13","purchased_purges":4,"victory":true,"max_hp_per_floor":[72,72,72,72,72,72,72,72,72,72,72,72,72,72,72,72,72,72,72,72,72,72,72,72,72,72,72,72,72,72,72,72,72,72,72,72,72,72,72,72,72,72,79,79,79,79,79,93,93,93],"relic_stats":{"Darkstone Periapt":0,"counters":[25,123],"Golden Idol":211,"CeramicFish":135,"PreservedInsect":160,"Bag of Preparation":[10],"Juzu Bracelet":0,"Whetstone":["CarveReality","FearNoEvil"],"Smiling Mask":160,"Blood Vial":28,"SsserpentHead":400,"Nunchaku":[13],"Lizard Tail":0,"Dream Catcher":0,"Shuriken":[24],"Bronze Scales":[217],"HandDrill":[14],"Black Star":4,"Art of War":[2],"obtain_stats":[{"Ice Cream":41,"Darkstone Periapt":46,"Lantern":13,"CeramicFish":14,"Mango":48,"Incense Burner":14,"Bag of Preparation":40,"Juzu Bracelet":44,"Whetstone":46,"Smiling Mask":9,"Blood Vial":26,"SsserpentHead":3,"Nunchaku":27,"Lizard Tail":29,"Dream Catcher":40,"Strawberry":43,"Red Mask":19,"HandDrill":29,"Golden Idol":2,"Velvet Choker":0,"Oddly Smooth Stone":25,"Damaru":30,"The Courier":8,"PreservedInsect":41,"SlaversCollar":17,"Shuriken":22,"Bronze Scales":14,"Black Star":34,"Art of War":44,"PureWater":0,"FossilizedHelix":37,"Toy Ornithopter":48},{"Ice Cream":20,"Darkstone Periapt":22,"Lantern":6,"CeramicFish":6,"Mango":24,"Incense Burner":6,"Bag of Preparation":20,"Juzu Bracelet":21,"Whetstone":22,"Smiling Mask":5,"Blood Vial":11,"SsserpentHead":1,"Nunchaku":12,"Lizard Tail":12,"Dream Catcher":20,"Strawberry":20,"Red Mask":9,"HandDrill":12,"Golden Idol":1,"Velvet Choker":0,"Oddly Smooth Stone":11,"Damaru":13,"The Courier":5,"PreservedInsect":20,"SlaversCollar":7,"Shuriken":10,"Bronze Scales":6,"Black Star":15,"Art of War":21,"PureWater":0,"FossilizedHelix":17,"Toy Ornithopter":24},{"Ice Cream":101,"Darkstone Periapt":109,"Lantern":24,"CeramicFish":24,"Mango":116,"Incense Burner":24,"Bag of Preparation":101,"Juzu Bracelet":105,"Whetstone":109,"Smiling Mask":19,"Blood Vial":48,"SsserpentHead":5,"Nunchaku":53,"Lizard Tail":53,"Dream Catcher":101,"Strawberry":101,"Red Mask":41,"HandDrill":53,"Golden Idol":5,"Velvet Choker":0,"Oddly Smooth Stone":48,"Damaru":59,"The Courier":19,"PreservedInsect":101,"SlaversCollar":32,"Shuriken":44,"Bronze Scales":24,"Black Star":69,"Art of War":105,"PureWater":0,"FossilizedHelix":84,"Toy Ornithopter":116}],"Toy Ornithopter":10},"card_choices":[{"not_picked":["EmptyBody","Halt"],"picked":"FearNoEvil","floor":1},{"not_picked":["FlurryOfBlows","SandsOfTime"],"picked":"Fasting2","floor":4},{"not_picked":["Crescendo","Evaluate","Indignation"],"picked":"SKIP","floor":5},{"not_picked":["ClearTheMind","Fasting2"],"picked":"CarveReality","floor":7},{"not_picked":["BowlingBash","JustLucky"],"picked":"Ragnarok","floor":8},{"not_picked":["EmptyBody","Vengeance"],"picked":"Protect","floor":13},{"not_picked":["DeusExMachina","Judgement"],"picked":"Vault","floor":16},{"not_picked":["PathToVictory","EmptyBody"],"picked":"FlyingSleeves+1","floor":18},{"not_picked":["Vengeance","SashWhip"],"picked":"Wireheading","floor":19},{"not_picked":["BowlingBash","Halt"],"picked":"FlyingSleeves+1","floor":21},{"not_picked":["Worship","Wireheading+1","FollowUp"],"picked":"SKIP","floor":25},{"not_picked":["Wireheading","FearNoEvil"],"picked":"LikeWater","floor":27},{"not_picked":["Halt+1","FollowUp","Judgement"],"picked":"SKIP","floor":30},{"not_picked":["ClearTheMind","FlyingSleeves","Prostrate+1"],"picked":"SKIP","floor":31},{"not_picked":["Consecrate","FlurryOfBlows+1"],"picked":"ForeignInfluence+1","floor":35},{"not_picked":["SashWhip","Worship+1"],"picked":"FlurryOfBlows+1","floor":37},{"not_picked":["EmptyFist+1","FlurryOfBlows+1"],"picked":"SandsOfTime+1","floor":38},{"not_picked":["FlurryOfBlows","Halt"],"picked":"EmptyBody+1","floor":39},{"not_picked":["Devotion","PathToVictory"],"picked":"DeceiveReality+1","floor":40},{"not_picked":["Weave","Evaluate"],"picked":"WreathOfFlame+1","floor":44},{"not_picked":["FlyingSleeves+1","Fasting2+1","Adaptation+1"],"picked":"SKIP","floor":46},{"not_picked":["MentalFortress","Study+1"],"picked":"ForeignInfluence+1","floor":47},{"not_picked":["PathToVictory+1","Prostrate+1"],"picked":"DeceiveReality+1","floor":48}],"player_experience":901991,"relics_obtained":[{"floor":8,"key":"The Courier"},{"floor":9,"key":"Smiling Mask"},{"floor":13,"key":"Lantern"},{"floor":19,"key":"Red Mask"},{"floor":25,"key":"Oddly Smooth Stone"},{"floor":26,"key":"Blood Vial"},{"floor":27,"key":"Nunchaku"},{"floor":30,"key":"Damaru"},{"floor":37,"key":"FossilizedHelix"},{"floor":40,"key":"Bag of Preparation"},{"floor":40,"key":"Dream Catcher"},{"floor":43,"key":"Strawberry"},{"floor":44,"key":"Juzu Bracelet"},{"floor":44,"key":"Art of War"},{"floor":46,"key":"Darkstone Periapt"},{"floor":46,"key":"Whetstone"},{"floor":48,"key":"Toy Ornithopter"},{"floor":48,"key":"Mango"}],"event_choices":[{"damage_healed":0,"gold_gain":0,"player_choice":"Take Damage","damage_taken":18,"relics_obtained":["Golden Idol"],"max_hp_gain":0,"max_hp_loss":0,"event_name":"Golden Idol","floor":2,"gold_loss":0},{"damage_healed":0,"gold_gain":0,"player_choice":"Trade","damage_taken":0,"relics_obtained":["SsserpentHead"],"max_hp_gain":0,"max_hp_loss":0,"event_name":"FaceTrader","floor":3,"gold_loss":0},{"damage_healed":0,"gold_gain":175,"player_choice":"AGREE","damage_taken":0,"max_hp_gain":0,"max_hp_loss":0,"event_name":"Liars Game","floor":10,"gold_loss":0,"cards_obtained":["Doubt"]},{"damage_healed":0,"gold_gain":0,"player_choice":"2 cards matched","damage_taken":0,"max_hp_gain":0,"max_hp_loss":0,"event_name":"Match and Keep!","floor":12,"gold_loss":0,"cards_obtained":["Judgement","InnerPeace"]},{"damage_healed":0,"gold_gain":0,"player_choice":"Fought Bandits","damage_taken":0,"max_hp_gain":0,"max_hp_loss":0,"event_name":"Masked Bandits","floor":19,"gold_loss":0},{"damage_healed":0,"gold_gain":0,"player_choice":"Opened","damage_taken":0,"relics_obtained":["Shuriken"],"max_hp_gain":0,"max_hp_loss":0,"event_name":"The Mausoleum","floor":22,"gold_loss":0,"cards_obtained":["Writhe"]},{"damage_healed":0,"gold_gain":0,"player_choice":"","damage_taken":6,"max_hp_gain":0,"max_hp_loss":0,"event_name":"Knowing Skull","floor":24,"potions_obtained":[],"gold_loss":0,"cards_obtained":[]},{"cards_removed":["Defend_P"],"damage_healed":0,"gold_gain":0,"player_choice":"Removed Skill","damage_taken":0,"max_hp_gain":0,"max_hp_loss":0,"event_name":"Falling","floor":36,"gold_loss":0},{"damage_healed":0,"gold_gain":0,"player_choice":"Fight","damage_taken":0,"max_hp_gain":0,"max_hp_loss":0,"event_name":"MindBloom","floor":37,"gold_loss":0}],"is_beta":false,"boss_relics":[{"not_picked":["Empty Cage","VioletLotus"],"picked":"SlaversCollar"},{"not_picked":["Philosopher\u0027s Stone","Busted Crown"],"picked":"Black Star"}],"items_purged_floors":[14,20,29,41],"is_endless":false,"potions_floor_spawned":[4,7,13,16,18,25,30,31,35,40,47],"ascension_level":8}}