{"host":"sst22apzgpn07t8v","time":1608036268,"event":{"mods":["Act Like it!","BaseMod","Downfall","Hallownest","HololiveMod","Lobotomy","LobotomyExtend","Minty Spire (QoL Compilation)","Replay The Spire","Shop Mod","StSLib"],"gold_per_floor":[100,100,100,100,100,126,164,195,207,219,231,243,267,279,310,333,362,374,374],"floor_reached":18,"playtime":826,"items_purged":[],"score":135,"play_id":"5c03dae0-4ae5-4424-bd0d-a4f56d420913","local_time":"20201215204428","is_ascension_mode":false,"campfire_choices":[],"circlet_count":0,"master_deck":["SpecialBullet","SpecialBullet","SpecialBullet","SpecialBullet","SpecialBullet","SpecialBullet","SpecialBullet","ControlCode","InformationCode","SecurityCode","TT2Protocol","Tough","Wingbeat","FourthMatchFlame","DisciplinaryCode","Galaxy","QueenBee","VoidDream","CentralCode","Woodsman","WristCuter"],"relics":["CogitoBucket","downfall:HeartsMalice","MawBank","Pet Ghost"],"acts_visited":["Exordium"],"potions_floor_usage":[18,18],"damage_taken":[{"damage":0,"enemies":"2 Louse","floor":2,"turns":1},{"damage":0,"enemies":"Small Slimes","floor":5,"turns":1},{"damage":0,"enemies":"3 Sentries","floor":6,"turns":1},{"damage":0,"enemies":"Cultist","floor":8,"turns":2},{"damage":16,"enemies":"Large Slime","floor":13,"turns":4},{"damage":15,"enemies":"Lots of Slimes","floor":15,"turns":2},{"damage":0,"enemies":"3 Louse","floor":16,"turns":1},{"damage":0,"enemies":"Blue Slaver","floor":17,"turns":2},{"damage":64,"enemies":"downfall:Ironclad","floor":18,"turns":6}],"seed_played":"-8543821497670307481","potions_obtained":[{"floor":8,"key":"Energy Potion"},{"floor":13,"key":"FearPotion"},{"floor":16,"key":"EssenceOfSteel"}],"is_trial":false,"path_per_floor":["R","M","R","?","M","E","T","M","R","PTL","PTL","R","M","?","M","M","M","B"],"character_chosen":"Angela","items_purchased":[],"campfire_rested":0,"item_purchase_floors":[],"current_hp_per_floor":[70,70,70,75,75,75,75,75,75,75,75,75,74,74,75,75,75,0,0],"gold":374,"neow_bonus":"THREE_ENEMY_KILL","is_daily":false,"chose_seed":false,"campfire_upgraded":0,"win_rate":0.0,"timestamp":1608036268,"path_taken":["R","M","R","?","M","E","T","M","R","PTL","PTL","R","M","?","M","?","M","BOSS"],"items_purchased_type":[],"build_version":"2020-12-13","purchased_purges":0,"victory":false,"max_hp_per_floor":[70,70,70,75,75,75,75,75,75,75,75,75,75,75,75,75,75,75,75],"card_choices":[{"not_picked":["BloodyDesire"],"picked":"Tough","floor":2},{"not_picked":["Horn"],"picked":"Wingbeat","floor":5},{"not_picked":["BlackSwan_ego"],"picked":"FourthMatchFlame","floor":6},{"not_picked":["VoidDream","FairyFestival"],"picked":"Yin","floor":6},{"not_picked":["GrinderMk4"],"picked":"Galaxy","floor":8},{"not_picked":["CUTE","Penitence"],"picked":"SKIP","floor":13},{"not_picked":["SpiderBud","Wellcheers"],"picked":"QueenBee","floor":15},{"not_picked":["TodaysExpression","Regret_ego"],"picked":"SKIP","floor":15},{"not_picked":["FairyFestival","SpiderBud"],"picked":"VoidDream","floor":16},{"not_picked":["LifeForTheDareDevil","Beak"],"picked":"SKIP","floor":16},{"not_picked":["GalaxyChild","WallGazer"],"picked":"Woodsman","floor":17},{"not_picked":["Horn"],"picked":"WristCuter","floor":17}],"player_experience":151463,"relics_obtained":[{"floor":6,"key":"MawBank"},{"floor":7,"key":"Pet Ghost"}],"event_choices":[{"damage_healed":0,"gold_gain":0,"player_choice":"Donut","damage_taken":0,"max_hp_gain":5,"max_hp_loss":0,"event_name":"Big Fish","floor":4,"gold_loss":0},{"cards_removed":["SpecialBullet"],"damage_healed":0,"gold_gain":0,"player_choice":"Purged","damage_taken":0,"max_hp_gain":0,"max_hp_loss":0,"event_name":"Purifier","floor":14,"gold_loss":0}],"is_beta":false,"boss_relics":[],"items_purged_floors":[],"is_endless":false,"potions_floor_spawned":[8,13,16,17],"killed_by":"downfall:Ironclad","ascension_level":0}}