{"host":"m2mhqdo8f4p5auhk","time":1608060409,"event":{"mods":["2.2 Compatiblity","Act Like it!","BaseMod","Clawfect","Decade(???)","Hallownest","Hermit","HololiveMod","Hubris","Marisa????????","Minty Spire (QoL Compilation)","Reimu??????","Replay The Spire","StSLib","The Bug Knight","The Servant 0.9.4","The Wild Card","TheSwordswoman"],"gold_per_floor":[110,120,120,131,141,141,175,175,222,232,232,16,26,0,0,105,105,121,132,132,145,157,157,208,208,208,234,246,256,256,268,268,268,268],"floor_reached":33,"playtime":1577,"items_purged":[],"score":273,"play_id":"655455b6-65cc-4b67-b838-f250c64a74a0","local_time":"20201215112649","is_ascension_mode":false,"campfire_choices":[{"data":"HollowMod:FallenFury","floor":6.0,"key":"SMITH"},{"data":"HollowMod:VengefulSpirit","floor":8,"key":"SMITH"},{"data":"HollowMod:DesolateDive","floor":11,"key":"SMITH"},{"data":"HollowMod:SiblingsSouls","floor":15,"key":"SMITH"},{"data":"HollowMod:MidwifesHunger","floor":23,"key":"SMITH"},{"floor":30,"key":"REST"},{"floor":32,"key":"REST"}],"circlet_count":0,"master_deck":["HollowMod:NailStrikeStart","HollowMod:NailStrikeStart","HollowMod:NailStrikeStart","HollowMod:NailStrikeStart","HollowMod:QuickDashStart","HollowMod:QuickDashStart","HollowMod:QuickDashStart","HollowMod:QuickDashStart","HollowMod:FocusHealStart","HollowMod:PogoStrike","HollowMod:DesolateDive+1","HollowMod:FallenFury+1","HollowMod:FastStrike","HollowMod:LifebloodCocoon","HollowMod:VengefulSpirit+1","HollowMod:SiblingsSouls+1","HollowMod:SoulVessel","HollowMod:InfectionAssault","HollowMod:MidwifesHunger+1","HollowMod:CycloneSlash","HollowMod:SoulStrike","HollowMod:SharpenedNail","HollowMod:CycloneSlash","HollowMod:CoiledNail","HollowMod:SoulStrike","HollowMod:CycloneSlash+1","HollowMod:GoodIntentions+1","HollowMod:InfectedCysts"],"relics":["HollowMod:VesselMask","NeowsBlessing","Hallownest:DreamNailRelic","Replay:WaspNest","Vajra","Replay:Baseball","Lantern","hubris:ScarierMask","Oddly Smooth Stone","Replay:Bottled Steam","Bottled Lightning"],"acts_visited":["Hallownest:Greenpath","Hallownest:CityofTears"],"potions_floor_usage":[7,27,27,33,33],"damage_taken":[{"damage":0.0,"enemies":"Hallownest:2_Baldur","floor":1.0,"turns":1.0},{"damage":0.0,"enemies":"Hallownest:2_MossCreeps","floor":2.0,"turns":1.0},{"damage":0.0,"enemies":"Hallownest:2_Tiktiks_and_1_Crawlid","floor":4.0,"turns":2.0},{"damage":0.0,"enemies":"Hallownest:monsterAspidMother","floor":5.0,"turns":3.0},{"damage":3,"enemies":"Hallownest:eliteVengeflyKing","floor":7,"turns":4},{"damage":0,"enemies":"Hallownest:MossCreep_and_Mosskin","floor":10,"turns":4},{"damage":19,"enemies":"Hallownest:monsterFoolEater","floor":13,"turns":2},{"damage":22,"enemies":"Hallownest:BossBrokenVessel","floor":16,"turns":7},{"damage":0,"enemies":"Hallownest:Flukemon_and_Top","floor":18,"turns":3},{"damage":3,"enemies":"Hallownest:Guard_and_Sentry","floor":19,"turns":2},{"damage":11,"enemies":"Hallownest:2_Flukemon","floor":21,"turns":4},{"damage":30,"enemies":"Hallownest:3_Mistakes","floor":22,"turns":4},{"damage":7,"enemies":"Hallownest:Glutton_and_Coward","floor":24,"turns":2},{"damage":7,"enemies":"Hallownest:eliteSoulWarrior","floor":27,"turns":3},{"damage":0,"enemies":"Hallownest:2_Husk_Sentries","floor":28,"turns":2},{"damage":2,"enemies":"Hallownest:3_Mistakes","floor":29,"turns":5},{"damage":1,"enemies":"Hallownest:Warrior_and_Youth","floor":31,"turns":3},{"damage":65,"enemies":"Hallownest:BossGrimm","floor":33,"turns":5}],"seed_played":"8268469495084579886","potions_obtained":[{"floor":1.0,"key":"Adrenaline Potion"},{"floor":4.0,"key":"Dexterity Potion"},{"floor":5.0,"key":"SkillPotion"},{"floor":16,"key":"Fire Potion"},{"floor":19,"key":"CultistPotion"},{"floor":22,"key":"Explosive Potion"},{"floor":27,"key":"ZuzhouPotion:ReiMu"}],"is_trial":false,"path_per_floor":["M","M","?","M","M","R","E","R","T","M","R","$","M","?","R","B",null,"M","M","?","M","M","R","M","?","T","E","M","M","R","M","R","B"],"character_chosen":"THE_BUGKNIGHT","items_purchased":["Replay:Baseball","HollowMod:SoulVessel"],"campfire_rested":2,"item_purchase_floors":[12,12],"current_hp_per_floor":[75,75,75,75,75,75,72,72,72,72,72,72,53,53,53,31,75,75,72,72,61,31,31,24,24,24,17,17,21,43,42,64,0,0],"gold":268,"neow_bonus":"THREE_ENEMY_KILL","is_daily":false,"chose_seed":false,"campfire_upgraded":5,"win_rate":0.0,"timestamp":1608060409,"path_taken":["M","M","?","?","M","R","E","R","T","M","R","$","M","?","R","BOSS","M","M","?","M","M","R","?","?","T","E","M","M","R","M","R","BOSS"],"items_purchased_type":["Relic","Card"],"build_version":"2020-12-13","purchased_purges":0,"victory":false,"max_hp_per_floor":[75,75,75,75,75,75,75,75,75,75,75,75,75,75,75,75,75,75,75,75,75,75,75,75,75,75,75,75,75,75,75,75,75,75],"card_choices":[{"not_picked":["HollowMod:CloakDash","HollowMod:ShadowDash"],"picked":"HollowMod:DesolateDive","floor":1.0},{"not_picked":["HollowMod:MonarchWings","HollowMod:MothsMistake"],"picked":"HollowMod:FallenFury","floor":2.0},{"not_picked":["HollowMod:SiblingsSouls","HollowMod:MothsMistake"],"picked":"HollowMod:FastStrike","floor":4.0},{"not_picked":["HollowMod:DescendingDark","HollowMod:InfectedAttack"],"picked":"HollowMod:LifebloodCocoon","floor":5.0},{"not_picked":["HollowMod:Grubsong","HollowMod:HuntersJournal"],"picked":"HollowMod:VengefulSpirit","floor":7},{"not_picked":["HollowMod:DungDefenderAura","HollowMod:VoidDash"],"picked":"HollowMod:SiblingsSouls","floor":10},{"not_picked":["HollowMod:NewJinnsSoul","HollowMod:FastStrike"],"picked":"HollowMod:InfectionAssault","floor":13},{"not_picked":["HollowMod:VoidDash","HollowMod:HornetsHelp"],"picked":"HollowMod:MidwifesHunger","floor":16},{"not_picked":["HollowMod:MawleksShell","HollowMod:DoubleDash"],"picked":"HollowMod:CycloneSlash","floor":18},{"not_picked":["HollowMod:FallenFury","HollowMod:SoulSplash"],"picked":"HollowMod:SoulStrike","floor":19},{"not_picked":["HollowMod:HuntersJournal","HollowMod:ChannelNail"],"picked":"HollowMod:SharpenedNail","floor":21},{"not_picked":["HollowMod:SoulShaman","HollowMod:InfectionAssault"],"picked":"HollowMod:CycloneSlash","floor":22},{"not_picked":["HollowMod:AbyssShriek","HollowMod:SoulMaster"],"picked":"HollowMod:CoiledNail","floor":24},{"not_picked":["HollowMod:CloakDash","HollowMod:LifebloodCocoon+1"],"picked":"HollowMod:SoulStrike","floor":27},{"not_picked":["HollowMod:FallenFury+1","HollowMod:ShapeofUnn"],"picked":"HollowMod:CycloneSlash+1","floor":28},{"not_picked":["HollowMod:MawleksShell","HollowMod:VengefulVoid"],"picked":"HollowMod:GoodIntentions+1","floor":29},{"not_picked":["HollowMod:CycloneSlash","HollowMod:CrystalDash"],"picked":"HollowMod:InfectedCysts","floor":31}],"player_experience":163343,"relics_obtained":[{"floor":7,"key":"Replay:WaspNest"},{"floor":9,"key":"Vajra"},{"floor":26,"key":"Replay:Bottled Steam"},{"floor":27,"key":"Bottled Lightning"}],"event_choices":[],"is_beta":false,"boss_relics":[{"not_picked":["hubris:Stopwatch","Hololive_TopUpMoneyS"],"picked":"hubris:ScarierMask"}],"items_purged_floors":[],"is_endless":false,"potions_floor_spawned":[1,4,5,16,19,21,22,24,27],"killed_by":"Hallownest:BossGrimm","ascension_level":0}}