{"host":"cvdbfwtypahr1w62","time":1608031113,"event":{"mods":["AchievementEnabler","Act Like it!","BaseMod","BetterRewards","Colored Map","Filter the Spire","Hallownest","Highlight Path","Jorbs\u0027s Wanderer Trilogy","Marisa????????","Minty Spire (QoL Compilation)","Rare Cards Sparkle","Relic Stats","Shop Mod","StSLib","The Bug Knight","The Cursed"],"gold_per_floor":[109,109,109,109,109,109,136,136,136,151,151,162,194,194,194,271,271,282,107,26,45,45,45,45,45],"floor_reached":24,"playtime":1001,"items_purged":["Strike_G","Strike_G","Strike_G","Strike_G","Strike_G"],"score":730,"play_id":"878ab6e8-7c59-4819-b8f5-3ee7624f0738","local_time":"20201215121833","is_ascension_mode":true,"campfire_choices":[{"data":"Footwork","floor":6.0,"key":"SMITH"},{"floor":8.0,"key":"REST"},{"floor":15.0,"key":"REST"},{"data":"A Thousand Cuts","floor":23.0,"key":"SMITH"}],"circlet_count":0,"master_deck":["AscendersBane","Defend_G","Defend_G","Defend_G","Defend_G","Defend_G","Survivor","Neutralize","Footwork+1","Deadly Poison","Blur+1","Backstab","Blur","A Thousand Cuts+1","Caltrops"],"relics":["Ring of the Snake","Eternal Feather","TwistedFunnel","Anchor","Hallownest:SalubrasBlessingRelic","Juzu Bracelet","Tiny Chest","Oddly Smooth Stone","Hallownest:DreamNailRelic","Cursed Key"],"acts_visited":["Exordium","Hallownest:Greenpath"],"potions_floor_usage":[24,24],"damage_taken":[{"damage":0.0,"enemies":"2_ Uuma","floor":1.0,"turns":8.0},{"damage":17.0,"enemies":"Hallownest:eliteVengeflyKing","floor":7.0,"turns":9.0},{"damage":0.0,"enemies":"Hallownest:monsterHuskGuard","floor":10.0,"turns":4.0},{"damage":0.0,"enemies":"Hallownest:monsterHuskWarrior","floor":12.0,"turns":5.0},{"damage":0.0,"enemies":"Hallownest:eliteCrystalGuardian","floor":13.0,"turns":8.0},{"damage":0.0,"enemies":"Hallownest:BossHornet","floor":16.0,"turns":14.0},{"damage":0.0,"enemies":"Hallownest:Flukemon_and_Top","floor":18.0,"turns":8.0},{"damage":10.0,"enemies":"Hallownest:3_Youths","floor":21.0,"turns":6.0},{"damage":67,"enemies":"Hallownest:3_Mistakes","floor":24,"turns":21}],"seed_played":"408375393492807097","potions_obtained":[{"floor":10.0,"key":"Fire Potion"},{"floor":18.0,"key":"Ancient Potion"},{"floor":21.0,"key":"Strength Potion"}],"is_trial":false,"path_per_floor":["M","$","?","?","?","R","E","R","T","M","?","M","E","?","R","B",null,"M","$","$","M","T","R","M"],"character_chosen":"THE_SILENT","items_purchased":["Footwork","Deadly Poison","Eternal Feather","TwistedFunnel","Anchor","Blur","Swift Potion","Caltrops"],"campfire_rested":2,"item_purchase_floors":[0,0,0,0,0,0,0,20],"current_hp_per_floor":[18,18,18,18,18,24,7,34,34,34,23,23,23,23,51,51,65,65,65,65,55,55,64,0,0],"gold":45,"neow_bonus":"","is_daily":false,"chose_seed":false,"campfire_upgraded":2,"win_rate":0.0,"timestamp":1608031113,"path_taken":["M","$","?","?","?","R","E","R","T","M","?","M","E","?","R","BOSS","M","?","$","M","?","R","M"],"items_purchased_type":["Card","Card","Relic","Relic","Relic","Card","Potion","Card"],"build_version":"2020-12-13","purchased_purges":5,"victory":false,"max_hp_per_floor":[66,66,66,66,66,66,66,68,68,68,68,68,68,68,70,70,70,70,70,70,70,70,70,70,70],"relic_stats":{"counters":[63,199],"Eternal Feather":27,"Tiny Chest":1,"Juzu Bracelet":1,"Cursed Key":0,"obtain_stats":[{"TwistedFunnel":21,"Ice Cream":0,"Calipers":48,"Hammer of Thor":0,"Snake Skull":6,"Hallownest:DreamNailRelic":3,"Bag of Preparation":8,"Juzu Bracelet":7,"Boot":48,"Cursed Key":17,"Blood Vial":19,"Nunchaku":9,"HornCleat":46,"Sundial":42,"Ninja Scroll":0,"Philosopher\u0027s Stone":17,"Tiny Chest":9,"Ring of the Snake":0,"HollowMod:QueensCombRelic":28,"Girya":26,"Hallownest:SalubrasBlessingRelic":3,"Lee\u0027s Waffle":53,"Oddly Smooth Stone":22,"Tingsha":40,"Eternal Feather":0,"Omamori":20,"Seething Fire":0,"Orichalcum":53,"Question Card":25,"Mercury Hourglass":54,"CaptainsWheel":37,"Anchor":14,"Busted Crown":34,"Anvil of the Gods":0,"Shuriken":28,"Bronze Scales":43,"Bag of Marbles":26,"Membership Card":0,"Unceasing Top":43,"Ring of the Serpent":17},{"TwistedFunnel":11,"Ice Cream":33,"Calipers":30,"Hammer of Thor":0,"Snake Skull":3,"Hallownest:DreamNailRelic":34,"Bag of Preparation":38,"Juzu Bracelet":56,"Boot":52,"Cursed Key":60,"Blood Vial":42,"Nunchaku":38,"HornCleat":51,"Sundial":28,"Ninja Scroll":33,"Philosopher\u0027s Stone":9,"Tiny Chest":56,"Ring of the Snake":0,"HollowMod:QueensCombRelic":17,"Girya":43,"Hallownest:SalubrasBlessingRelic":55,"Lee\u0027s Waffle":31,"Oddly Smooth Stone":42,"Tingsha":26,"Eternal Feather":54,"Omamori":11,"Seething Fire":0,"Orichalcum":31,"Question Card":14,"Mercury Hourglass":32,"CaptainsWheel":24,"Anchor":40,"Busted Crown":21,"Anvil of the Gods":0,"Shuriken":17,"Bronze Scales":50,"Bag of Marbles":14,"Membership Card":33,"Unceasing Top":28,"Ring of the Serpent":41},{"TwistedFunnel":12,"Ice Cream":40,"Calipers":32,"Hammer of Thor":0,"Snake Skull":3,"Hallownest:DreamNailRelic":42,"Bag of Preparation":56,"Juzu Bracelet":133,"Boot":106,"Cursed Key":164,"Blood Vial":68,"Nunchaku":56,"HornCleat":102,"Sundial":30,"Ninja Scroll":40,"Philosopher\u0027s Stone":10,"Tiny Chest":133,"Ring of the Snake":0,"HollowMod:QueensCombRelic":19,"Girya":71,"Hallownest:SalubrasBlessingRelic":124,"Lee\u0027s Waffle":33,"Oddly Smooth Stone":68,"Tingsha":28,"Eternal Feather":116,"Omamori":12,"Seething Fire":0,"Orichalcum":33,"Question Card":16,"Mercury Hourglass":37,"CaptainsWheel":26,"Anchor":61,"Busted Crown":23,"Anvil of the Gods":0,"Shuriken":19,"Bronze Scales":99,"Bag of Marbles":16,"Membership Card":40,"Unceasing Top":30,"Ring of the Serpent":65}],"Ring of the Snake":[18]},"card_choices":[{"not_picked":["Finisher","Blade Dance","Dodge and Roll"],"picked":"SKIP","floor":1.0},{"not_picked":["Distraction","Underhanded Strike"],"picked":"Backstab","floor":7.0},{"not_picked":["Skewer","Slice","Cloak And Dagger"],"picked":"SKIP","floor":10.0},{"not_picked":["Blade Dance","Underhanded Strike"],"picked":"Blur","floor":12.0},{"not_picked":["Malaise","Acrobatics","Deflect"],"picked":"SKIP","floor":13.0},{"not_picked":["Envenom","Doppelganger"],"picked":"A Thousand Cuts","floor":16.0},{"not_picked":["Endless Agony+1","Slice","Skewer"],"picked":"SKIP","floor":18.0},{"not_picked":["All Out Attack+1","Slice","Crippling Poison+1"],"picked":"SKIP","floor":21.0}],"player_experience":790543,"relics_obtained":[{"floor":7.0,"key":"Juzu Bracelet"},{"floor":9.0,"key":"Tiny Chest"},{"floor":13.0,"key":"Oddly Smooth Stone"}],"event_choices":[],"is_beta":false,"boss_relics":[{"not_picked":["Coffee Dripper","Tiny House"],"picked":"Cursed Key"}],"items_purged_floors":[0,0,0,0,19],"is_endless":false,"potions_floor_spawned":[10,13,18,21],"killed_by":"Hallownest:3_Mistakes","ascension_level":20}}