{"host":"4np54w3ai1r5lqo1","time":1608074657,"event":{"mods":["BaseMod","Colored Map","Minty Spire (QoL Compilation)","Quick Restart"],"gold_per_floor":[109,127,143,143,162,162,189,189,189,205,233,250,250,281,281,382,382,395,164,164,263,16,51,51,71,124,147,167,167,167,193,193,296,296,306,355,372,392,75,109,126,126,126,141,141,167,183,212,212,212],"floor_reached":51,"playtime":1912,"items_purged":["Strike_R"],"score":1094,"play_id":"8bd842a3-26b7-4fdb-bed0-5d57afcb796a","local_time":"20201215212417","is_ascension_mode":true,"campfire_choices":[{"data":"Mayhem","floor":6.0,"key":"SMITH"},{"data":"Blood for Blood","floor":8.0,"key":"SMITH"},{"data":"Shockwave","floor":15.0,"key":"SMITH"},{"data":"Whirlwind","floor":24.0,"key":"SMITH"},{"data":"Offering","floor":30.0,"key":"SMITH"},{"data":"Bludgeon","floor":32.0,"key":"SMITH"},{"data":"Exhume","floor":42.0,"key":"SMITH"},{"data":"Shrug It Off","floor":45.0,"key":"SMITH"},{"floor":49.0,"key":"REST"}],"circlet_count":0,"master_deck":["Strike_R+1","Strike_R+1","Strike_R+1","Defend_R+1","Defend_R+1","Defend_R+1","Defend_R+1","Bash","Mayhem+1","Shockwave+1","Headbutt","Shockwave","Blood for Blood+1","Thunderclap","Demon Form","Whirlwind+1","Offering+1","Juggernaut","Spot Weakness+1","Shrug It Off+1","Pummel+1","Shrug It Off+1","Clothesline+1","Bludgeon+1","Exhume+1","Armaments+1","Seeing Red+1","Carnage+1","Sadistic Nature","Inflame+1","Shrug It Off+1","Flex+1"],"relics":["Black Blood","Tiny Chest","Bag of Marbles","Smiling Mask","PreservedInsect","Bag of Preparation","Bottled Tornado","MealTicket","Strawberry","Dream Catcher","Gremlin Horn","Cursed Key","Champion Belt","Chemical X","Juzu Bracelet","Toy Ornithopter","Singing Bowl"],"acts_visited":["Exordium","TheCity","TheBeyond"],"potions_floor_usage":[50,50],"damage_taken":[{"damage":5.0,"enemies":"Cultist","floor":1.0,"turns":5.0},{"damage":15.0,"enemies":"Small Slimes","floor":2.0,"turns":4.0},{"damage":9.0,"enemies":"Jaw Worm","floor":3.0,"turns":5.0},{"damage":6.0,"enemies":"Looter","floor":5.0,"turns":4.0},{"damage":10.0,"enemies":"Exordium Wildlife","floor":10.0,"turns":5.0},{"damage":15.0,"enemies":"Lagavulin","floor":11.0,"turns":7.0},{"damage":10.0,"enemies":"3 Louse","floor":12.0,"turns":4.0},{"damage":24.0,"enemies":"Gremlin Nob","floor":14.0,"turns":4.0},{"damage":6.0,"enemies":"Slime Boss","floor":16.0,"turns":6.0},{"damage":6.0,"enemies":"3 Byrds","floor":18.0,"turns":4.0},{"damage":34.0,"enemies":"Book of Stabbing","floor":23.0,"turns":6.0},{"damage":9.0,"enemies":"Spheric Guardian","floor":25.0,"turns":3.0},{"damage":15.0,"enemies":"Chosen and Byrds","floor":28.0,"turns":4.0},{"damage":24.0,"enemies":"Gremlin Leader","floor":31.0,"turns":4.0},{"damage":34.0,"enemies":"Automaton","floor":33.0,"turns":9.0},{"damage":12.0,"enemies":"3 Darklings","floor":35.0,"turns":3.0},{"damage":12.0,"enemies":"2 Orb Walkers","floor":36.0,"turns":2.0},{"damage":6.0,"enemies":"3 Shapes","floor":37.0,"turns":2.0},{"damage":6.0,"enemies":"Sphere and 2 Shapes","floor":38.0,"turns":3.0},{"damage":11.0,"enemies":"Giant Head","floor":40.0,"turns":3.0},{"damage":12.0,"enemies":"Transient","floor":41.0,"turns":5.0},{"damage":36.0,"enemies":"4 Shapes","floor":44.0,"turns":3.0},{"damage":12.0,"enemies":"Reptomancer","floor":46.0,"turns":2.0},{"damage":12.0,"enemies":"Maw","floor":47.0,"turns":4.0},{"damage":12.0,"enemies":"Giant Head","floor":48.0,"turns":5.0},{"damage":30,"enemies":"Time Eater","floor":50,"turns":3}],"seed_played":"-5484838194037658188","potions_obtained":[{"floor":1.0,"key":"SpeedPotion"},{"floor":3.0,"key":"Fire Potion"},{"floor":10.0,"key":"BlessingOfTheForge"},{"floor":28.0,"key":"SteroidPotion"},{"floor":31.0,"key":"Weak Potion"},{"floor":33.0,"key":"SteroidPotion"},{"floor":35.0,"key":"AttackPotion"},{"floor":36.0,"key":"SteroidPotion"}],"is_trial":false,"path_per_floor":["M","M","M","?","M","R","T","R","T","M","E","M","?","E","R","B",null,"M","$","?","?","$","E","R","M","T","T","M","$","R","E","R","B",null,"M","?","M","M","$","E","M","R","T","M","R","E","M","E","R","B",null],"character_chosen":"IRONCLAD","items_purchased":["Shrug It Off","Bag of Preparation","Bottled Tornado","Chemical X","Sadistic Nature"],"campfire_rested":1,"item_purchase_floors":[19,19,22,39,39],"current_hp_per_floor":[72,63,60,53,53,53,53,53,53,49,40,36,60,42,42,42,65,71,71,71,71,71,49,49,52,59,59,56,71,71,59,59,37,69,69,69,75,79,79,79,79,79,79,55,55,55,55,55,80,72],"gold":212,"neow_bonus":"RANDOM_COLORLESS_2","is_daily":false,"chose_seed":false,"campfire_upgraded":8,"win_rate":0.0,"timestamp":1608074657,"path_taken":["M","?","M","?","M","R","?","R","T","M","E","M","?","E","R","BOSS","M","$","?","?","$","E","R","M","T","?","M","$","R","E","R","BOSS","M","?","M","M","$","E","M","R","T","M","R","E","M","E","R","BOSS"],"items_purchased_type":["Card","Relic","Relic","Relic","Card"],"build_version":"2020-12-13","purchased_purges":1,"victory":true,"max_hp_per_floor":[72,72,72,72,72,72,72,72,72,72,72,72,72,72,72,72,72,72,72,72,72,72,72,72,72,79,79,79,79,79,79,79,79,79,79,79,79,79,79,79,79,79,79,79,79,79,79,79,81,81],"card_choices":[{"not_picked":["Magnetism","Thinking Ahead"],"picked":"Mayhem","floor":0.0},{"not_picked":["Body Slam","Disarm"],"picked":"Shockwave","floor":1.0},{"not_picked":["Anger","Wild Strike"],"picked":"Headbutt","floor":2.0},{"not_picked":["True Grit","Sword Boomerang"],"picked":"Shockwave","floor":3.0},{"not_picked":["Iron Wave","Dropkick"],"picked":"Blood for Blood","floor":5.0},{"not_picked":["Dual Wield","Havoc"],"picked":"Thunderclap","floor":10.0},{"not_picked":["Whirlwind","Inflame"],"picked":"Demon Form","floor":11.0},{"not_picked":["Ghostly Armor","Heavy Blade"],"picked":"Whirlwind","floor":12.0},{"not_picked":["Heavy Blade","Cleave"],"picked":"Offering","floor":14.0},{"not_picked":["Berserk","Feed"],"picked":"Juggernaut","floor":16.0},{"not_picked":["Body Slam","Metallicize"],"picked":"Spot Weakness+1","floor":18.0},{"not_picked":["Infernal Blade","Corruption"],"picked":"Pummel+1","floor":23.0},{"not_picked":["Sword Boomerang","Headbutt"],"picked":"Shrug It Off+1","floor":25.0},{"not_picked":["Blood for Blood","Power Through+1"],"picked":"Clothesline+1","floor":28.0},{"not_picked":["Evolve","Cleave"],"picked":"Bludgeon","floor":31.0},{"not_picked":["Impervious","Reaper"],"picked":"Exhume","floor":33.0},{"not_picked":["Seeing Red+1","Havoc"],"picked":"Armaments+1","floor":35.0},{"not_picked":["Iron Wave+1","Armaments"],"picked":"Seeing Red+1","floor":36.0},{"not_picked":["Reckless Charge+1","Blood for Blood+1"],"picked":"Carnage+1","floor":37.0},{"not_picked":["Hemokinesis+1","Rage","Anger"],"picked":"SKIP","floor":38.0},{"not_picked":["Brutality","Spot Weakness+1"],"picked":"Inflame+1","floor":40.0},{"not_picked":["Carnage","Body Slam+1","Rupture+1"],"picked":"SKIP","floor":41.0},{"not_picked":["Power Through","Rampage","Carnage"],"picked":"SKIP","floor":44.0},{"not_picked":["Rampage","Wild Strike+1"],"picked":"Shrug It Off+1","floor":46.0},{"not_picked":["Clash","Rampage+1","Hemokinesis"],"picked":"SKIP","floor":47.0},{"not_picked":["Impervious","Power Through+1"],"picked":"Flex+1","floor":48.0},{"not_picked":["Pommel Strike+1","Bloodletting+1","Anger+1"],"picked":"Singing Bowl","floor":49.0}],"player_experience":463758,"relics_obtained":[{"floor":7.0,"key":"Tiny Chest"},{"floor":9.0,"key":"Bag of Marbles"},{"floor":11.0,"key":"Smiling Mask"},{"floor":14.0,"key":"PreservedInsect"},{"floor":23.0,"key":"MealTicket"},{"floor":26.0,"key":"Strawberry"},{"floor":27.0,"key":"Dream Catcher"},{"floor":31.0,"key":"Gremlin Horn"},{"floor":36.0,"key":"Champion Belt"},{"floor":40.0,"key":"Juzu Bracelet"},{"floor":46.0,"key":"Toy Ornithopter"},{"floor":48.0,"key":"Singing Bowl"}],"event_choices":[{"cards_removed":["Strike_R"],"damage_healed":0.0,"max_hp_gain":0.0,"max_hp_loss":0.0,"gold_gain":0.0,"event_name":"Golden Wing","player_choice":"Card Removal","floor":4.0,"gold_loss":0.0,"damage_taken":7.0},{"damage_healed":24.0,"max_hp_gain":0.0,"max_hp_loss":0.0,"gold_gain":0.0,"event_name":"Big Fish","player_choice":"Banana","floor":13.0,"gold_loss":0.0,"damage_taken":0.0},{"damage_healed":0.0,"max_hp_gain":0.0,"max_hp_loss":0.0,"gold_gain":0.0,"event_name":"Back to Basics","player_choice":"Simplicity","floor":20.0,"gold_loss":0.0,"damage_taken":0.0,"cards_upgraded":["Strike_R","Strike_R","Strike_R","Defend_R","Defend_R","Defend_R","Defend_R"]},{"damage_healed":0.0,"max_hp_gain":0.0,"max_hp_loss":0.0,"gold_gain":99.0,"event_name":"Nest","player_choice":"Stole From Cult","floor":21.0,"gold_loss":0.0,"damage_taken":0.0},{"damage_healed":0.0,"max_hp_gain":0.0,"max_hp_loss":0.0,"gold_gain":0.0,"event_name":"Mysterious Sphere","player_choice":"Fight","floor":36.0,"gold_loss":0.0,"damage_taken":0.0}],"is_beta":false,"boss_relics":[{"not_picked":["Snecko Eye","Runic Pyramid"],"picked":"Black Blood"},{"not_picked":["Mark of Pain","Sozu"],"picked":"Cursed Key"}],"items_purged_floors":[19],"is_endless":false,"potions_floor_spawned":[1,3,10,28,31,33,35,36,38,46],"ascension_level":5}}