{"host":"o5jvvi5yapo90aia","time":1608030162,"event":{"mods":["BaseMod","CapriCore","Minty Spire (QoL Compilation)","MostiFishMod","Prisma Mod","Spicy Shops","StSLib","TestMod","The Immortal","【东方二次创作】八云紫mod","【人物mod】游戏王New YuGiOh mod","【功能Mod】Neow奖励"],"gold_per_floor":[129,158,191,226,6,49,81,81,132,132,180,216,246,290,290,385,385,418,447,447,722,36,86,113,158,158,205,234,234,268,268,268,461,461,493,519,267,303,337,385,419,466,489,531,531,581,609,646,646,663,680],"floor_reached":52,"playtime":1243,"items_purged":["Regret","Defend_P","Strike_P"],"score":3241,"play_id":"a5a5d732-e84d-4959-af93-c303e103cec6","local_time":"20201215190242","is_ascension_mode":true,"campfire_choices":[{"data":"Defend_P","floor":8,"key":"PURGE"},{"data":"MostiFishMod:Minus","floor":15,"key":"SMITH"},{"data":"Defend_P","floor":29,"key":"PURGE"},{"data":"Defend_P","floor":32,"key":"PURGE"},{"data":"Strike_P","floor":49,"key":"PURGE"}],"circlet_count":0,"master_deck":["AscendersBane","Strike_P","Strike_P","Eruption+1","Vigilance","MostiFishMod:Speedup","FearNoEvil","InnerPeace","MostiFishMod:Minus+21","MostiFishMod:Adaptation","MentalFortress","Master of Strategy","MostiFishMod:SephirahHod+1","Tantrum"],"relics":["DaveBox","testmod-TestBox","PatriotShield","Dodecahedron","testmod-DeterminationOfClimber","Question Card","Medical Kit","White Beast Statue","Smiling Mask","Pantograph","Boot","ImportantClient","testmod-BloodSacrificeSpiritualization","Nilry\u0027s Codex","Membership Card","Sundial","Dream Catcher","testmod-FatalChain","Incense Burner","PrismaticShard","Lantern","Bronze Scales","Bag of Marbles","MostiFishMod:Hod","Torii","Happy Flower","Nunchaku","Blue Candle","testmod-OneHitWonder","Juzu Bracelet","GoldenEye"],"acts_visited":["Exordium","TheCity","TheBeyond"],"potions_floor_usage":[33],"damage_taken":[{"damage":0,"enemies":"2 Louse","floor":1,"turns":2},{"damage":0,"enemies":"Cultist","floor":2,"turns":2},{"damage":0,"enemies":"Jaw Worm","floor":3,"turns":1},{"damage":0,"enemies":"2 Fungi Beasts","floor":4,"turns":1},{"damage":0,"enemies":"Lagavulin","floor":6,"turns":2},{"damage":0,"enemies":"Red Slaver","floor":7,"turns":1},{"damage":0,"enemies":"3 Sentries","floor":11,"turns":2},{"damage":0,"enemies":"Exordium Wildlife","floor":12,"turns":2},{"damage":0,"enemies":"Gremlin Gang","floor":13,"turns":2},{"damage":0,"enemies":"Lagavulin","floor":14,"turns":3},{"damage":0,"enemies":"Hexaghost","floor":16,"turns":4},{"damage":6,"enemies":"Spheric Guardian","floor":18,"turns":1},{"damage":6,"enemies":"Shell Parasite","floor":19,"turns":2},{"damage":6,"enemies":"Slavers","floor":23,"turns":1},{"damage":6,"enemies":"Centurion and Healer","floor":24,"turns":1},{"damage":6,"enemies":"Book of Stabbing","floor":25,"turns":2},{"damage":6,"enemies":"Gremlin Leader","floor":27,"turns":1},{"damage":6,"enemies":"Shelled Parasite and Fungi","floor":28,"turns":1},{"damage":6,"enemies":"Cultist and Chosen","floor":30,"turns":1},{"damage":6,"enemies":"Automaton","floor":33,"turns":3},{"damage":6,"enemies":"Orb Walker","floor":35,"turns":1},{"damage":6,"enemies":"3 Shapes","floor":36,"turns":1},{"damage":6,"enemies":"Jaw Worm Horde","floor":38,"turns":1},{"damage":6,"enemies":"4 Shapes","floor":39,"turns":1},{"damage":6,"enemies":"Reptomancer","floor":40,"turns":1},{"damage":6,"enemies":"Writhing Mass","floor":41,"turns":1},{"damage":6,"enemies":"Nemesis","floor":42,"turns":1},{"damage":6,"enemies":"Reptomancer","floor":44,"turns":1},{"damage":6,"enemies":"Nemesis","floor":46,"turns":1},{"damage":6,"enemies":"Jaw Worm Horde","floor":47,"turns":1},{"damage":6,"enemies":"4 Shapes","floor":48,"turns":1},{"damage":6,"enemies":"Awakened One","floor":50,"turns":2},{"damage":6,"enemies":"Donu and Deca","floor":51,"turns":1}],"seed_played":"7171511724837616147","potions_obtained":[{"floor":4,"key":"Regen Potion"},{"floor":6,"key":"Energy Potion"},{"floor":7,"key":"DuplicationPotion"},{"floor":33,"key":"FearPotion"},{"floor":48,"key":"testmod-EscapePotion"}],"is_trial":false,"path_per_floor":["M","M","M","M","$","E","M","R","T","?","E","M","M","E","R","B",null,"M","M","?","?","$","E","M","E","T","E","M","R","M","T","R","B",null,"M","M","$","M","M","E","M","E","T","E","?","E","M","M","R","B","B",null],"character_chosen":"WATCHER","items_purchased":["Medical Kit","FearNoEvil","Membership Card","Sundial","Dream Catcher","testmod-FatalChain","Incense Burner","PrismaticShard","MentalFortress","Torii","Happy Flower","Tantrum"],"campfire_rested":0,"item_purchase_floors":[5,5,22,22,22,22,22,22,22,37,37,37],"current_hp_per_floor":[66,68,68,68,68,68,68,68,68,68,68,68,68,68,68,68,68,67,67,46,46,46,45,44,43,43,42,41,41,40,40,40,67,68,68,67,67,67,67,68,68,68,68,68,58,59,58,58,58,68,68],"gold":680,"neow_bonus":"BOSS_RELIC","is_daily":false,"chose_seed":false,"campfire_upgraded":1,"win_rate":0.0,"timestamp":1608030162,"path_taken":["M","M","M","M","$","E","M","R","T","?","E","M","M","E","R","BOSS","M","?","?","?","$","E","M","E","T","E","?","R","M","?","R","BOSS","M","M","$","M","M","E","M","E","T","E","?","E","M","M","R","BOSS","BOSS"],"items_purchased_type":["Relic","Card","Relic","Relic","Relic","Relic","Relic","Relic","Card","Relic","Relic","Card"],"build_version":"2020-12-13","purchased_purges":3,"victory":true,"max_hp_per_floor":[68,68,68,68,68,68,68,68,68,68,68,68,68,68,68,68,68,68,68,68,68,68,68,68,68,68,68,68,68,68,68,68,68,68,68,68,68,68,68,68,68,68,68,68,68,68,68,68,68,68,68],"card_choices":[{"not_picked":["Halt","Consecrate","CutThroughFate"],"picked":"SKIP","floor":1},{"not_picked":["Pray","Conclude","Wireheading","SignatureMove"],"picked":"SKIP","floor":2},{"not_picked":["ThirdEye","Protect","Evaluate","WaveOfTheHand"],"picked":"SKIP","floor":3},{"not_picked":["CrushJoints","Weave","FlyingSleeves"],"picked":"MostiFishMod:Speedup","floor":4},{"not_picked":["WreathOfFlame","CrushJoints","Crescendo"],"picked":"InnerPeace","floor":6},{"not_picked":["MostiFishMod:OutWit","Conclude","EmptyBody","Collect"],"picked":"SKIP","floor":7},{"not_picked":["Indignation","CarveReality","JustLucky"],"picked":"MostiFishMod:Minus","floor":11},{"not_picked":["EmptyFist","Swivel","FollowUp","EmptyBody"],"picked":"SKIP","floor":12},{"not_picked":["FollowUp","ThirdEye","Halt","Crescendo"],"picked":"SKIP","floor":13},{"not_picked":["CrushJoints","Fasting2","FlyingSleeves","LikeWater"],"picked":"SKIP","floor":14},{"not_picked":["MostiFishMod:DisColor","MostiFishMod:StarHerder","Alpha"],"picked":"MostiFishMod:Adaptation","floor":16},{"not_picked":["ClearTheMind","WindmillStrike+1","Crescendo","Halt"],"picked":"SKIP","floor":18},{"not_picked":["Collect","Protect","WaveOfTheHand","ClearTheMind"],"picked":"SKIP","floor":19},{"not_picked":["Deadly Poison","PrismaMod:IllyaMinorReinForce","BattleHymn","DragonAnger"],"picked":"SKIP","floor":23},{"not_picked":["PrismaMod:MiyuCarnivalAttack","MostiFishMod:PoisonShield","Conserve Battery","PrismaMod:IllyaCheapChannelAttack"],"picked":"SKIP","floor":24},{"not_picked":["Bandage Up","Storm","PrismaMod:IllyaBlindPoisonToss","MokouMod:FlamingFireTalons+1"],"picked":"SKIP","floor":25},{"not_picked":["DragonMage","MokouMod:FusionFlare","Rainbow","Sword Boomerang"],"picked":"SKIP","floor":27},{"not_picked":["Accuracy","LibraryManager","Thunderclap","DragonMage+1"],"picked":"SKIP","floor":28},{"not_picked":["testmod-LifeRuler","AntiMana","MokouMod:RetainTemperature","Iron Wave"],"picked":"SKIP","floor":30},{"not_picked":["MokouMod:RadiantBlade","Transmutation","MostiFishMod:KingOfFree"],"picked":"Master of Strategy","floor":33},{"not_picked":["PrismaMod:IllyaHassanGift+1","ManaRailgun","Redo+1","DimensionStaggered_purple+1"],"picked":"SKIP","floor":35},{"not_picked":["MostiFishMod:InvigoratingSolution","SashWhip+1","Go for the Eyes","ThirdEye"],"picked":"SKIP","floor":36},{"not_picked":["PrismaMod:MiyuEvokeBuffDex","Backflip","Iron Wave","ExistenceContinue_purple"],"picked":"SKIP","floor":38},{"not_picked":["SoundFromHell+1","MostiFishMod:StarWish","Purity","MokouMod:Ember"],"picked":"SKIP","floor":39},{"not_picked":["MokouMod:PhoenixFeathers","Calculated Gamble","FTL","MokouMod:BlazingComet+1"],"picked":"SKIP","floor":40},{"not_picked":["Consecrate","MokouMod:FlickeringFlame","PrismaMod:MiyuCheapAttack1","PrismaMod:MiyuUncommonAttack"],"picked":"SKIP","floor":41},{"not_picked":["CarveReality+1","PrismaMod:ChloeCheapDefendTwo","PrismaMod:IllyaMinorRapidFire","PrismaMod:IllyaAOECommonAttack"],"picked":"SKIP","floor":42},{"not_picked":["Halt","Charmbait_purple","All For One","MokouMod:Firecracker"],"picked":"SKIP","floor":44},{"not_picked":["PrismaMod:ChloeCommonAOEAttack","Iron Wave+1","Backflip","PrismaMod:IllyaFriendMaker"],"picked":"SKIP","floor":46},{"not_picked":["AdvanceAttack_purple","PrismaMod:MiyuCheapDefend2","PrismaMod:ChloeCommonAOEAttack+1","Perseverance"],"picked":"SKIP","floor":47},{"not_picked":["MokouMod:SearingShot","MokouMod:Trailblazer","PrismaMod:ChloeCheapAttackTwo","EmptyFist+1"],"picked":"SKIP","floor":48}],"player_experience":1277524,"relics_obtained":[{"floor":1,"key":"Question Card"},{"floor":6,"key":"White Beast Statue"},{"floor":9,"key":"Smiling Mask"},{"floor":11,"key":"Pantograph"},{"floor":14,"key":"Boot"},{"floor":16,"key":"ImportantClient"},{"floor":20,"key":"Nilry\u0027s Codex"},{"floor":23,"key":"Lantern"},{"floor":25,"key":"Bronze Scales"},{"floor":27,"key":"Bag of Marbles"},{"floor":40,"key":"Nunchaku"},{"floor":42,"key":"Blue Candle"},{"floor":43,"key":"testmod-OneHitWonder"},{"floor":44,"key":"Juzu Bracelet"},{"floor":46,"key":"GoldenEye"}],"event_choices":[{"damage_healed":0,"gold_gain":0,"player_choice":"Got Potions","damage_taken":0,"max_hp_gain":0,"max_hp_loss":0,"event_name":"Lab","floor":10,"gold_loss":0},{"damage_healed":0,"gold_gain":0,"player_choice":"Obtained Book","damage_taken":21,"max_hp_gain":0,"max_hp_loss":0,"event_name":"Cursed Tome","floor":20,"gold_loss":0},{"damage_healed":0,"gold_gain":275,"player_choice":"Desecrate","damage_taken":0,"max_hp_gain":0,"max_hp_loss":0,"event_name":"Golden Shrine","floor":21,"gold_loss":0,"cards_obtained":["Regret"]},{"damage_healed":0,"gold_gain":0,"player_choice":"Memory 3","damage_taken":10,"max_hp_gain":0,"max_hp_loss":0,"event_name":"SensoryStone","floor":45,"gold_loss":0}],"is_beta":false,"boss_relics":[{"not_picked":["SynthV:MejaisSoulstealer","testmod-EnergyCheck"],"picked":"testmod-BloodSacrificeSpiritualization"},{"not_picked":["testmod-TimeTraveler","ChiXiaoBlade"],"picked":"MostiFishMod:Hod"}],"items_purged_floors":[22,37,37],"is_endless":false,"potions_floor_spawned":[4,6,7,11,12,13,14,16,18,19,23,24,25,27,28,30,33,35,36,38,39,40,41,42,44,46,47,48],"ascension_level":20}}