{"host":"mkv3lj8gfkr85ioo","time":1608028435,"event":{"mods":["AchievementEnabler","BaseMod","Colored Map","Minty Spire (QoL Compilation)","SuperFastMode"],"gold_per_floor":[116,116,116,116,135,169,179,205,230,241,221,240,240,240],"floor_reached":13,"playtime":213,"items_purged":[],"score":240,"play_id":"284e171c-1fbb-4bcf-b5e3-8c56fc16262c","local_time":"20201215193355","is_ascension_mode":true,"campfire_choices":[],"circlet_count":0,"master_deck":["AscendersBane","Strike_R","Strike_R","Strike_R","Strike_R","Strike_R","Defend_R","Defend_R","Defend_R","Defend_R","Bash+1","Carnage","Clothesline","Wild Strike"],"relics":["Burning Blood","NeowsBlessing","Dream Catcher","Oddly Smooth Stone","Pen Nib"],"acts_visited":["Exordium"],"potions_floor_usage":[13],"damage_taken":[{"damage":0.0,"enemies":"Cultist","floor":1.0,"turns":1.0},{"damage":0.0,"enemies":"2 Louse","floor":5.0,"turns":1.0},{"damage":0.0,"enemies":"Lagavulin","floor":6.0,"turns":1.0},{"damage":7.0,"enemies":"Jaw Worm","floor":7.0,"turns":3.0},{"damage":24.0,"enemies":"Gremlin Nob","floor":8.0,"turns":4.0},{"damage":9.0,"enemies":"Blue Slaver","floor":10.0,"turns":3.0},{"damage":15.0,"enemies":"Exordium Wildlife","floor":12.0,"turns":3.0},{"damage":44,"enemies":"3 Sentries","floor":13,"turns":7}],"seed_played":"-6419467402638996479","potions_obtained":[{"floor":5.0,"key":"PowerPotion"},{"floor":8.0,"key":"SneckoOil"}],"is_trial":false,"path_per_floor":["M","$","?","$","M","E","M","E","T","M","?","M","E"],"character_chosen":"IRONCLAD","items_purchased":[],"campfire_rested":0,"item_purchase_floors":[],"current_hp_per_floor":[74,74,74,74,75,75,74,56,56,53,53,44,0,0],"gold":240,"neow_bonus":"THREE_ENEMY_KILL","is_daily":false,"chose_seed":false,"campfire_upgraded":0,"win_rate":0.0,"timestamp":1608028435,"path_taken":["M","?","?","$","M","E","?","E","T","M","?","M","E"],"items_purchased_type":[],"build_version":"2020-12-13","purchased_purges":0,"victory":false,"max_hp_per_floor":[75,75,75,75,75,75,75,75,75,75,75,75,75,75],"card_choices":[{"not_picked":["Clash","Whirlwind","Perfected Strike"],"picked":"SKIP","floor":1.0},{"not_picked":["Fire Breathing","Body Slam","Perfected Strike"],"picked":"SKIP","floor":5.0},{"not_picked":["Anger","Berserk"],"picked":"Carnage","floor":6.0},{"not_picked":["Dark Embrace","Thunderclap"],"picked":"Clothesline","floor":7.0},{"not_picked":["Hemokinesis","Headbutt","Dropkick"],"picked":"SKIP","floor":8.0},{"not_picked":["Pommel Strike","Exhume"],"picked":"Wild Strike","floor":10.0},{"not_picked":["Twin Strike","Heavy Blade","Feel No Pain"],"picked":"SKIP","floor":12.0}],"player_experience":148135,"relics_obtained":[{"floor":6.0,"key":"Dream Catcher"},{"floor":8.0,"key":"Oddly Smooth Stone"},{"floor":9.0,"key":"Pen Nib"}],"event_choices":[{"damage_healed":0.0,"max_hp_gain":0.0,"max_hp_loss":0.0,"gold_gain":0.0,"event_name":"Upgrade Shrine","player_choice":"Upgraded","floor":3.0,"gold_loss":0.0,"damage_taken":0.0,"cards_upgraded":["Bash"]},{"damage_healed":0.0,"max_hp_gain":0.0,"max_hp_loss":0.0,"gold_gain":0.0,"event_name":"The Woman in Blue","player_choice":"Bought 1 Potion","floor":11.0,"gold_loss":0.0,"damage_taken":0.0}],"is_beta":false,"boss_relics":[],"items_purged_floors":[],"is_endless":false,"potions_floor_spawned":[5,8,10],"killed_by":"3 Sentries","ascension_level":20}}