{"host":"jrmqsbok61y7b34d","time":1608065608,"event":{"mods":["BaseMod","Colored Map","Colored Powertips","Emptier Cage","Minty Spire (QoL Compilation)","Permanent Neow","Quick Restart","Relic Stats","StSLib","The Bug Knight","Unceasing Turn Reminder"],"gold_per_floor":[115,23,34,50,50,50,84,134,134,149,164,199,199,44,44,143,143,155,170,187,207,207,207],"floor_reached":22,"playtime":3055,"items_purged":[],"score":198,"play_id":"afebfec4-8259-4574-92df-dd811b8ebae6","local_time":"20201215205328","is_ascension_mode":false,"campfire_choices":[{"data":"HollowMod:SoulStrike","floor":6.0,"key":"SMITH"},{"data":"HollowMod:SoulEater","floor":13.0,"key":"SMITH"},{"data":"HollowMod:SoulSplash","floor":15.0,"key":"SMITH"}],"circlet_count":0,"master_deck":["HollowMod:NailStrikeStart","HollowMod:NailStrikeStart","HollowMod:NailStrikeStart","HollowMod:QuickDashStart","HollowMod:QuickDashStart","HollowMod:QuickDashStart","HollowMod:QuickDashStart","HollowMod:FocusHealStart","HollowMod:PogoStrike","HollowMod:PureNailStrike+1","HollowMod:SoulStrike","HollowMod:CornifersMapStart","HollowMod:HowlingWraiths","HollowMod:SoulStrike+1","HollowMod:ChannelNail","HollowMod:SoulSplash+1","HollowMod:SoulEater+1","HollowMod:CloakDash","HollowMod:VoidDash","HollowMod:NewJinnsSoul","HollowMod:MawleksShell","HollowMod:MonarchWings+1"],"relics":["HollowMod:VesselMask","Omamori","Turnip","Boot","ClockworkSouvenir","Fusion Hammer"],"acts_visited":["Exordium","TheCity"],"potions_floor_usage":[18,22],"damage_taken":[{"damage":0.0,"enemies":"Small Slimes","floor":1.0,"turns":2.0},{"damage":3.0,"enemies":"Jaw Worm","floor":3.0,"turns":3.0},{"damage":1.0,"enemies":"Cultist","floor":4.0,"turns":4.0},{"damage":25.0,"enemies":"3 Sentries","floor":7.0,"turns":8.0},{"damage":4.0,"enemies":"Gremlin Gang","floor":10.0,"turns":7.0},{"damage":5.0,"enemies":"Looter","floor":11.0,"turns":2.0},{"damage":23.0,"enemies":"HollowMod:MossKnight","floor":12.0,"turns":7.0},{"damage":26.0,"enemies":"Hexaghost","floor":16.0,"turns":9.0},{"damage":19,"enemies":"2 Thieves","floor":18,"turns":4},{"damage":30,"enemies":"Shell Parasite","floor":19,"turns":7},{"damage":4,"enemies":"Centurion and Healer","floor":20,"turns":5},{"damage":27,"enemies":"Shelled Parasite and Fungi","floor":21,"turns":11},{"damage":12,"enemies":"Snake Plant","floor":22,"turns":2}],"seed_played":"3900042316481741732","potions_obtained":[{"floor":3.0,"key":"PowerPotion"},{"floor":7.0,"key":"AttackPotion"},{"floor":12.0,"key":"GamblersBrew"},{"floor":16.0,"key":"SpeedPotion"},{"floor":19,"key":"EssenceOfSteel"}],"is_trial":false,"path_per_floor":["M","$","M","M","?","R","E","T","T","M","M","E","R","$","R","B",null,"M","M","M","M","M"],"character_chosen":"THE_BUGKNIGHT","items_purchased":["HollowMod:SoulStrike","HollowMod:CornifersMapStart","ClockworkSouvenir"],"campfire_rested":0,"item_purchase_floors":[2,2,14],"current_hp_per_floor":[75,75,72,74,74,74,55,55,55,57,52,35,35,35,35,15,75,62,42,38,11,0,0],"gold":207,"neow_bonus":"TRANSFORM_CARD","is_daily":false,"chose_seed":false,"campfire_upgraded":3,"win_rate":0.0,"timestamp":1608065608,"path_taken":["M","$","M","M","?","R","E","?","T","M","M","E","R","?","R","BOSS","M","M","?","M","M"],"items_purchased_type":["Card","Card","Relic"],"build_version":"2020-12-13","purchased_purges":0,"victory":false,"max_hp_per_floor":[75,75,75,75,75,75,75,75,75,75,75,75,75,75,75,75,75,75,75,75,75,75,75],"relic_stats":{"counters":[13,71],"Turnip":[8],"Boot":[22],"obtain_stats":[{"HollowMod:VesselMask":0,"Turnip":9,"Fusion Hammer":17,"Omamori":7,"Boot":12,"ClockworkSouvenir":14},{"HollowMod:VesselMask":0,"Turnip":4,"Fusion Hammer":8,"Omamori":4,"Boot":7,"ClockworkSouvenir":7},{"HollowMod:VesselMask":0,"Turnip":17,"Fusion Hammer":42,"Omamori":17,"Boot":33,"ClockworkSouvenir":33}]},"card_choices":[{"not_picked":["HollowMod:VengefulVoid","HollowMod:NewGlowingWomb","HollowMod:NewLittleFool"],"picked":"SKIP","floor":1.0},{"not_picked":["HollowMod:SiblingsShadow","HollowMod:DescendingDark"],"picked":"HollowMod:HowlingWraiths","floor":3.0},{"not_picked":["HollowMod:SoulVessel","HollowMod:InfectedAttack"],"picked":"HollowMod:SoulStrike","floor":4.0},{"not_picked":["HollowMod:InfectedCysts","HollowMod:ElderbugsWisdom"],"picked":"HollowMod:ChannelNail","floor":7.0},{"not_picked":["HollowMod:CornifersMapStart","HollowMod:SoulVessel"],"picked":"HollowMod:SoulSplash","floor":10.0},{"not_picked":["HollowMod:InfectionAssault","HollowMod:BaldurShell"],"picked":"HollowMod:SoulEater","floor":11.0},{"not_picked":["HollowMod:HuntersJournal","HollowMod:CornifersMapStart"],"picked":"HollowMod:CloakDash","floor":12.0},{"not_picked":["HollowMod:SlysStrikes","HollowMod:NewInfectedGuardian"],"picked":"HollowMod:VoidDash","floor":16.0},{"not_picked":["HollowMod:DescendingDark","HollowMod:SharpenedNail+1","HollowMod:SoulStrike"],"picked":"SKIP","floor":18},{"not_picked":["HollowMod:FallenFury+1","HollowMod:CornifersMapStart"],"picked":"HollowMod:NewJinnsSoul","floor":19},{"not_picked":["HollowMod:SharpenedNail","HollowMod:DescendingDark"],"picked":"HollowMod:MawleksShell","floor":20},{"not_picked":["HollowMod:ShadowDash+1","HollowMod:InfectedCysts"],"picked":"HollowMod:MonarchWings+1","floor":21}],"player_experience":932440,"relics_obtained":[{"floor":7.0,"key":"Omamori"},{"floor":9.0,"key":"Turnip"},{"floor":12.0,"key":"Boot"}],"event_choices":[{"damage_healed":0.0,"max_hp_gain":0.0,"max_hp_loss":0.0,"gold_gain":0.0,"event_name":"Living Wall","player_choice":"Grow","floor":5.0,"gold_loss":0.0,"damage_taken":0.0,"cards_upgraded":["HollowMod:PureNailStrike"]}],"is_beta":false,"boss_relics":[{"not_picked":["SacredBark","Ectoplasm"],"picked":"Fusion Hammer"}],"items_purged_floors":[],"is_endless":false,"potions_floor_spawned":[3,7,12,16,19],"killed_by":"Snake Plant","ascension_level":0}}