{"host":"detovitglhtzaqdj","time":1608037837,"event":{"mods":["2.2 Compatiblity","AchievementEnabler","Aspiration","BaseMod","Better Altar","Better Match","Better Note","Better Sensory Stone","Better Skull","Better Third Choice","Card Filter","Colored Map","Colored Powertips","Current Relic Mod","Curses Come First","Custom Start","Downfall","Emptier Cage","Friendly Minions","Highlight Path","Minty Spire (QoL Compilation)","Quick Restart","Red Circlet Mod","Relic Filter","Relic Stats","Remove Card Discount Mod","Replay The Spire","Shop Mod","Somnambulant","StSLib","The Exordian Avenger","The Jungle","TheHeartMod","Thieving Mod","Transform Curses","Virulent Crown"],"gold_per_floor":[116,116,116,128,139,139,150,164,213,224,224,224,224,242,242,242,242],"floor_reached":16,"playtime":410,"items_purged":[],"score":94,"play_id":"e6d34fa4-ad61-4295-a8ea-7be84ce8d318","local_time":"20201216001037","is_ascension_mode":false,"campfire_choices":[{"floor":6,"key":"REST"},{"floor":12,"key":"REST"},{"floor":15,"key":"DIG"}],"circlet_count":0,"master_deck":["Strike_G","Strike_G","Strike_G","Strike_G","Strike_G","Defend_G","Defend_G","Defend_G","Defend_G","Defend_G","Survivor","Neutralize","All Out Attack","Accuracy","Slice","Dagger Spray","Setup","Bane","Injury","Injury","Hidden Blade+1"],"relics":["Ring of the Snake","NeowsBlessing","The Specimen","ReplayTheSpireMod:Lightbulb","Toxic Egg 2","Golden Idol","Shuriken"],"acts_visited":["Exordium"],"potions_floor_usage":[16],"damage_taken":[{"damage":0,"enemies":"Small Slimes","floor":1,"turns":1},{"damage":0,"enemies":"Jaw Worm","floor":4,"turns":1},{"damage":0,"enemies":"Cultist","floor":5,"turns":1},{"damage":30,"enemies":"Gremlin Gang","floor":7,"turns":4},{"damage":12,"enemies":"2 Fungi Beasts","floor":8,"turns":4},{"damage":10,"enemies":"Looter","floor":10,"turns":4},{"damage":14,"enemies":"Blue Slaver","floor":14,"turns":5},{"damage":32,"enemies":"Slime Boss","floor":16,"turns":6}],"seed_played":"7182478459496274793","potions_obtained":[{"floor":1,"key":"SmokeBomb"},{"floor":8,"key":"FearPotion"}],"is_trial":false,"path_per_floor":["M","?","?","M","M","R","M","M","T","M","?","R","?","M","R_BF","B"],"character_chosen":"THE_SILENT","items_purchased":[],"campfire_rested":2,"item_purchase_floors":[],"current_hp_per_floor":[70,70,70,70,70,70,40,28,28,18,18,39,39,25,25,0,0],"gold":242,"neow_bonus":"THREE_ENEMY_KILL","is_daily":false,"chose_seed":false,"campfire_upgraded":0,"win_rate":0.0,"timestamp":1608037837,"path_taken":["M","?","?","?","M","R","M","M","T","?","?","R","?","M","R_BF","BOSS"],"items_purchased_type":[],"build_version":"2020-12-13","purchased_purges":0,"victory":false,"max_hp_per_floor":[70,70,70,70,70,70,70,70,70,70,70,70,70,70,70,70,70],"relic_stats":{"counters":[8,26],"Golden Idol":4,"Shuriken":[3],"obtain_stats":[{"NeowsBlessing":0,"The Specimen":3,"Golden Idol":13,"Shuriken":15,"Toxic Egg 2":11,"ReplayTheSpireMod:Lightbulb":9,"Ring of the Snake":0},{"NeowsBlessing":0,"The Specimen":1,"Golden Idol":6,"Shuriken":7,"Toxic Egg 2":6,"ReplayTheSpireMod:Lightbulb":5,"Ring of the Snake":0},{"NeowsBlessing":0,"The Specimen":1,"Golden Idol":15,"Shuriken":20,"Toxic Egg 2":15,"ReplayTheSpireMod:Lightbulb":11,"Ring of the Snake":0}],"Ring of the Snake":[16]},"card_choices":[{"not_picked":["Flechettes","Bane"],"picked":"All Out Attack","floor":1},{"not_picked":["Underhanded Strike","Outmaneuver"],"picked":"Accuracy","floor":4},{"not_picked":["Flying Knee","ReplayTheSpireMod:Speed Training"],"picked":"Slice","floor":5},{"not_picked":["Well Laid Plans","Blur"],"picked":"Dagger Spray","floor":7},{"not_picked":["Tactician","Noxious Fumes"],"picked":"Setup","floor":8},{"not_picked":["Calculated Gamble","Underhanded Strike"],"picked":"Bane","floor":10},{"not_picked":["PiercingWail+1","Deflect+1"],"picked":"Hidden Blade+1","floor":14}],"player_experience":33027,"relics_obtained":[{"floor":9,"key":"ReplayTheSpireMod:Lightbulb"},{"floor":15,"key":"Shuriken"}],"event_choices":[{"damage_healed":70,"gold_gain":0,"player_choice":"Embrace Burn","damage_taken":0,"max_hp_gain":0,"max_hp_loss":70,"event_name":"betterThird:BetterShining","floor":2,"gold_loss":0},{"cards_removed":["Burn"],"damage_healed":0,"gold_gain":0,"player_choice":"Gave Card","damage_taken":0,"relics_obtained":["The Specimen"],"max_hp_gain":0,"max_hp_loss":0,"event_name":"WeMeetAgain","floor":3,"gold_loss":0},{"damage_healed":0,"gold_gain":0,"player_choice":"Take Wound","damage_taken":0,"relics_obtained":["Golden Idol"],"max_hp_gain":0,"max_hp_loss":0,"event_name":"Golden Idol","floor":13,"gold_loss":0,"cards_obtained":["Injury"]}],"is_beta":false,"boss_relics":[],"items_purged_floors":[],"is_endless":false,"potions_floor_spawned":[1,8],"killed_by":"Slime Boss","ascension_level":0}}