{"host":"mi0eibewekhugwl1","time":1608042398,"event":{"mods":["AchievementEnabler","BaseMod","Colored Map","Colored Powertips","DeckTracker","Keyboard Shortcuts","Minty Spire (QoL Compilation)","Quick Restart","Rare Cards Sparkle","Relic Stats","StSLib","SuperFastMode","everything is the same but u backflip on backflip"],"gold_per_floor":[118,138,138,153,168,168,168,168,168,180,180,198,214,227,227,227,227],"floor_reached":16,"playtime":239,"items_purged":[],"score":192,"play_id":"c435f99f-2243-4906-8403-80b9b4e12e20","local_time":"20201215232638","is_ascension_mode":true,"campfire_choices":[{"data":"Uppercut","floor":6,"key":"SMITH"},{"data":"Whirlwind","floor":8,"key":"SMITH"},{"data":"Pommel Strike","floor":11,"key":"SMITH"},{"data":"Burning Pact","floor":15,"key":"SMITH"}],"circlet_count":0,"master_deck":["AscendersBane","Strike_R","Strike_R","Strike_R","Strike_R","Strike_R","Defend_R","Defend_R","Defend_R","Defend_R","Bash","Cleave","Uppercut+1","Pommel Strike+1","Whirlwind+1","Power Through","Burning Pact+1"],"relics":["Burning Blood","NeowsBlessing","Pantograph"],"acts_visited":["Exordium"],"potions_floor_usage":[12,16],"damage_taken":[{"damage":0,"enemies":"2 Louse","floor":1,"turns":1},{"damage":0,"enemies":"Small Slimes","floor":2,"turns":1},{"damage":0,"enemies":"Cultist","floor":4,"turns":1},{"damage":25,"enemies":"Exordium Thugs","floor":5,"turns":6},{"damage":15,"enemies":"Red Slaver","floor":10,"turns":3},{"damage":3,"enemies":"Looter","floor":12,"turns":2},{"damage":0,"enemies":"2 Fungi Beasts","floor":13,"turns":3},{"damage":24,"enemies":"Large Slime","floor":14,"turns":6},{"damage":45,"enemies":"The Guardian","floor":16,"turns":12}],"seed_played":"-2411798829190728953","potions_obtained":[{"floor":1,"key":"Energy Potion"},{"floor":10,"key":"Block Potion"}],"is_trial":false,"path_per_floor":["M","M","?","M","M","R","?","R","T","M","R","M","M","M","R","B"],"character_chosen":"IRONCLAD","items_purchased":[],"campfire_rested":0,"item_purchase_floors":[],"current_hp_per_floor":[74,75,80,80,61,61,49,49,49,40,40,43,49,31,31,11,11],"gold":227,"neow_bonus":"THREE_ENEMY_KILL","is_daily":false,"chose_seed":false,"campfire_upgraded":4,"win_rate":0.0,"timestamp":1608042398,"path_taken":["M","M","?","M","M","R","?","R","T","M","R","M","M","M","R","BOSS"],"items_purchased_type":[],"build_version":"2020-12-13","purchased_purges":0,"victory":false,"max_hp_per_floor":[75,75,80,80,80,80,80,80,80,80,80,80,80,80,80,80,80],"relic_stats":{"counters":[9,35],"Pantograph":25,"obtain_stats":[{"NeowsBlessing":0,"Pantograph":9,"Burning Blood":0},{"NeowsBlessing":0,"Pantograph":4,"Burning Blood":0},{"NeowsBlessing":0,"Pantograph":9,"Burning Blood":0}],"Burning Blood":37},"card_choices":[{"not_picked":["Havoc","Reckless Charge"],"picked":"Cleave","floor":1},{"not_picked":["Wild Strike","Bloodletting"],"picked":"Uppercut","floor":2},{"not_picked":["Clothesline","Anger"],"picked":"Pommel Strike","floor":4},{"not_picked":["Clash","True Grit"],"picked":"Whirlwind","floor":5},{"not_picked":["True Grit","Sword Boomerang","Pommel Strike"],"picked":"SKIP","floor":10},{"not_picked":["Perfected Strike","Rupture"],"picked":"Power Through","floor":12},{"not_picked":["Armaments","Corruption"],"picked":"Burning Pact","floor":13},{"not_picked":["Havoc","Reckless Charge","Metallicize"],"picked":"SKIP","floor":14}],"player_experience":1666254,"relics_obtained":[{"floor":9,"key":"Pantograph"}],"event_choices":[{"damage_healed":0,"gold_gain":0,"player_choice":"Donut","damage_taken":0,"max_hp_gain":5,"max_hp_loss":0,"event_name":"Big Fish","floor":3,"gold_loss":0},{"damage_healed":0,"gold_gain":0,"player_choice":"Damaged","damage_taken":12,"max_hp_gain":0,"max_hp_loss":0,"event_name":"Wheel of Change","floor":7,"gold_loss":0}],"is_beta":false,"boss_relics":[],"items_purged_floors":[],"is_endless":false,"potions_floor_spawned":[1,10],"killed_by":"The Guardian","ascension_level":20}}