{"host":"msfr2axb1w9025n0","time":1608025190,"event":{"mods":["BaseMod","Colored Map","DeckTracker","Minty Spire (QoL Compilation)"],"gold_per_floor":[116,128,128,32,45,45,80,97,122,156,156,174,190,209,209,306,306,318,129,141,141,141],"floor_reached":21,"playtime":607,"items_purged":[],"score":309,"play_id":"93a886c6-a2dd-430c-a14e-92746b03678a","local_time":"20201215163950","is_ascension_mode":true,"campfire_choices":[{"data":"Disarm","floor":6.0,"key":"SMITH"},{"data":"Flex","floor":11.0,"key":"SMITH"},{"data":"Battle Trance","floor":15.0,"key":"SMITH"}],"circlet_count":0,"master_deck":["AscendersBane","Bash","Disarm+1","Clothesline+1","Shrug It Off","Thunderclap","Flex+1","Pummel","Carnage","Battle Trance+1","Sword Boomerang","Demon Form","Cleave","Reaper","Demon Form","Offering","Clothesline","Immolate","Sword Boomerang","Shockwave","Twin Strike","Shrug It Off","Apotheosis"],"relics":["Burning Blood","NeowsBlessing","War Paint","Ancient Tea Set","Bag of Preparation","Pandora\u0027s Box"],"acts_visited":["Exordium","TheCity"],"potions_floor_usage":[20],"damage_taken":[{"damage":0.0,"enemies":"Cultist","floor":1.0,"turns":1.0},{"damage":0.0,"enemies":"2 Louse","floor":2.0,"turns":1.0},{"damage":0.0,"enemies":"Small Slimes","floor":5.0,"turns":1.0},{"damage":28.0,"enemies":"Lagavulin","floor":7.0,"turns":10.0},{"damage":0.0,"enemies":"2 Fungi Beasts","floor":8.0,"turns":3.0},{"damage":20.0,"enemies":"Gremlin Nob","floor":10.0,"turns":5.0},{"damage":0.0,"enemies":"Looter","floor":12.0,"turns":2.0},{"damage":14.0,"enemies":"3 Louse","floor":13.0,"turns":3.0},{"damage":11.0,"enemies":"Large Slime","floor":14.0,"turns":2.0},{"damage":30.0,"enemies":"Hexaghost","floor":16.0,"turns":11.0},{"damage":52,"enemies":"Chosen","floor":18,"turns":6},{"damage":17,"enemies":"Spheric Guardian","floor":20,"turns":3},{"damage":18,"enemies":"3 Cultists","floor":21,"turns":3}],"seed_played":"4297535519012359589","potions_obtained":[{"floor":1.0,"key":"PowerPotion"},{"floor":13.0,"key":"DistilledChaos"},{"floor":16.0,"key":"LiquidMemories"},{"floor":20,"key":"DuplicationPotion"}],"is_trial":false,"path_per_floor":["M","M","?","$","M","R","E","M","T","E","R","M","M","M","R","B",null,"M","$","M","M"],"character_chosen":"IRONCLAD","items_purchased":["Shrug It Off","SteroidPotion","Apotheosis"],"campfire_rested":0,"item_purchase_floors":[4,4,19],"current_hp_per_floor":[78,80,80,80,80,80,58,64,64,50,50,56,48,43,43,19,65,22,22,17,0,0],"gold":141,"neow_bonus":"THREE_ENEMY_KILL","is_daily":false,"chose_seed":false,"campfire_upgraded":3,"win_rate":0.0,"timestamp":1608025190,"path_taken":["M","?","?","$","M","R","E","M","T","E","R","M","?","M","R","BOSS","M","$","M","?"],"items_purchased_type":["Card","Potion","Card"],"build_version":"2020-12-13","purchased_purges":0,"victory":false,"max_hp_per_floor":[80,80,80,80,80,80,80,80,80,80,80,80,80,80,80,80,80,80,80,80,80,80],"card_choices":[{"not_picked":["Clothesline","Heavy Blade"],"picked":"Disarm","floor":1.0},{"not_picked":["Warcry","Sword Boomerang"],"picked":"Clothesline","floor":2.0},{"not_picked":["Flex","Fire Breathing","Second Wind"],"picked":"SKIP","floor":5.0},{"not_picked":["Sword Boomerang","Intimidate"],"picked":"Thunderclap","floor":7.0},{"not_picked":["Twin Strike","Iron Wave"],"picked":"Flex","floor":8.0},{"not_picked":["Clash","Bludgeon"],"picked":"Pummel","floor":10.0},{"not_picked":["Havoc","Wild Strike"],"picked":"Carnage","floor":12.0},{"not_picked":["Shrug It Off","Ghostly Armor"],"picked":"Battle Trance","floor":13.0},{"not_picked":["Anger","Dark Embrace"],"picked":"Sword Boomerang","floor":14.0},{"not_picked":["Fiend Fire","Barricade"],"picked":"Demon Form","floor":16.0},{"not_picked":["Anger","Pommel Strike"],"picked":"Shrug It Off","floor":18},{"not_picked":["Headbutt","Wild Strike","Sword Boomerang"],"picked":"SKIP","floor":20}],"player_experience":243805,"relics_obtained":[{"floor":7.0,"key":"War Paint"},{"floor":9.0,"key":"Ancient Tea Set"},{"floor":10.0,"key":"Bag of Preparation"}],"event_choices":[{"damage_healed":0.0,"max_hp_gain":0.0,"max_hp_loss":0.0,"gold_gain":0.0,"event_name":"Upgrade Shrine","player_choice":"Upgraded","floor":3.0,"gold_loss":0.0,"damage_taken":0.0,"cards_upgraded":["Clothesline"]}],"is_beta":false,"boss_relics":[{"not_picked":["Astrolabe","Fusion Hammer"],"picked":"Pandora\u0027s Box"}],"items_purged_floors":[],"is_endless":false,"potions_floor_spawned":[1,8,13,14,16,18,20],"killed_by":"3 Cultists","ascension_level":12}}