{"host":"ryuep8ewa00k39z9","time":1608075192,"event":{"mods":["AchievementEnabler","BaseMod","Best Route Mod","Colored Map","Colored Powertips","Displayed Cursed Tome","Highlight Path","Minty Spire (QoL Compilation)","Quick Restart","SuperFastMode"],"gold_per_floor":[113,131,142,142,224,224,257,267,267,280,280,290,290,290,290,361,361,373,373,288,307,324,324,324],"floor_reached":23,"playtime":753,"items_purged":[],"score":450,"play_id":"f8119855-ce8e-446c-b2dd-8b76b7dfd19d","local_time":"20201215173312","is_ascension_mode":true,"campfire_choices":[{"data":"Spot Weakness","floor":6.0,"key":"SMITH"},{"data":"Heavy Blade","floor":11.0,"key":"SMITH"},{"data":"Whirlwind","floor":13.0,"key":"SMITH"},{"floor":15.0,"key":"REST"}],"circlet_count":0,"master_deck":["AscendersBane","Strike_R","Defend_R","Defend_R","Defend_R","Defend_R","Bash","Heavy Blade+1","Fire Breathing","Spot Weakness+1","Bludgeon","Cleave","Whirlwind+1","Double Tap","Inflame"],"relics":["Burning Blood","Mercury Hourglass","Eternal Feather","Mummified Hand","Empty Cage","Lizard Tail"],"acts_visited":["Exordium","TheCity"],"potions_floor_usage":[23],"damage_taken":[{"damage":9.0,"enemies":"2 Louse","floor":1.0,"turns":3.0},{"damage":12.0,"enemies":"Jaw Worm","floor":2.0,"turns":2.0},{"damage":7.0,"enemies":"Cultist","floor":3.0,"turns":4.0},{"damage":25.0,"enemies":"Lagavulin","floor":7.0,"turns":5.0},{"damage":10.0,"enemies":"2 Fungi Beasts","floor":8.0,"turns":3.0},{"damage":13.0,"enemies":"Blue Slaver","floor":10.0,"turns":2.0},{"damage":14.0,"enemies":"Exordium Wildlife","floor":12.0,"turns":5.0},{"damage":0.0,"enemies":"Slime Boss","floor":16.0,"turns":6.0},{"damage":12.0,"enemies":"Chosen","floor":18.0,"turns":3.0},{"damage":23.0,"enemies":"3 Byrds","floor":21.0,"turns":4.0},{"damage":39.0,"enemies":"Snake Plant","floor":22.0,"turns":4.0},{"damage":77,"enemies":"Slavers","floor":23,"turns":4}],"seed_played":"8584393971264618035","potions_obtained":[{"floor":2.0,"key":"ColorlessPotion"},{"floor":3.0,"key":"FearPotion"},{"floor":10.0,"key":"Swift Potion"},{"floor":12.0,"key":"SkillPotion"},{"floor":22.0,"key":"SteroidPotion"}],"is_trial":false,"path_per_floor":["M","M","M","?","T","R","E","M","T","M","R","M","R","?","R","B",null,"M","?","?","M","M","E"],"character_chosen":"IRONCLAD","items_purchased":[],"campfire_rested":1,"item_purchase_floors":[],"current_hp_per_floor":[61,55,54,54,54,54,35,31,31,24,33,25,34,27,62,68,84,78,78,78,61,28,4,4],"gold":324,"neow_bonus":"TWENTY_PERCENT_HP_BONUS","is_daily":false,"chose_seed":false,"campfire_upgraded":3,"win_rate":0.0,"timestamp":1608075192,"path_taken":["M","M","M","?","?","R","E","?","T","M","R","M","R","?","R","BOSS","M","?","?","M","?","E"],"items_purchased_type":[],"build_version":"2020-12-13","purchased_purges":0,"victory":false,"max_hp_per_floor":[89,89,89,89,89,89,89,89,89,89,89,89,89,89,89,89,89,89,89,89,89,89,89,89],"card_choices":[{"not_picked":["Dark Embrace","Infernal Blade"],"picked":"Heavy Blade","floor":1.0},{"not_picked":["Flex","True Grit"],"picked":"Fire Breathing","floor":2.0},{"not_picked":["Pommel Strike","Infernal Blade","Body Slam"],"picked":"SKIP","floor":3.0},{"not_picked":["Searing Blow","Wild Strike","Blood for Blood"],"picked":"SKIP","floor":7.0},{"not_picked":["Headbutt","Flex"],"picked":"Bludgeon","floor":8.0},{"not_picked":["Headbutt","Anger"],"picked":"Cleave","floor":10.0},{"not_picked":["Clothesline","Sword Boomerang"],"picked":"Whirlwind","floor":12.0},{"not_picked":["Feed","Juggernaut"],"picked":"Double Tap","floor":16.0},{"not_picked":["Bloodletting","Iron Wave"],"picked":"Inflame","floor":18.0},{"not_picked":["Flex","Combust","Body Slam"],"picked":"SKIP","floor":21.0},{"not_picked":["Twin Strike","Shrug It Off","Sword Boomerang"],"picked":"SKIP","floor":22.0}],"player_experience":3168378,"relics_obtained":[{"floor":5.0,"key":"Mercury Hourglass"},{"floor":7.0,"key":"Eternal Feather"},{"floor":9.0,"key":"Mummified Hand"}],"event_choices":[{"damage_healed":0.0,"max_hp_gain":0.0,"max_hp_loss":0.0,"gold_gain":0.0,"cards_transformed":["Strike_R"],"event_name":"Living Wall","player_choice":"Change","floor":4.0,"gold_loss":0.0,"damage_taken":0.0,"cards_obtained":["Spot Weakness"]},{"cards_removed":["Strike_R"],"damage_healed":0.0,"max_hp_gain":0.0,"max_hp_loss":0.0,"gold_gain":0.0,"event_name":"Golden Wing","player_choice":"Card Removal","floor":14.0,"gold_loss":0.0,"damage_taken":7.0},{"damage_healed":0.0,"max_hp_gain":0.0,"max_hp_loss":0.0,"gold_gain":0.0,"event_name":"Ghosts","player_choice":"Ignored","floor":19.0,"gold_loss":0.0,"damage_taken":0.0},{"damage_healed":0.0,"max_hp_gain":0.0,"max_hp_loss":0.0,"gold_gain":0.0,"event_name":"Addict","player_choice":"Obtained Relic","floor":20.0,"gold_loss":85.0,"damage_taken":0.0,"relics_obtained":["Lizard Tail"]}],"is_beta":false,"boss_relics":[{"not_picked":["Coffee Dripper","Black Star"],"picked":"Empty Cage"}],"items_purged_floors":[],"is_endless":false,"potions_floor_spawned":[2,3,10,12,22],"killed_by":"Slavers","ascension_level":17}}