{"host":"0tg1gncob7yth7j0","time":1608061945,"event":{"mods":["BaseMod","Best Route Mod","Block Reminder","Disable Question Mark Monsters","Gold Saver","Minty Spire (QoL Compilation)","SacredBarkPlus","StSLib","Transform Curses"],"gold_per_floor":[775,775,740,840,857,857,874,874,898,521,552,552,552,552],"floor_reached":13,"playtime":494,"items_purged":["Wireheading"],"score":134,"play_id":"ba6db245-70d9-4f88-92a3-3e0ac58d6bdd","local_time":"20201215145225","is_ascension_mode":true,"campfire_choices":[{"data":"Vigilance","floor":6,"key":"SMITH"},{"data":"PathToVictory","floor":8,"key":"SMITH"}],"circlet_count":0,"master_deck":["AscendersBane","Strike_P","Strike_P","Strike_P","Defend_P","Defend_P","Defend_P","Defend_P","Eruption+1","Vigilance+1","PathToVictory+1","FearNoEvil"],"relics":["PureWater","Membership Card","Turnip","Smiling Mask","Thread and Needle"],"acts_visited":["Exordium"],"potions_floor_usage":[],"damage_taken":[{"damage":3,"enemies":"Jaw Worm","floor":1,"turns":6},{"damage":10,"enemies":"Small Slimes","floor":5,"turns":3},{"damage":0,"enemies":"Cultist","floor":7,"turns":2},{"damage":23,"enemies":"Lagavulin","floor":11,"turns":6},{"damage":21,"enemies":"3 Sentries","floor":13,"turns":5}],"seed_played":"2655240735155070981","potions_obtained":[{"floor":7,"key":"SpeedPotion"}],"is_trial":false,"path_per_floor":["M","?","?","?","M","R","M","R","T","$","E","?","E"],"character_chosen":"WATCHER","items_purchased":["Membership Card","Turnip","FearNoEvil"],"campfire_rested":0,"item_purchase_floors":[10,10,10],"current_hp_per_floor":[62,62,72,72,62,62,62,62,62,62,39,21,0,0],"gold":552,"neow_bonus":"TRANSFORM_CARD","is_daily":false,"chose_seed":false,"campfire_upgraded":2,"win_rate":0.0,"timestamp":1608061945,"path_taken":["M","?","?","?","M","R","?","R","T","$","E","?","E"],"items_purchased_type":["Relic","Relic","Card"],"build_version":"2020-12-13","purchased_purges":1,"victory":false,"max_hp_per_floor":[72,72,72,72,72,72,72,72,72,72,72,72,72,72],"card_choices":[{"not_picked":["CrushJoints","WheelKick","Prostrate"],"picked":"SKIP","floor":1},{"not_picked":["Consecrate","BattleHymn"],"picked":"PathToVictory","floor":5},{"not_picked":["SashWhip","Perseverance","CrushJoints"],"picked":"SKIP","floor":7},{"not_picked":["Halt","CrushJoints","ReachHeaven"],"picked":"SKIP","floor":11}],"player_experience":3597126,"relics_obtained":[{"floor":11,"key":"Smiling Mask"}],"event_choices":[{"damage_healed":0,"gold_gain":0,"player_choice":"Grow","damage_taken":0,"max_hp_gain":0,"max_hp_loss":0,"event_name":"Living Wall","floor":2,"gold_loss":0,"cards_upgraded":["Eruption"]},{"damage_healed":18,"gold_gain":0,"player_choice":"Healed","damage_taken":0,"max_hp_gain":0,"max_hp_loss":0,"event_name":"The Cleric","floor":3,"gold_loss":35},{"damage_healed":0,"gold_gain":100,"player_choice":"Gold","damage_taken":0,"max_hp_gain":0,"max_hp_loss":0,"event_name":"Wheel of Change","floor":4,"gold_loss":0},{"damage_healed":0,"gold_gain":0,"player_choice":"Success","damage_taken":18,"relics_obtained":["Thread and Needle"],"max_hp_gain":0,"max_hp_loss":0,"event_name":"Scrap Ooze","floor":12,"gold_loss":0}],"is_beta":false,"boss_relics":[],"items_purged_floors":[10],"is_endless":false,"potions_floor_spawned":[7],"killed_by":"3 Sentries","ascension_level":13}}