{"host":"mn5ze3eyhx81nlo2","time":1608031941,"event":{"mods":["BaseMod","Block Reminder","Challenge The Spire","Downfall","Hermit","Hubris","Infinite Spire","Minty Spire (QoL Compilation)","Quick Restart","Replay The Spire","Shade Mod","StSLib","The Cursed","The Druid","The Hierophant","The Runesmith","Unceasing Turn Reminder"],"gold_per_floor":[109,32,32,32,45,45,45,62,62,76,76,110,126,157,157,258,258,268,279,170,220,234,234,234,245,245,265,291,291,309,327,327,327,327],"floor_reached":33,"playtime":1346,"items_purged":["Shade:Strike_Shade"],"score":354,"play_id":"1bf6e2e7-b7fa-4769-a41f-ba73232abbc9","local_time":"20201215113221","is_ascension_mode":false,"campfire_choices":[{"data":"Shade:CommandSoldier","floor":6,"key":"SMITH"},{"data":"Shade:AnimateDead","floor":11,"key":"SMITH"},{"data":"Shade:Bonestorm","floor":15,"key":"SMITH"},{"floor":24,"key":"REST"},{"floor":29,"key":"REST"},{"floor":32,"key":"REST"}],"circlet_count":0,"master_deck":["Shade:Strike_Shade","Shade:Strike_Shade","Shade:Strike_Shade","Shade:Defend_Shade","Shade:Defend_Shade","Shade:Defend_Shade","Shade:Defend_Shade","Shade:AnimateDead+1","Shade:CarefulCut+1","Shade:FreshBones+1","Shade:SpectralStrikes","Shade:CommandSoldier+1","Shade:SensePrey+1","Shade:Bonestorm+1","Shade:Putrefaction","Doubt","hubris:Envy","sneckomod:Bewildered","Shade:CallWraith+1","Shade:AuraOfUnlife","Shade:OpenGraves","ReplayTheSpireMod:Splinters","Shade:PressTheAttack","Shade:StitchTogether","Shade:SkeletonArmy+1"],"relics":["Shade:YorickSkull","NeowsBlessing","Toxic Egg 2","White Beast Statue","hubris:Spice","Replay:Ancient Bell","Oddly Smooth Stone","ReplayTheSpireMod:Ninjato","Pet Ghost"],"acts_visited":["Exordium","TheCity"],"potions_floor_usage":[14,16,33,33,33],"damage_taken":[{"damage":0,"enemies":"Small Slimes","floor":1,"turns":1},{"damage":0,"enemies":"Jaw Worm","floor":5,"turns":1},{"damage":0,"enemies":"Cultist","floor":8,"turns":1},{"damage":0,"enemies":"Exordium Thugs","floor":10,"turns":4},{"damage":6,"enemies":"Replay:BlueRogue","floor":12,"turns":4},{"damage":0,"enemies":"Looter","floor":13,"turns":3},{"damage":0,"enemies":"3 Sentries","floor":14,"turns":2},{"damage":0,"enemies":"Slime Boss","floor":16,"turns":4},{"damage":25,"enemies":"3 Byrds","floor":18,"turns":4},{"damage":17,"enemies":"Shell Parasite","floor":19,"turns":5},{"damage":11,"enemies":"Centurion and Healer","floor":22,"turns":4},{"damage":6,"enemies":"Snake Plant","floor":25,"turns":4},{"damage":5,"enemies":"Chosen and Byrds","floor":27,"turns":4},{"damage":12,"enemies":"Replay:Snechameleon","floor":28,"turns":7},{"damage":44,"enemies":"3 Cultists","floor":30,"turns":5},{"damage":9,"enemies":"Snake Plant","floor":31,"turns":4},{"damage":62,"enemies":"Automaton","floor":33,"turns":6}],"seed_played":"-5163254942251517187","potions_obtained":[{"floor":8,"key":"DistilledChaos"},{"floor":10,"key":"SpeedPotion"},{"floor":13,"key":"Regen Potion"},{"floor":14,"key":"SkillPotion"},{"floor":16,"key":"DuplicationPotion"},{"floor":18,"key":"Dexterity Potion"}],"is_trial":false,"path_per_floor":["M","$","?","$","M","R","?","M","T","M","R","E","M","E","R","B",null,"M","M","$","?","M","?","R","M","T","M","E","R","M","M","R","B"],"character_chosen":"SHADE","items_purchased":["Shade:SpectralStrikes","Shade:OpenGraves"],"campfire_rested":3,"item_purchase_floors":[2,20],"current_hp_per_floor":[65,65,65,65,65,65,65,65,65,65,65,59,59,67,67,73,81,56,39,39,39,28,28,49,43,43,45,40,61,24,15,36,0,0],"gold":327,"neow_bonus":"THREE_ENEMY_KILL","is_daily":false,"chose_seed":false,"campfire_upgraded":3,"win_rate":0.0,"timestamp":1608031941,"path_taken":["M","$","?","$","M","R","?","?","T","M","R","E","M","E","R","BOSS","M","M","$","?","M","?","R","M","T","M","E","R","M","M","R","BOSS"],"items_purchased_type":["Card","Card"],"build_version":"2020-12-13","purchased_purges":1,"victory":false,"max_hp_per_floor":[65,65,65,65,65,65,65,65,65,65,65,65,65,73,73,73,81,81,81,81,73,73,73,73,73,73,73,73,73,73,73,73,73,73],"card_choices":[{"not_picked":["Shade:GreyBargain","Shade:FingerOfDeath"],"picked":"Shade:FreshBones","floor":1},{"not_picked":["Shade:FingerOfDeath","Shade:Frenzy"],"picked":"Shade:CommandSoldier","floor":5},{"not_picked":["Shade:Excise","Shade:LyeBath","Shade:CoffinDance"],"picked":"SKIP","floor":8},{"not_picked":["Shade:SpectralStrikes","Shade:Excise+1","Shade:LastGasp+1"],"picked":"SKIP","floor":10},{"not_picked":["Shade:BoneShards","Shade:FingerOfDeath"],"picked":"Shade:SensePrey+1","floor":12},{"not_picked":["Shade:ExtraLimbs","Shade:Awaken+1"],"picked":"Shade:Bonestorm","floor":13},{"not_picked":["Shade:FuneraryArmor+1","Shade:FuneraryJewels+1","Shade:CommandSoldier+1"],"picked":"SKIP","floor":14},{"not_picked":["Shade:DarkOfNight+1","Shade:OminousRitual"],"picked":"Shade:Putrefaction","floor":16},{"not_picked":["Overencumbered","infinitespire:Pacifist"],"picked":"Doubt","floor":17},{"not_picked":["Guardian:Aged","Spreading Infection"],"picked":"hubris:Envy","floor":17},{"not_picked":["hubris:Disease","infinitespire:Pacifist"],"picked":"sneckomod:Bewildered","floor":17},{"not_picked":["Shade:PotionOfRestlessness","Shade:Asphyxiate"],"picked":"Shade:CallWraith+1","floor":18},{"not_picked":["Shade:CommandSoldier+1","Shade:SpontaneousRitual"],"picked":"Shade:AuraOfUnlife","floor":19},{"not_picked":["Shade:FuneraryJewels+1","Shade:GoDigging+1"],"picked":"Shade:PressTheAttack","floor":21},{"not_picked":["Shade:GreyBargain+1","Shade:SpontaneousRitual","Shade:CloudOfShrapnel+1"],"picked":"SKIP","floor":22},{"not_picked":["Shade:SpontaneousRitual","Shade:CommandSoldier+1"],"picked":"Shade:StitchTogether","floor":25},{"not_picked":["Shade:ClawBack","Shade:FeralStrike","Shade:PressTheAttack"],"picked":"SKIP","floor":27},{"not_picked":["Shade:FleshLikeOak+1","Shade:ExtraLimbs","Shade:FuneraryJewels+1"],"picked":"SKIP","floor":28},{"not_picked":["Shade:FingerOfDeath","Shade:FeralStrike"],"picked":"Shade:SkeletonArmy+1","floor":30},{"not_picked":["Shade:FeralStrike","Shade:FreshBones+1","hubris:SpiceAddiction"],"picked":"SKIP","floor":31}],"player_experience":881042,"relics_obtained":[{"floor":9,"key":"Toxic Egg 2"},{"floor":12,"key":"White Beast Statue"},{"floor":14,"key":"hubris:Spice"},{"floor":21,"key":"hubris:Spice"},{"floor":28,"key":"Pet Ghost"}],"event_choices":[{"damage_healed":0,"gold_gain":0,"player_choice":"Upgraded","damage_taken":0,"max_hp_gain":0,"max_hp_loss":0,"event_name":"Upgrade Shrine","floor":7,"gold_loss":0,"cards_upgraded":["Shade:FreshBones"]}],"is_beta":false,"boss_relics":[{"not_picked":["hubris:Stopwatch","hubris:Spice"],"picked":"Replay:Ancient Bell"},{"not_picked":["infinitespire:Lucky Rock","hubris:Spice"],"picked":"Oddly Smooth Stone"},{"not_picked":["hubris:DisguiseKit","Molten Egg 2"],"picked":"ReplayTheSpireMod:Ninjato"},{"not_picked":["CaptainsWheel","hubris:Spice"],"picked":"hubris:Spice"}],"items_purged_floors":[20],"is_endless":false,"potions_floor_spawned":[8,10,13,14,16,18,19,22,25,27,28,30,31],"killed_by":"Automaton","ascension_level":0}}