{"host":"ek19s9symjhb78i2","time":1608013711,"event":{"mods":["BaseMod","Better Note","Downfall","Hero for Fun","Hubris","Infinite Spire","JesterMod","Mimic Mod","Minty Spire (QoL Compilation)","Quick Restart","Shop Mod","StSLib","SuperFastMode","The Animator","The Blackbeard","The Bladedancer","The Death Knight","The Necromancer","Thieving Mod","Unceasing Turn Reminder","Wandering Minibosses"],"gold_per_floor":[99,116,133,151,20,46,46,81,101,101,117,117,136,236,250,250,250],"floor_reached":16,"playtime":736,"items_purged":[],"score":114,"play_id":"4ebd5593-2697-4f88-aa65-2f4c587fe06b","local_time":"20201214232831","is_ascension_mode":false,"campfire_choices":[{"data":"Guardian:TwinSlam","floor":1,"key":"SMITH"},{"floor":10,"key":"REST"}],"circlet_count":0,"master_deck":["Guardian:Strike_Guardian","Guardian:Strike_Guardian","Guardian:Strike_Guardian","Guardian:Strike_Guardian","Guardian:Defend_Guardian","Guardian:Defend_Guardian","Guardian:Defend_Guardian","Guardian:Defend_Guardian","Guardian:CurlUp","Guardian:TwinSlam+1","Guardian:ChargeUp","Guardian:PiercingHide","Guardian:RollAttack","Guardian:Incinerate","Guardian:CrystalBeam","Guardian:PrismaticBeam","Guardian:DonusPower","Guardian:Suspension","Guardian:Clone","hubris:Envy","Injury","infinitespire:UltimateForm+1","Guardian:FloatingOrbs+1","Guardian:ChargeCore"],"relics":["Guardian:ModeShifter","infinitespire:Satchel","Frozen Egg 2","Anchor"],"acts_visited":["Exordium"],"potions_floor_usage":[6,6,16,16,16],"damage_taken":[{"damage":4,"enemies":"Cultist","floor":2,"turns":4},{"damage":6,"enemies":"2 Louse","floor":3,"turns":2},{"damage":2,"enemies":"Jaw Worm","floor":4,"turns":4},{"damage":10,"enemies":"downfall:FleeingMerchant","floor":5,"turns":4},{"damage":19,"enemies":"Gremlin Nob","floor":6,"turns":5},{"damage":20,"enemies":"Lagavulin","floor":8,"turns":7},{"damage":10,"enemies":"Exordium Wildlife","floor":9,"turns":4},{"damage":9,"enemies":"2 Fungi Beasts","floor":11,"turns":4},{"damage":3,"enemies":"Exordium Thugs","floor":13,"turns":4},{"damage":21,"enemies":"Exordium Wildlife","floor":15,"turns":5},{"damage":13,"enemies":"downfall:Ironclad","floor":16,"turns":5}],"seed_played":"3989273926589095947","potions_obtained":[{"floor":2,"key":"infinitespire:BlackPotion"},{"floor":4,"key":"DistilledChaos"},{"floor":8,"key":"Ancient Potion"},{"floor":13,"key":"LiquidBronze"},{"floor":15,"key":"Strength Potion"}],"is_trial":false,"path_per_floor":["R","M","M","M","$","E","T","E","M","R","M","?","M","?","M","B"],"character_chosen":"GUARDIAN","items_purchased":["Guardian:CrystalBeam","Guardian:PrismaticBeam"],"campfire_rested":1,"item_purchase_floors":[5,5],"current_hp_per_floor":[88,84,78,76,66,47,47,27,17,43,34,34,31,31,10,0,0],"gold":250,"neow_bonus":"TEN_PERCENT_HP_BONUS","is_daily":false,"chose_seed":false,"campfire_upgraded":1,"win_rate":0.0,"timestamp":1608013711,"path_taken":["R","M","M","M","$","E","T","E","M","R","M","?","M","?","M","BOSS"],"items_purchased_type":["Card","Card"],"build_version":"2020-12-13","purchased_purges":0,"victory":false,"max_hp_per_floor":[88,88,88,88,88,88,88,88,88,88,88,88,88,88,88,88,88],"card_choices":[{"not_picked":["Guardian:RefractedBeam","Guardian:CrystalBeam"],"picked":"Guardian:ChargeUp","floor":2},{"not_picked":["Guardian:VentSteam","Guardian:Reroute"],"picked":"Guardian:PiercingHide","floor":3},{"not_picked":["Guardian:Gem_Blue","Guardian:Gem_Lightblue"],"picked":"Guardian:RollAttack","floor":4},{"not_picked":["Guardian:ChargeUp","Guardian:TimeCapacitor"],"picked":"Guardian:Incinerate","floor":5},{"not_picked":["Guardian:PiercingHide","Guardian:ArmoredProtocol"],"picked":"Guardian:DonusPower","floor":6},{"not_picked":["Guardian:GuardianWhirl","Guardian:Incinerate"],"picked":"Guardian:Gem_Blue","floor":8},{"not_picked":["Guardian:BronzeArmor","Guardian:PolyBeam"],"picked":"Guardian:Suspension","floor":9},{"not_picked":["Guardian:DecasProtection","Guardian:Gem_Red"],"picked":"Guardian:Clone","floor":11},{"not_picked":["hubris:Rewind","infinitespire:Execution"],"picked":"infinitespire:UltimateForm","floor":12},{"not_picked":["Guardian:TemporalShield","Guardian:PrimingBeam"],"picked":"Guardian:FloatingOrbs+1","floor":13},{"not_picked":["Guardian:Suspension","Guardian:Planning"],"picked":"Guardian:ChargeCore","floor":15}],"player_experience":164116,"relics_obtained":[{"floor":6,"key":"infinitespire:Satchel"},{"floor":7,"key":"Frozen Egg 2"},{"floor":8,"key":"Anchor"}],"event_choices":[],"is_beta":false,"boss_relics":[],"items_purged_floors":[],"is_endless":false,"potions_floor_spawned":[2,4,8,13,15],"killed_by":"downfall:Ironclad","ascension_level":0}}