{"host":"tfkz8stxzb1up54p","time":1608041556,"event":{"mods":["AchievementEnabler","BaseMod","Block Reminder","Colored Powertips","Disable Question Mark Monsters","Emptier Cage","Gold Saver","Gremlin Skip","Highlight Path","Minty Spire (QoL Compilation)","Permanent Neow","StSLib"],"gold_per_floor":[363,438,453,628,628,658,658,673,673,688,703,718,114,144,144,244,244,279,279,279,279,279,279],"floor_reached":22,"playtime":1625,"items_purged":[],"score":319,"play_id":"15b4ca79-2840-4ca9-bccb-10957d7abf05","local_time":"20201215141236","daily_mods":["Allstar","Hoarder","Night Terrors"],"is_ascension_mode":false,"campfire_choices":[{"floor":7,"key":"REST"},{"data":"Jack Of All Trades","floor":15,"key":"SMITH"}],"circlet_count":0,"master_deck":["Strike_B","Strike_B","Strike_B","Strike_B","Defend_B","Defend_B","Defend_B","Defend_B","Zap+1","Dualcast","Discovery","Discovery","Discovery","Dramatic Entrance+1","Dramatic Entrance","Dramatic Entrance","Forethought","Forethought","Forethought","Jack Of All Trades","Jack Of All Trades","Jack Of All Trades","Forethought","Forethought","Forethought","Doubt","Doubt","Doubt","Chill","Chill","Chill","Gash","Gash","Gash","Aggregate","Aggregate","Aggregate","Echo Form","Echo Form","Echo Form","Jack Of All Trades+1","Jack Of All Trades","Jack Of All Trades","Purity","Purity","Purity","Swift Strike","Swift Strike","Swift Strike","Panacea","Panacea","Panacea"],"relics":["Cracked Core","Shuriken","The Courier","Strange Spoon","Symbiotic Virus","Singing Bowl","Inserter"],"acts_visited":["Exordium","TheCity"],"potions_floor_usage":[6,14,18],"damage_taken":[{"damage":0,"enemies":"Small Slimes","floor":1,"turns":2},{"damage":6,"enemies":"Jaw Worm","floor":3,"turns":3},{"damage":37,"enemies":"Lagavulin","floor":6,"turns":8},{"damage":0,"enemies":"2 Louse","floor":8,"turns":1},{"damage":2,"enemies":"Large Slime","floor":10,"turns":6},{"damage":0,"enemies":"2 Fungi Beasts","floor":11,"turns":1},{"damage":0,"enemies":"Gremlin Gang","floor":12,"turns":1},{"damage":0,"enemies":"3 Sentries","floor":14,"turns":2},{"damage":38,"enemies":"Hexaghost","floor":16,"turns":9},{"damage":50,"enemies":"Shell Parasite","floor":18,"turns":5},{"damage":18,"enemies":"Spheric Guardian","floor":22,"turns":3}],"seed_played":"8833210206598683822","potions_obtained":[{"floor":3,"key":"SpeedPotion"},{"floor":8,"key":"Block Potion"},{"floor":10,"key":"Dexterity Potion"},{"floor":16,"key":"PowerPotion"}],"is_trial":false,"path_per_floor":["M","?","M","?","?","E","R","M","T","M","M","M","$","E","R","B",null,"M","?","?","?","M"],"character_chosen":"DEFECT","items_purchased":["Jack Of All Trades","Purity","Swift Strike","Panacea","Strange Spoon","Symbiotic Virus"],"campfire_rested":1,"item_purchase_floors":[13,13,13,13,13,13],"current_hp_per_floor":[75,64,58,58,43,6,70,70,70,68,68,68,68,70,70,34,74,26,12,12,12,0,0],"gold":279,"neow_bonus":"","is_daily":true,"chose_seed":false,"campfire_upgraded":1,"win_rate":0.0,"timestamp":1608041556,"path_taken":["M","?","M","?","?","E","R","M","T","M","M","M","$","E","R","BOSS","M","?","?","?","M"],"items_purchased_type":["Card","Card","Card","Card","Relic","Relic"],"build_version":"2020-12-13","purchased_purges":0,"victory":false,"max_hp_per_floor":[75,75,75,75,75,75,70,70,70,70,70,70,70,72,72,74,74,76,81,81,81,81,81],"card_choices":[{"not_picked":["Stack","Reinforced Body","Cold Snap"],"picked":"SKIP","floor":1},{"not_picked":["Leap","Consume","Redo"],"picked":"SKIP","floor":3},{"not_picked":["Rebound","Gash"],"picked":"Chill","floor":6},{"not_picked":["Redo","Rebound"],"picked":"Gash","floor":8},{"not_picked":["Conserve Battery","Coolheaded"],"picked":"Aggregate","floor":10},{"not_picked":["Sunder","Barrage"],"picked":"Echo Form","floor":11},{"not_picked":["Sweeping Beam","Streamline","Hologram"],"picked":"SKIP","floor":12},{"not_picked":["Reboot","Compile Driver","White Noise"],"picked":"Singing Bowl","floor":14},{"not_picked":["Core Surge","Meteor Strike","Creative AI"],"picked":"Singing Bowl","floor":16},{"not_picked":["Barrage+1","Chaos","Capacitor+1"],"picked":"Singing Bowl","floor":18}],"player_experience":1215005,"relics_obtained":[{"floor":6,"key":"Shuriken"},{"floor":9,"key":"The Courier"},{"floor":14,"key":"Singing Bowl"}],"event_choices":[{"damage_healed":0,"gold_gain":75,"player_choice":"Gather Gold","damage_taken":11,"max_hp_gain":0,"max_hp_loss":0,"event_name":"World of Goop","floor":2,"gold_loss":0},{"damage_healed":0,"gold_gain":175,"player_choice":"AGREE","damage_taken":0,"max_hp_gain":0,"max_hp_loss":0,"event_name":"Liars Game","floor":4,"gold_loss":0,"cards_obtained":["Doubt"]},{"damage_healed":0,"gold_gain":0,"player_choice":"Entered Light","damage_taken":15,"max_hp_gain":0,"max_hp_loss":0,"event_name":"Shining Light","floor":5,"gold_loss":0,"cards_upgraded":["Dramatic Entrance","Zap"]},{"damage_healed":0,"gold_gain":0,"player_choice":"Shed Blood","damage_taken":19,"max_hp_gain":5,"max_hp_loss":0,"event_name":"Forgotten Altar","floor":19,"gold_loss":0},{"damage_healed":0,"gold_gain":0,"player_choice":"Ignored","damage_taken":0,"max_hp_gain":0,"max_hp_loss":0,"event_name":"The Mausoleum","floor":20,"gold_loss":0},{"damage_healed":0,"gold_gain":0,"player_choice":"Ignored","damage_taken":0,"max_hp_gain":0,"max_hp_loss":0,"event_name":"Ghosts","floor":21,"gold_loss":0}],"is_beta":false,"boss_relics":[{"not_picked":["Runic Dome","SlaversCollar"],"picked":"Inserter"}],"items_purged_floors":[],"is_endless":false,"potions_floor_spawned":[3,8,10,16],"killed_by":"Spheric Guardian","ascension_level":0}}