{"host":"bxn2em57qlx5u4i0","time":1608020002,"event":{"mods":["BaseMod","Colored Map","Colored Powertips","Highlight Path","Minty Spire (QoL Compilation)","Random Character Button","Relic Sorter","Relic Stats","StSLib","SuperFastMode"],"gold_per_floor":[115,115,126,7,7,39,39,39,65,91,110,121,148,148,148,225,225,243,243,243,168,178,212,212,246,246,260,292,304,28,38,38,114,114,129,140,140,153,167,167,180,215,268,268,300,300,320,37,37,37,37,37,37,37,71,71],"floor_reached":57,"playtime":2573,"items_purged":["Strike_G","Strike_G","Masterful Stab"],"score":3380,"play_id":"5ead8320-6537-4ecd-a8e4-71cfb0512bde","local_time":"20201215031322","is_ascension_mode":true,"campfire_choices":[{"data":"Noxious Fumes","floor":8.0,"key":"SMITH"},{"data":"Catalyst","floor":15.0,"key":"SMITH"},{"floor":24.0,"key":"REST"},{"data":"Wraith Form v2","floor":32.0,"key":"SMITH"},{"floor":40.0,"key":"RECALL"},{"data":"Footwork","floor":44.0,"key":"SMITH"},{"data":"Crippling Poison","floor":46.0,"key":"SMITH"},{"data":"Survivor","floor":49.0,"key":"SMITH"},{"data":"After Image","floor":53,"key":"SMITH"}],"circlet_count":0,"master_deck":["AscendersBane","Defend_G+1","Defend_G","Defend_G","Defend_G","Defend_G+1","Survivor+1","Neutralize","Noxious Fumes+1","Catalyst+1","Poisoned Stab","PiercingWail","Crippling Poison+1","Wraith Form v2+1","Footwork+1","After Image","After Image+1","Dodge and Roll+1","Escape Plan","Deadly Poison+1","Blur+1"],"relics":["Ring of the Snake","NeowsBlessing","Pocketwatch","WarpedTongs","PreservedInsect","Incense Burner","Orichalcum","Sozu","Enchiridion","Bag of Preparation","InkBottle","Gambling Chip","Blood Vial","Runic Pyramid","War Paint","Happy Flower","Question Card","Lee\u0027s Waffle","TungstenRod"],"acts_visited":["Exordium","TheCity","TheBeyond","TheEnding"],"potions_floor_usage":[56],"damage_taken":[{"damage":0.0,"enemies":"Small Slimes","floor":1.0,"turns":1.0},{"damage":0.0,"enemies":"2 Louse","floor":3.0,"turns":1.0},{"damage":0.0,"enemies":"Lagavulin","floor":6.0,"turns":1.0},{"damage":0.0,"enemies":"Gremlin Nob","floor":10.0,"turns":3.0},{"damage":4.0,"enemies":"Cultist","floor":11.0,"turns":4.0},{"damage":5.0,"enemies":"2 Fungi Beasts","floor":12.0,"turns":3.0},{"damage":10.0,"enemies":"3 Sentries","floor":13.0,"turns":4.0},{"damage":8.0,"enemies":"Hexaghost","floor":16.0,"turns":8.0},{"damage":0.0,"enemies":"2 Thieves","floor":18.0,"turns":4.0},{"damage":0.0,"enemies":"Chosen","floor":22.0,"turns":4.0},{"damage":15.0,"enemies":"Gremlin Leader","floor":23.0,"turns":5.0},{"damage":10.0,"enemies":"Slavers","floor":25.0,"turns":6.0},{"damage":0.0,"enemies":"3 Cultists","floor":27.0,"turns":5.0},{"damage":5.0,"enemies":"Book of Stabbing","floor":28.0,"turns":7.0},{"damage":0.0,"enemies":"Centurion and Healer","floor":29.0,"turns":5.0},{"damage":0.0,"enemies":"Snecko","floor":31.0,"turns":4.0},{"damage":0.0,"enemies":"Automaton","floor":33.0,"turns":8.0},{"damage":0.0,"enemies":"3 Darklings","floor":35.0,"turns":5.0},{"damage":0.0,"enemies":"Orb Walker","floor":36.0,"turns":5.0},{"damage":0.0,"enemies":"3 Darklings","floor":38.0,"turns":5.0},{"damage":0.0,"enemies":"Jaw Worm Horde","floor":39.0,"turns":6.0},{"damage":8.0,"enemies":"Transient","floor":41.0,"turns":6.0},{"damage":1.0,"enemies":"Reptomancer","floor":42.0,"turns":5.0},{"damage":0.0,"enemies":"Nemesis","floor":45.0,"turns":5.0},{"damage":0.0,"enemies":"4 Shapes","floor":47.0,"turns":3.0},{"damage":0,"enemies":"Awakened One","floor":50,"turns":23},{"damage":0,"enemies":"Time Eater","floor":51,"turns":12},{"damage":0,"enemies":"Shield and Spear","floor":55,"turns":7},{"damage":34,"enemies":"The Heart","floor":56,"turns":14}],"seed_played":"-8690541850856323127","potions_obtained":[{"floor":6.0,"key":"Poison Potion"},{"floor":12.0,"key":"EntropicBrew"},{"floor":16.0,"key":"BlessingOfTheForge"}],"is_trial":false,"path_per_floor":["M","?","M","$","?","E","?","R","T","E","M","M","E","?","R","B",null,"M","?","T","?","M","E","R","E","T","M","E","M","$","M","R","B",null,"M","M","?","M","M","R","M","E","T","R","E","R","M","$","R","B","B",null,"R","$","E","B",null],"character_chosen":"THE_SILENT","items_purchased":["Catalyst","After Image","Lee\u0027s Waffle"],"campfire_rested":1,"item_purchase_floors":[4,30,48],"current_hp_per_floor":[59,64,64,64,57,57,57,57,57,57,53,48,38,38,38,30,61,61,40,40,40,40,25,46,36,36,36,31,33,33,35,35,37,63,65,67,67,69,71,71,63,64,64,64,66,66,68,78,78,78,78,78,78,78,78,44],"gold":71,"neow_bonus":"THREE_ENEMY_KILL","is_daily":false,"chose_seed":false,"campfire_upgraded":7,"win_rate":0.0,"timestamp":1608020002,"path_taken":["M","?","M","$","?","E","?","R","T","E","?","M","E","?","R","BOSS","M","?","?","?","M","E","R","E","T","?","E","M","$","M","R","BOSS","M","M","?","?","M","R","M","E","T","R","E","R","M","$","R","BOSS","BOSS","R","$","E","BOSS"],"items_purchased_type":["Card","Card","Relic"],"build_version":"2020-12-13","purchased_purges":3,"victory":true,"max_hp_per_floor":[66,71,71,71,71,71,71,71,71,71,71,71,71,71,71,71,71,71,71,71,71,71,71,71,71,71,71,71,71,71,71,71,71,71,71,71,71,71,71,71,71,71,71,71,71,71,71,78,78,78,78,78,78,78,78,78],"relic_stats":{"Lee\u0027s Waffle":10,"Happy Flower":[21],"counters":[29,169],"PreservedInsect":387,"Bag of Preparation":[40],"Orichalcum":[120],"War Paint":["Defend_G","Defend_G"],"Question Card":2,"WarpedTongs":[139],"Sozu":7,"Blood Vial":20,"Gambling Chip":[59],"obtain_stats":[{"Lee\u0027s Waffle":48,"NeowsBlessing":0,"Happy Flower":43,"Enchiridion":19,"PreservedInsect":9,"Incense Burner":10,"Bag of Preparation":20,"Orichalcum":13,"War Paint":42,"Question Card":45,"WarpedTongs":7,"Sozu":17,"Blood Vial":28,"Gambling Chip":25,"InkBottle":23,"TungstenRod":55,"Ring of the Snake":0,"Pocketwatch":6,"Runic Pyramid":34},{"Lee\u0027s Waffle":25,"NeowsBlessing":0,"Happy Flower":23,"Enchiridion":9,"PreservedInsect":3,"Incense Burner":4,"Bag of Preparation":9,"Orichalcum":7,"War Paint":23,"Question Card":24,"WarpedTongs":3,"Sozu":8,"Blood Vial":14,"Gambling Chip":12,"InkBottle":11,"TungstenRod":28,"Ring of the Snake":0,"Pocketwatch":3,"Runic Pyramid":17},{"Lee\u0027s Waffle":113,"NeowsBlessing":0,"Happy Flower":105,"Enchiridion":29,"PreservedInsect":3,"Incense Burner":6,"Bag of Preparation":29,"Orichalcum":17,"War Paint":105,"Question Card":110,"WarpedTongs":3,"Sozu":25,"Blood Vial":56,"Gambling Chip":44,"InkBottle":38,"TungstenRod":155,"Ring of the Snake":0,"Pocketwatch":3,"Runic Pyramid":73}],"InkBottle":[53],"TungstenRod":8,"Ring of the Snake":[58],"Pocketwatch":[99]},"card_choices":[{"not_picked":["Prepared","Acrobatics","Masterful Stab"],"picked":"SKIP","floor":1.0},{"not_picked":["Prepared","Acrobatics"],"picked":"Masterful Stab","floor":1.0},{"not_picked":["Flying Knee","PiercingWail"],"picked":"Noxious Fumes","floor":3.0},{"not_picked":["Noxious Fumes","Concentrate"],"picked":"Poisoned Stab","floor":6.0},{"not_picked":["Cloak And Dagger","Blur"],"picked":"PiercingWail","floor":10.0},{"not_picked":["Cloak And Dagger","Flying Knee"],"picked":"Crippling Poison","floor":11.0},{"not_picked":["Concentrate","Blade Dance","Storm of Steel"],"picked":"SKIP","floor":12.0},{"not_picked":["PiercingWail","Outmaneuver","Tactician"],"picked":"SKIP","floor":13.0},{"not_picked":["Doppelganger","Malaise"],"picked":"Wraith Form v2","floor":16.0},{"not_picked":["Choke","Flying Knee","Escape Plan"],"picked":"SKIP","floor":18.0},{"not_picked":["Bane","Noxious Fumes","Dagger Throw"],"picked":"SKIP","floor":22.0},{"not_picked":["Deadly Poison","Escape Plan"],"picked":"Footwork","floor":23.0},{"not_picked":["Outmaneuver","Underhanded Strike","All Out Attack"],"picked":"SKIP","floor":25.0},{"not_picked":["Dagger Spray+1","Blade Dance"],"picked":"After Image","floor":27.0},{"not_picked":["Prepared","Masterful Stab","Quick Slash"],"picked":"SKIP","floor":28.0},{"not_picked":["Prepared","Masterful Stab","Quick Slash"],"picked":"SKIP","floor":28.0},{"not_picked":["Prepared","Masterful Stab","Quick Slash"],"picked":"SKIP","floor":28.0},{"not_picked":["Prepared","Masterful Stab","Quick Slash"],"picked":"SKIP","floor":28.0},{"not_picked":["PiercingWail","Bane","Underhanded Strike"],"picked":"SKIP","floor":29.0},{"not_picked":["Eviscerate+1","Acrobatics","Quick Slash"],"picked":"SKIP","floor":31.0},{"not_picked":["Dagger Throw","Flechettes+1","Acrobatics+1"],"picked":"SKIP","floor":35.0},{"not_picked":["Cloak And Dagger","Dagger Throw"],"picked":"Dodge and Roll+1","floor":36.0},{"not_picked":["Prepared+1","Cloak And Dagger","Flechettes+1"],"picked":"SKIP","floor":38.0},{"not_picked":["Prepared+1","Cloak And Dagger","Flechettes+1"],"picked":"SKIP","floor":38.0},{"not_picked":["Quick Slash+1","Bane+1"],"picked":"Deadly Poison+1","floor":39.0},{"not_picked":["Glass Knife","Backstab","Backflip+1"],"picked":"SKIP","floor":41.0},{"not_picked":["Tactician","Reflex"],"picked":"Blur+1","floor":42.0},{"not_picked":["All Out Attack+1","Underhanded Strike","Blade Dance"],"picked":"SKIP","floor":45.0},{"not_picked":["PiercingWail","Acrobatics","Endless Agony","Slice"],"picked":"SKIP","floor":47.0},{"not_picked":["Grand Finale","Quick Slash","Sucker Punch","Acrobatics+1"],"picked":"SKIP","floor":55}],"player_experience":2782619,"relics_obtained":[{"floor":6.0,"key":"Pocketwatch"},{"floor":9.0,"key":"PreservedInsect"},{"floor":10.0,"key":"Incense Burner"},{"floor":13.0,"key":"Orichalcum"},{"floor":19.0,"key":"Enchiridion"},{"floor":20.0,"key":"Bag of Preparation"},{"floor":23.0,"key":"InkBottle"},{"floor":25.0,"key":"Gambling Chip"},{"floor":28.0,"key":"Blood Vial"},{"floor":42.0,"key":"War Paint"},{"floor":43.0,"key":"Happy Flower"},{"floor":45.0,"key":"Question Card"},{"floor":55,"key":"TungstenRod"}],"event_choices":[{"damage_healed":0.0,"max_hp_gain":5.0,"max_hp_loss":0.0,"gold_gain":0.0,"event_name":"Big Fish","player_choice":"Donut","floor":2.0,"gold_loss":0.0,"damage_taken":0.0},{"cards_removed":["Strike_G"],"damage_healed":0.0,"max_hp_gain":0.0,"max_hp_loss":0.0,"gold_gain":0.0,"event_name":"Golden Wing","player_choice":"Card Removal","floor":5.0,"gold_loss":0.0,"damage_taken":7.0},{"damage_healed":0.0,"max_hp_gain":0.0,"max_hp_loss":0.0,"gold_gain":0.0,"event_name":"Accursed Blacksmith","player_choice":"Rummage","floor":7.0,"gold_loss":0.0,"damage_taken":0.0,"relics_obtained":["WarpedTongs"],"cards_obtained":["Pain"]},{"cards_removed":["Pain"],"damage_healed":0.0,"max_hp_gain":0.0,"max_hp_loss":0.0,"gold_gain":0.0,"event_name":"Living Wall","player_choice":"Forget","floor":14.0,"gold_loss":0.0,"damage_taken":0.0},{"damage_healed":0.0,"max_hp_gain":0.0,"max_hp_loss":0.0,"gold_gain":0.0,"event_name":"Cursed Tome","player_choice":"Obtained Book","floor":19.0,"gold_loss":0.0,"damage_taken":21.0},{"cards_removed":["Strike_G"],"damage_healed":0.0,"max_hp_gain":0.0,"max_hp_loss":0.0,"gold_gain":0.0,"event_name":"Beggar","player_choice":"Gave Gold","floor":21.0,"gold_loss":75.0,"damage_taken":0.0},{"damage_healed":0.0,"max_hp_gain":0.0,"max_hp_loss":0.0,"gold_gain":0.0,"cards_transformed":["Strike_G"],"event_name":"Transmorgrifier","player_choice":"Transformed","floor":37.0,"gold_loss":0.0,"damage_taken":0.0,"cards_obtained":["Escape Plan"]}],"is_beta":false,"boss_relics":[{"not_picked":["Tiny House","Empty Cage"],"picked":"Sozu"},{"not_picked":["Busted Crown","Snecko Eye"],"picked":"Runic Pyramid"}],"items_purged_floors":[4,30,48],"is_endless":false,"potions_floor_spawned":[6,12,16,18,25,28,36,38,39,45],"ascension_level":20}}