{"host":"mi0eibewekhugwl1","time":1608042515,"event":{"mods":["AchievementEnabler","BaseMod","Colored Map","Colored Powertips","DeckTracker","Keyboard Shortcuts","Minty Spire (QoL Compilation)","Quick Restart","Rare Cards Sparkle","Relic Stats","StSLib","SuperFastMode","everything is the same but u backflip on backflip"],"gold_per_floor":[111,130,146,146,71,71,71,71],"floor_reached":7,"playtime":116,"items_purged":[],"score":82,"play_id":"59ca00ef-aab8-4b14-adc0-c1c9688c8118","local_time":"20201215232835","is_ascension_mode":true,"campfire_choices":[{"data":"Body Slam","floor":6,"key":"SMITH"}],"circlet_count":0,"master_deck":["AscendersBane","Strike_R","Strike_R","Strike_R","Strike_R","Defend_R","Defend_R","Defend_R","Defend_R","Bash","Offering","Ghostly Armor","Body Slam+1"],"relics":["Burning Blood","Pen Nib"],"acts_visited":["Exordium"],"potions_floor_usage":[2],"damage_taken":[{"damage":13,"enemies":"2 Louse","floor":1,"turns":2},{"damage":9,"enemies":"Small Slimes","floor":2,"turns":4},{"damage":25,"enemies":"Jaw Worm","floor":3,"turns":6},{"damage":10,"enemies":"Gremlin Nob","floor":7,"turns":3}],"seed_played":"4598903599512901341","potions_obtained":[{"floor":1,"key":"Fire Potion"},{"floor":3,"key":"Dexterity Potion"}],"is_trial":false,"path_per_floor":["M","M","M","?","?","R","E"],"character_chosen":"IRONCLAD","items_purchased":[],"campfire_rested":0,"item_purchase_floors":[],"current_hp_per_floor":[61,58,39,34,34,34,24,24],"gold":71,"neow_bonus":"THREE_RARE_CARDS","is_daily":false,"chose_seed":false,"campfire_upgraded":1,"win_rate":0.0,"timestamp":1608042515,"path_taken":["M","M","M","?","?","R","E"],"items_purchased_type":[],"build_version":"2020-12-13","purchased_purges":0,"victory":false,"max_hp_per_floor":[68,68,68,68,68,68,68,68],"relic_stats":{"counters":[4,15],"Pen Nib":[0],"obtain_stats":[{"Pen Nib":4,"Burning Blood":0},{"Pen Nib":3,"Burning Blood":0},{"Pen Nib":12,"Burning Blood":0}],"Burning Blood":18},"card_choices":[{"not_picked":["Exhume","Double Tap"],"picked":"Offering","floor":0},{"not_picked":["Cleave","Havoc"],"picked":"Ghostly Armor","floor":1},{"not_picked":["Iron Wave","Thunderclap"],"picked":"Body Slam","floor":2},{"not_picked":["Heavy Blade","Perfected Strike","Anger"],"picked":"SKIP","floor":3}],"player_experience":1666254,"relics_obtained":[],"event_choices":[{"damage_healed":0,"gold_gain":0,"player_choice":"Success","damage_taken":5,"relics_obtained":["Pen Nib"],"max_hp_gain":0,"max_hp_loss":0,"event_name":"Scrap Ooze","floor":4,"gold_loss":0},{"cards_removed":["Strike_R"],"damage_healed":0,"gold_gain":0,"player_choice":"Card Removal","damage_taken":0,"max_hp_gain":0,"max_hp_loss":0,"event_name":"The Cleric","floor":5,"gold_loss":75}],"is_beta":false,"boss_relics":[],"items_purged_floors":[],"is_endless":false,"potions_floor_spawned":[1,3],"killed_by":"Gremlin Nob","ascension_level":20}}