{"host":"aunmuzt9j70r7vun","time":1608057859,"event":{"mods":["BaseMod","Better Altar","Better Third Choice","BetterRewards","Clockwork Mod","Curses Come First","Downfall","LagranYue(???·?)","Mad Scientist","Marisa????????","Minty Spire (QoL Compilation)","Rare Cards Sparkle","Relic Sorter","Say the Spire","Shop Mod","Spicy Shops","StSLib","The Cursed","The Disciple","The Edgeheg","The Mystic","The Servant 0.9.4"],"gold_per_floor":[113,113,130,142,160,160,178,212,250,277,304,316,328,353,365,377,377],"floor_reached":16,"playtime":1165,"items_purged":[],"score":106,"play_id":"f4d7d940-33f0-4a3b-a746-66813390dd5e","local_time":"20201215144419","is_ascension_mode":false,"campfire_choices":[{"data":"MadScienceMod:MinatureWeapons","floor":6,"key":"SMITH"},{"floor":13,"key":"REST"},{"data":"MadScienceMod:HideBehindJunk","floor":15,"key":"SMITH"}],"circlet_count":0,"master_deck":["MadScienceMod:Strike_MadScience","MadScienceMod:Strike_MadScience","MadScienceMod:Strike_MadScience","MadScienceMod:Strike_MadScience","MadScienceMod:Defend_MadScience","MadScienceMod:Defend_MadScience","MadScienceMod:Defend_MadScience","MadScienceMod:Defend_MadScience","MadScienceMod:PoweredStrike","MadScienceMod:HideBehindJunk+1","MadScienceMod:FragmentationGrenade","MadScienceMod:MinatureWeapons+1","MadScienceMod:Sprocket"],"relics":["MadScienceMod:FuelTank","GremlinMask","LagranYue:RandomDrawCardRelic","NeowsBlessing","MawBank","Tiny Chest"],"acts_visited":["Exordium"],"potions_floor_usage":[7,8,10,14,16],"damage_taken":[{"damage":0,"enemies":"2 Louse","floor":1,"turns":2},{"damage":0,"enemies":"Cultist","floor":3,"turns":1},{"damage":0,"enemies":"Jaw Worm","floor":4,"turns":1},{"damage":5,"enemies":"Red Slaver","floor":5,"turns":5},{"damage":5,"enemies":"Looter","floor":7,"turns":4},{"damage":25,"enemies":"Lagavulin","floor":8,"turns":6},{"damage":14,"enemies":"Large Slime","floor":10,"turns":5},{"damage":5,"enemies":"Blue Slaver","floor":11,"turns":5},{"damage":10,"enemies":"Lots of Slimes","floor":14,"turns":3},{"damage":36,"enemies":"The Guardian","floor":16,"turns":5}],"seed_played":"-8959056262593044298","potions_obtained":[{"floor":1,"key":"Fruit Juice"},{"floor":4,"key":"Ancient Potion"},{"floor":5,"key":"FearPotion"},{"floor":8,"key":"Explosive Potion"},{"floor":10,"key":"Fire Potion"}],"is_trial":false,"path_per_floor":["M","?","M","M","M","R","M","E","T","M","M","?","R","M","R","B"],"character_chosen":"MAD_SCIENTIST","items_purchased":[],"campfire_rested":1,"item_purchase_floors":[],"current_hp_per_floor":[75,68,68,68,63,63,63,38,38,24,19,19,43,33,33,0,0],"gold":377,"neow_bonus":"THREE_ENEMY_KILL","is_daily":false,"chose_seed":false,"campfire_upgraded":2,"win_rate":0.0,"timestamp":1608057859,"path_taken":["M","?","?","M","M","R","M","E","T","M","M","?","R","?","R","BOSS"],"items_purchased_type":[],"build_version":"2020-12-13","purchased_purges":0,"victory":false,"max_hp_per_floor":[75,75,75,75,75,75,80,80,80,80,80,80,80,80,80,80,80],"card_choices":[{"not_picked":["MadScienceMod:SelfDestruct","MadScienceMod:AntimatterBomb","MadScienceMod:MechanicalClaw"],"picked":"SKIP","floor":1},{"not_picked":["MadScienceMod:Weaponize","MadScienceMod:FlexibleSpear"],"picked":"MadScienceMod:FragmentationGrenade","floor":3},{"not_picked":["MadScienceMod:Bayonet","MadScienceMod:FlexibleSpear"],"picked":"MadScienceMod:MinatureWeapons","floor":4},{"not_picked":["MadScienceMod:FumeBlast","MadScienceMod:MechanicalClaw","MadScienceMod:NowOrNever"],"picked":"SKIP","floor":5},{"not_picked":["MadScienceMod:OilDrum","MadScienceMod:FlexibleSpear","MadScienceMod:Weaponize"],"picked":"SKIP","floor":7},{"not_picked":["MadScienceMod:FragmentationGrenade","MadScienceMod:FlameCannon"],"picked":"MadScienceMod:Sprocket","floor":8},{"not_picked":["MadScienceMod:LightOnFire","MadScienceMod:RadioactiveSword","MadScienceMod:Lightbulb"],"picked":"SKIP","floor":10},{"not_picked":["MadScienceMod:AutoStrike","MadScienceMod:MechanicalClaw","MadScienceMod:LabAccident"],"picked":"SKIP","floor":11},{"not_picked":["MadScienceMod:AutoStrike","MadScienceMod:JunkLaser","MadScienceMod:FlameThrower"],"picked":"SKIP","floor":14}],"player_experience":723998,"relics_obtained":[{"floor":8,"key":"MawBank"},{"floor":9,"key":"Tiny Chest"}],"event_choices":[{"damage_healed":0,"gold_gain":0,"player_choice":"Damaged","damage_taken":7,"max_hp_gain":0,"max_hp_loss":0,"event_name":"Wheel of Change","floor":2,"gold_loss":0},{"damage_healed":0,"gold_gain":0,"player_choice":"Trade","damage_taken":0,"relics_obtained":["GremlinMask"],"max_hp_gain":0,"max_hp_loss":0,"event_name":"FaceTrader","floor":12,"gold_loss":0}],"is_beta":false,"boss_relics":[],"items_purged_floors":[],"is_endless":false,"potions_floor_spawned":[1,4,5,8,10],"killed_by":"The Guardian","ascension_level":0}}