{"host":"4oozkyb2rmpv0j2l","time":1608027596,"event":{"mods":["Act Like it!","Aspiration","BaseMod","Colored Map","Conspire","Gensokyo","Hallownest","Hubris","KinomotoSakuraMod(木之本樱)","Koishi","Lobotomy","LobotomyExtend","Marisa（F雨　魔理沙）","Minty Spire (QoL Compilation)","Prisma Mod","Quick Restart","Rare Cards Sparkle","Reimu（博丽灵梦）","Remilia（蕾米莉亚）","Replay The Spire","Robot Space Explorer","Shop Mod","Spicy Shops","StSLib","TestMod","The Animator","The Bladedancer","The Bug Knight","The Cursed","The Disciple","The Hierophant","The Mystic","The Necromancer","The Runesmith","The Servant 0.9.4","WarShipGirlsR/战舰少女R mod","Youmu（魂魄妖梦）","Yuri Mod","Yuyuko","vexMod","yUi","【东方二次创作】八云紫mod","【遗物卡牌】REMEMod"],"gold_per_floor":[109,39,39,50,50,50,85,85,111,111,111],"floor_reached":10,"playtime":290,"items_purged":[],"score":101,"play_id":"006208f7-733b-42f0-9425-01eac440cccf","local_time":"20201215181956","is_ascension_mode":true,"campfire_choices":[{"data":"Koishi:SubterraneanRose","floor":6,"key":"SMITH"}],"circlet_count":0,"master_deck":["Koishi:BasicStrike","Koishi:BasicStrike+1","Koishi:BasicStrike","Koishi:BasicStrike","Koishi:BasicDefend","Koishi:BasicDefend","Koishi:BasicDefend","Koishi:BasicDefend","Koishi:Provoke+1","Koishi:HauntingSlash","Koishi:SubterraneanRose+1","Koishi:RorschachInDanmaku","Koishi:UnconsciousUprising"],"relics":["Koishi:ImaginaryFriend","testmod-TestBox","REME_ComplimentaryCards","testmod-ChristmasGift","NeowsBlessing","LetterFromLob","Gensokyo:Mercy","conspire:Flyswatter","Snack Pack","Replay:Wax Seal"],"acts_visited":["Gensokyo:Gensokyo"],"potions_floor_usage":[],"damage_taken":[{"damage":0,"enemies":"Gensokyo:Gryphon","floor":1,"turns":1},{"damage":0,"enemies":"Gensokyo:3_Fairies","floor":4,"turns":2},{"damage":0,"enemies":"Gensokyo:Mamizou","floor":7,"turns":2},{"damage":4,"enemies":"Gensokyo:Cirno","floor":10,"turns":7}],"seed_played":"3174137511531718979","potions_obtained":[{"floor":4,"key":"SpeedPotion"}],"is_trial":false,"path_per_floor":["M","?","?","M","?","R","E","T","T","E"],"character_chosen":"KOISHI","items_purchased":[],"campfire_rested":0,"item_purchase_floors":[],"current_hp_per_floor":[60,60,60,60,48,48,48,48,48,46,46],"gold":111,"neow_bonus":"THREE_ENEMY_KILL","is_daily":false,"chose_seed":false,"campfire_upgraded":1,"win_rate":0.0,"timestamp":1608027596,"path_taken":["M","?","?","?","?","R","E","?","T","E"],"items_purchased_type":[],"build_version":"2020-12-13","purchased_purges":0,"victory":false,"max_hp_per_floor":[60,60,60,60,60,60,60,60,60,60,60],"card_choices":[{"not_picked":["Koishi:RacingHeart","Koishi:HeartfeltFancy"],"picked":"Koishi:SubterraneanRose","floor":1},{"not_picked":["Koishi:CatchAndRose","Koishi:MassHysteria"],"picked":"Koishi:RorschachInDanmaku","floor":4},{"not_picked":["Koishi:ReflexRadar","Koishi:TraumaticStroke"],"picked":"Koishi:UnconsciousUprising","floor":7}],"player_experience":531874,"relics_obtained":[{"floor":1,"key":"LetterFromLob"},{"floor":7,"key":"Snack Pack"},{"floor":9,"key":"Replay:Wax Seal"}],"event_choices":[],"is_beta":false,"boss_relics":[],"items_purged_floors":[],"is_endless":false,"potions_floor_spawned":[4],"killed_by":"Gensokyo:Cirno","ascension_level":3}}