{"host":"r3d3rfw8zyydmocx","time":1608069464,"event":{"mods":["Aspiration","BaseMod","Colored Powertips","Conspire","Downfall","Highlight Path","Hubris","Minty Spire (QoL Compilation)","Replay The Spire","StSLib"],"gold_per_floor":[99,99,99,99,128,128,155,5,38,38,57,207,220,205,222,327,327,252,252,262,262,277,309,332,366,366,397,409,228,247,247,265,368,368,368,368,402,402,437,437,437,472,491,519,533,543,557,97,116,116,116,149,27,27,27],"floor_reached":56,"playtime":5388,"items_purged":["Shame","Slimebound:CorrosiveSpit"],"score":1842,"play_id":"f9d84d18-a67f-4476-a12c-bb200bba0990","local_time":"20201215135744","is_ascension_mode":true,"campfire_choices":[{"data":"Slimebound:Split","floor":1.0,"key":"SMITH"},{"floor":4.0,"key":"RECALL"},{"data":"Slimebound:TongueLash","floor":8.0,"key":"SMITH"},{"data":"Slimebound:SamplingLick","floor":10.0,"key":"SMITH"},{"data":"Slimebound:Defend_Slimebound","floor":18.0,"key":"PURGE"},{"data":"Slimebound:Overexert","floor":21.0,"key":"SMITH"},{"data":"Dark Embrace","floor":26.0,"key":"SMITH"},{"data":"Slimebound:Overexert","floor":35.0,"key":"SMITH"},{"data":"Slimebound:MinionMaster","floor":40.0,"key":"SMITH"},{"data":"Exhume","floor":54.0,"key":"SMITH"}],"circlet_count":0,"master_deck":["Slimebound:Defend_Slimebound+1","Slimebound:Split+1","Slimebound:GoopSpray","Slimebound:TongueLash+1","Slimebound:SamplingLick+1","Slimebound:SplitMire","Slimebound:Overexert+1","Slimebound:ItLooksTasty","Slimebound:MinionMaster+1","Dark Embrace+1","Slimebound:LeechEnergy+1","Feel No Pain+1","Slimebound:Dissolve+1","Hemokinesis+1","Dropkick","Replay:Parry","Bane","Atom Bomb","Riddle With Holes","Slimebound:Overexert+1","Replay:Undeath\u0027s Touch+1","Slimebound:Gluttony+1","Exhume+1","Slimebound:Nibble+1","Burning Pact+1"],"relics":["Slimebound:AbsorbEndCombat","downfall:HeartsMalice","downfall:HeartBlessingRed","downfall:HeartBlessingBlue","PreservedInsect","Replay:Grab Bag","conspire:SeveredTorchhead","hubris:RunicObelisk","aspiration:PoetsPen_weak","aspiration:IroncladSkillbook","downfall:HeartBlessingGreen","MealTicket","Unceasing Top","Bag of Marbles","Replay:Accelerometer","Mummified Hand","Membership Card","Replay:Mystery Machine","Torii","Black Star","Bronze Scales","hubris:ToyBattleship","Smiling Mask","hubris:Potato","The Courier","ReplayTheSpireMod:TigerMarble","Mango","aspiration:Lifesprig","StoneCalendar","Incense Burner","Thread and Needle","Simple Rune","Frozen Eye","Centennial Puzzle","conspire:DeflatedDodgeball","Replay:Rubber Ducky","hubris:CuriousFeather"],"acts_visited":["Exordium","TheCity","TheBeyond","TheEnding"],"potions_floor_usage":[55,55,55],"damage_taken":[{"damage":0.0,"enemies":"3 Sentries","floor":5.0,"turns":1.0},{"damage":0.0,"enemies":"Cultist","floor":6.0,"turns":1.0},{"damage":0.0,"enemies":"Lagavulin","floor":9.0,"turns":1.0},{"damage":15.0,"enemies":"Jaw Worm","floor":11.0,"turns":3.0},{"damage":19.0,"enemies":"Small Slimes","floor":13.0,"turns":4.0},{"damage":25.0,"enemies":"downfall:FleeingMerchant","floor":14.0,"turns":4.0},{"damage":28.0,"enemies":"Gremlin Gang","floor":15.0,"turns":4.0},{"damage":69.0,"enemies":"downfall:Silent","floor":16.0,"turns":8.0},{"damage":44.0,"enemies":"Spheric Guardian","floor":20.0,"turns":5.0},{"damage":40.0,"enemies":"3 Byrds","floor":22.0,"turns":4.0},{"damage":31.0,"enemies":"Book of Stabbing","floor":23.0,"turns":3.0},{"damage":32.0,"enemies":"conspire:SneckoGhost","floor":25.0,"turns":4.0},{"damage":26.0,"enemies":"Gremlin Leader","floor":27.0,"turns":4.0},{"damage":36.0,"enemies":"Shelled Parasite and Fungi","floor":28.0,"turns":3.0},{"damage":21.0,"enemies":"downfall:FleeingMerchant","floor":29.0,"turns":4.0},{"damage":20.0,"enemies":"Cultist and Chosen","floor":30.0,"turns":3.0},{"damage":4.0,"enemies":"Snecko","floor":32.0,"turns":1.0},{"damage":20.0,"enemies":"downfall:Defect","floor":33.0,"turns":3.0},{"damage":13.0,"enemies":"Reptomancer","floor":37.0,"turns":2.0},{"damage":18.0,"enemies":"Giant Head","floor":39.0,"turns":3.0},{"damage":0.0,"enemies":"Reptomancer","floor":42.0,"turns":2.0},{"damage":9.0,"enemies":"3 Shapes","floor":43.0,"turns":2.0},{"damage":13.0,"enemies":"Nemesis","floor":44.0,"turns":3.0},{"damage":21.0,"enemies":"3 Darklings","floor":45.0,"turns":2.0},{"damage":20.0,"enemies":"4 Shapes","floor":46.0,"turns":2.0},{"damage":0.0,"enemies":"Maw","floor":47.0,"turns":2.0},{"damage":1.0,"enemies":"Sphere and 2 Shapes","floor":49.0,"turns":3.0},{"damage":0.0,"enemies":"downfall:Ironclad","floor":50.0,"turns":3.0},{"damage":9.0,"enemies":"downfall:CharBossMerchant","floor":52.0,"turns":3.0},{"damage":0,"enemies":"downfall:NeowBoss","floor":55,"turns":9}],"seed_played":"-5826977505749653821","potions_obtained":[{"floor":9.0,"key":"Slimebound:SlimyTonguePotion"},{"floor":15.0,"key":"hexamod:EctoCoolerPotion"},{"floor":23.0,"key":"FearPotion"},{"floor":25.0,"key":"PowerPotion"},{"floor":30.0,"key":"PowerPotion"},{"floor":32.0,"key":"champ:CounterPotion"},{"floor":33.0,"key":"BlessingOfTheForge"},{"floor":47.0,"key":"AttackPotion"},{"floor":52.0,"key":"CultistPotion"}],"is_trial":false,"path_per_floor":["R","?","?","R","E","M","T","R","E","R","M","?","M","$","M","B",null,"R","?","M","R","M","E","T","E","R","E","M","$","M","?","M","B",null,"R","?","E","?","E","R","T","E","M","E","M","M","M","$","M","B",null,"E","$","R","B",null],"character_chosen":"SLIMEBOUND","items_purchased":["Membership Card","Replay:Mystery Machine","Torii","Dropkick","Replay:Parry","Incense Burner","Thread and Needle","Simple Rune","Frozen Eye","Centennial Puzzle","hubris:CuriousFeather"],"campfire_rested":0,"item_purchase_floors":[29,29,29,29,29,48,48,48,48,48,53],"current_hp_per_floor":[60,60,60,60,60,60,60,70,70,70,70,70,67,66,62,33,70,70,70,54,54,46,43,43,39,39,45,49,70,70,70,70,70,70,70,70,70,70,70,70,70,84,83,84,75,80,84,84,84,84,84,84,84,84,84],"gold":27,"neow_bonus":"THREE_ENEMY_KILL","is_daily":false,"chose_seed":false,"campfire_upgraded":8,"win_rate":0.0,"timestamp":1608069464,"path_taken":["R","?","?","R","E","?","T","R","E","R","M","?","?","$","M","BOSS","R","?","M","R","M","E","T","E","R","E","M","$","M","?","M","BOSS","R","?","E","?","E","R","T","E","M","E","?","M","?","$","M","BOSS","E","$","R","BOSS"],"items_purchased_type":["Relic","Relic","Relic","Card","Card","Relic","Relic","Relic","Relic","Relic","Relic"],"build_version":"2020-12-13","purchased_purges":2,"victory":true,"max_hp_per_floor":[60,60,60,60,60,60,60,70,70,70,70,70,70,70,70,70,70,70,70,70,70,70,70,70,70,70,70,70,70,70,70,70,70,70,70,70,70,70,70,70,70,84,84,84,84,84,84,84,84,84,84,84,84,84,84],"card_choices":[{"not_picked":["Slimebound:SplitBruiser","Slimebound:ItLooksTasty"],"picked":"Slimebound:GoopSpray","floor":5.0},{"not_picked":["Slimebound:DisruptingSlam","Slimebound:FirmFortitude"],"picked":"Slimebound:TongueLash","floor":6.0},{"not_picked":["Slimebound:GrowthPunch","Slimebound:LeechEnergy"],"picked":"Slimebound:SamplingLick","floor":9.0},{"not_picked":["Slimebound:DivideAndConquer","Slimebound:GoopSpray"],"picked":"Slimebound:SplitMire","floor":11.0},{"not_picked":["Slimebound:Chomp","Slimebound:SplitBruiser","Slimebound:DivideAndConquer"],"picked":"SKIP","floor":13.0},{"not_picked":["Slimebound:PressTheAttack","Slimebound:LeechLife"],"picked":"Slimebound:Overexert","floor":14.0},{"not_picked":["Slimebound:GoopTackle","Slimebound:SlimeSpikes"],"picked":"Slimebound:ItLooksTasty","floor":15.0},{"not_picked":["Slimebound:OozeBath","Slimebound:TagTeam"],"picked":"Slimebound:MinionMaster","floor":16.0},{"not_picked":["Pummel","Havoc+1","Clash+1"],"picked":"Dark Embrace","floor":20.0},{"not_picked":["Slimebound:PressTheAttack","Slimebound:ForwardTackle","Slimebound:ComboTackle+1"],"picked":"Slimebound:LeechEnergy+1","floor":22.0},{"not_picked":["Slimebound:FinishingTackle","Shrug It Off","Offering"],"picked":"Feel No Pain+1","floor":23.0},{"not_picked":["Iron Wave","ReplayTheSpireMod:Strike From Hell","Clothesline+1","Slimebound:ViciousTackle"],"picked":"SKIP","floor":25.0},{"not_picked":["Slimebound:LeechingTouch","Slimebound:RallyTheTroops","Dropkick"],"picked":"Slimebound:Dissolve+1","floor":27.0},{"not_picked":["Dropkick","Bloodletting+1","Slimebound:FinishingTackle","Whirlwind"],"picked":"SKIP","floor":28.0},{"not_picked":["Heavy Blade","Slimebound:Nibble+1","Slimebound:GrowthPunch+1"],"picked":"Hemokinesis+1","floor":29.0},{"not_picked":["Slimebound:RollThrough+1","Warcry","Cleave+1","Metallicize"],"picked":"SKIP","floor":30.0},{"not_picked":["Body Slam","ReplayReversal","conspire:Charge","Thunderclap+1"],"picked":"SKIP","floor":32.0},{"not_picked":["conspire:Purge","Reaper","Demonic Infusion"],"picked":"Slimebound:Overexert","floor":33.0},{"not_picked":["Slimebound:Grow+1","True Grit","Iron Wave"],"picked":"Replay:Undeath\u0027s Touch","floor":37.0},{"not_picked":["Hemokinesis+1","Perfected Strike","Slimebound:TongueLash"],"picked":"Slimebound:Gluttony+1","floor":39.0},{"not_picked":["Wild Strike+1","Slimebound:SplitLeeching","Twin Strike+1"],"picked":"Exhume","floor":42.0},{"not_picked":["Iron Wave+1","ReplayTheSpireMod:Strike From Hell","Slimebound:ServeAndProtect+1","Fiend Fire"],"picked":"SKIP","floor":43.0},{"not_picked":["Slimebound:Chomp","Sword Boomerang+1","Anger+1","Run Through+1"],"picked":"SKIP","floor":44.0},{"not_picked":["Slimebound:RollThrough","Slimebound:ViciousTackle","Heavy Blade","Flex+1"],"picked":"SKIP","floor":45.0},{"not_picked":["Slimebound:SamplingLick+1","Slimebound:DivideAndConquer","Slimebound:ServeAndProtect+1"],"picked":"Slimebound:Nibble+1","floor":46.0},{"not_picked":["Slimebound:RollThrough+1","hubris:SharpeningStone+1","Slimebound:GoopSpray"],"picked":"Burning Pact+1","floor":47.0},{"not_picked":["Spot Weakness+1","Slimebound:SamplingLick","Shrug It Off+1","Slimebound:RollThrough"],"picked":"SKIP","floor":49.0},{"not_picked":["Clash","Slimebound:MassRepurpose","Twin Strike","Slimebound:GoopTackle"],"picked":"SKIP","floor":52.0}],"player_experience":458164,"relics_obtained":[{"floor":5.0,"key":"Chameleon Ring"},{"floor":9.0,"key":"PreservedInsect"},{"floor":23.0,"key":"Unceasing Top"},{"floor":24.0,"key":"Bag of Marbles"},{"floor":25.0,"key":"Replay:Accelerometer"},{"floor":27.0,"key":"Mummified Hand"},{"floor":37.0,"key":"Bronze Scales"},{"floor":37.0,"key":"hubris:ToyBattleship"},{"floor":39.0,"key":"Smiling Mask"},{"floor":39.0,"key":"hubris:Potato"},{"floor":41.0,"key":"The Courier"},{"floor":42.0,"key":"ReplayTheSpireMod:TigerMarble"},{"floor":42.0,"key":"Mango"},{"floor":44.0,"key":"aspiration:Lifesprig"},{"floor":44.0,"key":"StoneCalendar"},{"floor":52.0,"key":"conspire:DeflatedDodgeball"},{"floor":52.0,"key":"Replay:Rubber Ducky"}],"event_choices":[{"cards_removed":["Slimebound:Strike_Slimebound"],"damage_healed":0.0,"max_hp_gain":0.0,"max_hp_loss":0.0,"gold_gain":0.0,"event_name":"Purifier","player_choice":"Purged","floor":3.0,"gold_loss":0.0,"damage_taken":0.0},{"damage_healed":0.0,"max_hp_gain":0.0,"max_hp_loss":0.0,"gold_gain":0.0,"event_name":"Addict","player_choice":"Stole Relic","floor":19.0,"gold_loss":0.0,"damage_taken":0.0,"relics_obtained":["MealTicket"],"cards_obtained":["Shame"]},{"cards_removed":["Slimebound:Defend_Slimebound"],"damage_healed":0.0,"max_hp_gain":0.0,"max_hp_loss":0.0,"gold_gain":0.0,"event_name":"Falling","player_choice":"Removed Skill","floor":36.0,"gold_loss":0.0,"damage_taken":0.0},{"damage_healed":0.0,"max_hp_gain":0.0,"max_hp_loss":0.0,"gold_gain":0.0,"event_name":"Upgrade Shrine","player_choice":"Upgraded","floor":38.0,"gold_loss":0.0,"damage_taken":0.0,"cards_upgraded":["Replay:Undeath\u0027s Touch"]}],"is_beta":false,"boss_relics":[{"not_picked":["hubris:ScarierMask","Slimebound:AbsorbEndCombatUpgraded"],"picked":"Replay:Grab Bag"},{"not_picked":["ReplayTheSpireMod:Onyx Gauntlets","ChewingGum"],"picked":"conspire:SeveredTorchhead"},{"not_picked":["hubris:VirtuousBlindfold","Busted Crown"],"picked":"hubris:RunicObelisk"},{"not_picked":["SacredBark","Kintsugi"],"picked":"aspiration:PoetsPen_weak"},{"not_picked":["Calling Bell","aspiration:RunicSpoon"],"picked":"aspiration:IroncladSkillbook"},{"not_picked":["hubris:Stopwatch","hubris:HollowSoul"],"picked":"Black Star"}],"items_purged_floors":[29,48],"is_endless":false,"potions_floor_spawned":[9,15,23,25,30,32,33,42,43,45,47,49,52],"ascension_level":2}}