{"host":"a7iur02kkvpf5owd","time":1608040063,"event":{"mods":["AchievementEnabler","BaseMod","Better Altar","Better Match","Better Note","Better Sensory Stone","Better Skull","Better Third Choice","BetterRewards","Colored Map","Downfall","Minty Spire (QoL Compilation)","Spicy Shops","StSLib"],"gold_per_floor":[110,110,110,124,137,168,181,181,181,194,219,219,219,148,148,247,247,260,270,270,270,283,315,326,326,353,44,44,64,64,64,64],"floor_reached":31,"playtime":857,"items_purged":[],"score":265,"play_id":"743e30fb-b5ad-4d0f-8240-d42aca85104e","local_time":"20201215084743","is_ascension_mode":false,"campfire_choices":[{"floor":12,"key":"REST"},{"data":"Dualcast","floor":15,"key":"SMITH"},{"data":"Electrodynamics","floor":25,"key":"SMITH"},{"data":"Zap","floor":30,"key":"SMITH"}],"circlet_count":0,"master_deck":["Strike_B+1","Strike_B","Defend_B","Defend_B+1","Defend_B","Defend_B","Zap+1","Dualcast+1","Electrodynamics+1","Self Repair+1","Defragment+1","Creative AI+1","RitualDagger","Capacitor+1","Genetic Algorithm","Conserve Battery+1"],"relics":["Cracked Core","Frozen Egg 2","Dream Catcher","InkBottle","Nuclear Battery","Lizard Tail","CeramicFish","TungstenRod"],"acts_visited":["Exordium","TheCity"],"potions_floor_usage":[10,11,16],"damage_taken":[{"damage":3,"enemies":"Jaw Worm","floor":1,"turns":4},{"damage":0,"enemies":"2 Louse","floor":4,"turns":2},{"damage":0,"enemies":"Cultist","floor":5,"turns":3},{"damage":31,"enemies":"Lagavulin","floor":6,"turns":8},{"damage":6,"enemies":"Exordium Wildlife","floor":7,"turns":4},{"damage":2,"enemies":"Exordium Thugs","floor":10,"turns":3},{"damage":4,"enemies":"3 Sentries","floor":11,"turns":4},{"damage":13,"enemies":"Slime Boss","floor":16,"turns":6},{"damage":30,"enemies":"2 Thieves","floor":18,"turns":3},{"damage":2,"enemies":"3 Byrds","floor":19,"turns":2},{"damage":17,"enemies":"Snecko","floor":22,"turns":5},{"damage":72,"enemies":"Book of Stabbing","floor":23,"turns":6},{"damage":40,"enemies":"Shelled Parasite and Fungi","floor":24,"turns":5},{"damage":45,"enemies":"Snake Plant","floor":29,"turns":6},{"damage":17,"enemies":"Slavers","floor":31,"turns":2}],"seed_played":"3728868365448496028","potions_obtained":[{"floor":0,"key":"DistilledChaos"},{"floor":0,"key":"SkillPotion"},{"floor":0,"key":"FairyPotion"},{"floor":11,"key":"Block Potion"},{"floor":29,"key":"Energy Potion"}],"is_trial":false,"path_per_floor":["M","?","?","M","M","E","M","?","T","M","E","R","T","$","R","B",null,"M","M","?","?","M","E","M","R","T","$","?","M","R","E"],"character_chosen":"DEFECT","items_purchased":["Defragment+1","TungstenRod"],"campfire_rested":1,"item_purchase_floors":[14,27],"current_hp_per_floor":[72,57,50,50,50,19,13,13,13,11,7,29,29,29,29,26,75,55,63,63,57,50,14,27,27,27,27,52,17,17,0,0],"gold":64,"neow_bonus":"THREE_SMALL_POTIONS","is_daily":false,"chose_seed":false,"campfire_upgraded":3,"win_rate":0.0,"timestamp":1608040063,"path_taken":["M","?","?","M","M","E","M","?","T","?","E","R","?","?","R","BOSS","M","M","?","?","M","E","M","R","T","?","?","?","R","E"],"items_purchased_type":["Card","Relic"],"build_version":"2020-12-13","purchased_purges":0,"victory":false,"max_hp_per_floor":[75,75,75,75,75,75,75,75,75,75,75,75,75,75,75,75,75,75,75,75,75,75,75,75,75,75,75,75,75,75,75,75],"card_choices":[{"not_picked":["Hologram","Steam","Fusion"],"picked":"SKIP","floor":1},{"not_picked":["Scrape","Conserve Battery"],"picked":"Electrodynamics","floor":4},{"not_picked":["Sweeping Beam","Hologram","Static Discharge"],"picked":"SKIP","floor":5},{"not_picked":["Darkness","Cold Snap","Leap"],"picked":"SKIP","floor":6},{"not_picked":["Gash","Steam","Turbo"],"picked":"SKIP","floor":7},{"not_picked":["Stack","Hologram","Coolheaded"],"picked":"SKIP","floor":10},{"not_picked":["Capacitor+1","White Noise"],"picked":"Self Repair+1","floor":11},{"not_picked":["All For One","Biased Cognition+1"],"picked":"Creative AI+1","floor":16},{"not_picked":["Leap","Sunder","Stack+1"],"picked":"SKIP","floor":18},{"not_picked":["Consume","Ball Lightning","Turbo+1"],"picked":"SKIP","floor":19},{"not_picked":["Go for the Eyes+1","Glacier"],"picked":"Capacitor+1","floor":22},{"not_picked":["Gash","Self Repair+1"],"picked":"Genetic Algorithm","floor":23},{"not_picked":["Loop+1","Hologram+1"],"picked":"Conserve Battery+1","floor":24},{"not_picked":["Rainbow","Redo+1","Hologram+1"],"picked":"SKIP","floor":29}],"player_experience":324431,"relics_obtained":[{"floor":6,"key":"Frozen Egg 2"},{"floor":11,"key":"Dream Catcher"},{"floor":13,"key":"InkBottle"},{"floor":23,"key":"Lizard Tail"},{"floor":26,"key":"CeramicFish"}],"event_choices":[{"damage_healed":72,"gold_gain":0,"player_choice":"Upgrade","damage_taken":15,"max_hp_gain":0,"max_hp_loss":75,"event_name":"betterThird:BetterShining","floor":2,"gold_loss":0,"cards_upgraded":["Strike_B","Defend_B"]},{"cards_removed":["Strike_B"],"damage_healed":0,"gold_gain":0,"player_choice":"Card Removal","damage_taken":7,"max_hp_gain":0,"max_hp_loss":0,"event_name":"Golden Wing","floor":3,"gold_loss":0},{"cards_removed":["Strike_B"],"damage_healed":0,"gold_gain":0,"player_choice":"Offered Basic","damage_taken":0,"max_hp_gain":0,"max_hp_loss":0,"event_name":"Bonfire Elementals","floor":8,"gold_loss":0},{"damage_healed":0,"gold_gain":0,"player_choice":"Ignored","damage_taken":0,"max_hp_gain":0,"max_hp_loss":0,"event_name":"betterNote:BetterNote","floor":20,"gold_loss":0,"cards_obtained":["Strike_G"]},{"damage_healed":0,"gold_gain":0,"player_choice":"Dagger","damage_taken":6,"max_hp_gain":0,"max_hp_loss":0,"event_name":"betterThird:BetterNest","floor":21,"gold_loss":0,"cards_obtained":["RitualDagger"]},{"damage_healed":25,"gold_gain":0,"player_choice":"Heal","damage_taken":0,"max_hp_gain":0,"max_hp_loss":0,"event_name":"The Library","floor":28,"gold_loss":0}],"is_beta":false,"boss_relics":[{"not_picked":["SacredBark","FrozenCore"],"picked":"Nuclear Battery"}],"items_purged_floors":[],"is_endless":false,"potions_floor_spawned":[1,6,11,29],"killed_by":"Slavers","ascension_level":0}}