{"host":"7ttbe3gzet1mthv0","time":1608070471,"event":{"mods":["AchievementEnabler","BaseMod","CapriCore","Colored Map","Colored Powertips","Downfall","Hermit","Highlight Path","Jorbs\u0027s Wanderer Trilogy","Marisa????????","Minty Spire (QoL Compilation)","Rare Cards Sparkle","Relic Stats","StSLib","The Alterego","The Bug Knight","The Hierophant"],"gold_per_floor":[117,117,127,138,155,155,184,184,209,209,11,11,11,43,55,165,177,204,226,258,117,117,134,134,169,169,169,201,201,235,150,150,255,255,267,267,267,349,349,349,375,375,375,401,401,11,66,166,166,166],"floor_reached":51,"playtime":2598,"items_purged":["Strike_B","Guardian:Aged"],"score":830,"play_id":"f55cde30-09e5-499f-a6b9-a07ddcee4267","local_time":"20201215231431","is_ascension_mode":false,"campfire_choices":[{"data":"Defragment","floor":6,"key":"SMITH"},{"data":"Hologram","floor":8,"key":"SMITH"},{"data":"Aggregate","floor":10,"key":"SMITH"},{"data":"Cold Snap","floor":12,"key":"SMITH"},{"data":"Chill","floor":15,"key":"SMITH"},{"data":"Defragment","floor":24,"key":"SMITH"},{"floor":27,"key":"REST"},{"data":"Capacitor","floor":32,"key":"SMITH"},{"data":"Creative AI","floor":40,"key":"SMITH"},{"data":"Thunder Strike","floor":42,"key":"SMITH"},{"data":"Barrage","floor":45,"key":"SMITH"},{"data":"Storm","floor":49,"key":"SMITH"}],"circlet_count":0,"master_deck":["Strike_B","Strike_B","Strike_B","Defend_B","Defend_B","Defend_B","Defend_B","Zap","Dualcast","Defragment+1","Aggregate+1","Defragment+1","Chill+1","Hologram+1","Cold Snap+1","Electrodynamics","Capacitor+1","Defragment+1","Coolheaded+1","Fusion+1","Tempest+1","Barrage+1","Reboot","Creative AI+1","Cold Snap+1","Thunder Strike+1","Barrage+1","Storm+1","Tempest+1","Hologram+1"],"relics":["Cracked Core","Ancient Tea Set","Bag of Preparation","PreservedInsect","MawBank","Black Star","Enchiridion","Vajra","Thread and Needle","Torii","Meat on the Bone","Juzu Bracelet","Oddly Smooth Stone","White Beast Statue","Incense Burner","Cursed Key","Mummified Hand","StoneCalendar","HollowMod:LifeEnderRelic","InkBottle","Toxic Egg 2","Chemical X","CatCart"],"acts_visited":["Exordium","TheCity","TheBeyond"],"potions_floor_usage":[18,33,50,50],"damage_taken":[{"damage":2,"enemies":"Jaw Worm","floor":1,"turns":5},{"damage":1,"enemies":"Cultist","floor":3,"turns":3},{"damage":4,"enemies":"2 Louse","floor":4,"turns":3},{"damage":11,"enemies":"Red Slaver","floor":5,"turns":3},{"damage":6,"enemies":"3 Sentries","floor":7,"turns":9},{"damage":2,"enemies":"2 Fungi Beasts","floor":14,"turns":3},{"damage":6,"enemies":"The Guardian","floor":16,"turns":14},{"damage":17,"enemies":"2 Thieves","floor":18,"turns":4},{"damage":2,"enemies":"Shell Parasite","floor":19,"turns":6},{"damage":0,"enemies":"Snecko","floor":20,"turns":6},{"damage":0,"enemies":"Cultist and Chosen","floor":23,"turns":4},{"damage":0,"enemies":"Gremlin Leader","floor":25,"turns":9},{"damage":0,"enemies":"Book of Stabbing","floor":28,"turns":4},{"damage":0,"enemies":"Gremlin Leader","floor":30,"turns":3},{"damage":24,"enemies":"Collector","floor":33,"turns":6},{"damage":0,"enemies":"3 Shapes","floor":35,"turns":3},{"damage":7,"enemies":"Reptomancer","floor":41,"turns":3},{"damage":8,"enemies":"Giant Head","floor":44,"turns":6},{"damage":1,"enemies":"Orin","floor":47,"turns":5},{"damage":30,"enemies":"Time Eater","floor":50,"turns":7}],"seed_played":"-5331433902965267346","potions_obtained":[{"floor":1,"key":"champ:CounterPotion"},{"floor":3,"key":"SneckoOil"},{"floor":7,"key":"SteroidPotion"},{"floor":16,"key":"Fire Potion"},{"floor":23,"key":"AttackPotion"},{"floor":25,"key":"EssenceOfDarkness"},{"floor":28,"key":"GamblersBrew"},{"floor":33,"key":"AttackPotion"},{"floor":35,"key":"EssenceOfSteel"},{"floor":41,"key":"Regen Potion"},{"floor":47,"key":"hexamod:EctoCoolerPotion"}],"is_trial":false,"path_per_floor":["M","?","M","M","M","R","E","R","T","R","$","R","?","M","R","B",null,"M","M","M","$","?","M","R","E","T","R","E","$","E","?","R","B",null,"M","?","?","T","?","R","E","R","T","E","R","$","?","?","R","B",null],"character_chosen":"DEFECT","items_purchased":["PreservedInsect","Cold Snap","FTL","Storm","Chemical X","Tempest+1"],"campfire_rested":1,"item_purchase_floors":[11,11,21,46,46,46],"current_hp_per_floor":[80,80,79,75,64,64,58,58,58,58,58,58,58,56,56,50,82,65,63,63,63,47,47,47,47,47,71,71,71,71,71,71,47,82,82,82,82,82,78,78,71,71,71,63,63,63,62,62,62,44],"gold":166,"neow_bonus":"TEN_PERCENT_HP_BONUS","is_daily":false,"chose_seed":false,"campfire_upgraded":11,"win_rate":0.0,"timestamp":1608070471,"path_taken":["M","?","M","M","M","R","E","R","T","R","?","R","?","M","R","BOSS","M","M","M","?","?","M","R","E","T","R","E","$","E","?","R","BOSS","M","?","?","?","?","R","E","R","T","E","R","?","?","?","R","BOSS"],"items_purchased_type":["Relic","Card","Card","Card","Relic","Card"],"build_version":"2020-12-13","purchased_purges":2,"victory":true,"max_hp_per_floor":[82,82,82,82,82,82,82,82,82,82,82,82,82,82,82,82,82,82,82,82,82,82,82,82,82,82,82,82,82,82,82,82,82,82,82,82,82,82,78,78,78,78,78,78,78,78,78,78,78,78],"relic_stats":{"Torii":8,"counters":[20,106],"StoneCalendar":[44],"PreservedInsect":335,"Bag of Preparation":[30],"Juzu Bracelet":2,"MawBank":96,"Cursed Key":1,"Mummified Hand":[39],"Black Star":5,"Chemical X":[5],"obtain_stats":[{"HollowMod:LifeEnderRelic":41,"Torii":26,"Enchiridion":22,"Vajra":25,"Oddly Smooth Stone":30,"Thread and Needle":25,"StoneCalendar":41,"PreservedInsect":11,"Bag of Preparation":9,"Juzu Bracelet":28,"Incense Burner":31,"Ancient Tea Set":7,"MawBank":13,"Cursed Key":34,"White Beast Statue":30,"Mummified Hand":38,"Black Star":17,"Chemical X":46,"Toxic Egg 2":44,"CatCart":47,"Cracked Core":0,"InkBottle":44,"Meat on the Bone":28},{"HollowMod:LifeEnderRelic":17,"Torii":12,"Enchiridion":10,"Vajra":12,"Oddly Smooth Stone":14,"Thread and Needle":12,"StoneCalendar":17,"PreservedInsect":5,"Bag of Preparation":5,"Juzu Bracelet":13,"Incense Burner":14,"Ancient Tea Set":5,"MawBank":5,"Cursed Key":15,"White Beast Statue":14,"Mummified Hand":16,"Black Star":7,"Chemical X":18,"Toxic Egg 2":18,"CatCart":19,"Cracked Core":0,"InkBottle":18,"Meat on the Bone":13},{"HollowMod:LifeEnderRelic":88,"Torii":69,"Enchiridion":56,"Vajra":69,"Oddly Smooth Stone":76,"Thread and Needle":69,"StoneCalendar":88,"PreservedInsect":23,"Bag of Preparation":23,"Juzu Bracelet":73,"Incense Burner":76,"Ancient Tea Set":23,"MawBank":23,"Cursed Key":82,"White Beast Statue":76,"Mummified Hand":85,"Black Star":40,"Chemical X":94,"Toxic Egg 2":94,"CatCart":99,"Cracked Core":0,"InkBottle":94,"Meat on the Bone":73}],"InkBottle":[6],"Meat on the Bone":12},"card_choices":[{"not_picked":["BootSequence","Gash"],"picked":"Defragment","floor":1},{"not_picked":["Redo","Stack"],"picked":"Aggregate","floor":3},{"not_picked":["Skim","Steam"],"picked":"Defragment","floor":4},{"not_picked":["Defragment","Conserve Battery"],"picked":"Chill","floor":5},{"not_picked":["FTL","Leap"],"picked":"Hologram","floor":7},{"not_picked":["Doom and Gloom","Double Energy","Steam"],"picked":"SKIP","floor":14},{"not_picked":["Seek","All For One"],"picked":"Electrodynamics","floor":16},{"not_picked":["Hologram","Lockon"],"picked":"Capacitor","floor":18},{"not_picked":["Cold Snap","Leap+1"],"picked":"Defragment","floor":19},{"not_picked":["Redo","Conserve Battery"],"picked":"Coolheaded+1","floor":20},{"not_picked":["Streamline+1","Chaos"],"picked":"Fusion+1","floor":23},{"not_picked":["Double Energy+1","Redo"],"picked":"Tempest+1","floor":25},{"not_picked":["All For One","Chaos"],"picked":"Barrage","floor":28},{"not_picked":["Redo","Ball Lightning"],"picked":"Reboot","floor":30},{"not_picked":["Electrodynamics","Biased Cognition"],"picked":"Creative AI","floor":33},{"not_picked":["Hologram","Stack"],"picked":"Cold Snap+1","floor":35},{"not_picked":["Coolheaded+1","Conserve Battery"],"picked":"Thunder Strike","floor":41},{"not_picked":["Doom and Gloom","Leap+1"],"picked":"Barrage+1","floor":44},{"not_picked":["Steam+1","Conserve Battery+1"],"picked":"Hologram+1","floor":47}],"player_experience":24519,"relics_obtained":[{"floor":7,"key":"Ancient Tea Set"},{"floor":9,"key":"Bag of Preparation"},{"floor":13,"key":"MawBank"},{"floor":22,"key":"Enchiridion"},{"floor":25,"key":"Vajra"},{"floor":25,"key":"Thread and Needle"},{"floor":26,"key":"Torii"},{"floor":28,"key":"Meat on the Bone"},{"floor":28,"key":"Juzu Bracelet"},{"floor":30,"key":"Oddly Smooth Stone"},{"floor":30,"key":"White Beast Statue"},{"floor":38,"key":"Mummified Hand"},{"floor":41,"key":"StoneCalendar"},{"floor":41,"key":"HollowMod:LifeEnderRelic"},{"floor":44,"key":"InkBottle"},{"floor":44,"key":"Toxic Egg 2"},{"floor":47,"key":"CatCart"}],"event_choices":[{"damage_healed":0,"gold_gain":0,"player_choice":"Upgraded","damage_taken":0,"max_hp_gain":0,"max_hp_loss":0,"event_name":"Upgrade Shrine","floor":2,"gold_loss":0,"cards_upgraded":["Defragment"]},{"damage_healed":0,"gold_gain":0,"player_choice":"Relic","damage_taken":0,"max_hp_gain":0,"max_hp_loss":0,"event_name":"Wheel of Change","floor":13,"gold_loss":0},{"damage_healed":0,"gold_gain":0,"player_choice":"Obtained Book","damage_taken":16,"max_hp_gain":0,"max_hp_loss":0,"event_name":"Cursed Tome","floor":22,"gold_loss":0},{"damage_healed":0,"gold_gain":0,"player_choice":"Obtained Relic","damage_taken":0,"relics_obtained":["Incense Burner"],"max_hp_gain":0,"max_hp_loss":0,"event_name":"Addict","floor":31,"gold_loss":85},{"damage_healed":0,"gold_gain":0,"player_choice":"Ignored","damage_taken":0,"max_hp_gain":0,"max_hp_loss":0,"event_name":"Tomb of Lord Red Mask","floor":36,"gold_loss":0},{"cards_removed":["FTL"],"damage_healed":0,"gold_gain":0,"player_choice":"Removed Attack","damage_taken":0,"max_hp_gain":0,"max_hp_loss":0,"event_name":"Falling","floor":37,"gold_loss":0},{"damage_healed":0,"gold_gain":0,"player_choice":"Max HP","damage_taken":0,"max_hp_gain":0,"max_hp_loss":4,"event_name":"Winding Halls","floor":39,"gold_loss":0},{"damage_healed":0,"gold_gain":0,"player_choice":"Fight","damage_taken":0,"max_hp_gain":0,"max_hp_loss":0,"event_name":"OrinTheCat","floor":47,"gold_loss":0},{"damage_healed":0,"gold_gain":100,"player_choice":"Pray","damage_taken":0,"max_hp_gain":0,"max_hp_loss":0,"event_name":"Golden Shrine","floor":48,"gold_loss":0}],"is_beta":false,"boss_relics":[{"not_picked":["FrozenCore","Ectoplasm"],"picked":"Black Star"},{"not_picked":["Runic Pyramid","Astrolabe"],"picked":"Cursed Key"}],"items_purged_floors":[21,46],"is_endless":false,"potions_floor_spawned":[1,3,7,16,23,25,28,33,35,41,44,47],"ascension_level":0}}