{"host":"idmgg8r816nmas40","time":1608060463,"event":{"mods":["AchievementEnabler","BaseMod","BetterRewards","Colored Map","Colored Powertips","DeckTracker","Highlight Path","Minty Spire (QoL Compilation)","Quick Restart","Relic Stats","SuperFastMode","Transform Curses"],"gold_per_floor":[109,184,201,201,211,246,246,280,280,280,293,293,293,311,311,401,464,487,507,507,507,65,65,106,106,131,145,145,168,186,205,205,205,205],"floor_reached":33,"playtime":1082,"items_purged":[],"score":759,"play_id":"b99ed192-6c9f-44a4-98ea-b96436c00b83","local_time":"20201215122743","is_ascension_mode":true,"campfire_choices":[{"floor":7.0,"key":"REST"},{"data":"Infinite Blades","floor":12.0,"key":"SMITH"},{"floor":15.0,"key":"REST"},{"floor":23.0,"key":"REST"},{"floor":32,"key":"REST"}],"circlet_count":0,"master_deck":["AscendersBane","Defend_G","Defend_G","Defend_G","Defend_G","Defend_G","Survivor","Neutralize","Noxious Fumes+1","Leg Sweep","Flying Knee","Infinite Blades+1","Flying Knee","Caltrops","Dagger Spray","Corpse Explosion","Catalyst","PiercingWail","Catalyst","Bite","Bite","Bite","Bite","Bite","Infinite Blades","Backflip","Terror","Dodge and Roll+1","Infinite Blades","Poisoned Stab"],"relics":["Ring of the Snake","Juzu Bracelet","CaptainsWheel","Bottled Tornado","Ornamental Fan","InkBottle","Golden Idol","Tiny House","Darkstone Periapt","MealTicket","Toy Ornithopter","MutagenicStrength","Dream Catcher"],"acts_visited":["Exordium","TheCity"],"potions_floor_usage":[31],"damage_taken":[{"damage":0.0,"enemies":"Jaw Worm","floor":1.0,"turns":5.0},{"damage":0.0,"enemies":"Cultist","floor":3.0,"turns":4.0},{"damage":0.0,"enemies":"Small Slimes","floor":5.0,"turns":4.0},{"damage":22.0,"enemies":"Gremlin Nob","floor":6.0,"turns":5.0},{"damage":21.0,"enemies":"Lagavulin","floor":8.0,"turns":8.0},{"damage":4.0,"enemies":"Blue Slaver","floor":11.0,"turns":4.0},{"damage":24.0,"enemies":"Lots of Slimes","floor":14.0,"turns":3.0},{"damage":28.0,"enemies":"Hexaghost","floor":16.0,"turns":10.0},{"damage":21.0,"enemies":"3 Byrds","floor":18.0,"turns":3.0},{"damage":1.0,"enemies":"Shell Parasite","floor":19.0,"turns":5.0},{"damage":4.0,"enemies":"Gremlin Leader","floor":24.0,"turns":6.0},{"damage":0.0,"enemies":"Chosen and Byrds","floor":27.0,"turns":5.0},{"damage":0.0,"enemies":"Slavers","floor":28.0,"turns":1.0},{"damage":31,"enemies":"Centurion and Healer","floor":29,"turns":4},{"damage":31,"enemies":"Sentry and Sphere","floor":30,"turns":6},{"damage":5,"enemies":"Shelled Parasite and Fungi","floor":31,"turns":6},{"damage":47,"enemies":"Champ","floor":33,"turns":10}],"seed_played":"-6618710598507483118","potions_obtained":[{"floor":3.0,"key":"Poison Potion"},{"floor":5.0,"key":"Dexterity Potion"},{"floor":6.0,"key":"Regen Potion"},{"floor":17.0,"key":"GhostInAJar"},{"floor":24.0,"key":"SmokeBomb"},{"floor":30,"key":"Energy Potion"}],"is_trial":false,"path_per_floor":["M","?","M","?","M","E","R","E","T","?","M","R","?","M","R","B",null,"M","M","?","?","$","R","E","?","T","M","E","M","M","M","R","B"],"character_chosen":"THE_SILENT","items_purchased":["Noxious Fumes","Juzu Bracelet","Darkstone Periapt","MealTicket"],"campfire_rested":4,"item_purchase_floors":[0,0,22,22],"current_hp_per_floor":[59,48,48,48,48,26,45,36,36,58,54,54,54,30,49,21,60,39,38,38,38,38,49,49,49,49,49,49,26,5,11,25,0,0],"gold":205,"neow_bonus":"","is_daily":false,"chose_seed":false,"campfire_upgraded":1,"win_rate":0.0,"timestamp":1608060463,"path_taken":["M","?","M","?","M","E","R","E","T","?","M","R","?","M","R","BOSS","M","M","?","?","$","R","E","?","T","M","E","M","M","M","R","BOSS"],"items_purchased_type":["Card","Relic","Relic","Relic"],"build_version":"2020-12-13","purchased_purges":0,"victory":false,"max_hp_per_floor":[66,66,66,66,66,66,66,66,66,66,66,66,66,66,66,66,71,71,71,71,49,49,49,49,49,49,49,49,49,49,49,49,49,49],"relic_stats":{"Darkstone Periapt":12,"Dream Catcher":1,"counters":[137,525],"Ornamental Fan":[132],"Golden Idol":75,"MealTicket":0,"Juzu Bracelet":2,"obtain_stats":[{"Ice Cream":28,"TwistedFunnel":20,"Tiny House":17,"Gremlin Horn":31,"CeramicFish":46,"Vajra":23,"Spirit Poop":3,"Whetstone":22,"Bottled Tornado":6,"Sling":0,"Boot":6,"Centennial Puzzle":9,"DollysMirror":4,"Sundial":11,"Strawberry":43,"Philosopher\u0027s Stone":34,"MealTicket":43,"Fusion Hammer":34,"HandDrill":0,"Toxic Egg 2":43,"Girya":11,"Pear":48,"Happy Flower":37,"Oddly Smooth Stone":17,"Charon\u0027s Ashes":0,"Pen Nib":6,"War Paint":48,"Paper Crane":44,"Akabeko":0,"OrangePellets":0,"Brimstone":22,"Shuriken":24,"MutagenicStrength":20,"Bronze Scales":3,"Snecko Eye":34,"Molten Egg 2":9,"Pandora\u0027s Box":17,"Mark of Pain":34,"StrikeDummy":0,"Unceasing Top":36,"Meat on the Bone":26,"Darkstone Periapt":0,"Lantern":22,"Regal Pillow":9,"Singing Bowl":44,"Torii":0,"Black Blood":17,"Enchiridion":27,"Magic Flower":0,"Mango":28,"Snake Skull":8,"Bag of Preparation":5,"Juzu Bracelet":40,"Incense Burner":45,"Burning Blood":0,"Nunchaku":24,"Dream Catcher":27,"Matryoshka":26,"Mummified Hand":8,"Pantograph":6,"Tiny Chest":9,"WingedGreaves":13,"Red Mask":30,"InkBottle":43,"Red Skull":37,"Ring of the Snake":0,"Self Forming Clay":37,"Golden Idol":13,"Thread and Needle":22,"The Courier":17,"Frozen Egg 2":0,"Odd Mushroom":14,"MawBank":44,"White Beast Statue":40,"Mercury Hourglass":0,"Calling Bell":17,"Peace Pipe":9,"CaptainsWheel":39,"Ornamental Fan":8,"Orrery":0,"Bag of Marbles":42,"Art of War":25,"Bottled Lightning":14,"Membership Card":0,"FossilizedHelix":46,"TungstenRod":0,"Toy Ornithopter":37},{"Ice Cream":66,"TwistedFunnel":89,"Tiny House":128,"Gremlin Horn":15,"CeramicFish":46,"Vajra":62,"Spirit Poop":108,"Whetstone":61,"Bottled Tornado":124,"Sling":26,"Boot":52,"Centennial Puzzle":29,"DollysMirror":2,"Sundial":114,"Strawberry":22,"Philosopher\u0027s Stone":16,"MealTicket":45,"Fusion Hammer":41,"HandDrill":26,"Toxic Egg 2":75,"Girya":6,"Pear":77,"Happy Flower":72,"Oddly Smooth Stone":33,"Charon\u0027s Ashes":26,"Pen Nib":29,"War Paint":77,"Paper Crane":104,"Akabeko":26,"OrangePellets":48,"Brimstone":10,"Shuriken":11,"MutagenicStrength":10,"Bronze Scales":27,"Snecko Eye":97,"Molten Egg 2":4,"Pandora\u0027s Box":58,"Mark of Pain":70,"StrikeDummy":0,"Unceasing Top":99,"Meat on the Bone":92,"Darkstone Periapt":107,"Lantern":10,"Regal Pillow":53,"Singing Bowl":23,"Torii":79,"Black Blood":8,"Enchiridion":39,"Magic Flower":48,"Mango":13,"Snake Skull":112,"Bag of Preparation":28,"Juzu Bracelet":45,"Incense Burner":46,"Burning Blood":0,"Nunchaku":38,"Dream Catcher":64,"Matryoshka":11,"Mummified Hand":53,"Pantograph":4,"Tiny Chest":112,"WingedGreaves":7,"Red Mask":95,"InkBottle":22,"Red Skull":43,"Ring of the Snake":0,"Self Forming Clay":43,"Golden Idol":126,"Thread and Needle":61,"The Courier":33,"Frozen Egg 2":0,"Odd Mushroom":57,"MawBank":76,"White Beast Statue":21,"Mercury Hourglass":26,"Calling Bell":33,"Peace Pipe":84,"CaptainsWheel":20,"Ornamental Fan":125,"Orrery":0,"Bag of Marbles":22,"Art of War":63,"Bottled Lightning":32,"Membership Card":48,"FossilizedHelix":24,"TungstenRod":48,"Toy Ornithopter":72},{"Ice Cream":216,"TwistedFunnel":297,"Tiny House":479,"Gremlin Horn":51,"CeramicFish":163,"Vajra":208,"Spirit Poop":380,"Whetstone":205,"Bottled Tornado":454,"Sling":87,"Boot":185,"Centennial Puzzle":94,"DollysMirror":5,"Sundial":407,"Strawberry":76,"Philosopher\u0027s Stone":56,"MealTicket":158,"Fusion Hammer":146,"HandDrill":87,"Toxic Egg 2":240,"Girya":20,"Pear":247,"Happy Flower":231,"Oddly Smooth Stone":111,"Charon\u0027s Ashes":87,"Pen Nib":94,"War Paint":247,"Paper Crane":360,"Akabeko":87,"OrangePellets":172,"Brimstone":39,"Shuriken":41,"MutagenicStrength":39,"Bronze Scales":89,"Snecko Eye":328,"Molten Egg 2":14,"Pandora\u0027s Box":197,"Mark of Pain":227,"StrikeDummy":0,"Unceasing Top":335,"Meat on the Bone":308,"Darkstone Periapt":376,"Lantern":39,"Regal Pillow":187,"Singing Bowl":79,"Torii":257,"Black Blood":30,"Enchiridion":132,"Magic Flower":172,"Mango":47,"Snake Skull":400,"Bag of Preparation":90,"Juzu Bracelet":158,"Incense Burner":163,"Burning Blood":0,"Nunchaku":130,"Dream Catcher":213,"Matryoshka":41,"Mummified Hand":187,"Pantograph":14,"Tiny Chest":400,"WingedGreaves":24,"Red Mask":318,"InkBottle":76,"Red Skull":150,"Ring of the Snake":0,"Self Forming Clay":150,"Golden Idol":466,"Thread and Needle":205,"The Courier":111,"Frozen Egg 2":0,"Odd Mushroom":194,"MawBank":244,"White Beast Statue":73,"Mercury Hourglass":87,"Calling Bell":111,"Peace Pipe":275,"CaptainsWheel":68,"Ornamental Fan":462,"Orrery":0,"Bag of Marbles":76,"Art of War":210,"Bottled Lightning":100,"Membership Card":172,"FossilizedHelix":81,"TungstenRod":172,"Toy Ornithopter":231}],"InkBottle":[23],"Toy Ornithopter":5,"Ring of the Snake":[116]},"card_choices":[{"not_picked":["Heel Hook","Distraction"],"picked":"Leg Sweep","floor":1.0},{"not_picked":["Poisoned Stab","Deadly Poison"],"picked":"Flying Knee","floor":3.0},{"not_picked":["Acrobatics","Prepared"],"picked":"Infinite Blades","floor":5.0},{"not_picked":["Prepared","Wraith Form v2","Reflex"],"picked":"SKIP","floor":6.0},{"not_picked":["Expertise","Leg Sweep"],"picked":"Flying Knee","floor":8.0},{"not_picked":["Outmaneuver","Endless Agony"],"picked":"Caltrops","floor":11.0},{"not_picked":["Footwork","Acrobatics"],"picked":"Dagger Spray","floor":14.0},{"not_picked":["Malaise","A Thousand Cuts"],"picked":"Corpse Explosion","floor":16.0},{"not_picked":["Dagger Throw","Tactician"],"picked":"Catalyst","floor":17.0},{"not_picked":["Flying Knee","Acrobatics"],"picked":"PiercingWail","floor":18.0},{"not_picked":["Backflip","Sucker Punch+1"],"picked":"Catalyst","floor":19.0},{"not_picked":["Dagger Spray","Flying Knee+1"],"picked":"Infinite Blades","floor":24.0},{"not_picked":["Unload","Dagger Spray"],"picked":"Backflip","floor":27.0},{"not_picked":["Tactician","Acrobatics"],"picked":"Terror","floor":29},{"not_picked":["Blade Dance","Wraith Form v2"],"picked":"Dodge and Roll+1","floor":30},{"not_picked":["Underhanded Strike","Backstab"],"picked":"Infinite Blades","floor":31},{"not_picked":["Deadly Poison","Setup"],"picked":"Poisoned Stab","floor":32}],"player_experience":998452,"relics_obtained":[{"floor":6.0,"key":"Bottled Tornado"},{"floor":8.0,"key":"Ornamental Fan"},{"floor":9.0,"key":"InkBottle"},{"floor":24.0,"key":"Toy Ornithopter"},{"floor":26.0,"key":"Dream Catcher"}],"event_choices":[{"damage_healed":0.0,"max_hp_gain":0.0,"max_hp_loss":0.0,"gold_gain":75.0,"event_name":"World of Goop","player_choice":"Gather Gold","floor":2.0,"gold_loss":0.0,"damage_taken":11.0},{"damage_healed":0.0,"max_hp_gain":0.0,"max_hp_loss":0.0,"gold_gain":0.0,"event_name":"Upgrade Shrine","player_choice":"Upgraded","floor":4.0,"gold_loss":0.0,"damage_taken":0.0,"cards_upgraded":["Noxious Fumes"]},{"damage_healed":22.0,"max_hp_gain":0.0,"max_hp_loss":0.0,"gold_gain":0.0,"event_name":"Big Fish","player_choice":"Banana","floor":10.0,"gold_loss":0.0,"damage_taken":0.0},{"damage_healed":0.0,"max_hp_gain":0.0,"max_hp_loss":0.0,"gold_gain":0.0,"event_name":"Golden Idol","player_choice":"Take Wound","floor":13.0,"gold_loss":0.0,"damage_taken":0.0,"relics_obtained":["Golden Idol"],"cards_obtained":["Injury"]},{"cards_removed":["Injury"],"damage_healed":0.0,"max_hp_gain":0.0,"max_hp_loss":0.0,"gold_gain":0.0,"event_name":"Purifier","player_choice":"Purged","floor":20.0,"gold_loss":0.0,"damage_taken":0.0},{"damage_healed":0.0,"max_hp_gain":0.0,"max_hp_loss":22.0,"gold_gain":0.0,"event_name":"Vampires","player_choice":"Became a vampire","floor":21.0,"gold_loss":0.0,"damage_taken":0.0,"cards_obtained":["Bite","Bite","Bite","Bite","Bite"]},{"damage_healed":0.0,"max_hp_gain":0.0,"max_hp_loss":0.0,"gold_gain":0.0,"event_name":"Drug Dealer","player_choice":"Inject Mutagens","floor":25.0,"gold_loss":0.0,"damage_taken":0.0,"relics_obtained":["MutagenicStrength"]}],"is_beta":false,"boss_relics":[{"not_picked":["Runic Dome","Velvet Choker"],"picked":"Tiny House"}],"items_purged_floors":[],"is_endless":false,"potions_floor_spawned":[3,5,6,24,28,30],"killed_by":"Champ","ascension_level":17}}