{"host":"126yiuos2nq86se7","time":1608016566,"event":{"mods":["AchievementEnabler","Act Like it!","BaseMod","Colored Map","Colored Powertips","Friendly Minions","Highlight Path","Minty Spire (QoL Compilation)","StSLib","SuperFastMode","The Animator","The Hierophant","The Servant 0.9.4"],"gold_per_floor":[359,377,377,23,34,34,34,46,46,62,62,92,92,92,92,192,192,210,223,235,235,60,60,60,60,60,74,92,103,118,136,136,238,238,254,269,269,287,11,11,29,0,0,0,15,34,53,76,76,76],"floor_reached":51,"playtime":1745,"items_purged":["Strike_S","Strike_S","Defend_S"],"score":805,"play_id":"f41e1b2e-f2cf-48eb-abef-49a64b9cea26","local_time":"20201215181606","is_ascension_mode":false,"campfire_choices":[{"data":"Hightail","floor":6,"key":"SMITH"},{"floor":11,"key":"REST"},{"data":"SoulSculpture","floor":13,"key":"SMITH"},{"data":"KidneyShot","floor":15,"key":"SMITH"},{"data":"MoonPhase","floor":23,"key":"SMITH"},{"floor":32,"key":"REST"},{"data":"SurpressingFire","floor":40,"key":"SMITH"},{"data":"DoubleEdge","floor":44,"key":"SMITH"},{"floor":49,"key":"REST"}],"circlet_count":0,"master_deck":["Defend_S","Defend_S","Defend_S","KidneyShot+1","Exchange","Hightail+1","SoulSculpture+1","DoubleEdge+1","DoubleEdge+1","Rewind","FastForward","Dilation","Spin","Spin","MoonPhase+1","Defy","RealityMarble+1","Sabotage+1","SurpressingFire+1","Collapse+1","Misdirection+1","Rewind+1","WasteNot+1","SilverBlades+1"],"relics":["Uniform","FaceOfCleric","Strange Spoon","Bag of Marbles","KneeBrace","Sozu","HornCleat","MysterySword","Chemical X","Red Mask","Singing Bowl","Whetstone"],"acts_visited":["Exordium","TheCity","TheBeyond"],"potions_floor_usage":[12,12,12],"damage_taken":[{"damage":0,"enemies":"Small Slimes","floor":1,"turns":3},{"damage":0,"enemies":"Cultist","floor":2,"turns":4},{"damage":0,"enemies":"2 Louse","floor":5,"turns":2},{"damage":0,"enemies":"Large Slime","floor":8,"turns":4},{"damage":22,"enemies":"Lots of Slimes","floor":10,"turns":4},{"damage":5,"enemies":"Lagavulin","floor":12,"turns":4},{"damage":0,"enemies":"Hexaghost","floor":16,"turns":10},{"damage":0,"enemies":"3 Byrds","floor":18,"turns":5},{"damage":0,"enemies":"Spheric Guardian","floor":19,"turns":6},{"damage":17,"enemies":"Centurion and Healer","floor":20,"turns":4},{"damage":0,"enemies":"3 Cultists","floor":27,"turns":5},{"damage":0,"enemies":"Snake Plant","floor":28,"turns":3},{"damage":0,"enemies":"Cultist and Chosen","floor":29,"turns":5},{"damage":7,"enemies":"Chosen and Byrds","floor":30,"turns":4},{"damage":14,"enemies":"Shelled Parasite and Fungi","floor":31,"turns":5},{"damage":28,"enemies":"Collector","floor":33,"turns":12},{"damage":0,"enemies":"3 Shapes","floor":35,"turns":6},{"damage":10,"enemies":"3 Darklings","floor":36,"turns":6},{"damage":0,"enemies":"Maw","floor":38,"turns":7},{"damage":3,"enemies":"4 Shapes","floor":41,"turns":9},{"damage":0,"enemies":"Sphere and 2 Shapes","floor":45,"turns":4},{"damage":0,"enemies":"Transient","floor":46,"turns":5},{"damage":0,"enemies":"Spire Growth","floor":47,"turns":5},{"damage":0,"enemies":"Donu and Deca","floor":50,"turns":11}],"seed_played":"245957469116747469","potions_obtained":[{"floor":1,"key":"SkillPotion"},{"floor":8,"key":"Block Potion"},{"floor":10,"key":"EssenceOfSteel"}],"is_trial":false,"path_per_floor":["M","M","?","$","M","R","$","M","T","M","R","E","R","?","R","B",null,"M","M","M","?","$","R","?","$","T","M","M","M","M","M","R","B",null,"M","M","?","M","$","R","M","?","T","R","M","M","M","T","R","B",null],"character_chosen":"THE_SERVANT","items_purchased":["SoulSculpture","Strange Spoon","DoubleEdge","MoonPhase","Chemical X"],"campfire_rested":3,"item_purchase_floors":[4,4,4,22,39],"current_hp_per_floor":[59,59,59,59,60,60,60,61,61,40,58,54,54,54,54,55,64,65,66,50,50,50,50,50,50,50,51,52,53,47,34,55,28,73,74,65,65,66,66,66,64,64,64,64,65,66,67,67,80,81],"gold":76,"neow_bonus":"TWO_FIFTY_GOLD","is_daily":false,"chose_seed":false,"campfire_upgraded":6,"win_rate":0.0,"timestamp":1608016566,"path_taken":["M","M","?","$","M","R","$","?","T","M","R","E","R","?","R","BOSS","M","?","M","?","$","R","?","$","T","M","M","M","M","M","R","BOSS","M","M","?","?","$","R","M","?","T","R","M","M","M","?","R","BOSS"],"items_purchased_type":["Card","Relic","Card","Card","Relic"],"build_version":"2020-12-13","purchased_purges":3,"victory":true,"max_hp_per_floor":[59,59,59,59,60,60,60,61,61,62,62,63,63,63,63,64,64,65,66,67,67,67,67,67,67,67,68,69,70,71,72,72,73,73,74,75,75,76,76,76,77,77,77,77,78,79,80,80,80,81],"card_choices":[{"not_picked":["Spin","InstantArmor"],"picked":"Hightail","floor":1},{"not_picked":["ReturningBlade","TimeWarp","ShatteredReality"],"picked":"SKIP","floor":2},{"not_picked":["Reset","Read"],"picked":"DoubleEdge","floor":5},{"not_picked":["KillingDoll","Deadline"],"picked":"Rewind","floor":8},{"not_picked":["Orbit","Starlight","Foresight"],"picked":"SKIP","floor":10},{"not_picked":["Moondial","Ricochet"],"picked":"FastForward","floor":12},{"not_picked":["Initiator","Deny"],"picked":"Dilation","floor":16},{"not_picked":["Rearm+1","Replace","DancingSilver"],"picked":"SKIP","floor":18},{"not_picked":["Shuttle","Alleviate"],"picked":"Spin","floor":19},{"not_picked":["Ricochet","Rewind"],"picked":"Spin","floor":20},{"not_picked":["Spin","Alleviate"],"picked":"Defy","floor":27},{"not_picked":["BottledTime","Hightail"],"picked":"RealityMarble+1","floor":28},{"not_picked":["Foresight+1","Starlight","Revamp"],"picked":"SKIP","floor":29},{"not_picked":["Ricochet","DancingSilver"],"picked":"Sabotage","floor":30},{"not_picked":["FanOfKnives+1","Hightail"],"picked":"SurpressingFire","floor":31},{"not_picked":["ShatteredReality","Ricochet","DoubleEdge"],"picked":"SKIP","floor":35},{"not_picked":["BottledTime+1","ShatteredReality"],"picked":"Collapse+1","floor":36},{"not_picked":["Rewind+1","Potential+1"],"picked":"Misdirection+1","floor":38},{"not_picked":["Starlight+1","Replace+1","Moonlight+1"],"picked":"SKIP","floor":41},{"not_picked":["Alleviate+1","Unruled"],"picked":"Rewind+1","floor":45},{"not_picked":["BottledTime+1","SpecialFormula"],"picked":"WasteNot+1","floor":46},{"not_picked":["ShatteredReality","Unruled"],"picked":"SilverBlades+1","floor":47}],"player_experience":1592410,"relics_obtained":[{"floor":9,"key":"Bag of Marbles"},{"floor":12,"key":"KneeBrace"},{"floor":26,"key":"HornCleat"},{"floor":43,"key":"Singing Bowl"},{"floor":48,"key":"Whetstone"}],"event_choices":[{"damage_healed":0,"gold_gain":0,"player_choice":"Trade","damage_taken":0,"relics_obtained":["FaceOfCleric"],"max_hp_gain":0,"max_hp_loss":0,"event_name":"FaceTrader","floor":3,"gold_loss":0},{"cards_removed":["Strike_S"],"damage_healed":0,"gold_gain":0,"player_choice":"Purged","damage_taken":0,"max_hp_gain":0,"max_hp_loss":0,"event_name":"Purifier","floor":14,"gold_loss":0},{"damage_healed":0,"gold_gain":0,"player_choice":"Ignored","damage_taken":0,"max_hp_gain":0,"max_hp_loss":0,"event_name":"The Mausoleum","floor":21,"gold_loss":0},{"cards_removed":["Strike_S"],"damage_healed":0,"gold_gain":0,"player_choice":"Elegance","damage_taken":0,"max_hp_gain":0,"max_hp_loss":0,"event_name":"Back to Basics","floor":24,"gold_loss":0},{"damage_healed":0,"gold_gain":0,"player_choice":"Bought 0 Potions","damage_taken":0,"max_hp_gain":0,"max_hp_loss":0,"event_name":"The Woman in Blue","floor":37,"gold_loss":0},{"damage_healed":0,"gold_gain":0,"player_choice":"Paid","damage_taken":0,"relics_obtained":["Red Mask"],"max_hp_gain":0,"max_hp_loss":0,"event_name":"Tomb of Lord Red Mask","floor":42,"gold_loss":29}],"is_beta":false,"boss_relics":[{"not_picked":["Busted Crown","Calling Bell"],"picked":"Sozu"},{"not_picked":["SplendidAttire","Snecko Eye"],"picked":"MysterySword"}],"items_purged_floors":[4,22,39],"is_endless":false,"potions_floor_spawned":[1,8,10,27,28,29,30,33,35,45],"ascension_level":0}}