{"host":"ks12kfi5c4d9hdxy","time":1608057972,"event":{"mods":["Act Like it!","BaseMod","Conspire","Gensokyo","GifTheSpireLib","Koishi","Marisa（F雨　魔理沙）","Minty Spire (QoL Compilation)","Quick Restart","Reimu（博丽灵梦）","Remilia（蕾米莉亚）","Replay The Spire","RumiaBox-露米娅的神秘盒子","Shop Mod","StSLib","SuperFastMode","The Administrix","The Servant 0.9.4","Youmu（魂魄妖梦）","Yuyuko","【东方二次创作】八云紫mod","【功能Mod】混沌之环修复补丁","【功能Mod】聪明的最终Boss","篝火指南"],"gold_per_floor":[137,152,152,167,13,13,76,76,76,106,151,193,153,201,201,325,325],"floor_reached":16,"playtime":582,"items_purged":[],"score":187,"play_id":"0734d2c5-a7a7-4231-b524-2008bb0c5a2a","local_time":"20201216024612","is_ascension_mode":false,"campfire_choices":[{"data":"StateErode_purple","floor":6,"key":"SMITH"},{"data":"Human_Monster_Realm_purple","floor":15,"key":"SMITH"}],"circlet_count":0,"master_deck":["AT_purpleEX","AT_purpleEX","AT_purpleEX","Defend_purpleEX","Defend_purpleEX","Defend_purpleEX","Defend_purpleEX","Observe_purple_1","Observe_purple_2","Worldmountain_purple","StateErode_purple+1","DimensionStaggered_purple","Human_Monster_Realm_purple+1","RuleDissolution_purple","GluttonyofRealm_purpleEX"],"relics":["Boundary_crack","Memoryfragments_purpleEX","NeowsBlessing","Kunai","Replay:Bandana","Replay:Baseball","Mango","Counterbalance","PaintedHorse:ReiMu"],"acts_visited":["Exordium"],"potions_floor_usage":[],"damage_taken":[{"damage":0,"enemies":"Cultist","floor":1,"turns":1},{"damage":0,"enemies":"Small Slimes","floor":2,"turns":1},{"damage":0,"enemies":"2 Louse","floor":4,"turns":1},{"damage":32,"enemies":"3 Sentries","floor":7,"turns":10},{"damage":7,"enemies":"Blue Slaver","floor":10,"turns":3},{"damage":29,"enemies":"Lagavulin","floor":11,"turns":8},{"damage":10,"enemies":"2 Fungi Beasts","floor":12,"turns":3},{"damage":13,"enemies":"Exordium Wildlife","floor":14,"turns":3},{"damage":19,"enemies":"Slime Boss","floor":16,"turns":13}],"seed_played":"1944910331631281917","potions_obtained":[{"floor":4,"key":"Strength Potion"},{"floor":10,"key":"FairyPotion"},{"floor":16,"key":"ColorlessPotion"}],"is_trial":false,"path_per_floor":["M","M","T","M","$","R","E","?","T","M","E","M","?","M","R","B"],"character_chosen":"Youkari","items_purchased":["Replay:Bandana"],"campfire_rested":0,"item_purchase_floors":[5],"current_hp_per_floor":[70,70,70,70,70,70,43,43,57,53,29,24,24,15,15,31,31],"gold":325,"neow_bonus":"THREE_ENEMY_KILL","is_daily":false,"chose_seed":false,"campfire_upgraded":2,"win_rate":0.0,"timestamp":1608057972,"path_taken":["M","?","?","?","$","R","E","?","T","?","E","M","?","M","R","BOSS"],"items_purchased_type":["Relic"],"build_version":"2020-12-13","purchased_purges":0,"victory":false,"max_hp_per_floor":[70,70,70,70,70,70,70,70,84,84,84,84,84,87,87,87,87],"card_choices":[{"not_picked":["Charmbait_purple","Mirror_FourBoundary_purple"],"picked":"Worldmountain_purple","floor":1},{"not_picked":["Line_surface_state_purple","WatchEyeChange_purple"],"picked":"StateErode_purple","floor":2},{"not_picked":["EighthInstrument_OneDividesIntoTwo_purple","SfantasyHide_purple"],"picked":"DimensionStaggered_purple","floor":4},{"not_picked":["Realm_recovery_purpleEX","FragmentationRealm_purple"],"picked":"Human_Monster_Realm_purple","floor":7},{"not_picked":["ExistenceContinue_purple","MonsterNeedle_purple"],"picked":"RuleDissolution_purple","floor":10},{"not_picked":["OmniscientAndOmnipotent_Monster_purple","Realm_recovery_purpleEX","Yakumo_Ran_purple"],"picked":"SKIP","floor":11},{"not_picked":["SharpContractionReality_purple","WingOfChimera_purple"],"picked":"GluttonyofRealm_purpleEX","floor":12},{"not_picked":["Umbrella_purple","AdvanceAttack_purple","StateErode_purple"],"picked":"SKIP","floor":14}],"player_experience":526803,"relics_obtained":[{"floor":3,"key":"Kunai"},{"floor":7,"key":"Replay:Baseball"},{"floor":9,"key":"Mango"},{"floor":11,"key":"Counterbalance"}],"event_choices":[{"cards_removed":["AT_purpleEX"],"damage_healed":0,"gold_gain":0,"player_choice":"Offered Basic","damage_taken":0,"max_hp_gain":0,"max_hp_loss":0,"event_name":"Bonfire Elementals","floor":8,"gold_loss":0},{"damage_healed":0,"gold_gain":0,"player_choice":"塞钱","damage_taken":0,"relics_obtained":["PaintedHorse:ReiMu"],"max_hp_gain":0,"max_hp_loss":0,"event_name":"yidonshenshe","floor":13,"gold_loss":40}],"is_beta":false,"boss_relics":[],"items_purged_floors":[],"is_endless":false,"potions_floor_spawned":[4,10,16],"killed_by":"Slime Boss","ascension_level":0}}