{"host":"rqd50iigewdjy74u","time":1608019156,"event":{"mods":["AchievementEnabler","BaseMod","BetterRewards","Custom Start","Minty Spire (QoL Compilation)","StSLib"],"gold_per_floor":[119,132,144,154,18,18,51,115,115,65,20,20,34,63,63,63,63],"floor_reached":16,"playtime":885,"items_purged":["Defend_G","Strike_G"],"score":160,"play_id":"70124fce-7784-4843-b602-b9e2b07012fd","local_time":"20201215015916","is_ascension_mode":false,"campfire_choices":[{"data":"Bouncing Flask","floor":6,"key":"SMITH"},{"data":"Catalyst","floor":12,"key":"SMITH"},{"data":"Blur","floor":15,"key":"SMITH"}],"circlet_count":0,"master_deck":["Strike_G","Strike_G","Strike_G","Defend_G+1","Defend_G","Defend_G","Defend_G+1","Survivor","Neutralize","Backflip","Flying Knee","Outmaneuver","Dodge and Roll","Deadly Poison","Cloak And Dagger","Deflect","Catalyst+1","Infinite Blades","Bouncing Flask+1","After Image","Flying Knee","Poisoned Stab","Underhanded Strike","Blur+1"],"relics":["Ring of the Snake","Orrery","War Paint","Mango","Mercury Hourglass","Du-Vu Doll"],"acts_visited":["Exordium"],"potions_floor_usage":[8,16],"damage_taken":[{"damage":0,"enemies":"Small Slimes","floor":1,"turns":3},{"damage":5,"enemies":"2 Louse","floor":2,"turns":3},{"damage":3,"enemies":"Jaw Worm","floor":3,"turns":4},{"damage":33,"enemies":"Gremlin Gang","floor":4,"turns":7},{"damage":27,"enemies":"Gremlin Nob","floor":7,"turns":4},{"damage":2,"enemies":"Gremlin Nob","floor":8,"turns":4},{"damage":10,"enemies":"Lots of Slimes","floor":13,"turns":3},{"damage":9,"enemies":"3 Sentries","floor":14,"turns":5},{"damage":26,"enemies":"Slime Boss","floor":16,"turns":3}],"seed_played":"3631591579237328909","potions_obtained":[{"floor":2,"key":"FairyPotion"},{"floor":3,"key":"LiquidMemories"},{"floor":4,"key":"Block Potion"},{"floor":14,"key":"FearPotion"}],"is_trial":false,"path_per_floor":["M","M","M","M","$","R","E","?","T","?","$","R","M","E","R","B"],"character_chosen":"THE_SILENT","items_purchased":["Orrery","Bouncing Flask","Poisoned Stab"],"campfire_rested":0,"item_purchase_floors":[0,5,11],"current_hp_per_floor":[70,65,62,29,29,29,2,35,35,35,35,35,25,16,16,0,0],"gold":63,"neow_bonus":"","is_daily":false,"chose_seed":false,"campfire_upgraded":3,"win_rate":0.0,"timestamp":1608019156,"path_taken":["M","M","M","M","$","R","E","?","T","?","?","R","M","E","R","BOSS"],"items_purchased_type":["Relic","Card","Card"],"build_version":"2020-12-13","purchased_purges":2,"victory":false,"max_hp_per_floor":[70,70,70,70,70,70,70,84,84,84,84,84,84,84,84,84,84],"card_choices":[{"not_picked":["Calculated Gamble","Endless Agony"],"picked":"Backflip","floor":0},{"not_picked":["Dodge and Roll","Quick Slash"],"picked":"Flying Knee","floor":0},{"not_picked":["A Thousand Cuts","Choke"],"picked":"Outmaneuver","floor":0},{"not_picked":["PiercingWail","Calculated Gamble"],"picked":"Dodge and Roll","floor":0},{"not_picked":["Sucker Punch","Acrobatics"],"picked":"Deadly Poison","floor":0},{"not_picked":["Sucker Punch","Deflect"],"picked":"Cloak And Dagger","floor":1},{"not_picked":["Escape Plan","PiercingWail"],"picked":"Deflect","floor":2},{"not_picked":["Heel Hook","Quick Slash"],"picked":"Catalyst","floor":3},{"not_picked":["Poisoned Stab","Bane"],"picked":"Infinite Blades","floor":4},{"not_picked":["Sucker Punch","Dagger Spray"],"picked":"After Image","floor":7},{"not_picked":["Noxious Fumes","Crippling Poison"],"picked":"Flying Knee","floor":8},{"not_picked":["Dagger Spray","Backstab"],"picked":"Underhanded Strike","floor":13},{"not_picked":["Acrobatics","Reflex"],"picked":"Blur","floor":14}],"player_experience":45946,"relics_obtained":[{"floor":7,"key":"War Paint"},{"floor":8,"key":"Mango"},{"floor":9,"key":"Mercury Hourglass"},{"floor":14,"key":"Du-Vu Doll"}],"event_choices":[{"damage_healed":0,"gold_gain":0,"player_choice":"Searched \u00271\u0027 times","damage_taken":0,"max_hp_gain":0,"max_hp_loss":0,"event_name":"Dead Adventurer","floor":8,"gold_loss":0},{"cards_removed":["Strike_G"],"damage_healed":0,"gold_gain":0,"player_choice":"Card Removal","damage_taken":0,"max_hp_gain":0,"max_hp_loss":0,"event_name":"The Cleric","floor":10,"gold_loss":50}],"is_beta":false,"boss_relics":[],"items_purged_floors":[0,5],"is_endless":false,"potions_floor_spawned":[2,3,4,14],"killed_by":"Slime Boss","ascension_level":0}}