{"host":"3jpwrwmmgyabjceh","time":1608046873,"event":{"mods":["BaseMod","Minty Spire (QoL Compilation)","StSLib"],"gold_per_floor":[113,132,144,162,162,182,194,194,221,221,221,233,253,266,266,366,366,386,386,386],"floor_reached":19,"playtime":667,"items_purged":[],"score":237,"play_id":"2c26982c-b297-43db-8d49-d19486066c23","local_time":"20201215184113","is_ascension_mode":true,"campfire_choices":[{"data":"Zap","floor":8,"key":"SMITH"},{"data":"Steam","floor":10,"key":"SMITH"},{"floor":15,"key":"REST"}],"circlet_count":0,"master_deck":["Strike_B","Strike_B","Strike_B","Defend_B","Defend_B","Defend_B","Defend_B","Zap+1","Dualcast","Ball Lightning","Redo","Redo","Gash","BootSequence","Beam Cell","Steam+1","Electrodynamics","Gash","Machine Learning","Redo+1"],"relics":["Cracked Core","Regal Pillow","Runic Pyramid"],"acts_visited":["Exordium","TheCity"],"potions_floor_usage":[18,19],"damage_taken":[{"damage":0,"enemies":"Cultist","floor":1,"turns":3},{"damage":0,"enemies":"2 Louse","floor":2,"turns":1},{"damage":16,"enemies":"Small Slimes","floor":3,"turns":3},{"damage":11,"enemies":"Blue Slaver","floor":4,"turns":4},{"damage":0,"enemies":"3 Louse","floor":6,"turns":2},{"damage":4,"enemies":"2 Fungi Beasts","floor":7,"turns":3},{"damage":0,"enemies":"Large Slime","floor":12,"turns":4},{"damage":7,"enemies":"Exordium Thugs","floor":13,"turns":2},{"damage":11,"enemies":"2 Fungi Beasts","floor":14,"turns":4},{"damage":0,"enemies":"Slime Boss","floor":16,"turns":7},{"damage":2,"enemies":"Spheric Guardian","floor":18,"turns":4},{"damage":4,"enemies":"Shell Parasite","floor":19,"turns":4}],"seed_played":"-352488067331914581","potions_obtained":[{"floor":4,"key":"SpeedPotion"},{"floor":6,"key":"Block Potion"},{"floor":12,"key":"FocusPotion"},{"floor":18,"key":"PowerPotion"}],"is_trial":false,"path_per_floor":["M","M","M","M","?","M","M","R","T","R","?","M","M","M","R","B",null,"M","M"],"character_chosen":"DEFECT","items_purchased":[],"campfire_rested":1,"item_purchase_floors":[],"current_hp_per_floor":[75,75,59,48,48,48,44,44,44,44,44,44,37,26,63,63,75,73,69,69],"gold":386,"neow_bonus":"THREE_CARDS","is_daily":false,"chose_seed":false,"campfire_upgraded":2,"win_rate":0.0,"timestamp":1608046873,"path_taken":["M","M","M","M","?","M","?","R","T","R","?","?","M","M","R","BOSS","M","M"],"items_purchased_type":[],"build_version":"2020-12-13","purchased_purges":0,"victory":false,"max_hp_per_floor":[75,75,75,75,75,75,75,75,75,75,75,75,75,75,75,75,75,75,75,75],"card_choices":[{"not_picked":["Redo","Conserve Battery"],"picked":"Ball Lightning","floor":0},{"not_picked":["Stack","Go for the Eyes"],"picked":"Redo","floor":1},{"not_picked":["Stack","FTL"],"picked":"Redo","floor":2},{"not_picked":["Heatsinks","Redo","Barrage"],"picked":"SKIP","floor":3},{"not_picked":["Hologram","Go for the Eyes"],"picked":"Gash","floor":4},{"not_picked":["Turbo","Rebound"],"picked":"Beam Cell","floor":6},{"not_picked":["Static Discharge","Barrage"],"picked":"Steam","floor":7},{"not_picked":["Redo","Compile Driver"],"picked":"Electrodynamics","floor":12},{"not_picked":["Conserve Battery","Glacier"],"picked":"Gash","floor":13},{"not_picked":["Multi-Cast","Compile Driver","Doom and Gloom"],"picked":"SKIP","floor":14},{"not_picked":["Biased Cognition","Creative AI"],"picked":"Machine Learning","floor":16},{"not_picked":["Rip and Tear","Compile Driver"],"picked":"Redo+1","floor":18}],"player_experience":195419,"relics_obtained":[{"floor":9,"key":"Regal Pillow"}],"event_choices":[{"damage_healed":0,"gold_gain":0,"cards_transformed":["Strike_B"],"player_choice":"Transformed","damage_taken":0,"max_hp_gain":0,"max_hp_loss":0,"event_name":"Transmorgrifier","floor":5,"gold_loss":0,"cards_obtained":["BootSequence"]},{"damage_healed":0,"gold_gain":0,"player_choice":"Bought 0 Potions","damage_taken":0,"max_hp_gain":0,"max_hp_loss":0,"event_name":"The Woman in Blue","floor":11,"gold_loss":0}],"is_beta":false,"boss_relics":[{"not_picked":["Ectoplasm","SacredBark"],"picked":"Runic Pyramid"}],"items_purged_floors":[],"is_endless":false,"potions_floor_spawned":[4,6,12,13,18],"killed_by":"Shell Parasite","ascension_level":2}}