{"host":"Kdaddybrian","time":1608070762,"event":{"mods":["AchievementEnabler","BaseMod","Colored Powertips","Minty Spire (QoL Compilation)","Rare Cards Sparkle","Relic Stats","StSLib"],"gold_per_floor":[114,126,138,313,313,313,339,359,359,359,359,393,393,420,420,524,524,539,70,70,70,90,122,75,75,75,108,12,45,45,20,20,116,116,130,130,175,175,192,192,227,227,299,299,299,32,0,20,20,20,20,20,20,49,49,49],"floor_reached":55,"playtime":2867,"items_purged":["Doubt"],"score":1132,"play_id":"9fea9b81-7294-465d-8491-94142bf85c06","local_time":"20201215171922","is_ascension_mode":true,"campfire_choices":[{"data":"Dagger Spray","floor":6,"key":"SMITH"},{"floor":10,"key":"REST"},{"floor":13,"key":"REST"},{"data":"Dash","floor":15,"key":"SMITH"},{"floor":25,"key":"REST"},{"floor":30,"key":"REST"},{"floor":32,"key":"REST"},{"floor":40,"key":"RECALL"},{"floor":42,"key":"REST"},{"floor":45,"key":"REST"},{"floor":49,"key":"REST"},{"data":"Apotheosis","floor":52,"key":"SMITH"}],"circlet_count":0,"master_deck":["AscendersBane","Survivor","Neutralize+1","Backstab","Dagger Spray+1","Flying Knee","Bandage Up","Slice","Blur","Dash+1","Corpse Explosion","Wraith Form v2","Sucker Punch","Corpse Explosion","Die Die Die","Grand Finale","Escape Plan","Masterful Stab","Night Terror","Dodge and Roll","Apotheosis+1","Deflect","Leg Sweep","Backflip","Acrobatics","Deflect","PiercingWail+1","PiercingWail+1","Dodge and Roll","Tools of the Trade","Secret Technique","Venomology","Panacea","Prepared","PiercingWail","Caltrops+1"],"relics":["Ring of the Snake","Juzu Bracelet","Whetstone","Ornamental Fan","StrikeDummy","Pandora\u0027s Box","TwistedFunnel","Bag of Marbles","Blood Vial","Bronze Scales","Smiling Mask","Philosopher\u0027s Stone","Tingsha","Pantograph","Bag of Preparation","Red Mask","Anchor"],"acts_visited":["Exordium","TheCity","TheBeyond","TheEnding"],"potions_floor_usage":[7,12,16,16,16,16,27,33,33,48,50,54,54,55],"damage_taken":[{"damage":0.0,"enemies":"2 Louse","floor":1.0,"turns":3.0},{"damage":0.0,"enemies":"Small Slimes","floor":2.0,"turns":2.0},{"damage":1.0,"enemies":"Cultist","floor":3.0,"turns":4.0},{"damage":30,"enemies":"3 Sentries","floor":7,"turns":8},{"damage":9,"enemies":"Red Slaver","floor":8,"turns":4},{"damage":46,"enemies":"Lagavulin","floor":12,"turns":7},{"damage":20,"enemies":"Gremlin Nob","floor":14,"turns":5},{"damage":24,"enemies":"Slime Boss","floor":16,"turns":11},{"damage":8,"enemies":"3 Byrds","floor":18,"turns":4},{"damage":6,"enemies":"Chosen","floor":22,"turns":3},{"damage":61,"enemies":"Gremlin Leader","floor":23,"turns":8},{"damage":14,"enemies":"Slavers","floor":27,"turns":4},{"damage":16,"enemies":"Book of Stabbing","floor":29,"turns":5},{"damage":49,"enemies":"Collector","floor":33,"turns":11},{"damage":5,"enemies":"3 Shapes","floor":35,"turns":4},{"damage":5,"enemies":"2 Orb Walkers","floor":37,"turns":3},{"damage":5,"enemies":"3 Darklings","floor":39,"turns":3},{"damage":45,"enemies":"Nemesis","floor":41,"turns":11},{"damage":37,"enemies":"Writhing Mass","floor":48,"turns":8},{"damage":17,"enemies":"Donu and Deca","floor":50,"turns":12},{"damage":23,"enemies":"Shield and Spear","floor":54,"turns":7},{"damage":102,"enemies":"The Heart","floor":55,"turns":3}],"seed_played":"6016743469470850399","potions_obtained":[{"floor":1.0,"key":"Swift Potion"},{"floor":3,"key":"BlessingOfTheForge"},{"floor":7,"key":"Strength Potion"},{"floor":11,"key":"BlessingOfTheForge"},{"floor":11,"key":"EntropicBrew"},{"floor":12,"key":"ColorlessPotion"},{"floor":22,"key":"SteroidPotion"},{"floor":27,"key":"Fire Potion"},{"floor":29,"key":"DuplicationPotion"},{"floor":33,"key":"DuplicationPotion"},{"floor":35,"key":"Energy Potion"},{"floor":39,"key":"PowerPotion"}],"is_trial":false,"path_per_floor":["M","M","M","?","?","R","E","M","T","R","?","E","R","E","R","B",null,"M","$","?","?","M","E","$","R","T","E","$","E","R","$","R","B",null,"M","?","?","?","M","R","E","R","T","?","R","$","?","M","R","B",null,"R","$","E","B"],"character_chosen":"THE_SILENT","items_purchased":["Apotheosis","TwistedFunnel","Deflect","Deflect","FairyPotion","Dodge and Roll","Panacea","Bag of Preparation","Prepared"],"campfire_rested":8,"item_purchase_floors":[19,19,19,24,28,31,46,46,46],"current_hp_per_floor":[70,70,69,69,69,69,43,38,38,61,61,21,44,28,28,8,60,56,56,56,56,56,1,1,24,24,16,16,6,29,29,52,9,60,63,63,60,50,53,53,16,39,39,39,62,62,62,33,56,66,74,74,74,59,0,0],"gold":49,"neow_bonus":"TEN_PERCENT_HP_BONUS","is_daily":false,"chose_seed":false,"campfire_upgraded":3,"win_rate":0.0,"timestamp":1608070762,"path_taken":["M","M","M","?","?","R","E","M","T","R","?","E","R","E","R","BOSS","M","$","?","?","M","E","$","R","T","E","$","E","R","?","R","BOSS","M","?","?","?","M","R","E","R","T","?","R","$","?","M","R","BOSS","R","$","E","BOSS"],"items_purchased_type":["Card","Relic","Card","Card","Potion","Card","Card","Relic","Card"],"build_version":"2020-12-07","purchased_purges":1,"victory":false,"max_hp_per_floor":[77,77,77,77,77,77,77,77,77,77,77,77,77,77,77,77,77,77,77,77,77,77,77,77,77,77,77,77,77,77,77,77,77,77,77,77,77,77,77,77,77,77,77,77,77,77,77,77,77,77,77,77,77,77,77,77],"relic_stats":{"counters":[22,130],"Tingsha":[110],"Juzu Bracelet":3,"Bag of Preparation":[8],"Whetstone":["Neutralize","Strike_G"],"Smiling Mask":0,"Blood Vial":18,"Ornamental Fan":[92],"Bronze Scales":[235],"Pantograph":39,"Pandora\u0027s Box":["Wraith Form v2","Tactician","Sucker Punch","Corpse Explosion","Predator","Die Die Die","Grand Finale","Escape Plan","Masterful Stab","Night Terror"],"obtain_stats":[{"TwistedFunnel":19,"Tingsha":37,"Juzu Bracelet":7,"Bag of Preparation":46,"Whetstone":9,"Smiling Mask":29,"Blood Vial":26,"Anchor":54,"Ornamental Fan":12,"Bronze Scales":27,"Pantograph":41,"Pandora\u0027s Box":17,"Philosopher\u0027s Stone":34,"Bag of Marbles":23,"Red Mask":47,"StrikeDummy":14,"Ring of the Snake":0},{"TwistedFunnel":9,"Tingsha":16,"Juzu Bracelet":4,"Bag of Preparation":18,"Whetstone":5,"Smiling Mask":13,"Blood Vial":11,"Anchor":21,"Ornamental Fan":6,"Bronze Scales":12,"Pantograph":18,"Pandora\u0027s Box":8,"Philosopher\u0027s Stone":14,"Bag of Marbles":11,"Red Mask":18,"StrikeDummy":7,"Ring of the Snake":0},{"TwistedFunnel":48,"Tingsha":86,"Juzu Bracelet":17,"Bag of Preparation":100,"Whetstone":21,"Smiling Mask":68,"Blood Vial":59,"Anchor":127,"Ornamental Fan":28,"Bronze Scales":63,"Pantograph":100,"Pandora\u0027s Box":44,"Philosopher\u0027s Stone":79,"Bag of Marbles":59,"Red Mask":100,"StrikeDummy":33,"Ring of the Snake":0}],"Ring of the Snake":[44]},"card_choices":[{"not_picked":["Escape Plan","Flying Knee"],"picked":"Backstab","floor":1.0},{"not_picked":["Sucker Punch","Dodge and Roll"],"picked":"Dagger Spray","floor":2.0},{"not_picked":["Heel Hook","Deflect"],"picked":"Flying Knee","floor":3},{"not_picked":["Prepared","Eviscerate","Slice"],"picked":"SKIP","floor":7},{"not_picked":["Concentrate","Dodge and Roll"],"picked":"Slice","floor":8},{"not_picked":["Eviscerate","Acrobatics"],"picked":"Blur","floor":12},{"not_picked":["Finisher","Blur"],"picked":"Dash","floor":14},{"not_picked":["Tools of the Trade","Die Die Die"],"picked":"Corpse Explosion","floor":16},{"not_picked":["Quick Slash","Underhanded Strike+1"],"picked":"Dodge and Roll","floor":18},{"not_picked":["Poisoned Stab+1","Dagger Spray"],"picked":"Backflip","floor":22},{"not_picked":["Backstab","Calculated Gamble"],"picked":"Acrobatics","floor":23},{"not_picked":["Reflex","Blade Dance"],"picked":"PiercingWail+1","floor":27},{"not_picked":["Flying Knee","Crippling Poison"],"picked":"PiercingWail+1","floor":29},{"not_picked":["Glass Knife","Die Die Die"],"picked":"Tools of the Trade","floor":33},{"not_picked":["Blade Dance","Underhanded Strike+1","Dagger Spray"],"picked":"SKIP","floor":35},{"not_picked":["Discovery","Panache"],"picked":"Secret Technique","floor":38},{"not_picked":["Slice+1","Setup","Tactician"],"picked":"SKIP","floor":39},{"not_picked":["Deflect","All Out Attack"],"picked":"Venomology","floor":41},{"not_picked":["Cloak And Dagger+1","Expertise"],"picked":"PiercingWail","floor":48},{"not_picked":["All Out Attack+1","Terror"],"picked":"Caltrops+1","floor":54}],"player_experience":2855241,"relics_obtained":[{"floor":7,"key":"Juzu Bracelet"},{"floor":9,"key":"Whetstone"},{"floor":12,"key":"Ornamental Fan"},{"floor":14,"key":"StrikeDummy"},{"floor":23,"key":"Bag of Marbles"},{"floor":26,"key":"Blood Vial"},{"floor":27,"key":"Bronze Scales"},{"floor":29,"key":"Smiling Mask"},{"floor":37,"key":"Tingsha"},{"floor":41,"key":"Pantograph"},{"floor":54,"key":"Anchor"}],"event_choices":[{"damage_healed":0,"gold_gain":175,"player_choice":"AGREE","damage_taken":0,"max_hp_gain":0,"max_hp_loss":0,"event_name":"Liars Game","floor":4,"gold_loss":0,"cards_obtained":["Doubt"]},{"damage_healed":0,"gold_gain":0,"player_choice":"1 cards matched","damage_taken":0,"max_hp_gain":0,"max_hp_loss":0,"event_name":"Match and Keep!","floor":5,"gold_loss":0,"cards_obtained":["Bandage Up"]},{"damage_healed":0,"gold_gain":0,"player_choice":"Got Potions","damage_taken":0,"max_hp_gain":0,"max_hp_loss":0,"event_name":"Lab","floor":11,"gold_loss":0},{"damage_healed":0,"gold_gain":0,"player_choice":"1 cards matched","damage_taken":0,"max_hp_gain":0,"max_hp_loss":0,"event_name":"Match and Keep!","floor":20,"gold_loss":0,"cards_obtained":["Leg Sweep"]},{"cards_removed":["Tactician"],"damage_healed":0,"gold_gain":0,"player_choice":"Purged","damage_taken":0,"max_hp_gain":0,"max_hp_loss":0,"event_name":"Purifier","floor":21,"gold_loss":0},{"cards_removed":["Predator"],"damage_healed":0,"gold_gain":0,"player_choice":"Removed Attack","damage_taken":0,"max_hp_gain":0,"max_hp_loss":0,"event_name":"Falling","floor":36,"gold_loss":0},{"damage_healed":0,"gold_gain":0,"player_choice":"Fight","damage_taken":0,"max_hp_gain":0,"max_hp_loss":0,"event_name":"Mysterious Sphere","floor":37,"gold_loss":0},{"damage_healed":0,"gold_gain":0,"player_choice":"Memory 3","damage_taken":10,"max_hp_gain":0,"max_hp_loss":0,"event_name":"SensoryStone","floor":38,"gold_loss":0},{"damage_healed":0,"gold_gain":0,"player_choice":"Bought 0 Potions","damage_taken":0,"max_hp_gain":0,"max_hp_loss":0,"event_name":"The Woman in Blue","floor":44,"gold_loss":0},{"damage_healed":0,"gold_gain":0,"player_choice":"Paid","damage_taken":0,"relics_obtained":["Red Mask"],"max_hp_gain":0,"max_hp_loss":0,"event_name":"Tomb of Lord Red Mask","floor":47,"gold_loss":32}],"is_beta":true,"boss_relics":[{"not_picked":["Ectoplasm","Tiny House"],"picked":"Pandora\u0027s Box"},{"not_picked":["Ring of the Serpent","HoveringKite"],"picked":"Philosopher\u0027s Stone"}],"items_purged_floors":[19],"is_endless":false,"potions_floor_spawned":[1,3,7,12,22,27,29,33,35,37,39],"killed_by":"The Heart","ascension_level":10}}