{"host":"milnbpnt8q6cnpmr","time":1608022632,"event":{"mods":["BaseMod","Marisa????????","Minty Spire (QoL Compilation)"],"gold_per_floor":[111,36,36,50,62,62,97,97,122,134,164,164,194,224,224,301,301,316,332,115,115,125,160,178,191,191,191,216,216,236,263,263,263,263],"floor_reached":33,"playtime":1722,"items_purged":["Strike_MRS"],"score":634,"play_id":"91e4e9b7-d5b3-41d8-9fb6-c6213752dfb2","local_time":"20201215005712","is_ascension_mode":true,"campfire_choices":[{"data":"DC","floor":6.0,"key":"SMITH"},{"floor":8.0,"key":"REST"},{"floor":12.0,"key":"REST"},{"data":"SprinkleStarSeal","floor":15,"key":"SMITH"},{"data":"EscapeVelocity","floor":29,"key":"SMITH"},{"data":"PulseMagic","floor":32,"key":"SMITH"}],"circlet_count":0,"master_deck":["AscendersBane","Strike_MRS+1","Strike_MRS","Defend_MRS","Defend_MRS","Defend_MRS","MasterSpark","UpSweep","FairyDestructionRay","DC+1","WitchLeyline","ShootTheMoon+1","StarBarrage","DeepEcoloBomb","SprinkleStarSeal+1","EscapeVelocity+1","WitchLeyline+1","OrrerysSun","Ghostly","Ghostly","Ghostly","PulseMagic+1","DarkMatter+1","StarlightTyphoon+1"],"relics":["MiniHakkero","NeowsBlessing","Potion Belt","Whetstone","Akabeko","TungstenRod","RampagingMagicTools","Shuriken","Eternal Feather","Mummified Hand","HornCleat"],"acts_visited":["Exordium","TheCity"],"potions_floor_usage":[19,23,24,25,28,30,30,33,33],"damage_taken":[{"damage":0.0,"enemies":"Jaw Worm","floor":1.0,"turns":1.0},{"damage":0.0,"enemies":"2 Louse","floor":4.0,"turns":1.0},{"damage":0.0,"enemies":"Small Slimes","floor":5.0,"turns":1.0},{"damage":21.0,"enemies":"3 Sentries","floor":7.0,"turns":6.0},{"damage":8.0,"enemies":"Looter","floor":10.0,"turns":2.0},{"damage":27.0,"enemies":"Lagavulin","floor":11.0,"turns":6.0},{"damage":17.0,"enemies":"3 Sentries","floor":13.0,"turns":4.0},{"damage":24,"enemies":"Hexaghost","floor":16,"turns":9},{"damage":0,"enemies":"Spheric Guardian","floor":18,"turns":2},{"damage":5,"enemies":"2 Thieves","floor":19,"turns":2},{"damage":0,"enemies":"Sentry and Sphere","floor":22,"turns":3},{"damage":2,"enemies":"Slavers","floor":23,"turns":3},{"damage":3,"enemies":"Cultist and Chosen","floor":24,"turns":5},{"damage":0,"enemies":"Centurion and Healer","floor":25,"turns":5},{"damage":3,"enemies":"Book of Stabbing","floor":28,"turns":4},{"damage":2,"enemies":"Snecko","floor":30,"turns":5},{"damage":4,"enemies":"Slavers","floor":31,"turns":6},{"damage":58,"enemies":"Collector","floor":33,"turns":6}],"seed_played":"5224445011818918467","potions_obtained":[{"floor":1.0,"key":"Energy Potion"},{"floor":5.0,"key":"SteroidPotion"},{"floor":13.0,"key":"StarNLove"},{"floor":16,"key":"BottledSpark"},{"floor":22,"key":"AttackPotion"},{"floor":23,"key":"AttackPotion"},{"floor":24,"key":"StarNLove"},{"floor":25,"key":"FearPotion"},{"floor":28,"key":"Block Potion"}],"is_trial":false,"path_per_floor":["M","?","?","M","M","R","E","R","T","M","E","R","E","?","R","B",null,"M","M","$","?","M","E","M","M","T","?","E","R","M","E","R","B"],"character_chosen":"MARISA","items_purchased":["Strength Potion","OrrerysSun"],"campfire_rested":2,"item_purchase_floors":[20,20],"current_hp_per_floor":[63,63,56,56,56,56,35,56,56,48,21,42,25,25,25,1,53,53,48,48,35,35,33,30,30,30,30,27,35,33,29,35,0,0],"gold":263,"neow_bonus":"THREE_ENEMY_KILL","is_daily":false,"chose_seed":false,"campfire_upgraded":4,"win_rate":0.0,"timestamp":1608022632,"path_taken":["M","?","?","M","M","R","E","R","T","?","E","R","E","?","R","BOSS","M","M","$","?","M","E","M","M","T","?","E","R","M","E","R","BOSS"],"items_purchased_type":["Potion","Card"],"build_version":"2020-12-13","purchased_purges":1,"victory":false,"max_hp_per_floor":[70,70,70,70,70,70,70,70,70,70,70,70,70,70,70,70,70,70,70,70,35,35,35,35,35,35,35,35,35,35,35,35,35,35],"card_choices":[{"not_picked":["OrrerysSun","SprinkleStarSeal"],"picked":"FairyDestructionRay","floor":1.0},{"not_picked":["WitchOfGreed","EnergyRecoil"],"picked":"DC","floor":4.0},{"not_picked":["LuminesStrike","WitchOfGreed"],"picked":"WitchLeyline","floor":5.0},{"not_picked":["PowerUp","DragonMeteor"],"picked":"ShootTheMoon","floor":7.0},{"not_picked":["OneTimeOff","LuminesStrike"],"picked":"StarBarrage","floor":10.0},{"not_picked":["MachineGunSpark","ShootingEcho"],"picked":"DeepEcoloBomb","floor":11.0},{"not_picked":["BinaryStars","MagicChant"],"picked":"SprinkleStarSeal","floor":13.0},{"not_picked":["AbsoluteMagnitude","FinalSpark"],"picked":"EscapeVelocity","floor":16},{"not_picked":["NonDirectionalLaser","GrandCross","PowerUp"],"picked":"SKIP","floor":18},{"not_picked":["WitchOfGreed+1","SporeBomb"],"picked":"WitchLeyline+1","floor":19},{"not_picked":["MilkyWay","AsteroidBelt+1","GrandCross"],"picked":"SKIP","floor":22},{"not_picked":["LuminesStrike","AsteroidBelt","PowerUp"],"picked":"SKIP","floor":23},{"not_picked":["DoubleSpark","AsteroidBelt+1","GalacticHalo+1"],"picked":"SKIP","floor":24},{"not_picked":["DC","DoubleSpark"],"picked":"PulseMagic","floor":25},{"not_picked":["SporeBomb","WitchOfGreed"],"picked":"DarkMatter+1","floor":28},{"not_picked":["6A","SprinkleStarSeal"],"picked":"StarlightTyphoon+1","floor":30},{"not_picked":["ManaRampage","GalacticHalo","6A"],"picked":"SKIP","floor":31}],"player_experience":1152394,"relics_obtained":[{"floor":7.0,"key":"Potion Belt"},{"floor":9.0,"key":"Whetstone"},{"floor":11.0,"key":"Akabeko"},{"floor":13.0,"key":"TungstenRod"},{"floor":23,"key":"Shuriken"},{"floor":26,"key":"Eternal Feather"},{"floor":28,"key":"Mummified Hand"},{"floor":31,"key":"HornCleat"}],"event_choices":[{"cards_removed":["Strike_MRS"],"damage_healed":0.0,"max_hp_gain":0.0,"max_hp_loss":0.0,"gold_gain":0.0,"event_name":"The Cleric","player_choice":"Card Removal","floor":2.0,"gold_loss":75.0,"damage_taken":0.0},{"cards_removed":["Defend_MRS"],"damage_healed":0.0,"max_hp_gain":0.0,"max_hp_loss":0.0,"gold_gain":0.0,"event_name":"Golden Wing","player_choice":"Card Removal","floor":3.0,"gold_loss":0.0,"damage_taken":7.0},{"damage_healed":0.0,"max_hp_gain":0.0,"max_hp_loss":0.0,"gold_gain":30.0,"event_name":"Dead Adventurer","player_choice":"Searched \u00271\u0027 times","floor":14.0,"gold_loss":0.0,"damage_taken":0.0},{"damage_healed":0,"gold_gain":0,"player_choice":"Became a Ghost","damage_taken":0,"max_hp_gain":0,"max_hp_loss":35,"event_name":"Ghosts","floor":21,"gold_loss":0,"cards_obtained":["Ghostly","Ghostly","Ghostly"]},{"damage_healed":0,"gold_gain":0,"player_choice":"Ignored","damage_taken":0,"max_hp_gain":0,"max_hp_loss":0,"event_name":"Cursed Tome","floor":27,"gold_loss":0}],"is_beta":false,"boss_relics":[{"not_picked":["Philosopher\u0027s Stone","Astrolabe"],"picked":"RampagingMagicTools"}],"items_purged_floors":[20],"is_endless":false,"potions_floor_spawned":[1,5,13,16,22,23,24,25,28],"killed_by":"Collector","ascension_level":19}}