{"host":"k5dhp0bkccqfauyu","time":1608043974,"event":{"mods":["BaseMod","Better Note","Better Skull","Better Vampires","Colored Map","Colored Powertips","DeckTracker","Minty Spire (QoL Compilation)","Permanent Neow","StSLib","SuperFastMode"],"gold_per_floor":[11,30,30,30,30,30,44,58,139,172,197,252,277,325,337,349,349],"floor_reached":16,"playtime":439,"items_purged":[],"score":294,"play_id":"c715b38d-b2c8-4e49-a51d-4eb5ed7b50ec","local_time":"20201216015254","is_ascension_mode":true,"campfire_choices":[{"data":"Dualcast","floor":6,"key":"SMITH"},{"data":"Rip and Tear","floor":15,"key":"SMITH"}],"circlet_count":0,"master_deck":["AscendersBane","Strike_B","Strike_B","Strike_B","Defend_B","Defend_B","Defend_B","Defend_B","Zap+1","Dualcast+1","Core Surge","BootSequence","Rip and Tear+1","Chill","Hologram+1","Coolheaded+1","Chill+1","Redo+1","Skim+1"],"relics":["Cracked Core","Golden Idol","Toxic Egg 2","MawBank","Bag of Marbles","Toy Ornithopter"],"acts_visited":["Exordium"],"potions_floor_usage":[10,12,14,16,16],"damage_taken":[{"damage":2,"enemies":"Jaw Worm","floor":1,"turns":3},{"damage":3,"enemies":"2 Louse","floor":2,"turns":2},{"damage":2,"enemies":"Small Slimes","floor":7,"turns":3},{"damage":2,"enemies":"Gremlin Gang","floor":8,"turns":4},{"damage":8,"enemies":"Gremlin Nob","floor":10,"turns":3},{"damage":0,"enemies":"3 Louse","floor":11,"turns":2},{"damage":0,"enemies":"3 Sentries","floor":12,"turns":8},{"damage":0,"enemies":"Exordium Thugs","floor":13,"turns":5},{"damage":5,"enemies":"Gremlin Nob","floor":14,"turns":3},{"damage":54,"enemies":"Slime Boss","floor":16,"turns":9}],"seed_played":"-6216808211265148328","potions_obtained":[{"floor":2,"key":"AttackPotion"},{"floor":8,"key":"FocusPotion"},{"floor":10,"key":"ColorlessPotion"},{"floor":12,"key":"DuplicationPotion"},{"floor":14,"key":"Strength Potion"}],"is_trial":false,"path_per_floor":["M","M","?","?","?","R","M","M","T","E","M","E","M","E","R","B"],"character_chosen":"DEFECT","items_purchased":[],"campfire_rested":0,"item_purchase_floors":[],"current_hp_per_floor":[62,59,59,59,59,59,57,55,55,47,47,47,47,42,42,0,0],"gold":349,"neow_bonus":"THREE_RARE_CARDS","is_daily":false,"chose_seed":false,"campfire_upgraded":2,"win_rate":0.0,"timestamp":1608043974,"path_taken":["M","M","?","?","?","R","?","M","T","E","M","E","M","E","R","BOSS"],"items_purchased_type":[],"build_version":"2020-12-13","purchased_purges":0,"victory":false,"max_hp_per_floor":[71,71,64,64,64,64,64,64,64,64,64,64,64,64,64,64,64],"card_choices":[{"not_picked":["Thunder Strike","Reboot"],"picked":"Core Surge","floor":0},{"not_picked":["Stack","Redo","Beam Cell"],"picked":"SKIP","floor":1},{"not_picked":["Steam Power","Melter"],"picked":"BootSequence","floor":2},{"not_picked":["Auto Shields","Leap"],"picked":"Rip and Tear","floor":7},{"not_picked":["Steam","Stack"],"picked":"Chill","floor":8},{"not_picked":["Compile Driver","Heatsinks"],"picked":"Hologram+1","floor":10},{"not_picked":["Sweeping Beam","Rebound"],"picked":"Coolheaded+1","floor":11},{"not_picked":["Sweeping Beam","Hologram+1"],"picked":"Chill+1","floor":12},{"not_picked":["Core Surge","Streamline"],"picked":"Redo+1","floor":13},{"not_picked":["Rebound","Reprogram+1"],"picked":"Skim+1","floor":14}],"player_experience":1757832,"relics_obtained":[{"floor":9,"key":"Toxic Egg 2"},{"floor":10,"key":"MawBank"},{"floor":12,"key":"Bag of Marbles"},{"floor":14,"key":"Toy Ornithopter"}],"event_choices":[{"damage_healed":0,"gold_gain":0,"player_choice":"Lose Max HP","damage_taken":0,"relics_obtained":["Golden Idol"],"max_hp_gain":0,"max_hp_loss":7,"event_name":"Golden Idol","floor":3,"gold_loss":0},{"damage_healed":0,"gold_gain":0,"player_choice":"Grow","damage_taken":0,"max_hp_gain":0,"max_hp_loss":0,"event_name":"Living Wall","floor":4,"gold_loss":0,"cards_upgraded":["Zap"]},{"cards_removed":["Strike_B"],"damage_healed":0,"gold_gain":0,"player_choice":"Purged","damage_taken":0,"max_hp_gain":0,"max_hp_loss":0,"event_name":"Purifier","floor":5,"gold_loss":0}],"is_beta":false,"boss_relics":[],"items_purged_floors":[],"is_endless":false,"potions_floor_spawned":[2,8,10,12,13,14],"killed_by":"Slime Boss","ascension_level":20}}