{"host":"uxq2rly8rxtwffuf","time":1608012728,"event":{"mods":["BaseMod","Koishi","Minty Spire (QoL Compilation)","StSLib","The Judge","The Servant 0.9.4"],"gold_per_floor":[118,134,134,153,169,169,169,3,29,42,57,91,91,101,101,174,174,194,70,84,34,47,73,73,101,101,120,135,166,166,179,179,251,251,269,269,3,19,31,64,116,116,162,179,212,212,243,20,20,20,20],"floor_reached":50,"playtime":2750,"items_purged":["Strike_S","Defend_S","Defend_S"],"score":1306,"play_id":"eec32fcb-8776-41d7-85ad-b7e007fc8448","local_time":"20201215091208","is_ascension_mode":true,"campfire_choices":[{"floor":6,"key":"REST"},{"floor":13,"key":"RECALL"},{"data":"SilverMatrix","floor":15,"key":"SMITH"},{"floor":24,"key":"REST"},{"floor":32,"key":"REST"},{"data":"Initiator","floor":42,"key":"SMITH"},{"data":"SoulSculpture","floor":49,"key":"SMITH"}],"circlet_count":0,"master_deck":["AscendersBane","Strike_S","Defend_S+1","KidneyShot","Exchange","GearUp+1","InstantArmor+1","BottledTime","Potential","Potential","ShatteredReality","SilverMatrix+1","TimeWarp","Initiator+1","Desolation+1","TimeWarp+1","Potential+1","Rearm+1","Comet","Starlight","ShatteredReality+1","Moondial+1","SoulSculpture+1","Comet","Duplication","Potential","PendulumOfEternity","TimeWarp","ShatteredReality","DualDimension","FastForward+1","ShiftingGears","BottledTime","Hightail","Starlight+1","DualDimension"],"relics":["Uniform","Nunchaku","Pen Nib","ClockworkSouvenir","Smiling Mask","PreservedInsect","Astrolabe","Bag of Marbles","Anchor","Sundial","Bird Faced Urn","StoneMask","Potion Belt","Meat on the Bone","Peace Pipe","Vajra","War Paint","Broom","Akabeko"],"acts_visited":["Exordium","TheCity","TheBeyond"],"potions_floor_usage":[16,25,33,39,41,41,44,47,47],"damage_taken":[{"damage":15,"enemies":"Jaw Worm","floor":1,"turns":6},{"damage":0,"enemies":"Cultist","floor":2,"turns":5},{"damage":0,"enemies":"Small Slimes","floor":4,"turns":3},{"damage":12,"enemies":"Exordium Thugs","floor":5,"turns":6},{"damage":0,"enemies":"Large Slime","floor":10,"turns":6},{"damage":0,"enemies":"Blue Slaver","floor":11,"turns":2},{"damage":5,"enemies":"3 Sentries","floor":12,"turns":7},{"damage":0,"enemies":"Looter","floor":14,"turns":3},{"damage":27,"enemies":"Slime Boss","floor":16,"turns":15},{"damage":10,"enemies":"Shell Parasite","floor":18,"turns":4},{"damage":0,"enemies":"Spheric Guardian","floor":20,"turns":3},{"damage":2,"enemies":"Centurion and Healer","floor":22,"turns":3},{"damage":6,"enemies":"Gremlin Leader","floor":23,"turns":4},{"damage":1,"enemies":"Book of Stabbing","floor":25,"turns":2},{"damage":12,"enemies":"Snake Plant","floor":27,"turns":4},{"damage":0,"enemies":"Snecko","floor":28,"turns":3},{"damage":0,"enemies":"Slavers","floor":29,"turns":3},{"damage":0,"enemies":"Sentry and Sphere","floor":31,"turns":3},{"damage":2,"enemies":"Champ","floor":33,"turns":7},{"damage":0,"enemies":"Orb Walker","floor":35,"turns":4},{"damage":16,"enemies":"3 Shapes","floor":38,"turns":3},{"damage":3,"enemies":"3 Darklings","floor":39,"turns":4},{"damage":18,"enemies":"Nemesis","floor":40,"turns":5},{"damage":8,"enemies":"2 Orb Walkers","floor":41,"turns":4},{"damage":3,"enemies":"Sphere and 2 Shapes","floor":44,"turns":1},{"damage":0,"enemies":"Giant Head","floor":45,"turns":6},{"damage":2,"enemies":"Reptomancer","floor":47,"turns":3},{"damage":70,"enemies":"Time Eater","floor":50,"turns":8}],"seed_played":"-7211668913181476976","potions_obtained":[{"floor":2,"key":"Energy Potion"},{"floor":10,"key":"SneckoOil"},{"floor":16,"key":"LiquidBronze"},{"floor":28,"key":"Block Potion"},{"floor":31,"key":"PowerPotion"},{"floor":35,"key":"Energy Potion"},{"floor":38,"key":"Swift Potion"},{"floor":40,"key":"SkillPotion"},{"floor":41,"key":"AttackPotion"},{"floor":44,"key":"SkillPotion"}],"is_trial":false,"path_per_floor":["M","M","?","M","M","R","?","$","T","M","M","E","R","M","R","B",null,"M","$","M","$","M","E","R","E","T","M","M","E","?","M","R","B",null,"M","?","$","M","M","E","?","R","T","M","E","?","E","$","R","B"],"character_chosen":"THE_SERVANT","items_purchased":["ClockworkSouvenir","Comet","Starlight","Potion Belt","ShatteredReality","Akabeko"],"campfire_rested":3,"item_purchase_floors":[8,19,21,37,37,48],"current_hp_per_floor":[39,39,34,34,22,40,40,40,40,40,40,35,35,35,35,8,47,37,37,37,37,35,29,47,46,46,34,34,34,34,38,56,58,60,61,61,61,54,56,45,47,47,47,53,60,60,61,61,61,0,0],"gold":20,"neow_bonus":"RANDOM_COMMON_RELIC","is_daily":false,"chose_seed":false,"campfire_upgraded":3,"win_rate":0.0,"timestamp":1608012728,"path_taken":["M","M","?","M","M","R","?","?","T","M","?","E","R","M","R","BOSS","M","$","M","$","M","E","R","E","T","M","M","E","?","M","R","BOSS","M","?","$","M","M","E","?","R","T","M","E","?","E","?","R","BOSS"],"items_purchased_type":["Relic","Card","Card","Relic","Card","Relic"],"build_version":"2020-12-13","purchased_purges":3,"victory":false,"max_hp_per_floor":[60,60,60,60,60,60,60,60,60,60,60,60,60,60,60,60,60,60,60,60,60,60,60,60,60,60,60,60,60,60,60,60,60,60,61,61,61,64,65,66,68,68,68,71,72,72,73,73,73,73,73],"card_choices":[{"not_picked":["Starlight","TimeWarp"],"picked":"GearUp","floor":1},{"not_picked":["Potential","Desolation"],"picked":"InstantArmor","floor":2},{"not_picked":["Replace","StarChef"],"picked":"BottledTime","floor":4},{"not_picked":["Moonlight","TimeWarp"],"picked":"Potential","floor":5},{"not_picked":["TimeTheft","ShatteredReality"],"picked":"Potential","floor":10},{"not_picked":["TimeTheft","InstantArmor"],"picked":"ShatteredReality","floor":11},{"not_picked":["Ricochet","BottledTime"],"picked":"SilverMatrix","floor":12},{"not_picked":["Spin","FastForward"],"picked":"TimeWarp","floor":14},{"not_picked":["KillingDoll","TrueSight"],"picked":"Initiator","floor":16},{"not_picked":["MoonPhase","Spin"],"picked":"Rearm+1","floor":18},{"not_picked":["Deadline","Sabotage"],"picked":"WasteNot","floor":20},{"not_picked":["DancingSilver","WasteNot+1"],"picked":"ShatteredReality+1","floor":22},{"not_picked":["MurderousAura","Spin"],"picked":"Moondial+1","floor":23},{"not_picked":["StarChef","Misdirection","Rewind+1"],"picked":"SKIP","floor":25},{"not_picked":["Starlight","Ricochet"],"picked":"SoulSculpture","floor":27},{"not_picked":["Contraction","Starlight"],"picked":"Comet","floor":28},{"not_picked":["DoubleEdge","ReturningBlade"],"picked":"Duplication","floor":29},{"not_picked":["Replace","Reset"],"picked":"Potential","floor":31},{"not_picked":["Sunlight","TrueSight"],"picked":"PendulumOfEternity","floor":33},{"not_picked":["Ricochet","FanOfKnives"],"picked":"TimeWarp","floor":35},{"not_picked":["TimeWarp","Alleviate"],"picked":"DualDimension","floor":38},{"not_picked":["Revamp","Unruled"],"picked":"FastForward+1","floor":39},{"not_picked":["Misdirection","Collapse"],"picked":"ShiftingGears","floor":40},{"not_picked":["FastForward+1","Unruled"],"picked":"BottledTime","floor":41},{"not_picked":["WasteNot","FanOfKnives"],"picked":"Hightail","floor":44},{"not_picked":["FlawlessForm","Collapse"],"picked":"Starlight+1","floor":45},{"not_picked":["ShatteredReality","Spin"],"picked":"DualDimension","floor":47}],"player_experience":1332312,"relics_obtained":[{"floor":9,"key":"Smiling Mask"},{"floor":12,"key":"PreservedInsect"},{"floor":23,"key":"Bag of Marbles"},{"floor":25,"key":"Anchor"},{"floor":26,"key":"Sundial"},{"floor":29,"key":"Bird Faced Urn"},{"floor":40,"key":"Meat on the Bone"},{"floor":41,"key":"Peace Pipe"},{"floor":43,"key":"Vajra"},{"floor":45,"key":"War Paint"},{"floor":47,"key":"Broom"}],"event_choices":[{"damage_healed":0,"gold_gain":0,"player_choice":"Success","damage_taken":5,"relics_obtained":["Pen Nib"],"max_hp_gain":0,"max_hp_loss":0,"event_name":"Scrap Ooze","floor":3,"gold_loss":0},{"damage_healed":0,"gold_gain":0,"player_choice":"Grow","damage_taken":0,"max_hp_gain":0,"max_hp_loss":0,"event_name":"Living Wall","floor":7,"gold_loss":0,"cards_upgraded":["InstantArmor"]},{"damage_healed":0,"gold_gain":0,"player_choice":"Ignored","damage_taken":0,"max_hp_gain":0,"max_hp_loss":0,"event_name":"Vampires","floor":30,"gold_loss":0},{"damage_healed":0,"gold_gain":0,"player_choice":"Ignored","damage_taken":0,"max_hp_gain":0,"max_hp_loss":0,"event_name":"Tomb of Lord Red Mask","floor":36,"gold_loss":0},{"damage_healed":0,"gold_gain":0,"player_choice":"Fight","damage_taken":0,"max_hp_gain":0,"max_hp_loss":0,"event_name":"Mysterious Sphere","floor":41,"gold_loss":0},{"cards_removed":["WasteNot"],"damage_healed":0,"gold_gain":0,"player_choice":"Removed Power","damage_taken":0,"max_hp_gain":0,"max_hp_loss":0,"event_name":"Falling","floor":46,"gold_loss":0}],"is_beta":false,"boss_relics":[{"not_picked":["Cursed Key","Coffee Dripper"],"picked":"Astrolabe"},{"not_picked":["Sozu","Philosopher\u0027s Stone"],"picked":"StoneMask"}],"items_purged_floors":[19,37,48],"is_endless":false,"potions_floor_spawned":[2,10,16,18,22,28,31,35,38,40,41,44],"killed_by":"Time Eater","ascension_level":19}}