{"host":"i1h39d0gfh5c6uxl","time":1608056327,"event":{"mods":["AchievementEnabler","BaseMod","Colored Map","Colored Powertips","Highlight Path","Minty Spire (QoL Compilation)"],"gold_per_floor":[111,111,68,86,96,126,126,126,126,51,63,102,27,51,51,134,134,134,134,134,134,134,134,134,134,134],"floor_reached":25,"playtime":1339,"items_purged":["Strike_R"],"score":466,"play_id":"66983836-60cb-499c-9477-5bdcf46f3c06","local_time":"20201216021847","is_ascension_mode":true,"campfire_choices":[{"floor":15,"key":"REST"},{"floor":24,"key":"REST"}],"circlet_count":0,"master_deck":["AscendersBane","Strike_R","Strike_R","Strike_R","Strike_R","Defend_R","Defend_R","Defend_R","Defend_R","Bash+1","Flame Barrier","Cleave","Double Tap","Armaments","Feed","Battle Trance","Limit Break","Anger+1","Clothesline","Pommel Strike","Bludgeon"],"relics":["Burning Blood","Champion Belt","HornCleat","CeramicFish","Blue Candle","Ectoplasm","Shovel"],"acts_visited":["Exordium","TheCity"],"potions_floor_usage":[12,16,19,20,25],"damage_taken":[{"damage":9.0,"enemies":"2 Louse","floor":1.0,"turns":3.0},{"damage":11.0,"enemies":"Small Slimes","floor":4.0,"turns":4.0},{"damage":7.0,"enemies":"Jaw Worm","floor":5.0,"turns":4.0},{"damage":35.0,"enemies":"3 Sentries","floor":6.0,"turns":9.0},{"damage":8,"enemies":"Looter","floor":11,"turns":3},{"damage":18,"enemies":"Gremlin Nob","floor":12,"turns":4},{"damage":2,"enemies":"Lots of Slimes","floor":14,"turns":5},{"damage":47,"enemies":"The Guardian","floor":16,"turns":17},{"damage":37,"enemies":"3 Byrds","floor":18,"turns":6},{"damage":0,"enemies":"Shell Parasite","floor":20,"turns":5},{"damage":18,"enemies":"Chosen and Byrds","floor":21,"turns":7},{"damage":7,"enemies":"Centurion and Healer","floor":22,"turns":8},{"damage":39,"enemies":"Book of Stabbing","floor":23,"turns":6},{"damage":31,"enemies":"Gremlin Leader","floor":25,"turns":6}],"seed_played":"4293129290055212125","potions_obtained":[{"floor":5.0,"key":"Energy Potion"},{"floor":6.0,"key":"DuplicationPotion"},{"floor":14,"key":"SpeedPotion"},{"floor":19,"key":"BloodPotion"},{"floor":19,"key":"Swift Potion"},{"floor":23,"key":"Explosive Potion"}],"is_trial":false,"path_per_floor":["M","?","?","M","M","E","?","?","T","?","M","E","$","M","R","B",null,"M","?","M","M","M","E","R","E"],"character_chosen":"IRONCLAD","items_purchased":[],"campfire_rested":2,"item_purchase_floors":[],"current_hp_per_floor":[65,65,65,60,59,30,30,47,47,47,45,33,33,40,60,23,60,32,47,53,41,40,7,29,0,0],"gold":134,"neow_bonus":"ONE_RARE_RELIC","is_daily":false,"chose_seed":false,"campfire_upgraded":0,"win_rate":0.0,"timestamp":1608056327,"path_taken":["M","?","?","M","M","E","?","?","T","?","?","E","$","M","R","BOSS","M","?","?","M","?","E","R","E"],"items_purchased_type":[],"build_version":"2020-12-13","purchased_purges":1,"victory":false,"max_hp_per_floor":[68,68,68,68,68,68,68,68,68,65,65,65,65,68,68,72,72,75,75,75,75,75,75,75,75,75],"card_choices":[{"not_picked":["Perfected Strike","Clothesline"],"picked":"Flame Barrier","floor":1.0},{"not_picked":["True Grit","Perfected Strike"],"picked":"Cleave","floor":4.0},{"not_picked":["Combust","Infernal Blade"],"picked":"Double Tap","floor":5.0},{"not_picked":["Warcry","Havoc"],"picked":"Armaments","floor":6.0},{"not_picked":["Wild Strike","Bloodletting","Whirlwind"],"picked":"SKIP","floor":11},{"not_picked":["Havoc","Fire Breathing"],"picked":"Feed","floor":12},{"not_picked":["Body Slam","Flex"],"picked":"Battle Trance","floor":14},{"not_picked":["Brutality","Berserk"],"picked":"Limit Break","floor":16},{"not_picked":["Evolve","Intimidate","Clash+1"],"picked":"SKIP","floor":18},{"not_picked":["Clothesline","Armaments"],"picked":"Anger+1","floor":20},{"not_picked":["Anger","True Grit"],"picked":"Clothesline","floor":21},{"not_picked":["Sentinel","Clothesline"],"picked":"Pommel Strike","floor":22},{"not_picked":["Sword Boomerang","Rage+1"],"picked":"Bludgeon","floor":23}],"player_experience":1270525,"relics_obtained":[{"floor":6.0,"key":"HornCleat"},{"floor":9,"key":"CeramicFish"},{"floor":12,"key":"Blue Candle"},{"floor":23,"key":"Shovel"}],"event_choices":[{"damage_healed":0.0,"max_hp_gain":0.0,"max_hp_loss":0.0,"gold_gain":0.0,"event_name":"Living Wall","player_choice":"Grow","floor":2.0,"gold_loss":0.0,"damage_taken":0.0,"cards_upgraded":["Bash"]},{"damage_healed":0.0,"max_hp_gain":0.0,"max_hp_loss":0.0,"gold_gain":0.0,"event_name":"World of Goop","player_choice":"Left Gold","floor":3.0,"gold_loss":43.0,"damage_taken":0.0},{"damage_healed":0,"gold_gain":0,"player_choice":"Searched \u00270\u0027 times","damage_taken":0,"max_hp_gain":0,"max_hp_loss":0,"event_name":"Dead Adventurer","floor":7,"gold_loss":0},{"damage_healed":17,"gold_gain":0,"player_choice":"Healed and dodged fight","damage_taken":0,"max_hp_gain":0,"max_hp_loss":0,"event_name":"Mushrooms","floor":8,"gold_loss":0,"cards_obtained":["Parasite"]},{"cards_removed":["Parasite"],"damage_healed":0,"gold_gain":0,"player_choice":"Card Removal","damage_taken":0,"max_hp_gain":0,"max_hp_loss":0,"event_name":"The Cleric","floor":10,"gold_loss":75},{"damage_healed":0,"gold_gain":0,"player_choice":"Got Potions","damage_taken":0,"max_hp_gain":0,"max_hp_loss":0,"event_name":"Lab","floor":19,"gold_loss":0}],"is_beta":false,"boss_relics":[{"not_picked":["Pandora\u0027s Box","Runic Pyramid"],"picked":"Ectoplasm"}],"items_purged_floors":[13],"is_endless":false,"potions_floor_spawned":[5,6,14,23],"killed_by":"Gremlin Leader","ascension_level":20}}