{"host":"mvq3y0vr4azttkc6","time":1608065936,"event":{"mods":["BaseMod","Colored Powertips","Minty Spire (QoL Compilation)","Replay The Spire","StSLib"],"gold_per_floor":[118,138,138,138,55,88,101,101,101,77,0,30,30,41,41,140,140,140],"floor_reached":17,"playtime":728,"items_purged":[],"score":197,"play_id":"417be9af-c36e-4405-92ed-b621da7ab794","local_time":"20201215235856","is_ascension_mode":true,"campfire_choices":[{"data":"Seeing Red","floor":8,"key":"SMITH"},{"data":"Clash","floor":13,"key":"SMITH"},{"data":"Flame Barrier","floor":15,"key":"SMITH"}],"circlet_count":0,"master_deck":["Strike_R","Strike_R","Strike_R","Strike_R","Defend_R","Defend_R","Defend_R","Defend_R","Bash","Pommel Strike","Clash","Dropkick","Seeing Red+1","Iron Wave","Clash+1","Flame Barrier","ReplayTheSpireMod:IOU","ReplayTheSpireMod:IOU","Flame Barrier+1","Metallicize","Clash","Offering"],"relics":["Burning Blood","NeowsBlessing","Matryoshka","Replay:Bottled Flurry","Tiny Chest","Replay:Wax Seal","ClockworkSouvenir","Electric Blood"],"acts_visited":["Exordium","TheCity"],"potions_floor_usage":[14,16],"damage_taken":[{"damage":0,"enemies":"2 Louse","floor":1,"turns":1},{"damage":0,"enemies":"Jaw Worm","floor":2,"turns":1},{"damage":0,"enemies":"Replay:BlueRogue","floor":6,"turns":1},{"damage":0,"enemies":"Cultist","floor":7,"turns":2},{"damage":9,"enemies":"Lagavulin","floor":12,"turns":5},{"damage":15,"enemies":"Exordium Thugs","floor":14,"turns":5},{"damage":36,"enemies":"Hexaghost","floor":16,"turns":11}],"seed_played":"1091206368872001618","potions_obtained":[{"floor":6,"key":"SkillPotion"},{"floor":7,"key":"AttackPotion"},{"floor":12,"key":"Ancient Potion"}],"is_trial":false,"path_per_floor":["M","M","?","T","$","E","M","R","T","$","$","E","R","M","R","B",null],"character_chosen":"IRONCLAD","items_purchased":["Seeing Red","Iron Wave","Flame Barrier","ClockworkSouvenir","Flame Barrier"],"campfire_rested":0,"item_purchase_floors":[5,5,10,10,11],"current_hp_per_floor":[80,80,80,80,80,80,80,80,80,80,80,77,77,68,68,38,80,80],"gold":140,"neow_bonus":"THREE_ENEMY_KILL","is_daily":false,"chose_seed":false,"campfire_upgraded":3,"win_rate":0.0,"timestamp":1608065936,"path_taken":["M","M","?","?","$","E","M","R","T","?","$","E","R","M","R","BOSS"],"items_purchased_type":["Card","Card","Card","Relic","Card"],"build_version":"2020-12-13","purchased_purges":0,"victory":false,"max_hp_per_floor":[80,80,80,80,80,80,80,80,80,80,80,80,80,80,80,80,80,80],"card_choices":[{"not_picked":["Thunderclap","Pummel"],"picked":"Pommel Strike","floor":1},{"not_picked":["Warcry","ReplayTheSpireMod:Muscle Training"],"picked":"Clash","floor":2},{"not_picked":["Massacre","Clothesline","Thunderclap"],"picked":"SKIP","floor":6},{"not_picked":["Shrug It Off","Cleave"],"picked":"Clash","floor":7},{"not_picked":["Thunderclap","Eclipse"],"picked":"Metallicize","floor":12},{"not_picked":["Shockwave","Cleave"],"picked":"Clash","floor":14},{"not_picked":["Eclipse","Demonic Infusion"],"picked":"Offering","floor":16}],"player_experience":66465,"relics_obtained":[{"floor":4,"key":"Matryoshka"},{"floor":6,"key":"Replay:Bottled Flurry"},{"floor":9,"key":"Tiny Chest"},{"floor":9,"key":"Replay:Wax Seal"}],"event_choices":[{"damage_healed":0,"gold_gain":0,"cards_transformed":["Strike_R"],"player_choice":"Change","damage_taken":0,"max_hp_gain":0,"max_hp_loss":0,"event_name":"Living Wall","floor":3,"gold_loss":0,"cards_obtained":["Dropkick"]}],"is_beta":false,"boss_relics":[{"not_picked":["Busted Crown","Black Star"],"picked":"Electric Blood"}],"items_purged_floors":[],"is_endless":false,"potions_floor_spawned":[6,7,12],"ascension_level":1}}