{"host":"cz3p2o9n3b1gdmkz","time":1608017063,"event":{"mods":["AchievementEnabler","BaseMod","CapriCore","GungeonMod","Hermit","Lobotomy","Minty Spire (QoL Compilation)","Replay The Spire","Shop Mod","StSLib","SuperFastMode","The Cursed","The Dragon Tamer","The Gatherer","The Jungle","The Poker Player","The Runesmith"],"gold_per_floor":[111,111,121,67,67,67,67,67,94,156,210,242,242,242,242,260,260,360,360,372,372,372,297,311,341,359,388,400,439,471,512,538,565,577,684,696,724,736,748,775,787,832,858,870,882,910,922,934,963,990,1002,1014,1026,1038,1050,416,446,446],"floor_reached":59,"playtime":3151,"items_purged":[],"score":1461,"play_id":"81bd7c0b-b681-43e3-999a-1c9bca14727c","local_time":"20201215162423","is_ascension_mode":true,"metric_token":1117,"campfire_choices":[{"data":"Gatherer:Centralize","floor":8.0,"key":"SMITH"},{"data":"Gatherer:FlowerWhip","floor":13.0,"key":"SMITH"},{"floor":17.0,"key":"DIG"},{"data":"Gatherer:StoneFence","floor":34,"key":"SMITH"},{"floor":44,"key":"RECALL"},{"data":"Gatherer:FlowerShield+1","floor":48,"key":"SMITH"},{"data":"Gatherer:FlowerShield+2","floor":51,"key":"SMITH"},{"data":"Madness","floor":55,"key":"SMITH"}],"circlet_count":0,"master_deck":["Gatherer:Strike_Gatherer","Gatherer:Strike_Gatherer","Gatherer:Defend_Gatherer","Gatherer:Defend_Gatherer","Gatherer:Defend_Gatherer","Gatherer:Defend_Gatherer","Gatherer:Centralize+1","Gatherer:FlowerWhip+3","Gatherer:VenomBarrier","Gatherer:FlowerShield+3","Gatherer:Uplift+1","Gatherer:Pollute","Gatherer:PotentialSlash","Gatherer:RottenStipe","Gatherer:BlackTea","Gatherer:Nutrients+1","Gatherer:StoneFence+1","Gatherer:BigPouch+1","Gatherer:StoneFence","Gatherer:FinishingStrike+1","Gatherer:Frenzy+1","Gatherer:FinishingStrike+1","Madness+1","Madness","Gatherer:TreeGrowth+1","Parasite","Gatherer:TreeGrowth+1","Master of Strategy","ReplayTheSpireMod:Uncanny Aura","Gatherer:BigPouch","Gatherer:BalancedGrowth+1"],"relics":["Gatherer:AlchemyBag","DemoMod:GreenGuonStone","Replay:Mystery Machine","Mummified Hand","Lantern","HornCleat","Art of War","DemoMod:RiddleOfLead","Matryoshka","MawBank","Orichalcum","Thread and Needle","Happy Flower","Red Mask","Astrolabe","DemoMod:Metronome","Darkstone Periapt","Gremlin Food","Membership Card","Blue Candle","Replay:Bottled Snecko","MerchantsRug","ReplayTheSpireMod:TigerMarble"],"acts_visited":["Exordium","TheCity","TheBeyond","TheEnding"],"potions_floor_usage":[58,58,58],"damage_taken":[{"damage":0.0,"enemies":"Cultist","floor":1.0,"turns":4.0},{"damage":0.0,"enemies":"2 Louse","floor":3.0,"turns":3.0},{"damage":38.0,"enemies":"Gremlin Nob","floor":9.0,"turns":6.0},{"damage":3.0,"enemies":"3 Sentries","floor":10.0,"turns":8.0},{"damage":1.0,"enemies":"3 Sentries","floor":12.0,"turns":4.0},{"damage":0.0,"enemies":"Jaw Worm","floor":16.0,"turns":1.0},{"damage":33.0,"enemies":"Fading Forest","floor":18.0,"turns":11.0},{"damage":0.0,"enemies":"3 Byrds","floor":20.0,"turns":4.0},{"damage":0.0,"enemies":"Chosen","floor":24.0,"turns":3.0},{"damage":6.0,"enemies":"Book of Stabbing","floor":25.0,"turns":5.0},{"damage":0.0,"enemies":"Snake Plant","floor":26.0,"turns":2.0},{"damage":0.0,"enemies":"Slavers","floor":27.0,"turns":4.0},{"damage":0.0,"enemies":"Gremlin Leader","floor":29.0,"turns":8.0},{"damage":15.0,"enemies":"Cultist and Chosen","floor":30.0,"turns":6.0},{"damage":0,"enemies":"Masked Bandits","floor":31,"turns":4},{"damage":0,"enemies":"Snecko","floor":32,"turns":3},{"damage":0,"enemies":"Centurion and Healer","floor":33,"turns":2},{"damage":11,"enemies":"Automaton","floor":35,"turns":8},{"damage":0,"enemies":"3 Shapes","floor":37,"turns":3},{"damage":0,"enemies":"Orb Walker","floor":40,"turns":3},{"damage":1,"enemies":"R_Hoarder","floor":42,"turns":5},{"damage":0,"enemies":"Writhing Mass","floor":43,"turns":5},{"damage":0,"enemies":"Spire Growth","floor":46,"turns":3},{"damage":0,"enemies":"Maw","floor":49,"turns":4},{"damage":0,"enemies":"4 Shapes","floor":50,"turns":5},{"damage":62,"enemies":"Time Eater","floor":52,"turns":13},{"damage":0,"enemies":"Shield and Spear","floor":57,"turns":5},{"damage":146,"enemies":"The Heart","floor":58,"turns":12}],"seed_played":"4432943059988989443","potions_obtained":[{"floor":3.0,"key":"SteroidPotion"},{"floor":12.0,"key":"ColorlessPotion"},{"floor":16.0,"key":"Fire Potion"},{"floor":18.0,"key":"DuplicationPotion"},{"floor":29.0,"key":"AttackPotion"},{"floor":30.0,"key":"Energy Potion"},{"floor":49,"key":"Regen Potion"}],"is_trial":false,"path_per_floor":["M","?","M","$","?","PTL","PTL","R","E","?","T","E","R","$","?","M","R","B",null,"M","$","?","?","M","E","M","E","T","E","M","?","M","M","R","B",null,"M","$","?","M","?","E","M","R","T","M","?","R","M","M","R","B",null,null,"R","$","E","B",null],"character_chosen":"THE_GATHERER","items_purchased":["Gatherer:Uplift+1","Membership Card","Blue Candle","Replay:Bottled Snecko","Master of Strategy","ReplayTheSpireMod:Uncanny Aura","Gatherer:BigPouch","MerchantsRug"],"campfire_rested":0,"item_purchase_floors":[4,56,56,56,56,56,56,56],"current_hp_per_floor":[72,72,72,72,72,72,72,72,40,37,37,36,36,36,36,36,36,25,82,82,82,82,82,82,76,76,76,76,76,61,61,61,61,61,50,82,82,82,72,72,72,71,77,77,77,77,77,77,77,77,77,27,27,88,88,88,88,10],"gold":446,"neow_bonus":"ONE_RARE_RELIC","is_daily":false,"chose_seed":false,"campfire_upgraded":6,"win_rate":0.0,"timestamp":1608017063,"path_taken":["M","?","?","$","?","PTL","PTL","R","E","?","T","E","R","?","?","?","R","BOSS","M","?","?","?","?","E","M","E","T","E","M","?","M","M","R","BOSS","M","$","?","M","?","E","?","R","T","?","?","R","M","M","R","BOSS","R","$","E","BOSS"],"items_purchased_type":["Card","Relic","Relic","Relic","Card","Card","Card","Relic"],"build_version":"2020-12-13","purchased_purges":0,"victory":true,"max_hp_per_floor":[72,72,72,72,72,72,72,72,72,72,72,72,72,72,72,72,72,72,82,82,82,82,82,82,82,82,82,82,82,82,82,82,82,82,82,82,82,82,82,82,82,82,88,88,88,88,88,88,88,88,88,88,88,88,88,88,88,88],"card_choices":[{"not_picked":["Gatherer:BalancedGrowth","Gatherer:ScrollOfWall"],"picked":"Gatherer:VenomBarrier","floor":1.0},{"not_picked":["Gatherer:CollectorsShot","Gatherer:Duality"],"picked":"Gatherer:FlowerShield","floor":3.0},{"not_picked":["Gatherer:EchoOfNature","Gatherer:BambuSword"],"picked":"Gatherer:Pollute","floor":9.0},{"not_picked":["Gatherer:Duality","Gatherer:Polymorphism"],"picked":"Gatherer:PotentialSlash","floor":10.0},{"not_picked":["Gatherer:TacticalStrike","Gatherer:FlowerShield","Gatherer:DrugPower"],"picked":"SKIP","floor":12.0},{"not_picked":["Gatherer:AromaProtection","Gatherer:RecipeChange"],"picked":"Gatherer:RottenStipe","floor":16.0},{"not_picked":["Gatherer:MindSearch","Gatherer:CursedBlade"],"picked":"Gatherer:BlackTea","floor":18.0},{"not_picked":["Gatherer:SaveValuables","Gatherer:RecipeChange","Gatherer:Liquidism"],"picked":"SKIP","floor":20.0},{"not_picked":["Gatherer:Herbalism+1","Gatherer:Duality+1"],"picked":"Gatherer:Nutrients+1","floor":24.0},{"not_picked":["Gatherer:RecoveryHerb","Gatherer:Duplicator","Gatherer:QuickSynthesis"],"picked":"SKIP","floor":25.0},{"not_picked":["Gatherer:WoolGloves","Gatherer:Enchant","Gatherer:GlowingPlant"],"picked":"SKIP","floor":26.0},{"not_picked":["Gatherer:UpgradeBag","Gatherer:ScherryThrow+1"],"picked":"Gatherer:CollectorsShot+1","floor":27.0},{"not_picked":["Gatherer:Frenzy","Gatherer:FlowerPower+1","Gatherer:QuickSynthesis"],"picked":"SKIP","floor":29.0},{"not_picked":["Gatherer:WoolGloves","Gatherer:EchoOfNature","Gatherer:VenomBarrier+1"],"picked":"SKIP","floor":30.0},{"not_picked":["Gatherer:TacticalStrike","Gatherer:Herbalism+1"],"picked":"Gatherer:StoneFence","floor":32},{"not_picked":["Gatherer:VenomBarrier","Gatherer:QuickSynthesis+1"],"picked":"Gatherer:BigPouch+1","floor":33},{"not_picked":["Gatherer:HeartToFruit","Gatherer:MindSearch"],"picked":"Gatherer:StoneFence","floor":35},{"not_picked":["Gatherer:FlowerPower+1","Gatherer:EnergyBasket+1","Gatherer:SaveValuables+1"],"picked":"SKIP","floor":37},{"not_picked":["Gatherer:Snatch+1","Gatherer:BambuSword+1"],"picked":"Gatherer:TreeGrowth+1","floor":40},{"not_picked":["Gatherer:Duality+1","Gatherer:ScherryThrow","Gatherer:SealedBomb"],"picked":"SKIP","floor":42},{"not_picked":["Gatherer:FinishingStrike","Gatherer:WoolGloves+1","Gatherer:EnergyBasket"],"picked":"SKIP","floor":43},{"not_picked":["Gatherer:CollectorsShot","Gatherer:TacticalStrike","Gatherer:CarefulStrike"],"picked":"SKIP","floor":46},{"not_picked":["Gatherer:EnergyBasket+1","Gatherer:ScentOfRosmari"],"picked":"Gatherer:TreeGrowth+1","floor":49},{"not_picked":["Gatherer:MindSearch","Gatherer:PotentialSlash","Gatherer:Herbalism+1"],"picked":"SKIP","floor":50},{"not_picked":["Gatherer:Solidify","Gatherer:SealedBomb+1"],"picked":"Gatherer:BalancedGrowth+1","floor":57}],"player_experience":950272,"relics_obtained":[{"floor":9.0,"key":"Replay:Mystery Machine"},{"floor":10.0,"key":"Mummified Hand"},{"floor":11.0,"key":"Lantern"},{"floor":12.0,"key":"HornCleat"},{"floor":17.0,"key":"Art of War"},{"floor":25.0,"key":"Matryoshka"},{"floor":27.0,"key":"MawBank"},{"floor":28.0,"key":"Orichalcum"},{"floor":28.0,"key":"Thread and Needle"},{"floor":29.0,"key":"Happy Flower"},{"floor":31,"key":"Red Mask"},{"floor":42,"key":"Darkstone Periapt"},{"floor":45,"key":"Gremlin Food"},{"floor":57,"key":"ReplayTheSpireMod:TigerMarble"}],"event_choices":[{"cards_removed":["Shame"],"damage_healed":0.0,"max_hp_gain":0.0,"max_hp_loss":0.0,"gold_gain":0.0,"event_name":"Wheel of Change","player_choice":"Card Removal","floor":2.0,"gold_loss":0.0,"damage_taken":0.0},{"damage_healed":0.0,"max_hp_gain":0.0,"max_hp_loss":0.0,"gold_gain":0.0,"event_name":"Liars Game","player_choice":"Ignored","floor":5.0,"gold_loss":0.0,"damage_taken":0.0},{"damage_healed":0.0,"max_hp_gain":0.0,"max_hp_loss":0.0,"gold_gain":0.0,"event_name":"Dead Adventurer","player_choice":"Searched \u00271\u0027 times","floor":10.0,"gold_loss":0.0,"damage_taken":0.0},{"damage_healed":0.0,"max_hp_gain":0.0,"max_hp_loss":0.0,"gold_gain":0.0,"event_name":"Living Wall","player_choice":"Grow","floor":15.0,"gold_loss":0.0,"damage_taken":0.0,"cards_upgraded":["Gatherer:FlowerWhip"]},{"damage_healed":0.0,"max_hp_gain":0.0,"max_hp_loss":0.0,"gold_gain":0.0,"event_name":"Vampires","player_choice":"Ignored","floor":22.0,"gold_loss":0.0,"damage_taken":0.0},{"cards_removed":["Gatherer:Strike_Gatherer"],"damage_healed":0.0,"max_hp_gain":0.0,"max_hp_loss":0.0,"gold_gain":0.0,"event_name":"Beggar","player_choice":"Gave Gold","floor":23.0,"gold_loss":75.0,"damage_taken":0.0},{"damage_healed":0,"gold_gain":0,"player_choice":"Fought Bandits","damage_taken":0,"max_hp_gain":0,"max_hp_loss":0,"event_name":"Masked Bandits","floor":31,"gold_loss":0},{"damage_healed":0,"gold_gain":0,"player_choice":"Embrace Madness","damage_taken":10,"max_hp_gain":0,"max_hp_loss":0,"event_name":"Winding Halls","floor":39,"gold_loss":0,"cards_obtained":["Madness","Madness"]},{"damage_healed":0,"gold_gain":0,"player_choice":"Gave Potion","damage_taken":0,"relics_obtained":["DemoMod:Metronome"],"max_hp_gain":0,"max_hp_loss":0,"event_name":"WeMeetAgain","floor":41,"gold_loss":0},{"cards_removed":["Gatherer:CollectorsShot"],"damage_healed":0,"gold_gain":0,"player_choice":"Removed Attack","damage_taken":0,"max_hp_gain":0,"max_hp_loss":0,"event_name":"Falling","floor":47,"gold_loss":0}],"is_beta":false,"boss_relics":[{"not_picked":["Replay:Ancient Bell","Sozu"],"picked":"DemoMod:RiddleOfLead"},{"not_picked":["Replay:Fungal Core","Black Star"],"picked":"Astrolabe"}],"items_purged_floors":[],"is_endless":false,"potions_floor_spawned":[3,12,16,18,24,26,29,30,35,37,40,49,50],"ascension_level":2}}