{"host":"Sumable","time":1608017206,"event":{"mods":["AchievementEnabler","BaseMod","Better Note","BetterRewards","Googly Eyes","Hermit","Minty Spire (QoL Compilation)","Quick Restart","Shop Mod","StSLib","The Cursed","everything is the same but u backflip on backflip","slay the spire mod where everything is the same but ironclad has a cowboy hat"],"gold_per_floor":[15,31,31,31,31,31,62,62,137,170,170,170,170],"floor_reached":12,"playtime":2653,"items_purged":[],"score":134,"play_id":"b8c702bc-3e5f-4a9b-9dee-1ecebfa272e4","local_time":"20201215002646","is_ascension_mode":true,"campfire_choices":[{"floor":6,"key":"REST"}],"circlet_count":0,"master_deck":["AscendersBane","Strike_R","Strike_R","Strike_R","Strike_R","Strike_R","Defend_R","Defend_R","Defend_R","Defend_R","Bash","Cleave","Flex","Feed","Flex"],"relics":["Burning Blood","Unceasing Top","Golden Idol","Red Skull","InkBottle","Magic Flower","Omamori"],"acts_visited":["Exordium"],"potions_floor_usage":[7,10],"damage_taken":[{"damage":11,"enemies":"Jaw Worm","floor":1,"turns":4},{"damage":8,"enemies":"Small Slimes","floor":2,"turns":3},{"damage":40,"enemies":"3 Sentries","floor":7,"turns":6},{"damage":40,"enemies":"Gremlin Nob","floor":10,"turns":4},{"damage":30,"enemies":"Lagavulin","floor":12,"turns":4}],"seed_played":"1297267011820590784","potions_obtained":[{"floor":2,"key":"PowerPotion"},{"floor":7,"key":"AttackPotion"},{"floor":10,"key":"BlessingOfTheForge"}],"is_trial":false,"path_per_floor":["M","M","?","$","?","R","E","$","T","E","?","E"],"character_chosen":"IRONCLAD","items_purchased":[],"campfire_rested":1,"item_purchase_floors":[],"current_hp_per_floor":[67,65,65,65,65,80,46,46,46,12,12,0,0],"gold":170,"neow_bonus":"ONE_RARE_RELIC","is_daily":false,"chose_seed":false,"campfire_upgraded":0,"win_rate":0.0,"timestamp":1608017206,"path_taken":["M","M","?","$","?","R","E","?","T","E","?","E"],"items_purchased_type":[],"build_version":"2020-12-07","purchased_purges":0,"victory":false,"max_hp_per_floor":[80,80,80,80,80,80,80,80,80,80,80,80,80],"card_choices":[{"not_picked":["Clash","Feel No Pain"],"picked":"Cleave","floor":1},{"not_picked":["Combust","Perfected Strike"],"picked":"Flex","floor":2},{"not_picked":["Shrug It Off","Warcry"],"picked":"Feed","floor":7},{"not_picked":["Entrench","Twin Strike"],"picked":"Flex","floor":10}],"player_experience":975706,"relics_obtained":[{"floor":7,"key":"Red Skull"},{"floor":9,"key":"InkBottle"},{"floor":10,"key":"Magic Flower"}],"event_choices":[{"damage_healed":0,"gold_gain":0,"player_choice":"Take Wound","damage_taken":0,"relics_obtained":["Golden Idol"],"max_hp_gain":0,"max_hp_loss":0,"event_name":"Golden Idol","floor":3,"gold_loss":0,"cards_obtained":["Injury"]},{"cards_removed":["Injury"],"damage_healed":0,"gold_gain":0,"player_choice":"Forget","damage_taken":0,"max_hp_gain":0,"max_hp_loss":0,"event_name":"Living Wall","floor":5,"gold_loss":0},{"damage_healed":0,"gold_gain":0,"player_choice":"Gave Potion","damage_taken":0,"relics_obtained":["Omamori"],"max_hp_gain":0,"max_hp_loss":0,"event_name":"WeMeetAgain","floor":11,"gold_loss":0}],"is_beta":true,"boss_relics":[],"items_purged_floors":[],"is_endless":false,"potions_floor_spawned":[2,7,10],"killed_by":"Lagavulin","ascension_level":12}}