{"host":"nox","time":1608003751,"event":{"mods":["BaseMod","Colored Powertips","Minty Spire (QoL Compilation)","Quick Restart","Replay The Spire","StSLib"],"gold_per_floor":[113,38,58,58,76,76,91,120,120,140,140,170,189,208,208,208,208],"floor_reached":16,"playtime":463,"items_purged":["Strike_B"],"score":162,"play_id":"f94ba34a-4be3-41d3-99ac-0e679da6a21c","local_time":"20201215104231","is_ascension_mode":true,"campfire_choices":[{"data":"BasicCrystalCard","floor":6.0,"key":"SMITH"},{"data":"BasicCrystalCard","floor":11.0,"key":"SMITH"},{"floor":15.0,"key":"DIG"}],"circlet_count":0,"master_deck":["Strike_B","Strike_B","Strike_B","Defend_B","Defend_B","Defend_B","Zap","Dualcast","Crystallizer","BasicCrystalCard+1","Crystallizer","ReplayTheSpireMod:GoodbyeWorld","BasicCrystalCard+1","Seek","Defragment"],"relics":["Cracked Core","Meat on the Bone","Replay:Ringing Soul","Cables","Singing Bowl"],"acts_visited":["Exordium"],"potions_floor_usage":[],"damage_taken":[{"damage":7.0,"enemies":"Small Slimes","floor":1.0,"turns":3.0},{"damage":1.0,"enemies":"Cultist","floor":3.0,"turns":3.0},{"damage":7.0,"enemies":"2 Louse","floor":5.0,"turns":3.0},{"damage":6.0,"enemies":"Exordium Thugs","floor":7.0,"turns":4.0},{"damage":20.0,"enemies":"Gremlin Nob","floor":8.0,"turns":4.0},{"damage":4.0,"enemies":"3 Louse","floor":10.0,"turns":3.0},{"damage":35.0,"enemies":"3 Sentries","floor":12.0,"turns":5.0},{"damage":7.0,"enemies":"Looter","floor":13.0,"turns":3.0},{"damage":32.0,"enemies":"Exordium Thugs","floor":14.0,"turns":3.0},{"damage":21,"enemies":"The Guardian","floor":16,"turns":5}],"seed_played":"2755016510112597337","potions_obtained":[{"floor":1.0,"key":"Elixir"},{"floor":5.0,"key":"EssenceOfSteel"},{"floor":7.0,"key":"Swift Potion"}],"is_trial":false,"path_per_floor":["M","$","M","?","M","R","M","E","T","M","R","E","M","M","R","B"],"character_chosen":"DEFECT","items_purchased":[],"campfire_rested":0,"item_purchase_floors":[],"current_hp_per_floor":[75,75,74,74,67,67,61,41,41,52,52,32,40,20,20,0,0],"gold":208,"neow_bonus":"TEN_PERCENT_HP_BONUS","is_daily":false,"chose_seed":false,"campfire_upgraded":2,"win_rate":0.0,"timestamp":1608003751,"path_taken":["M","$","M","?","M","R","M","E","T","M","R","E","M","M","R","BOSS"],"items_purchased_type":[],"build_version":"2020-11-17","purchased_purges":1,"victory":false,"max_hp_per_floor":[82,82,82,82,82,82,82,82,82,85,85,88,91,91,91,91,91],"card_choices":[{"not_picked":["Fusion","Beam Cell","Go for the Eyes"],"picked":"SKIP","floor":1.0},{"not_picked":["Double Energy","Scrape"],"picked":"Crystallizer","floor":3.0},{"not_picked":["Conserve Battery","Rebound"],"picked":"BasicCrystalCard","floor":5.0},{"not_picked":["Go for the Eyes","Chill"],"picked":"Crystallizer","floor":7.0},{"not_picked":["Rip and Tear","Go for the Eyes"],"picked":"ReplayTheSpireMod:GoodbyeWorld","floor":8.0},{"not_picked":["Cold Snap","Go for the Eyes"],"picked":"BasicCrystalCard","floor":10.0},{"not_picked":["Go for the Eyes","Auto Shields"],"picked":"Seek","floor":12.0},{"not_picked":["Stack","Go for the Eyes"],"picked":"Defragment","floor":13.0},{"not_picked":["Gash","Fusion","Go for the Eyes"],"picked":"SKIP","floor":14.0}],"player_experience":107194,"relics_obtained":[{"floor":8.0,"key":"Meat on the Bone"},{"floor":9.0,"key":"Replay:Ringing Soul"},{"floor":12.0,"key":"Cables"},{"floor":15.0,"key":"Singing Bowl"}],"event_choices":[],"is_beta":true,"boss_relics":[],"items_purged_floors":[2],"is_endless":false,"potions_floor_spawned":[1,5,7],"killed_by":"The Guardian","ascension_level":4}}