{"host":"sxnl403xm2xmiyj1","time":1608049070,"event":{"mods":["AchievementEnabler","BaseMod","Colored Map","Keyboard Shortcuts","Minty Spire (QoL Compilation)","Quick Restart","StSLib","SuperFastMode"],"gold_per_floor":[18,36,51,51,26,26,67,81,108,108,147,172,213,237,237,366,366,385,385,401,425,7,40,40,64,64,64,13,13,23,52,52,152,152,170,190,208,226,243,243,277,277,277,287,61,95,95,112,112,112,112,112,1,28,28,28],"floor_reached":55,"playtime":1416,"items_purged":["Defend_G","Defend_G"],"score":866,"play_id":"6e8372df-7368-4653-9130-a58ef4f1e303","local_time":"20201216011750","is_ascension_mode":false,"campfire_choices":[{"data":"Blade Dance","floor":6.0,"key":"SMITH"},{"data":"Accuracy","floor":15.0,"key":"SMITH"},{"floor":24.0,"key":"REST"},{"data":"A Thousand Cuts","floor":27.0,"key":"SMITH"},{"data":"Blade Dance","floor":32.0,"key":"SMITH"},{"data":"Acrobatics","floor":40.0,"key":"SMITH"},{"data":"Concentrate","floor":42.0,"key":"SMITH"},{"floor":49.0,"key":"RECALL"},{"data":"Prepared","floor":52,"key":"SMITH"}],"circlet_count":0,"master_deck":["Defend_G","Defend_G","Survivor","Neutralize","Blade Dance+1","Masterful Stab","Deflect","Slice","Escape Plan","Poisoned Stab","Accuracy+1","Blade Dance+1","A Thousand Cuts+1","Choke","Choke","Reflex+1","Noxious Fumes","Concentrate+1","Reflex+1","Footwork+1","Well Laid Plans+1","After Image+1","Sucker Punch+1","Heel Hook+1","Bane+1","Tactician","Calculated Gamble+1","Bane+1","Acrobatics+1","Storm of Steel","Eviscerate","Calculated Gamble+1","Noxious Fumes+1","Prepared+1","Adrenaline","Footwork+1","Cloak And Dagger","A Thousand Cuts+1"],"relics":["Ring of the Snake","Potion Belt","Pen Nib","Tiny Chest","Mummified Hand","Empty Cage","Lizard Tail","The Specimen","Frozen Egg 2","Nloth\u0027s Gift","Ice Cream","Astrolabe","Meat on the Bone","Membership Card","Vajra","Singing Bowl"],"acts_visited":["Exordium","TheCity","TheBeyond","TheEnding"],"potions_floor_usage":[55],"damage_taken":[{"damage":0.0,"enemies":"Cultist","floor":1.0,"turns":5.0},{"damage":0.0,"enemies":"2 Louse","floor":2.0,"turns":2.0},{"damage":0.0,"enemies":"Jaw Worm","floor":3.0,"turns":2.0},{"damage":22.0,"enemies":"Gremlin Nob","floor":7.0,"turns":4.0},{"damage":0.0,"enemies":"Looter","floor":8.0,"turns":3.0},{"damage":17.0,"enemies":"Lagavulin","floor":11.0,"turns":6.0},{"damage":0.0,"enemies":"Lots of Slimes","floor":12.0,"turns":1.0},{"damage":9.0,"enemies":"3 Sentries","floor":13.0,"turns":6.0},{"damage":4.0,"enemies":"3 Louse","floor":14.0,"turns":2.0},{"damage":0.0,"enemies":"Slime Boss","floor":16.0,"turns":3.0},{"damage":8.0,"enemies":"Shell Parasite","floor":18.0,"turns":2.0},{"damage":10.0,"enemies":"Spheric Guardian","floor":20.0,"turns":3.0},{"damage":0.0,"enemies":"Snake Plant","floor":21.0,"turns":2.0},{"damage":41.0,"enemies":"Book of Stabbing","floor":23.0,"turns":5.0},{"damage":13.0,"enemies":"Snecko","floor":25.0,"turns":4.0},{"damage":10.0,"enemies":"Chosen and Byrds","floor":30.0,"turns":3.0},{"damage":0.0,"enemies":"Slavers","floor":31.0,"turns":4.0},{"damage":16.0,"enemies":"Champ","floor":33.0,"turns":6.0},{"damage":0.0,"enemies":"3 Shapes","floor":35.0,"turns":2.0},{"damage":0.0,"enemies":"Orb Walker","floor":36.0,"turns":3.0},{"damage":5.0,"enemies":"4 Shapes","floor":37.0,"turns":4.0},{"damage":0.0,"enemies":"Transient","floor":38.0,"turns":5.0},{"damage":6.0,"enemies":"Maw","floor":39.0,"turns":5.0},{"damage":8.0,"enemies":"Reptomancer","floor":41.0,"turns":4.0},{"damage":6.0,"enemies":"Sphere and 2 Shapes","floor":44.0,"turns":5.0},{"damage":0.0,"enemies":"Nemesis","floor":46.0,"turns":5.0},{"damage":8.0,"enemies":"3 Darklings","floor":48.0,"turns":2.0},{"damage":95,"enemies":"Time Eater","floor":50,"turns":8},{"damage":59,"enemies":"Shield and Spear","floor":54,"turns":5},{"damage":49,"enemies":"The Heart","floor":55,"turns":2}],"seed_played":"1143450472474432801","potions_obtained":[{"floor":2.0,"key":"CunningPotion"},{"floor":3.0,"key":"Explosive Potion"},{"floor":13.0,"key":"LiquidBronze"},{"floor":14.0,"key":"FearPotion"},{"floor":16.0,"key":"DuplicationPotion"},{"floor":18.0,"key":"ColorlessPotion"},{"floor":20.0,"key":"LiquidMemories"},{"floor":21.0,"key":"Fruit Juice"},{"floor":31.0,"key":"Fire Potion"},{"floor":35.0,"key":"Block Potion"},{"floor":37.0,"key":"Poison Potion"},{"floor":44.0,"key":"Fire Potion"},{"floor":54,"key":"Swift Potion"}],"is_trial":false,"path_per_floor":["M","M","M","?","$","R","E","M","T","?","E","M","E","M","R","B",null,"M","?","M","M","$","E","R","M","T","R","$","?","M","E","R","B",null,"M","M","M","M","M","R","E","R","T","M","$","E","T","M","R","B",null,"R","$","E","B"],"character_chosen":"THE_SILENT","items_purchased":["Slice","Noxious Fumes","Lizard Tail","Concentrate","AttackPotion","Membership Card","Noxious Fumes+1","Prepared","Footwork+1","Cloak And Dagger"],"campfire_rested":1,"item_purchase_floors":[5,22,22,22,28,45,45,45,53,53],"current_hp_per_floor":[84,84,84,78,78,78,56,56,56,56,39,39,30,26,26,26,78,70,70,60,65,65,24,48,35,35,35,35,35,25,25,25,9,83,83,83,78,78,72,72,64,64,64,58,58,58,58,50,50,16,83,83,83,36,0,0],"gold":28,"neow_bonus":"TWENTY_PERCENT_HP_BONUS","is_daily":false,"chose_seed":false,"campfire_upgraded":7,"win_rate":0.0,"timestamp":1608049070,"path_taken":["M","M","M","?","$","R","E","M","T","?","E","?","E","M","R","BOSS","M","?","M","M","$","E","R","M","T","R","$","?","M","E","R","BOSS","M","M","M","M","M","R","E","R","T","M","$","E","?","M","R","BOSS","R","$","E","BOSS"],"items_purchased_type":["Card","Card","Relic","Card","Potion","Relic","Card","Card","Card","Card"],"build_version":"2020-12-13","purchased_purges":2,"victory":false,"max_hp_per_floor":[84,84,84,78,78,78,78,78,78,78,78,78,78,78,78,78,78,78,78,78,83,83,83,83,83,83,83,83,83,83,83,83,83,83,83,83,83,83,83,83,83,83,83,83,83,83,83,83,83,83,83,83,83,83,83,83],"card_choices":[{"not_picked":["Dodge and Roll","Bouncing Flask"],"picked":"Blade Dance","floor":1.0},{"not_picked":["Bane","All Out Attack"],"picked":"Masterful Stab","floor":2.0},{"not_picked":["Setup","Deadly Poison"],"picked":"Deflect","floor":3.0},{"not_picked":["Deadly Poison","Expertise"],"picked":"Escape Plan","floor":7.0},{"not_picked":["Dash","Dodge and Roll"],"picked":"Poisoned Stab","floor":8.0},{"not_picked":["Deadly Poison","Predator","Catalyst"],"picked":"SKIP","floor":11.0},{"not_picked":["Deflect","Endless Agony","Dagger Spray"],"picked":"SKIP","floor":12.0},{"not_picked":["A Thousand Cuts","Backstab"],"picked":"Accuracy","floor":13.0},{"not_picked":["Prepared","Acrobatics"],"picked":"Blade Dance","floor":14.0},{"not_picked":["Burst","Corpse Explosion"],"picked":"A Thousand Cuts","floor":16.0},{"not_picked":["Prepared","Blur"],"picked":"Choke","floor":18.0},{"not_picked":["Backflip","Dagger Spray+1"],"picked":"Choke","floor":20.0},{"not_picked":["Flechettes","Cloak And Dagger"],"picked":"Reflex+1","floor":21.0},{"not_picked":["Dodge and Roll","Deadly Poison+1"],"picked":"Reflex+1","floor":23.0},{"not_picked":["Dagger Spray","Flying Knee","Outmaneuver"],"picked":"SKIP","floor":25.0},{"not_picked":["Bane+1","Outmaneuver+1"],"picked":"Footwork+1","floor":30.0},{"not_picked":["Eviscerate","All Out Attack"],"picked":"Well Laid Plans+1","floor":31.0},{"not_picked":["Wraith Form v2+1","Phantasmal Killer"],"picked":"After Image+1","floor":33.0},{"not_picked":["PiercingWail","Backflip"],"picked":"Tactician","floor":35.0},{"not_picked":["Unload","Leg Sweep+1"],"picked":"Calculated Gamble+1","floor":36.0},{"not_picked":["Poisoned Stab+1","Escape Plan"],"picked":"Bane+1","floor":37.0},{"not_picked":["Slice+1","Endless Agony+1"],"picked":"Acrobatics","floor":38.0},{"not_picked":["Blade Dance","Deflect+1"],"picked":"Storm of Steel","floor":39.0},{"not_picked":["Prepared","Quick Slash+1"],"picked":"Eviscerate","floor":41.0},{"not_picked":["Endless Agony+1","Catalyst"],"picked":"Calculated Gamble+1","floor":44.0},{"not_picked":["Heel Hook","Underhanded Strike","Bane+1"],"picked":"SKIP","floor":46.0},{"not_picked":["Deflect","Slice"],"picked":"Adrenaline","floor":48.0},{"not_picked":["Prepared+1","Doppelganger"],"picked":"A Thousand Cuts+1","floor":54}],"player_experience":100300,"relics_obtained":[{"floor":7.0,"key":"Potion Belt"},{"floor":9.0,"key":"Pen Nib"},{"floor":11.0,"key":"Tiny Chest"},{"floor":13.0,"key":"Mummified Hand"},{"floor":23.0,"key":"The Specimen"},{"floor":26.0,"key":"Frozen Egg 2"},{"floor":31.0,"key":"Ice Cream"},{"floor":41.0,"key":"Meat on the Bone"},{"floor":46.0,"key":"Vajra"},{"floor":47.0,"key":"Singing Bowl"}],"event_choices":[{"damage_healed":0.0,"max_hp_gain":0.0,"max_hp_loss":6.0,"gold_gain":0.0,"event_name":"Golden Idol","player_choice":"Lose Max HP","floor":4.0,"gold_loss":0.0,"damage_taken":0.0,"relics_obtained":["Golden Idol"]},{"cards_removed":["Strike_G"],"damage_healed":0.0,"max_hp_gain":0.0,"max_hp_loss":0.0,"gold_gain":0.0,"event_name":"Bonfire Elementals","player_choice":"Offered Basic","floor":10.0,"gold_loss":0.0,"damage_taken":0.0},{"damage_healed":0.0,"max_hp_gain":0.0,"max_hp_loss":0.0,"gold_gain":0.0,"event_name":"Ghosts","player_choice":"Ignored","floor":19.0,"gold_loss":0.0,"damage_taken":0.0},{"damage_healed":0.0,"max_hp_gain":0.0,"max_hp_loss":0.0,"gold_gain":0.0,"event_name":"N\u0027loth","player_choice":"Traded Relic","floor":29.0,"relics_lost":["Golden Idol"],"gold_loss":0.0,"damage_taken":0.0,"relics_obtained":["Nloth\u0027s Gift"]}],"is_beta":false,"boss_relics":[{"not_picked":["Sozu","Ectoplasm"],"picked":"Empty Cage"},{"not_picked":["Velvet Choker","Calling Bell"],"picked":"Astrolabe"}],"items_purged_floors":[45,53],"is_endless":false,"potions_floor_spawned":[2,3,13,14,16,18,20,21,31,35,37,44,54],"killed_by":"The Heart","ascension_level":0}}