{"host":"0vd2boh2oi7jm085","time":1608032626,"event":{"mods":["BaseMod","Colored Map","Colored Powertips","Highlight Path","Minty Spire (QoL Compilation)","Quick Restart","StSLib","The IronCluck"],"gold_per_floor":[115,115,190,147,162,197,197,227,227,227,227,227,227,227],"floor_reached":13,"playtime":177,"items_purged":[],"score":217,"play_id":"8a356b5b-6594-4090-a467-fd5136dc1752","local_time":"20201215034346","is_ascension_mode":true,"campfire_choices":[{"floor":10,"key":"REST"}],"circlet_count":0,"master_deck":["AscendersBane","Strike_R","Strike_R","Strike_R","Strike_R","Strike_R","Defend_R","Defend_R","Defend_R","Defend_R","Bash","Spot Weakness","Pummel","Cleave","Injury"],"relics":["Burning Blood","NeowsBlessing","Ginger","Molten Egg 2","Sundial","Thread and Needle","Golden Idol"],"acts_visited":["Exordium"],"potions_floor_usage":[8],"damage_taken":[{"damage":0,"enemies":"2 Louse","floor":1,"turns":1},{"damage":0,"enemies":"Jaw Worm","floor":5,"turns":1},{"damage":0,"enemies":"3 Sentries","floor":6,"turns":1},{"damage":52,"enemies":"Lagavulin","floor":8,"turns":6},{"damage":60,"enemies":"Gremlin Nob","floor":13,"turns":4}],"seed_played":"-6825746002941197227","potions_obtained":[{"floor":1,"key":"LiquidMemories"}],"is_trial":false,"path_per_floor":["M","?","?","$","M","E","?","E","T","R","?","?","E"],"character_chosen":"IRONCLAD","items_purchased":["Pummel"],"campfire_rested":1,"item_purchase_floors":[4],"current_hp_per_floor":[74,56,45,45,51,57,57,11,11,33,58,58,0,0],"gold":227,"neow_bonus":"THREE_ENEMY_KILL","is_daily":false,"chose_seed":false,"campfire_upgraded":0,"win_rate":0.0,"timestamp":1608032626,"path_taken":["M","?","?","$","?","E","?","E","T","R","?","?","E"],"items_purchased_type":["Card"],"build_version":"2020-12-13","purchased_purges":0,"victory":false,"max_hp_per_floor":[75,75,75,75,75,75,75,75,75,75,75,75,75,75],"card_choices":[{"not_picked":["Wild Strike","Thunderclap"],"picked":"Spot Weakness","floor":1},{"not_picked":["Anger","Warcry"],"picked":"Cleave","floor":5},{"not_picked":["Evolve","True Grit","Pommel Strike+1"],"picked":"SKIP","floor":6},{"not_picked":["Berserk","Shrug It Off","Pommel Strike+1"],"picked":"SKIP","floor":8}],"player_experience":89857,"relics_obtained":[{"floor":6,"key":"Molten Egg 2"},{"floor":8,"key":"Sundial"},{"floor":9,"key":"Thread and Needle"}],"event_choices":[{"damage_healed":0,"gold_gain":0,"player_choice":"Success","damage_taken":18,"relics_obtained":["Ginger"],"max_hp_gain":0,"max_hp_loss":0,"event_name":"Scrap Ooze","floor":2,"gold_loss":0},{"damage_healed":0,"gold_gain":75,"player_choice":"Gather Gold","damage_taken":11,"max_hp_gain":0,"max_hp_loss":0,"event_name":"World of Goop","floor":3,"gold_loss":0},{"damage_healed":0,"gold_gain":0,"player_choice":"Ignored","damage_taken":0,"max_hp_gain":0,"max_hp_loss":0,"event_name":"Shining Light","floor":7,"gold_loss":0},{"damage_healed":25,"gold_gain":0,"player_choice":"Banana","damage_taken":0,"max_hp_gain":0,"max_hp_loss":0,"event_name":"Big Fish","floor":11,"gold_loss":0},{"damage_healed":0,"gold_gain":0,"player_choice":"Take Wound","damage_taken":0,"relics_obtained":["Golden Idol"],"max_hp_gain":0,"max_hp_loss":0,"event_name":"Golden Idol","floor":12,"gold_loss":0,"cards_obtained":["Injury"]}],"is_beta":false,"boss_relics":[],"items_purged_floors":[],"is_endless":false,"potions_floor_spawned":[1],"killed_by":"Gremlin Nob","ascension_level":18}}