{"host":"63jn9lre6xij8k68","time":1608044943,"event":{"mods":["AchievementEnabler","BaseMod","Colored Map","DeckTracker","Minty Spire (QoL Compilation)","StSLib","SuperFastMode"],"gold_per_floor":[113,113,113,126,76,105,105,137,137,157,157,173,173,173,173,276,276,292,56,68,94,94,119,135,135,135,135,166,166,178,211,211,312,312,329,329,348,366,291,291,291,291,314,344,344,244,279,9,9,9],"floor_reached":51,"playtime":1354,"items_purged":["Corruption","Bloodletting","Power Through"],"score":1149,"play_id":"da115693-7aca-494f-8a1c-a6a0e4d003d4","local_time":"20201216000903","is_ascension_mode":true,"campfire_choices":[{"floor":7,"key":"REST"},{"data":"Uppercut","floor":11,"key":"SMITH"},{"data":"Flame Barrier","floor":15,"key":"SMITH"},{"floor":25,"key":"REST"},{"data":"Feel No Pain","floor":27,"key":"SMITH"},{"data":"Evolve","floor":29,"key":"SMITH"},{"floor":32,"key":"REST"},{"data":"Body Slam","floor":40,"key":"SMITH"},{"data":"Barricade","floor":42,"key":"SMITH"},{"data":"Fire Breathing","floor":45,"key":"SMITH"},{"data":"Feel No Pain","floor":49,"key":"SMITH"}],"circlet_count":0,"master_deck":["Bash","Twin Strike+1","Power Through","Uppercut+1","Flame Barrier+1","Evolve+1","Immolate","Second Wind","Fire Breathing+1","Flame Barrier","Power Through","Feel No Pain+1","True Grit+1","Barricade+1","Rupture","Body Slam+1","Shrug It Off","Feel No Pain+1"],"relics":["Mark of Pain","InkBottle","Ancient Tea Set","Orichalcum","Meat on the Bone","Empty Cage","PreservedInsect","Red Mask","Bottled Flame","Kunai","Boot","Regal Pillow","Pandora\u0027s Box","Nunchaku","Strawberry","Singing Bowl","Lee\u0027s Waffle"],"acts_visited":["Exordium","TheCity","TheBeyond"],"potions_floor_usage":[6,8,16],"damage_taken":[{"damage":3,"enemies":"2 Louse","floor":1,"turns":3},{"damage":0,"enemies":"Small Slimes","floor":4,"turns":3},{"damage":12,"enemies":"Gremlin Nob","floor":6,"turns":4},{"damage":4,"enemies":"3 Sentries","floor":8,"turns":8},{"damage":0,"enemies":"Cultist","floor":10,"turns":2},{"damage":3,"enemies":"Looter","floor":12,"turns":3},{"damage":6,"enemies":"Hexaghost","floor":16,"turns":9},{"damage":11,"enemies":"2 Thieves","floor":18,"turns":3},{"damage":10,"enemies":"Spheric Guardian","floor":20,"turns":3},{"damage":36,"enemies":"Masked Bandits","floor":21,"turns":4},{"damage":13,"enemies":"Slavers","floor":23,"turns":3},{"damage":22,"enemies":"Cultist and Chosen","floor":24,"turns":7},{"damage":6,"enemies":"Gremlin Leader","floor":28,"turns":7},{"damage":20,"enemies":"Shelled Parasite and Fungi","floor":30,"turns":7},{"damage":31,"enemies":"Book of Stabbing","floor":31,"turns":7},{"damage":1,"enemies":"Champ","floor":33,"turns":19},{"damage":0,"enemies":"3 Shapes","floor":35,"turns":4},{"damage":29,"enemies":"Orb Walker","floor":37,"turns":5},{"damage":0,"enemies":"4 Shapes","floor":38,"turns":4},{"damage":3,"enemies":"Giant Head","floor":44,"turns":6},{"damage":22,"enemies":"Reptomancer","floor":47,"turns":6},{"damage":20,"enemies":"Time Eater","floor":50,"turns":7}],"seed_played":"-7222917487551612026","potions_obtained":[{"floor":4,"key":"EssenceOfSteel"},{"floor":6,"key":"SkillPotion"},{"floor":10,"key":"LiquidMemories"},{"floor":12,"key":"SteroidPotion"},{"floor":16,"key":"Ancient Potion"},{"floor":21,"key":"ElixirPotion"},{"floor":24,"key":"SkillPotion"}],"is_trial":false,"path_per_floor":["M","?","?","M","?","E","R","E","T","M","R","M","?","?","R","B",null,"M","$","M","?","?","E","M","R","T","R","E","R","M","E","R","B",null,"M","?","M","M","$","R","?","R","T","E","R","$","E","$","R","B",null],"character_chosen":"IRONCLAD","items_purchased":["Fire Breathing","PreservedInsect","Lee\u0027s Waffle"],"campfire_rested":3,"item_purchase_floors":[19,19,48],"current_hp_per_floor":[69,53,41,41,41,29,53,49,49,49,49,46,51,51,51,45,75,64,64,54,30,30,29,19,44,44,44,50,50,42,23,63,62,79,79,79,50,50,50,50,50,50,50,54,54,54,46,101,101,81],"gold":9,"neow_bonus":"BOSS_RELIC","is_daily":false,"chose_seed":false,"campfire_upgraded":8,"win_rate":0.0,"timestamp":1608044943,"path_taken":["M","?","?","M","?","E","R","E","T","M","R","M","?","?","R","BOSS","M","$","M","?","?","E","M","R","T","R","E","R","M","E","R","BOSS","M","?","M","?","$","R","?","R","T","E","R","$","E","?","R","BOSS"],"items_purchased_type":["Card","Relic","Relic"],"build_version":"2020-12-13","purchased_purges":3,"victory":true,"max_hp_per_floor":[80,80,80,80,80,80,80,80,80,80,80,80,85,85,85,85,85,85,85,85,85,85,85,85,85,85,85,85,85,85,85,85,85,85,85,85,85,85,85,85,85,85,85,92,92,92,94,101,101,101],"card_choices":[{"not_picked":["Havoc","Iron Wave"],"picked":"Twin Strike","floor":1},{"not_picked":["Uppercut","Clothesline"],"picked":"Power Through","floor":4},{"not_picked":["Ghostly Armor","Blood for Blood"],"picked":"Uppercut","floor":6},{"not_picked":["Wild Strike","Havoc","Thunderclap"],"picked":"SKIP","floor":8},{"not_picked":["Headbutt","Wild Strike","Sword Boomerang"],"picked":"SKIP","floor":10},{"not_picked":["Rage","Bloodletting"],"picked":"Flame Barrier","floor":12},{"not_picked":["Feed","Double Tap"],"picked":"Immolate","floor":16},{"not_picked":["Clash","Whirlwind"],"picked":"Second Wind","floor":18},{"not_picked":["Havoc+1","Searing Blow","Sword Boomerang"],"picked":"SKIP","floor":20},{"not_picked":["Whirlwind","Cleave"],"picked":"Flame Barrier","floor":21},{"not_picked":["Disarm","Rupture+1"],"picked":"Power Through","floor":23},{"not_picked":["True Grit","Thunderclap+1"],"picked":"Feel No Pain","floor":24},{"not_picked":["Entrench","Iron Wave","Evolve"],"picked":"SKIP","floor":28},{"not_picked":["Warcry","Armaments"],"picked":"True Grit+1","floor":30},{"not_picked":["Heavy Blade+1","Fire Breathing+1","Twin Strike"],"picked":"SKIP","floor":31},{"not_picked":["Offering","Impervious"],"picked":"Barricade","floor":33},{"not_picked":["Iron Wave","Uppercut","Pommel Strike"],"picked":"SKIP","floor":35},{"not_picked":["Flame Barrier","Clothesline","Cleave"],"picked":"SKIP","floor":37},{"not_picked":["Iron Wave+1","Twin Strike+1"],"picked":"Shrug It Off","floor":38},{"not_picked":["Feed","Cleave"],"picked":"Feel No Pain","floor":44},{"not_picked":["Perfected Strike+1","Combust+1","Flex"],"picked":"Singing Bowl","floor":47}],"player_experience":100006,"relics_obtained":[{"floor":6,"key":"Ancient Tea Set"},{"floor":8,"key":"Orichalcum"},{"floor":9,"key":"Meat on the Bone"},{"floor":21,"key":"Red Mask"},{"floor":23,"key":"Bottled Flame"},{"floor":26,"key":"Kunai"},{"floor":28,"key":"Boot"},{"floor":31,"key":"Regal Pillow"},{"floor":43,"key":"Nunchaku"},{"floor":44,"key":"Strawberry"},{"floor":47,"key":"Singing Bowl"}],"event_choices":[{"damage_healed":0,"gold_gain":0,"player_choice":"Entered Light","damage_taken":16,"max_hp_gain":0,"max_hp_loss":0,"event_name":"Shining Light","floor":2,"gold_loss":0,"cards_upgraded":["Twin Strike","Defend_R"]},{"damage_healed":0,"gold_gain":0,"player_choice":"Success","damage_taken":12,"relics_obtained":["InkBottle"],"max_hp_gain":0,"max_hp_loss":0,"event_name":"Scrap Ooze","floor":3,"gold_loss":0},{"cards_removed":["Strike_R"],"damage_healed":0,"gold_gain":0,"player_choice":"Card Removal","damage_taken":0,"max_hp_gain":0,"max_hp_loss":0,"event_name":"The Cleric","floor":5,"gold_loss":50},{"damage_healed":0,"gold_gain":0,"player_choice":"Donut","damage_taken":0,"max_hp_gain":5,"max_hp_loss":0,"event_name":"Big Fish","floor":13,"gold_loss":0},{"damage_healed":0,"gold_gain":0,"cards_transformed":["Strike_R"],"player_choice":"Transformed","damage_taken":0,"max_hp_gain":0,"max_hp_loss":0,"event_name":"Transmorgrifier","floor":14,"gold_loss":0,"cards_obtained":["Evolve"]},{"damage_healed":0,"gold_gain":0,"player_choice":"Fought Bandits","damage_taken":0,"max_hp_gain":0,"max_hp_loss":0,"event_name":"Masked Bandits","floor":21,"gold_loss":0},{"damage_healed":0,"gold_gain":0,"player_choice":"Ignored","damage_taken":0,"max_hp_gain":0,"max_hp_loss":0,"event_name":"Ghosts","floor":22,"gold_loss":0},{"damage_healed":0,"gold_gain":0,"player_choice":"0 cards matched","damage_taken":0,"max_hp_gain":0,"max_hp_loss":0,"event_name":"Match and Keep!","floor":36,"gold_loss":0,"cards_obtained":[]},{"damage_healed":0,"gold_gain":0,"cards_transformed":["Brutality"],"player_choice":"Transformed","damage_taken":0,"max_hp_gain":0,"max_hp_loss":0,"event_name":"Transmorgrifier","floor":41,"gold_loss":0,"cards_obtained":["Power Through"]}],"is_beta":false,"boss_relics":[{"not_picked":["Snecko Eye","Runic Cube"],"picked":"Empty Cage"},{"not_picked":["Fusion Hammer","Runic Pyramid"],"picked":"Pandora\u0027s Box"}],"items_purged_floors":[39,46,48],"is_endless":false,"potions_floor_spawned":[4,6,10,12,16,21,23,24,30,33,44],"ascension_level":8}}