{"host":"8h3glbk9j4k4ylc4","time":1608040202,"event":{"mods":["AchievementEnabler","Act Like it!","BaseMod","Colored Map","Colored Powertips","Energized Spire","Gensokyo","Hallownest","Hermit","Hubris","Infinite Spire","Jorbs\u0027s Wanderer Trilogy","Lobotomy","Marisa????????","Minty Spire (QoL Compilation)","Replay The Spire","Somnambulant","StSLib","Td1madao Mod","The Bug Knight","The Judge","The Senshi"],"gold_per_floor":[275,292,292,292,310,310,344,356,428,428,439,439,452,465,465,562,562,581,600,600,617,617,650,650,575,622,622,248,248,4,35,35,138,138,156,156,156,156,156],"floor_reached":38,"playtime":2313,"items_purged":["Defend_B","Defend_B","Strike_B"],"score":458,"play_id":"b1749ec7-c12f-45f0-9006-6dbcc3efa027","local_time":"20201215155002","is_ascension_mode":true,"campfire_choices":[{"data":"Loop","floor":6.0,"key":"SMITH"},{"floor":12,"key":"REST"},{"data":"BasicCrystalCard","floor":15,"key":"SMITH"},{"floor":27,"key":"REST"},{"data":"infinitespire:Oblivion","floor":29,"key":"SMITH"},{"floor":32,"key":"REST"}],"circlet_count":0,"master_deck":["Defend_B","Zap+1","VoidDream","Ball Lightning","Static Discharge","QueenOfHatred","Loop+1","Bloodbath","Conserve Battery","Buffer","ReplayTheSpireMod:Calculation Training","SilentOrchestra","BasicCrystalCard+1","Chill","Woodsman","infinitespire:Oblivion+1","BodiesMountain","Ball Lightning","Fusion","Electrodynamics","Funeral","Lockon"],"relics":["Cracked Core","CogitoBucket","Lizard Tail","hubris:BundleOfHerbs","Ornamental Fan","HellTrain","Honey Jar","AspirationHeart","PreservedInsect","Replay:Bottled Snecko","Boot","Thread and Needle","Raider\u0027s Mask","Prayer Wheel","MealTicket","Inserter","AtMidnight","SkinProphecy","Prayer Wheel"],"acts_visited":["Exordium","TheCity","TheBeyond"],"potions_floor_usage":[18,19,23],"damage_taken":[{"damage":1.0,"enemies":"Cultist","floor":1.0,"turns":3.0},{"damage":1.0,"enemies":"Jaw Worm","floor":2.0,"turns":2.0},{"damage":0.0,"enemies":"2 Louse","floor":5.0,"turns":2.0},{"damage":32.0,"enemies":"Gremlin Nob","floor":7.0,"turns":3.0},{"damage":8.0,"enemies":"Red Slaver","floor":8.0,"turns":2.0},{"damage":5.0,"enemies":"Gremlin Gang","floor":11.0,"turns":3.0},{"damage":10,"enemies":"Lots of Slimes","floor":13,"turns":3},{"damage":1,"enemies":"Exordium Wildlife","floor":14,"turns":2},{"damage":11,"enemies":"The Guardian","floor":16,"turns":8},{"damage":32,"enemies":"Shell Parasite","floor":18,"turns":5},{"damage":28,"enemies":"Chosen","floor":19,"turns":5},{"damage":43,"enemies":"Snecko","floor":21,"turns":5},{"damage":7,"enemies":"Replay:Snechameleon","floor":23,"turns":4},{"damage":39,"enemies":"HollowMod:Nosk","floor":31,"turns":5},{"damage":5,"enemies":"Automaton","floor":33,"turns":8},{"damage":5,"enemies":"Orb Walker","floor":35,"turns":5},{"damage":157,"enemies":"Donu and Deca","floor":38,"turns":8}],"seed_played":"1762571277265559457","potions_obtained":[{"floor":1.0,"key":"Block Potion"},{"floor":5.0,"key":"SneckoOil"},{"floor":8.0,"key":"ColorlessPotion"},{"floor":18,"key":"FairyPotion"},{"floor":21,"key":"Fruit Juice"},{"floor":31,"key":"SkillPotion"},{"floor":33,"key":"AttackPotion"}],"is_trial":false,"path_per_floor":["M","M","?","?","M","R","E","M","T","?","M","R","M","M","R","B",null,"M","M","AVR","M","?","E","?","?","T","R","$","R","$","E","R","B",null,"M","$","?","B"],"character_chosen":"DEFECT","items_purchased":["Thread and Needle","Raider\u0027s Mask"],"campfire_rested":3,"item_purchase_floors":[28,30],"current_hp_per_floor":[74,73,66,66,66,66,40,39,39,39,41,63,60,65,65,69,75,44,34,34,25,25,36,36,36,36,63,63,63,63,49,76,90,90,90,90,90,0,0],"gold":156,"neow_bonus":"","is_daily":false,"chose_seed":false,"campfire_upgraded":3,"win_rate":0.0,"timestamp":1608040202,"path_taken":["M","M","?","?","M","R","E","?","T","?","?","R","M","M","R","BOSS","M","?","AVR","M","?","E","?","?","T","R","?","R","$","E","R","BOSS","M","?","?","BOSS"],"items_purchased_type":["Relic","Relic"],"build_version":"2020-12-13","purchased_purges":3,"victory":false,"max_hp_per_floor":[75,75,75,75,75,75,75,75,75,75,75,75,75,75,75,75,75,75,85,85,85,85,90,90,90,90,90,90,90,90,90,90,90,90,90,90,90,94,94],"card_choices":[{"not_picked":["Freischutz","OldLady"],"picked":"VoidDream","floor":1.0},{"not_picked":["Cold Snap","Static Discharge"],"picked":"Ball Lightning","floor":1.0},{"not_picked":["Ball Lightning","Barrage"],"picked":"Static Discharge","floor":2.0},{"not_picked":["Murderer","RedShoes"],"picked":"QueenOfHatred","floor":5.0},{"not_picked":["Ball Lightning","hubris:Ukulele"],"picked":"Loop","floor":5.0},{"not_picked":["MHz","OSAHOGD"],"picked":"Bloodbath","floor":7.0},{"not_picked":["Loop","Aggregate"],"picked":"Conserve Battery","floor":7.0},{"not_picked":["Force Field","Steam"],"picked":"Buffer","floor":8.0},{"not_picked":["Go for the Eyes","Hologram"],"picked":"ReplayTheSpireMod:Calculation Training","floor":11.0},{"not_picked":["Reprogram","Barrage","Go for the Eyes"],"picked":"SKIP","floor":13},{"not_picked":["Scorched","NakedNest"],"picked":"SilentOrchestra","floor":14},{"not_picked":["Go for the Eyes","Panic Button"],"picked":"BasicCrystalCard","floor":14},{"not_picked":["Seek","Meteor Strike"],"picked":"Mirror Shield","floor":16},{"not_picked":["Sweeping Beam","Mirror Shield","Hologram"],"picked":"Chill","floor":18},{"not_picked":["SpiderBud","OSAHOGD"],"picked":"Woodsman","floor":19},{"not_picked":["Tempest","Conserve Battery","Barrage+1"],"picked":"BasicCrystalCard","floor":19},{"not_picked":["Barrage","Turbo","Stack+1"],"picked":"ReplayTheSpireMod:Fabricate Wheel","floor":21},{"not_picked":["OSAHOGD","BigBird"],"picked":"BodiesMountain","floor":23},{"not_picked":["Streamline+1","Scrape","Stack"],"picked":"Ball Lightning","floor":23},{"not_picked":["Streamline","Conserve Battery","Turbo"],"picked":"Fusion","floor":31},{"not_picked":["ReplayRNGCard","Multi-Cast","Amplify"],"picked":"Electrodynamics","floor":33},{"not_picked":["Alriune","Murderer"],"picked":"Funeral","floor":35},{"not_picked":["Beam Cell+1","Ball Lightning+1","Hologram"],"picked":"Lockon","floor":35},{"not_picked":["Gash+1","Rip and Tear+1","Doom and Gloom+1"],"picked":"ReplayTheSpireMod:Fabricate Wheel","floor":35}],"player_experience":293732,"relics_obtained":[{"floor":7.0,"key":"hubris:BundleOfHerbs"},{"floor":9.0,"key":"Ornamental Fan"},{"floor":23,"key":"Replay:Bottled Snecko"},{"floor":26,"key":"Boot"},{"floor":31,"key":"MealTicket"},{"floor":35,"key":"AtMidnight"}],"event_choices":[{"damage_healed":0.0,"max_hp_gain":0.0,"max_hp_loss":0.0,"gold_gain":0.0,"event_name":"Scrap Ooze","player_choice":"Success","floor":3.0,"gold_loss":0.0,"damage_taken":7.0,"relics_obtained":["Lizard Tail"]},{"damage_healed":0.0,"max_hp_gain":0.0,"max_hp_loss":0.0,"gold_gain":0.0,"event_name":"Accursed Blacksmith","player_choice":"Forge","floor":4.0,"gold_loss":0.0,"damage_taken":0.0,"cards_upgraded":["Zap"]},{"cards_removed":["Strike_B"],"damage_healed":0.0,"max_hp_gain":0.0,"max_hp_loss":0.0,"gold_gain":0.0,"event_name":"Purifier","player_choice":"Purged","floor":10.0,"gold_loss":0.0,"damage_taken":0.0},{"damage_healed":0,"gold_gain":0,"player_choice":"Ignored","damage_taken":0,"max_hp_gain":0,"max_hp_loss":0,"event_name":"Vampires","floor":24,"gold_loss":0},{"cards_removed":["Strike_B"],"damage_healed":0,"gold_gain":0,"player_choice":"Gave Gold","damage_taken":0,"max_hp_gain":0,"max_hp_loss":0,"event_name":"Beggar","floor":25,"gold_loss":75},{"damage_healed":0,"gold_gain":0,"player_choice":"Took Portal","damage_taken":0,"max_hp_gain":0,"max_hp_loss":0,"event_name":"SecretPortal","floor":37,"gold_loss":0}],"is_beta":false,"boss_relics":[{"not_picked":["Replay:Grab Bag","Replay:Bronze Core"],"picked":"Honey Jar"},{"not_picked":["Black Star","Astrolabe"],"picked":"Inserter"}],"items_purged_floors":[20,28,30],"is_endless":false,"potions_floor_spawned":[1,5,8,18,21,31,33],"killed_by":"Donu and Deca","ascension_level":1}}