{"host":"2fcuechlb8c23yrb","time":1608059804,"event":{"mods":["2.2 Compatiblity","AchievementEnabler","BaseMod","Bestiary","Better Match","Block Reminder","Colored Map","Colored Powertips","DeckTracker","Displayed Cursed Tome","GifTheSpireLib","Highlight Path","Minty Spire (QoL Compilation)","Quick Restart","Rare Cards Sparkle","Relic Sorter","Relic Stats","StSLib"],"gold_per_floor":[110,37,37,37,37,67,67,67,67,242,242,192,207,220,220,317,317,331,341,24,24,24,24,24,24,24,123,123,153,166,185,185,286,286,301,351,351,371,119,119,133,133,133,148,148,163,178,58,58,58,58,58,8,36,36,36],"floor_reached":55,"playtime":3520,"items_purged":[],"score":686,"play_id":"68e68d7e-6a75-46db-8c67-5a296f7189d7","local_time":"20201215141644","is_ascension_mode":false,"campfire_choices":[{"floor":11,"key":"REST"},{"data":"Glacier","floor":15,"key":"SMITH"},{"data":"Biased Cognition","floor":23,"key":"SMITH"},{"data":"Auto Shields","floor":25,"key":"SMITH"},{"floor":32,"key":"REST"},{"floor":40,"key":"RECALL"},{"data":"White Noise","floor":42,"key":"SMITH"},{"data":"White Noise","floor":49,"key":"SMITH"},{"data":"Defragment","floor":52,"key":"SMITH"}],"circlet_count":0,"master_deck":["Strike_B+1","Strike_B+1","Strike_B+1","Strike_B+1","Defend_B+1","Defend_B+1","Defend_B+1","Defend_B+1","Zap","Dualcast","Leap","Static Discharge+1","Glacier+1","Auto Shields+1","Melter","Biased Cognition+1","Streamline","Conserve Battery","Defragment+1","Capacitor","White Noise+1","Biased Cognition","White Noise+1","White Noise+1","Electrodynamics","Static Discharge+1"],"relics":["Cracked Core","Thread and Needle","Juzu Bracelet","SacredBark","Runic Capacitor","Enchiridion","Bottled Flame","Red Mask","Nuclear Battery","Bird Faced Urn","Bag of Marbles","White Beast Statue","Toy Ornithopter"],"acts_visited":["Exordium","TheCity","TheBeyond","TheEnding"],"potions_floor_usage":[16,29,33,33,41,44,46,46,50,50,50,55,55],"damage_taken":[{"damage":7,"enemies":"2 Louse","floor":1,"turns":2},{"damage":38,"enemies":"3 Sentries","floor":6,"turns":8},{"damage":0,"enemies":"Jaw Worm","floor":13,"turns":5},{"damage":0,"enemies":"Small Slimes","floor":14,"turns":5},{"damage":9,"enemies":"The Guardian","floor":16,"turns":20},{"damage":4,"enemies":"3 Byrds","floor":18,"turns":8},{"damage":0,"enemies":"Shell Parasite","floor":19,"turns":8},{"damage":16,"enemies":"Masked Bandits","floor":29,"turns":6},{"damage":5,"enemies":"3 Cultists","floor":30,"turns":5},{"damage":0,"enemies":"Cultist and Chosen","floor":31,"turns":3},{"damage":0,"enemies":"Automaton","floor":33,"turns":6},{"damage":3,"enemies":"Orb Walker","floor":35,"turns":4},{"damage":0,"enemies":"Mind Bloom Boss Battle","floor":36,"turns":10},{"damage":18,"enemies":"3 Darklings","floor":38,"turns":13},{"damage":0,"enemies":"Jaw Worm Horde","floor":41,"turns":5},{"damage":14,"enemies":"Maw","floor":44,"turns":10},{"damage":3,"enemies":"3 Darklings","floor":46,"turns":15},{"damage":0,"enemies":"Transient","floor":47,"turns":5},{"damage":38,"enemies":"Time Eater","floor":50,"turns":9},{"damage":66,"enemies":"Shield and Spear","floor":54,"turns":7},{"damage":63,"enemies":"The Heart","floor":55,"turns":5}],"seed_played":"3252932485907609532","potions_obtained":[{"floor":6,"key":"LiquidMemories"},{"floor":19,"key":"EssenceOfSteel"},{"floor":31,"key":"PowerPotion"},{"floor":35,"key":"Strength Potion"},{"floor":44,"key":"ColorlessPotion"},{"floor":46,"key":"FocusPotion"},{"floor":47,"key":"Regen Potion"},{"floor":54,"key":"CultistPotion"}],"is_trial":false,"path_per_floor":["M","$","?","$","?","E","?","?","T","?","R","?","M","M","R","B",null,"M","M","$","?","?","R","?","R","T","?","?","?","M","M","R","B",null,"M","?","?","M","$","R","M","R","T","M","?","M","M","$","R","B",null,"R","$","E","B"],"character_chosen":"DEFECT","items_purchased":["Static Discharge","Runic Capacitor","Defragment","EssenceOfDarkness","Bag of Marbles","Fire Potion","Explosive Potion","Electrodynamics","Fire Potion","SpeedPotion"],"campfire_rested":2,"item_purchase_floors":[2,20,20,20,39,39,39,48,48,53],"current_hp_per_floor":[75,75,72,72,72,34,34,39,39,39,65,65,65,65,65,56,87,83,83,83,83,83,83,67,67,67,67,67,51,46,46,72,72,87,84,84,84,74,74,74,87,87,87,77,77,84,87,87,87,87,87,87,87,37,0,0],"gold":36,"neow_bonus":"TEN_PERCENT_HP_BONUS","is_daily":false,"chose_seed":false,"campfire_upgraded":6,"win_rate":0.0,"timestamp":1608059804,"path_taken":["M","$","?","?","?","E","?","?","T","?","R","?","M","M","R","BOSS","M","M","$","?","?","R","?","R","T","?","?","?","M","M","R","BOSS","M","?","?","M","$","R","M","R","T","M","?","M","M","$","R","BOSS","R","$","E","BOSS"],"items_purchased_type":["Card","Relic","Card","Potion","Relic","Potion","Potion","Card","Potion","Potion"],"build_version":"2020-12-13","purchased_purges":0,"victory":false,"max_hp_per_floor":[82,82,82,82,82,82,82,87,87,87,87,87,87,87,87,87,87,87,87,87,87,87,87,87,87,87,87,87,87,87,87,87,87,87,87,87,87,87,87,87,87,87,87,87,87,87,87,87,87,87,87,87,87,87,87,87],"relic_stats":{"counters":[21,159],"Bird Faced Urn":[74],"Juzu Bracelet":3,"obtain_stats":[{"SacredBark":17,"Enchiridion":24,"Thread and Needle":3,"Juzu Bracelet":6,"Runic Capacitor":20,"White Beast Statue":43,"Nuclear Battery":34,"Bottled Flame":26,"Bird Faced Urn":36,"Red Mask":29,"Bag of Marbles":39,"Cracked Core":0,"Toy Ornithopter":54},{"SacredBark":5,"Enchiridion":7,"Thread and Needle":1,"Juzu Bracelet":2,"Runic Capacitor":7,"White Beast Statue":15,"Nuclear Battery":11,"Bottled Flame":7,"Bird Faced Urn":13,"Red Mask":8,"Bag of Marbles":14,"Cracked Core":0,"Toy Ornithopter":20},{"SacredBark":40,"Enchiridion":56,"Thread and Needle":2,"Juzu Bracelet":10,"Runic Capacitor":56,"White Beast Statue":108,"Nuclear Battery":76,"Bottled Flame":56,"Bird Faced Urn":90,"Red Mask":62,"Bag of Marbles":103,"Cracked Core":0,"Toy Ornithopter":154}],"Toy Ornithopter":10},"card_choices":[{"not_picked":["Barrage","BootSequence"],"picked":"Leap","floor":1},{"not_picked":["Consume","Rebound"],"picked":"Glacier","floor":6},{"not_picked":["Turbo","Consume"],"picked":"Auto Shields","floor":13},{"not_picked":["Auto Shields","Heatsinks"],"picked":"Melter","floor":14},{"not_picked":["All For One","Machine Learning"],"picked":"Biased Cognition","floor":16},{"not_picked":["Leap","Gash"],"picked":"Streamline","floor":18},{"not_picked":["Rebound+1","Lockon"],"picked":"Conserve Battery","floor":19},{"not_picked":["Hello World","Go for the Eyes"],"picked":"Capacitor","floor":29},{"not_picked":["Coolheaded+1","Chaos","Recycle"],"picked":"SKIP","floor":30},{"not_picked":["Cold Snap+1","Aggregate"],"picked":"White Noise","floor":31},{"not_picked":["Amplify","Reboot"],"picked":"Biased Cognition","floor":33},{"not_picked":["Ball Lightning","Gash+1"],"picked":"White Noise","floor":35},{"not_picked":["Steam Power","Streamline","Compile Driver+1"],"picked":"SKIP","floor":38},{"not_picked":["Beam Cell","Stack","Hologram"],"picked":"SKIP","floor":41},{"not_picked":["Lockon","Ball Lightning","Steam"],"picked":"SKIP","floor":44},{"not_picked":["Sweeping Beam","Fusion+1","Coolheaded"],"picked":"SKIP","floor":46},{"not_picked":["Lockon","Steam Power","Rip and Tear"],"picked":"SKIP","floor":47},{"not_picked":["Sweeping Beam+1","Ball Lightning"],"picked":"Static Discharge+1","floor":54}],"player_experience":65228,"relics_obtained":[{"floor":6,"key":"Juzu Bracelet"},{"floor":26,"key":"Bottled Flame"},{"floor":29,"key":"Red Mask"},{"floor":36,"key":"Bird Faced Urn"},{"floor":43,"key":"White Beast Statue"},{"floor":54,"key":"Toy Ornithopter"}],"event_choices":[{"damage_healed":0,"gold_gain":0,"player_choice":"Success","damage_taken":3,"relics_obtained":["Thread and Needle"],"max_hp_gain":0,"max_hp_loss":0,"event_name":"Scrap Ooze","floor":3,"gold_loss":0},{"damage_healed":0,"gold_gain":0,"player_choice":"Ignored","damage_taken":0,"max_hp_gain":0,"max_hp_loss":0,"event_name":"Golden Wing","floor":5,"gold_loss":0},{"damage_healed":0,"gold_gain":0,"player_choice":"Grow","damage_taken":0,"max_hp_gain":0,"max_hp_loss":0,"event_name":"Living Wall","floor":7,"gold_loss":0,"cards_upgraded":["Static Discharge"]},{"damage_healed":0,"gold_gain":0,"player_choice":"Donut","damage_taken":0,"max_hp_gain":5,"max_hp_loss":0,"event_name":"Big Fish","floor":8,"gold_loss":0},{"damage_healed":0,"gold_gain":175,"player_choice":"AGREE","damage_taken":0,"max_hp_gain":0,"max_hp_loss":0,"event_name":"Liars Game","floor":10,"gold_loss":0,"cards_obtained":["Doubt"]},{"cards_removed":["Doubt"],"damage_healed":0,"gold_gain":0,"player_choice":"Card Removal","damage_taken":0,"max_hp_gain":0,"max_hp_loss":0,"event_name":"The Cleric","floor":12,"gold_loss":50},{"damage_healed":0,"gold_gain":0,"player_choice":"Ignored","damage_taken":0,"max_hp_gain":0,"max_hp_loss":0,"event_name":"Ghosts","floor":21,"gold_loss":0},{"damage_healed":0,"gold_gain":0,"player_choice":"Simplicity","damage_taken":0,"max_hp_gain":0,"max_hp_loss":0,"event_name":"Back to Basics","floor":22,"gold_loss":0,"cards_upgraded":["Strike_B","Strike_B","Strike_B","Strike_B","Defend_B","Defend_B","Defend_B","Defend_B"]},{"damage_healed":0,"gold_gain":0,"player_choice":"Obtained Book","damage_taken":16,"max_hp_gain":0,"max_hp_loss":0,"event_name":"Cursed Tome","floor":24,"gold_loss":0},{"damage_healed":0,"gold_gain":99,"player_choice":"Stole From Cult","damage_taken":0,"max_hp_gain":0,"max_hp_loss":0,"event_name":"Nest","floor":27,"gold_loss":0},{"damage_healed":0,"gold_gain":0,"player_choice":"Ignored","damage_taken":0,"max_hp_gain":0,"max_hp_loss":0,"event_name":"N\u0027loth","floor":28,"gold_loss":0},{"damage_healed":0,"gold_gain":0,"player_choice":"Fought Bandits","damage_taken":0,"max_hp_gain":0,"max_hp_loss":0,"event_name":"Masked Bandits","floor":29,"gold_loss":0},{"damage_healed":0,"gold_gain":0,"player_choice":"Fight","damage_taken":0,"max_hp_gain":0,"max_hp_loss":0,"event_name":"MindBloom","floor":36,"gold_loss":0},{"damage_healed":0,"gold_gain":0,"player_choice":"Memory 1","damage_taken":0,"max_hp_gain":0,"max_hp_loss":0,"event_name":"SensoryStone","floor":37,"gold_loss":0},{"damage_healed":0,"gold_gain":0,"player_choice":"Copied","damage_taken":0,"max_hp_gain":0,"max_hp_loss":0,"event_name":"Duplicator","floor":45,"gold_loss":0,"cards_obtained":["White Noise"]}],"is_beta":false,"boss_relics":[{"not_picked":["FrozenCore","Fusion Hammer"],"picked":"SacredBark"},{"not_picked":["Empty Cage","Velvet Choker"],"picked":"Nuclear Battery"}],"items_purged_floors":[],"is_endless":false,"potions_floor_spawned":[6,19,31,35,44,46,47,54],"killed_by":"The Heart","ascension_level":0}}