{"host":"dw8189mw8rzr4e13","time":1608016768,"event":{"mods":["Act Like it!","BaseMod","Better Vampires","Colored Powertips","Minty Spire (QoL Compilation)","Rare Cards Sparkle","StSLib","The Alterego"],"gold_per_floor":[115,115,115,133,149,149,74,74,74,87,122,135,146,172,172,273,273,291,304,304,304],"floor_reached":20,"playtime":1096,"items_purged":["alterego_mod:Defend"],"score":186,"play_id":"36e204b8-4f4c-493f-9097-1e4d09681a9b","local_time":"20201215151928","is_ascension_mode":false,"campfire_choices":[{"data":"alterego_mod:Santa","floor":6,"key":"SMITH"},{"data":"alterego_mod:Impale","floor":8,"key":"SMITH"},{"data":"alterego_mod:BrynhildrsRune","floor":15,"key":"SMITH"}],"circlet_count":0,"master_deck":["alterego_mod:Strike","alterego_mod:Strike","alterego_mod:Strike","alterego_mod:Defend","alterego_mod:Defend","alterego_mod:Defend","alterego_mod:Impale+1","alterego_mod:BigMeatyClaws","alterego_mod:BrynhildrsRune+1","alterego_mod:Rip+1","alterego_mod:Valentines","alterego_mod:Santa+1","alterego_mod:Lingerie","alterego_mod:1TonWallop+1","alterego_mod:Undulate","alterego_mod:AlterEgo","alterego_mod:Rake+1","alterego_mod:Bunnysuit"],"relics":["alterego_mod:MasochisticConstitution","NeowsBlessing","Letter Opener","Molten Egg 2","Unceasing Top","Black Star"],"acts_visited":["Exordium","TheCity"],"potions_floor_usage":[],"damage_taken":[{"damage":0,"enemies":"Small Slimes","floor":1,"turns":2},{"damage":0,"enemies":"Cultist","floor":4,"turns":1},{"damage":0,"enemies":"Jaw Worm","floor":5,"turns":1},{"damage":17,"enemies":"Large Slime","floor":10,"turns":7},{"damage":15,"enemies":"Gremlin Nob","floor":11,"turns":4},{"damage":11,"enemies":"Looter","floor":12,"turns":4},{"damage":9,"enemies":"Blue Slaver","floor":13,"turns":3},{"damage":30,"enemies":"3 Sentries","floor":14,"turns":5},{"damage":5,"enemies":"Hexaghost","floor":16,"turns":9},{"damage":22,"enemies":"Chosen","floor":18,"turns":5},{"damage":43,"enemies":"Spheric Guardian","floor":19,"turns":7}],"seed_played":"4531287825690727859","potions_obtained":[{"floor":4,"key":"FearPotion"},{"floor":10,"key":"ColorlessPotion"},{"floor":11,"key":"Swift Potion"}],"is_trial":false,"path_per_floor":["M","?","?","M","M","R","$","R","T","M","E","M","M","E","R","B",null,"M","M","$"],"character_chosen":"The_Alterego","items_purchased":[],"campfire_rested":0,"item_purchase_floors":[],"current_hp_per_floor":[70,70,70,70,70,70,70,70,70,61,47,44,36,21,21,24,76,55,20,20,20],"gold":304,"neow_bonus":"THREE_ENEMY_KILL","is_daily":false,"chose_seed":false,"campfire_upgraded":3,"win_rate":0.0,"timestamp":1608016768,"path_taken":["M","?","?","M","?","R","?","R","T","M","E","M","?","E","R","BOSS","M","M","$"],"items_purchased_type":[],"build_version":"2020-12-13","purchased_purges":1,"victory":false,"max_hp_per_floor":[70,70,70,70,70,70,70,70,70,71,72,73,74,75,75,76,76,77,78,78,78],"card_choices":[{"not_picked":["alterego_mod:SakuraLabyrinth","alterego_mod:Punishment"],"picked":"alterego_mod:Rip","floor":1},{"not_picked":["alterego_mod:Bloomers","alterego_mod:Skirt"],"picked":"alterego_mod:Valentines","floor":4},{"not_picked":["alterego_mod:Rip","alterego_mod:Bounce"],"picked":"alterego_mod:Santa","floor":5},{"not_picked":["alterego_mod:Valentines","alterego_mod:Punishment"],"picked":"alterego_mod:Lingerie","floor":10},{"not_picked":["alterego_mod:Lingerie+1","alterego_mod:Pet"],"picked":"alterego_mod:1TonWallop+1","floor":11},{"not_picked":["alterego_mod:HighServant","alterego_mod:Pet"],"picked":"alterego_mod:Undulate","floor":12},{"not_picked":["alterego_mod:Punishment","alterego_mod:Pet","alterego_mod:Crossover"],"picked":"SKIP","floor":13},{"not_picked":["alterego_mod:Skirt+1","alterego_mod:Jiggle"],"picked":"alterego_mod:AlterEgo","floor":14},{"not_picked":["alterego_mod:RingBreak","alterego_mod:Antipathy"],"picked":"alterego_mod:Rake+1","floor":16},{"not_picked":["alterego_mod:1TonWallop+1","alterego_mod:PerceptionDisorder"],"picked":"alterego_mod:Bunnysuit","floor":18},{"not_picked":["alterego_mod:HighServant","alterego_mod:Exercise+1","alterego_mod:TrashNCrash"],"picked":"SKIP","floor":19}],"player_experience":591546,"relics_obtained":[{"floor":9,"key":"Letter Opener"},{"floor":11,"key":"Molten Egg 2"},{"floor":14,"key":"Unceasing Top"}],"event_choices":[{"cards_removed":["alterego_mod:Strike"],"damage_healed":0,"gold_gain":0,"player_choice":"Forget","damage_taken":0,"max_hp_gain":0,"max_hp_loss":0,"event_name":"Living Wall","floor":2,"gold_loss":0},{"damage_healed":0,"gold_gain":0,"player_choice":"Upgraded","damage_taken":0,"max_hp_gain":0,"max_hp_loss":0,"event_name":"Upgrade Shrine","floor":3,"gold_loss":0,"cards_upgraded":["alterego_mod:Rip"]}],"is_beta":false,"boss_relics":[{"not_picked":["Ectoplasm","Calling Bell"],"picked":"Black Star"}],"items_purged_floors":[7],"is_endless":false,"potions_floor_spawned":[4,10,11,13,19],"ascension_level":0}}