{"host":"4myl0piycjadqnwl","time":1608064223,"event":{"mods":["BaseMod","Colored Map","Downfall","Minty Spire (QoL Compilation)","StSLib"],"gold_per_floor":[99,114,114,125,157,157,157,157,168,93,105,51,71,90,103,201,201,201,301,301,116,116,116,141,141,161,194,194,222,222,222],"floor_reached":30,"playtime":2483,"items_purged":[],"score":246,"play_id":"147334f5-2c3b-4aa4-8df0-f39c547c5c8d","local_time":"20201215213023","is_ascension_mode":false,"campfire_choices":[{"data":"champ:Devastate","floor":1,"key":"SMITH"},{"data":"champ:Backstep","floor":6,"key":"SMITH"},{"floor":8,"key":"RECALL"},{"data":"champ:Taunt","floor":10,"key":"SMITH"},{"data":"champ:AdrenalArmor","floor":18,"key":"SMITH"},{"data":"champ:GutPunch","floor":23,"key":"SMITH"},{"data":"champ:EndlessRage","floor":25,"key":"SMITH"}],"circlet_count":0,"master_deck":["champ:Defend","champ:Defend","champ:Defend","champ:Execute","champ:Taunt+1","champ:Devastate+1","champ:BerserkersShout","champ:Backstep+1","champ:FlashCut","champ:GutPunch+1","champ:Encircle","champ:AdrenalArmor+1","champ:ViciousMockery","champ:StanceDance","champ:BringItOn","champ:SwordThrow","champ:EndlessRage+1","J.A.X.","champ:HeartStrike","champ:HeavySlash","champ:BerserkersShout","champ:Devastate+1","champ:FlashCut","champ:Encircle","champ:BerserkerStyle+1","champ:Shatter"],"relics":["champ:ChampionCrown","Toy Ornithopter","Mango","downfall:HeartBlessingRed","Empty Cage","MutagenicStrength","DollysMirror","champ:GladiatorsBookOfMartialProwess","Potion Belt","Matryoshka","Red Mask"],"acts_visited":["Exordium","TheCity"],"potions_floor_usage":[27,27],"damage_taken":[{"damage":7,"enemies":"Small Slimes","floor":2,"turns":4},{"damage":19,"enemies":"Cultist","floor":4,"turns":5},{"damage":18,"enemies":"3 Sentries","floor":5,"turns":10},{"damage":6,"enemies":"2 Louse","floor":9,"turns":3},{"damage":10,"enemies":"2 Fungi Beasts","floor":11,"turns":4},{"damage":14,"enemies":"downfall:FleeingMerchant","floor":12,"turns":4},{"damage":0,"enemies":"3 Louse","floor":13,"turns":4},{"damage":7,"enemies":"Red Slaver","floor":14,"turns":2},{"damage":14,"enemies":"Exordium Wildlife","floor":15,"turns":2},{"damage":41,"enemies":"downfall:Ironclad","floor":16,"turns":9},{"damage":63,"enemies":"downfall:Augmenter","floor":19,"turns":4},{"damage":24,"enemies":"downfall:FleeingMerchant","floor":21,"turns":4},{"damage":13,"enemies":"Spheric Guardian","floor":26,"turns":2},{"damage":43,"enemies":"Slavers","floor":27,"turns":5},{"damage":62,"enemies":"Masked Bandits","floor":29,"turns":5},{"damage":15,"enemies":"Centurion and Healer","floor":30,"turns":1}],"seed_played":"-8656639982832824188","potions_obtained":[{"floor":13,"key":"hexamod:EctoCoolerPotion"},{"floor":14,"key":"hexamod:EctoCoolerPotion"},{"floor":15,"key":"SmokeBomb"},{"floor":26,"key":"Fire Potion"},{"floor":27,"key":"Strength Potion"},{"floor":29,"key":"Dexterity Potion"}],"is_trial":false,"path_per_floor":["R","M","?","M","E","R","T","R","M","R","M","$","M","M","M","B",null,"R","?","?","$","?","R","T","R","M","E","?","?","M"],"character_chosen":"THE_CHAMP","items_purchased":["champ:ViciousMockery","DollysMirror","champ:FlashCut"],"campfire_rested":0,"item_purchase_floors":[12,21,21],"current_hp_per_floor":[63,61,61,48,39,39,53,53,47,47,43,38,38,43,43,37,104,104,76,76,74,74,74,74,74,79,58,58,14,0,0],"gold":222,"neow_bonus":"THREE_RARE_CARDS","is_daily":false,"chose_seed":false,"campfire_upgraded":6,"win_rate":0.0,"timestamp":1608064223,"path_taken":["R","M","?","M","E","R","T","R","M","R","M","$","M","?","M","BOSS","R","?","?","$","?","R","T","R","M","E","?","?","?"],"items_purchased_type":["Card","Relic","Card"],"build_version":"2020-12-13","purchased_purges":0,"victory":false,"max_hp_per_floor":[90,90,90,90,90,90,104,104,104,104,104,104,104,104,104,104,104,104,104,104,104,104,104,104,104,104,104,104,104,104,104],"card_choices":[{"not_picked":["champ:ShieldSlam","champ:SteelEdge"],"picked":"champ:Devastate","floor":0},{"not_picked":["champ:BladeFlurry","champ:Encircle"],"picked":"champ:BerserkersShout","floor":2},{"not_picked":["champ:RisingSlash","champ:GladiatorsShout"],"picked":"champ:Backstep","floor":4},{"not_picked":["champ:BerserkersShout","champ:StrikeOfGenius"],"picked":"champ:FlashCut","floor":5},{"not_picked":["champ:CrookedStrike","champ:FocusedBerserking"],"picked":"champ:GutPunch","floor":9},{"not_picked":["champ:Lariat","champ:CrookedStrike"],"picked":"champ:Encircle","floor":11},{"not_picked":["champ:EnGarde","champ:PerfectedStrike"],"picked":"champ:AdrenalArmor","floor":12},{"not_picked":["champ:FlashCut","champ:GladiatorsShout"],"picked":"champ:StanceDance","floor":13},{"not_picked":["champ:HeartStrike","champ:FaceSlap","champ:FocusedDefense"],"picked":"SKIP","floor":14},{"not_picked":["champ:FlashCut","champ:DefensiveShout"],"picked":"champ:BringItOn","floor":15},{"not_picked":["champ:ShieldThrow","champ:LastStand"],"picked":"champ:SwordThrow","floor":16},{"not_picked":["champ:EnGarde+1","champ:Circumvent"],"picked":"champ:EndlessRage","floor":19},{"not_picked":[],"picked":"J.A.X.","floor":19},{"not_picked":["champ:HeartStrike+1","champ:ShieldSlam"],"picked":"champ:BerserkersShout","floor":21},{"not_picked":["champ:DefensiveShout","champ:Riposte+1"],"picked":"champ:Encircle","floor":26},{"not_picked":["champ:ViciousMockery","champ:BladeFlurry+1"],"picked":"champ:BerserkerStyle+1","floor":27},{"not_picked":["champ:FightOn","champ:BerserkerStyle"],"picked":"champ:Shatter","floor":29}],"player_experience":1351240,"relics_obtained":[{"floor":5,"key":"Toy Ornithopter"},{"floor":7,"key":"Mango"},{"floor":19,"key":"MutagenicStrength"},{"floor":24,"key":"Potion Belt"},{"floor":27,"key":"Matryoshka"},{"floor":29,"key":"Red Mask"}],"event_choices":[{"cards_removed":["champ:Strike"],"damage_healed":0,"gold_gain":0,"player_choice":"Offered Basic","damage_taken":0,"max_hp_gain":0,"max_hp_loss":0,"event_name":"Bonfire Elementals","floor":3,"gold_loss":0},{"damage_healed":0,"gold_gain":0,"player_choice":"Ignored","damage_taken":0,"max_hp_gain":0,"max_hp_loss":0,"event_name":"Vampires","floor":20,"gold_loss":0},{"damage_healed":0,"gold_gain":0,"player_choice":"Fought Bandits","damage_taken":0,"max_hp_gain":0,"max_hp_loss":0,"event_name":"Masked Bandits","floor":29,"gold_loss":0}],"is_beta":false,"boss_relics":[{"not_picked":["Ectoplasm","SacredBark"],"picked":"Empty Cage"}],"items_purged_floors":[],"is_endless":false,"potions_floor_spawned":[13,14,15,16,26,27,29],"killed_by":"Centurion and Healer","ascension_level":0}}