{"host":"u4wwrwxco60h43l5","time":1608027974,"event":{"mods":["Always Whale","BaseMod","CapriCore","Koishi","Minty Spire (QoL Compilation)","Permanent Neow","StSLib","The Immortal","¡¼?Úª?ø«¡½REMEMod"],"gold_per_floor":[110,163,54,73,24,24,55,69,93,93,124,124,160,176,176,273,273,287,301,301,318,218,218,218,230,253,253,264,264,264],"floor_reached":29,"playtime":1296,"items_purged":["Strike_P","Strike_P"],"score":254,"play_id":"c99ba659-7cb6-403f-b134-845f3de7ff1c","local_time":"20201215192614","is_ascension_mode":false,"campfire_choices":[{"data":"PathToVictory","floor":6,"key":"SMITH"},{"data":"HandOfGreed","floor":12,"key":"SMITH"},{"floor":15,"key":"REST"},{"floor":23,"key":"REST"},{"data":"Alpha","floor":27,"key":"SMITH"}],"circlet_count":0,"master_deck":["Strike_P","Strike_P","Defend_P","Defend_P+1","Defend_P","Defend_P","Eruption","Vigilance","CurseOfTheBell","HandOfGreed+1","Prostrate","REME_MusicOfDeath","Sanctity+1","PathToVictory+1","REME_Repentance","Conclude","Prostrate","Perseverance","ThirdEye","Alpha+1","PathToVictory","ThirdEye","Perseverance","CutThroughFate+1","ClearTheMind"],"relics":["REME_ComplimentaryCards","Calling Bell","Potion Belt","Mercury Hourglass","CaptainsWheel","War Paint","Bronze Scales","PreservedInsect","REME_DuelDisc","GremlinMask","Vajra"],"acts_visited":["Exordium","TheCity"],"potions_floor_usage":[8,16,16,16,25],"damage_taken":[{"damage":0,"enemies":"2 Louse","floor":1,"turns":2},{"damage":2,"enemies":"Small Slimes","floor":2,"turns":5},{"damage":0,"enemies":"Jaw Worm","floor":4,"turns":4},{"damage":35,"enemies":"Gremlin Nob","floor":7,"turns":5},{"damage":3,"enemies":"Gremlin Gang","floor":8,"turns":2},{"damage":3,"enemies":"Blue Slaver","floor":11,"turns":2},{"damage":13,"enemies":"Exordium Thugs","floor":13,"turns":4},{"damage":0,"enemies":"3 Louse","floor":14,"turns":2},{"damage":3,"enemies":"Slime Boss","floor":16,"turns":6},{"damage":10,"enemies":"3 Byrds","floor":18,"turns":3},{"damage":1,"enemies":"Shell Parasite","floor":19,"turns":5},{"damage":12,"enemies":"Centurion and Healer","floor":21,"turns":7},{"damage":17,"enemies":"Snake Plant","floor":25,"turns":5},{"damage":6,"enemies":"Cultist and Chosen","floor":28,"turns":4},{"damage":57,"enemies":"Gremlin Leader","floor":29,"turns":5}],"seed_played":"3595193028054891549","potions_obtained":[{"floor":2,"key":"Explosive Potion"},{"floor":4,"key":"SpeedPotion"},{"floor":7,"key":"EntropicBrew"},{"floor":11,"key":"BlessingOfTheForge"},{"floor":25,"key":"AttackPotion"},{"floor":28,"key":"Energy Potion"}],"is_trial":false,"path_per_floor":["M","M","$","M","$","R","E","M","T","?","M","R","M","M","R","B",null,"M","M","?","M","$","R","?","M","T","R","M","E"],"character_chosen":"WATCHER","items_purchased":["Sanctity","REME_Repentance"],"campfire_rested":2,"item_purchase_floors":[3,5],"current_hp_per_floor":[72,70,70,70,70,70,35,32,32,25,22,22,9,9,30,27,72,62,61,61,49,49,70,70,53,53,53,47,0,0],"gold":264,"neow_bonus":"BOSS_RELIC","is_daily":false,"chose_seed":false,"campfire_upgraded":3,"win_rate":0.0,"timestamp":1608027974,"path_taken":["M","M","$","M","$","R","E","M","T","?","M","R","M","M","R","BOSS","M","M","?","M","$","R","?","M","T","R","?","E"],"items_purchased_type":["Card","Card"],"build_version":"2020-12-13","purchased_purges":2,"victory":false,"max_hp_per_floor":[72,72,72,72,72,72,72,72,72,72,72,72,72,72,72,72,72,72,72,72,72,72,72,72,72,72,72,72,72,72],"card_choices":[{"not_picked":["WreathOfFlame","Indignation"],"picked":"Prostrate","floor":1},{"not_picked":["ThirdEye","ClearTheMind"],"picked":"REME_MusicOfDeath","floor":2},{"not_picked":["Wireheading","Protect"],"picked":"PathToVictory","floor":4},{"not_picked":["MasterReality","FollowUp"],"picked":"Conclude","floor":7},{"not_picked":["CarveReality","Protect"],"picked":"Prostrate","floor":8},{"not_picked":["Crescendo","JustLucky"],"picked":"Perseverance","floor":11},{"not_picked":["Omniscience","FollowUp"],"picked":"ThirdEye","floor":13},{"not_picked":["Collect","WheelKick","Crescendo"],"picked":"SKIP","floor":14},{"not_picked":["ConjureBlade","LessonLearned"],"picked":"Alpha","floor":16},{"not_picked":["Fasting2","Protect","Collect"],"picked":"SKIP","floor":18},{"not_picked":["InnerPeace","Tantrum"],"picked":"PathToVictory","floor":19},{"not_picked":["WindmillStrike","CarveReality"],"picked":"Perseverance","floor":21},{"not_picked":["REME_Repentance","Wallop"],"picked":"CutThroughFate+1","floor":25},{"not_picked":["FlyingSleeves","Crescendo"],"picked":"ClearTheMind","floor":28}],"player_experience":112251,"relics_obtained":[{"floor":0,"key":"Potion Belt"},{"floor":0,"key":"Mercury Hourglass"},{"floor":0,"key":"CaptainsWheel"},{"floor":7,"key":"War Paint"},{"floor":9,"key":"Bronze Scales"},{"floor":26,"key":"Vajra"}],"event_choices":[{"damage_healed":0,"gold_gain":0,"player_choice":"Success","damage_taken":7,"relics_obtained":["PreservedInsect"],"max_hp_gain":0,"max_hp_loss":0,"event_name":"Scrap Ooze","floor":10,"gold_loss":0},{"damage_healed":0,"gold_gain":0,"player_choice":"Read","damage_taken":0,"max_hp_gain":0,"max_hp_loss":0,"event_name":"The Library","floor":20,"gold_loss":0,"cards_obtained":["ThirdEye"]},{"damage_healed":0,"gold_gain":0,"player_choice":"Trade","damage_taken":0,"relics_obtained":["GremlinMask"],"max_hp_gain":0,"max_hp_loss":0,"event_name":"FaceTrader","floor":24,"gold_loss":0}],"is_beta":false,"boss_relics":[{"not_picked":["Fusion Hammer","Busted Crown"],"picked":"REME_DuelDisc"}],"items_purged_floors":[3,22],"is_endless":false,"potions_floor_spawned":[2,4,7,11,25,28],"killed_by":"Gremlin Leader","ascension_level":0}}