{"host":"15dd7v8o90xso62x","time":1608037119,"event":{"mods":["BaseMod","Minty Spire (QoL Compilation)","Quick Restart","StSLib"],"gold_per_floor":[116,128,178,197,197,197,213,244,256,268,268],"floor_reached":10,"playtime":166,"items_purged":[],"score":136,"play_id":"64105fdb-4f20-4396-9a3b-e82fa14ed7f4","local_time":"20201215215839","is_ascension_mode":true,"campfire_choices":[{"data":"Eruption","floor":6,"key":"SMITH"}],"circlet_count":0,"master_deck":["AscendersBane","Strike_P","Strike_P","Strike_P","Strike_P","Defend_P","Defend_P","Defend_P","Defend_P","Eruption+1","Vigilance","Consecrate","FearNoEvil+1","Tantrum+1"],"relics":["PureWater","NeowsBlessing","MawBank","Whetstone"],"acts_visited":["Exordium"],"potions_floor_usage":[],"damage_taken":[{"damage":0,"enemies":"2 Louse","floor":1,"turns":1},{"damage":0,"enemies":"Cultist","floor":2,"turns":1},{"damage":0,"enemies":"Jaw Worm","floor":4,"turns":1},{"damage":0,"enemies":"Large Slime","floor":7,"turns":3},{"damage":27,"enemies":"Lagavulin","floor":8,"turns":6},{"damage":28,"enemies":"Gremlin Nob","floor":10,"turns":4}],"seed_played":"6913120576405374477","potions_obtained":[{"floor":4,"key":"Explosive Potion"},{"floor":7,"key":"Regen Potion"},{"floor":8,"key":"BottledMiracle"}],"is_trial":false,"path_per_floor":["M","M","?","M","?","R","M","E","T","E"],"character_chosen":"WATCHER","items_purchased":[],"campfire_rested":0,"item_purchase_floors":[],"current_hp_per_floor":[61,61,61,61,66,66,66,39,39,11,11],"gold":268,"neow_bonus":"THREE_ENEMY_KILL","is_daily":false,"chose_seed":false,"campfire_upgraded":1,"win_rate":0.0,"timestamp":1608037119,"path_taken":["M","M","?","?","?","R","M","E","T","E"],"items_purchased_type":[],"build_version":"2020-12-13","purchased_purges":0,"victory":false,"max_hp_per_floor":[68,68,68,68,73,73,73,73,73,73,73],"card_choices":[{"not_picked":["Nirvana","WindmillStrike"],"picked":"Consecrate","floor":1},{"not_picked":["FlurryOfBlows","Sanctity"],"picked":"FearNoEvil","floor":2},{"not_picked":["EmptyBody","Crescendo"],"picked":"Tantrum","floor":4},{"not_picked":["Wireheading","PathToVictory","Tantrum"],"picked":"SKIP","floor":7},{"not_picked":["ReachHeaven","Evaluate","PathToVictory"],"picked":"SKIP","floor":8}],"player_experience":907645,"relics_obtained":[{"floor":8,"key":"MawBank"},{"floor":9,"key":"Whetstone"}],"event_choices":[{"damage_healed":0,"gold_gain":50,"player_choice":"Pray","damage_taken":0,"max_hp_gain":0,"max_hp_loss":0,"event_name":"Golden Shrine","floor":3,"gold_loss":0},{"damage_healed":0,"gold_gain":0,"player_choice":"Donut","damage_taken":0,"max_hp_gain":5,"max_hp_loss":0,"event_name":"Big Fish","floor":5,"gold_loss":0}],"is_beta":false,"boss_relics":[],"items_purged_floors":[],"is_endless":false,"potions_floor_spawned":[4,7,8],"killed_by":"Gremlin Nob","ascension_level":20}}