{"host":"2h34w377mcmn31br","time":1608073131,"event":{"mods":["Act Like it!","AlwaysNeverKeys","BaseMod","Better Third Choice","BetterRewards","Colored Map","Minty Spire (QoL Compilation)","StSLib"],"gold_per_floor":[113,5223,5223,5183,4459,4459,4478,4491,4540,4567,4582,4582,4609,4624,4624,4724,4724,4744,4048,4068,4085,3859,3859,3859,3343,3369,3369,3369,3388,3418,3428,3428,3428,3428],"floor_reached":33,"playtime":1163,"items_purged":["Defend_P","Defend_P","Regret","Strike_P","Strike_P"],"score":400,"play_id":"dc513184-184d-4d47-bb7a-c52a56d98817","local_time":"20201215145851","is_ascension_mode":true,"campfire_choices":[{"data":"Mayhem","floor":6,"key":"SMITH"},{"floor":12,"key":"REST"},{"data":"Metamorphosis","floor":15,"key":"SMITH"},{"data":"Devotion","floor":23,"key":"SMITH"},{"data":"Tantrum","floor":28,"key":"SMITH"},{"data":"Ragnarok","floor":32,"key":"SMITH"}],"circlet_count":0,"master_deck":["Strike_P","Strike_P","Defend_P","Defend_P","Eruption","Vigilance","FollowUp","MentalFortress","Mayhem+1","Metamorphosis+1","FlurryOfBlows","SignatureMove","Tantrum+1","Perseverance","Ragnarok+1","Wireheading","Finesse","Devotion+1","BattleHymn","Master of Strategy","Ghostly","Ghostly","Ghostly","Ghostly","Ghostly","Weave"],"relics":["Sozu","Mummified Hand","Medical Kit","Orichalcum","Letter Opener","Art of War","Toy Ornithopter","OrangePellets","Boot","Strawberry","Meat on the Bone","Black Star","Juzu Bracelet","Blue Candle","Membership Card","MealTicket","Orrery","Eternal Feather","Matryoshka","Frozen Eye","Smiling Mask","Vajra","Oddly Smooth Stone","The Courier"],"acts_visited":["Exordium","TheCity"],"potions_floor_usage":[],"damage_taken":[{"damage":2,"enemies":"Small Slimes","floor":1,"turns":2},{"damage":0,"enemies":"2 Louse","floor":7,"turns":2},{"damage":0,"enemies":"Cultist","floor":8,"turns":2},{"damage":31,"enemies":"Lagavulin","floor":10,"turns":6},{"damage":9,"enemies":"Gremlin Gang","floor":11,"turns":3},{"damage":0,"enemies":"Gremlin Nob","floor":13,"turns":2},{"damage":17,"enemies":"Large Slime","floor":14,"turns":4},{"damage":28,"enemies":"Hexaghost","floor":16,"turns":6},{"damage":0,"enemies":"Spheric Guardian","floor":18,"turns":1},{"damage":16,"enemies":"2 Thieves","floor":20,"turns":2},{"damage":15,"enemies":"Sentry and Sphere","floor":21,"turns":3},{"damage":0,"enemies":"Snecko","floor":29,"turns":4},{"damage":36,"enemies":"Book of Stabbing","floor":30,"turns":4},{"damage":0,"enemies":"3 Cultists","floor":31,"turns":4},{"damage":59,"enemies":"Collector","floor":33,"turns":5}],"seed_played":"-3776357711446405431","potions_obtained":[],"is_trial":false,"path_per_floor":["M","$","?","?","$","R","M","M","T","E","M","R","E","M","R","B",null,"M","$","M","M","$","R","?","$","T","?","R","M","E","M","R","B"],"character_chosen":"WATCHER","items_purchased":["Mummified Hand","Medical Kit","Orichalcum","MentalFortress","Mayhem","Art of War","Toy Ornithopter","OrangePellets","Metamorphosis","Juzu Bracelet","Blue Candle","Membership Card","Wireheading","Finesse","MealTicket","Orrery","Eternal Feather","Matryoshka","Frozen Eye","Master of Strategy"],"campfire_rested":1,"item_purchase_floors":[2,2,2,2,2,5,5,5,5,19,19,19,19,19,22,22,25,25,25,25],"current_hp_per_floor":[70,70,70,70,70,70,70,70,70,46,37,60,60,43,43,27,66,66,66,50,47,47,47,47,62,62,39,39,39,15,27,39,0,0],"gold":3428,"neow_bonus":"BOSS_RELIC","is_daily":false,"chose_seed":false,"campfire_upgraded":5,"win_rate":0.0,"timestamp":1608073131,"path_taken":["M","$","?","?","$","R","?","M","T","E","?","R","E","M","R","BOSS","M","$","M","M","$","R","?","$","T","?","R","M","E","M","R","BOSS"],"items_purchased_type":["Relic","Relic","Relic","Card","Card","Relic","Relic","Relic","Card","Relic","Relic","Relic","Card","Card","Relic","Relic","Relic","Relic","Relic","Card"],"build_version":"2020-12-13","purchased_purges":5,"victory":false,"max_hp_per_floor":[72,72,72,72,72,72,72,72,72,79,79,79,79,79,79,79,79,79,79,79,79,79,79,79,79,79,39,39,39,39,39,39,39,39],"card_choices":[{"not_picked":["EmptyFist","Fasting2"],"picked":"FollowUp","floor":1},{"not_picked":["Protect","Conclude"],"picked":"FlurryOfBlows","floor":7},{"not_picked":["Halt","PathToVictory"],"picked":"SignatureMove","floor":8},{"not_picked":["Protect","Adaptation"],"picked":"Tantrum","floor":10},{"not_picked":["Wallop","Protect","SignatureMove"],"picked":"SKIP","floor":11},{"not_picked":["ConjureBlade","ThirdEye","Protect"],"picked":"SKIP","floor":13},{"not_picked":["PathToVictory","WindmillStrike"],"picked":"Perseverance","floor":14},{"not_picked":["Establishment","MasterReality"],"picked":"Ragnarok","floor":16},{"not_picked":["CrushJoints","BowlingBash","FlyingSleeves"],"picked":"SKIP","floor":18},{"not_picked":["Evaluate+1","Crescendo","EmptyBody"],"picked":"SKIP","floor":20},{"not_picked":["Study","EmptyBody","PathToVictory"],"picked":"SKIP","floor":21},{"not_picked":["PathToVictory+1","Meditate"],"picked":"Devotion","floor":22},{"not_picked":["Crescendo","SignatureMove+1","DeceiveReality+1"],"picked":"SKIP","floor":29},{"not_picked":["Adaptation","Crescendo+1"],"picked":"Weave","floor":30},{"not_picked":["ClearTheMind","Collect","Fasting2"],"picked":"SKIP","floor":31}],"player_experience":181970,"relics_obtained":[{"floor":9,"key":"Boot"},{"floor":10,"key":"Strawberry"},{"floor":13,"key":"Meat on the Bone"},{"floor":26,"key":"Smiling Mask"},{"floor":26,"key":"Vajra"},{"floor":30,"key":"Oddly Smooth Stone"},{"floor":30,"key":"The Courier"}],"event_choices":[{"damage_healed":0,"gold_gain":0,"player_choice":"Box","damage_taken":0,"relics_obtained":["Letter Opener"],"max_hp_gain":0,"max_hp_loss":0,"event_name":"Big Fish","floor":3,"gold_loss":0,"cards_obtained":["Regret"]},{"damage_healed":0,"gold_gain":0,"player_choice":"Bought 3 Potions","damage_taken":0,"max_hp_gain":0,"max_hp_loss":0,"event_name":"The Woman in Blue","floor":4,"gold_loss":0},{"damage_healed":0,"gold_gain":0,"player_choice":"Read","damage_taken":0,"max_hp_gain":0,"max_hp_loss":0,"event_name":"The Library","floor":24,"gold_loss":0,"cards_obtained":["BattleHymn"]},{"damage_healed":0,"gold_gain":0,"player_choice":"Became a Ghost","damage_taken":0,"max_hp_gain":0,"max_hp_loss":40,"event_name":"Ghosts","floor":27,"gold_loss":0,"cards_obtained":["Ghostly","Ghostly","Ghostly","Ghostly","Ghostly"]}],"is_beta":false,"boss_relics":[{"not_picked":["Tiny House","Pandora\u0027s Box"],"picked":"Black Star"}],"items_purged_floors":[2,5,19,22,25],"is_endless":false,"potions_floor_spawned":[7,8,14,16,29,30],"killed_by":"Collector","ascension_level":5}}