{"host":"7l2t4psy44vpcd9q","time":1608052871,"event":{"mods":["AchievementEnabler","BaseMod","DeckTracker","Minty Spire (QoL Compilation)","SuperFastMode"],"gold_per_floor":[110,110,121,121,136,136,151,176,200,200,216,216,247,263,263,341,341,352,364,81,81,81],"floor_reached":21,"playtime":886,"items_purged":[],"score":363,"play_id":"3b70a549-1b6b-48c3-92fe-b8d3ee2a13da","local_time":"20201216022111","is_ascension_mode":true,"campfire_choices":[{"data":"Rip and Tear","floor":6,"key":"SMITH"},{"floor":10,"key":"REST"},{"data":"Gash","floor":12,"key":"SMITH"},{"data":"Defragment","floor":15,"key":"SMITH"}],"circlet_count":0,"master_deck":["AscendersBane","Strike_B","Strike_B","Defend_B","Defend_B","Defend_B","Defend_B","Zap","Dualcast","FTL","Steam","Rip and Tear+1","Gash+1","Gash","Defragment+1","Double Energy","Gash","Fission","Auto Shields+1","Coolheaded","Self Repair","Go for the Eyes","Defragment","Beam Cell","Defragment","Redo+1"],"relics":["Cracked Core","Blood Vial","Happy Flower","Vajra","Empty Cage","Orrery"],"acts_visited":["Exordium","TheCity"],"potions_floor_usage":[8,13,16,16,21,21],"damage_taken":[{"damage":9,"enemies":"Jaw Worm","floor":1,"turns":3},{"damage":4,"enemies":"Small Slimes","floor":3,"turns":3},{"damage":0,"enemies":"Cultist","floor":5,"turns":3},{"damage":2,"enemies":"Blue Slaver","floor":7,"turns":3},{"damage":30,"enemies":"Gremlin Nob","floor":8,"turns":4},{"damage":6,"enemies":"Looter","floor":11,"turns":2},{"damage":24,"enemies":"Lagavulin","floor":13,"turns":4},{"damage":0,"enemies":"3 Louse","floor":14,"turns":1},{"damage":26,"enemies":"The Guardian","floor":16,"turns":8},{"damage":6,"enemies":"Spheric Guardian","floor":18,"turns":3},{"damage":28,"enemies":"3 Byrds","floor":19,"turns":6},{"damage":61,"enemies":"Snecko","floor":21,"turns":6}],"seed_played":"1494709099810125995","potions_obtained":[{"floor":4,"key":"CultistPotion"},{"floor":4,"key":"CultistPotion"},{"floor":13,"key":"CultistPotion"},{"floor":14,"key":"Weak Potion"},{"floor":16,"key":"Strength Potion"},{"floor":18,"key":"SpeedPotion"}],"is_trial":false,"path_per_floor":["M","?","M","?","M","R","M","E","T","R","M","R","E","M","R","B",null,"M","M","$","M"],"character_chosen":"DEFECT","items_purchased":["Coolheaded","Self Repair","Orrery"],"campfire_rested":1,"item_purchase_floors":[20,20,20],"current_hp_per_floor":[62,67,63,63,63,63,61,31,31,55,51,51,29,31,31,7,64,60,34,34,0,0],"gold":81,"neow_bonus":"TEN_PERCENT_HP_BONUS","is_daily":false,"chose_seed":false,"campfire_upgraded":3,"win_rate":0.0,"timestamp":1608052871,"path_taken":["M","?","M","?","M","R","?","E","T","R","M","R","E","M","R","BOSS","M","M","$","M"],"items_purchased_type":["Card","Card","Relic"],"build_version":"2020-12-13","purchased_purges":0,"victory":false,"max_hp_per_floor":[78,83,83,83,83,83,83,83,83,83,83,83,83,83,83,83,83,83,83,83,83,83],"card_choices":[{"not_picked":["Sweeping Beam","Barrage"],"picked":"FTL","floor":1},{"not_picked":["Leap","Hello World"],"picked":"Steam","floor":3},{"not_picked":["Self Repair","Doom and Gloom"],"picked":"Rip and Tear","floor":5},{"not_picked":["Steam Power","Barrage"],"picked":"Gash","floor":7},{"not_picked":["Steam","Genetic Algorithm"],"picked":"Gash","floor":8},{"not_picked":["Redo","Auto Shields"],"picked":"Defragment","floor":11},{"not_picked":["Leap","Force Field"],"picked":"Double Energy","floor":13},{"not_picked":["Tempest","Multi-Cast"],"picked":"Gash","floor":14},{"not_picked":["Core Surge","Machine Learning"],"picked":"Fission","floor":16},{"not_picked":["Double Energy","Hologram"],"picked":"Auto Shields+1","floor":18},{"not_picked":["Doom and Gloom","Rebound","Streamline"],"picked":"SKIP","floor":19},{"not_picked":["Hyperbeam","Barrage+1"],"picked":"Go for the Eyes","floor":20},{"not_picked":["Beam Cell","Stack"],"picked":"Defragment","floor":20},{"not_picked":["Melter","Go for the Eyes"],"picked":"Beam Cell","floor":20},{"not_picked":["Darkness","Heatsinks"],"picked":"Defragment","floor":20},{"not_picked":["Chaos","Steam"],"picked":"Redo+1","floor":20}],"player_experience":1090152,"relics_obtained":[{"floor":8,"key":"Blood Vial"},{"floor":9,"key":"Happy Flower"},{"floor":13,"key":"Vajra"}],"event_choices":[{"damage_healed":0,"gold_gain":0,"player_choice":"Donut","damage_taken":0,"max_hp_gain":5,"max_hp_loss":0,"event_name":"Big Fish","floor":2,"gold_loss":0},{"damage_healed":0,"gold_gain":0,"player_choice":"Got Potions","damage_taken":0,"max_hp_gain":0,"max_hp_loss":0,"event_name":"Lab","floor":4,"gold_loss":0}],"is_beta":false,"boss_relics":[{"not_picked":["Snecko Eye","FrozenCore"],"picked":"Empty Cage"}],"items_purged_floors":[],"is_endless":false,"potions_floor_spawned":[7,13,14,16,18],"killed_by":"Snecko","ascension_level":18}}