{"host":"7krnriczr1b2ou5r","time":1608070510,"event":{"mods":["BaseMod","Keyboard Shortcuts","Minty Spire (QoL Compilation)","Relic Stats","StSLib","The Dragon Tamer","The Poker Player"],"gold_per_floor":[115,65,85,160,180,180,180,180,180,196,209,9,9,19,19,116,116,136,136,51,63,63,63,96,96,96,107,7,17,17,31,31,134,134,148,148,167,177,225,225,55,78,127,16,16,33,13,27,27,27],"floor_reached":51,"playtime":1920,"items_purged":["DTMod:Strike","DTMod:Strike"],"score":757,"play_id":"6aa85e39-98fd-4171-b47d-437d049feb16","local_time":"20201216071510","is_ascension_mode":false,"metric_token":479,"campfire_choices":[{"data":"DTMod:Training","floor":6.0,"key":"SMITH"},{"data":"DTMod:Outburst","floor":8.0,"key":"SMITH"},{"data":"DTMod:DragonDance","floor":13.0,"key":"SMITH"},{"data":"DTMod:ShadowImage","floor":15.0,"key":"SMITH"},{"data":"DTMod:BurningForce","floor":23,"key":"SMITH"},{"data":"DTMod:HeatWave","floor":25,"key":"SMITH"},{"data":"DTMod:WarmUp","floor":32,"key":"SMITH"},{"data":"DTMod:Inferno","floor":40,"key":"SMITH"},{"floor":49,"key":"REST"}],"dtmod_dragon_data":[5,50,1,1,8,8],"circlet_count":0,"master_deck":["DTMod:Strike","DTMod:DoubleHit","DTMod:TargetDefense","DTMod:TargetDefense","DTMod:TargetDefense","DTMod:SwitchingTactic","DTMod:StarRain","DTMod:BuildUp","DTMod:Outburst+1","DTMod:Training+1","DTMod:DragonDance+1","DTMod:ShadowImage+1","DTMod:BlazingStrike","DTMod:WarmUp+1","DTMod:Inferno+1","CurseOfTheBell","DTMod:TagTeam+1","DTMod:BurningForce+1","DTMod:BurningEnergy+1","DTMod:Dissolve","DTMod:TagTeam"],"relics":["DTMod:PactStone","Darkstone Periapt","Calling Bell","Bag of Marbles","Letter Opener","CaptainsWheel","Nunchaku","Sundial","Pantograph","Busted Crown","Du-Vu Doll","Membership Card","Juzu Bracelet","Regal Pillow","Chemical X"],"acts_visited":["Exordium","TheCity","TheBeyond"],"potions_floor_usage":[24,24,24,33,37,37,48,50,50,50],"damage_taken":[{"damage":0.0,"enemies":"Jaw Worm","floor":1.0,"turns":3.0},{"damage":0.0,"enemies":"2 Louse","floor":3.0,"turns":2.0},{"damage":0.0,"enemies":"Cultist","floor":5.0,"turns":2.0},{"damage":2.0,"enemies":"Large Slime","floor":10.0,"turns":5.0},{"damage":0.0,"enemies":"Looter","floor":11.0,"turns":3.0},{"damage":0.0,"enemies":"2 Fungi Beasts","floor":14.0,"turns":4.0},{"damage":0.0,"enemies":"Hexaghost","floor":16.0,"turns":7.0},{"damage":4.0,"enemies":"Shell Parasite","floor":18.0,"turns":4.0},{"damage":0,"enemies":"Chosen","floor":21,"turns":5},{"damage":30,"enemies":"Gremlin Leader","floor":24,"turns":9},{"damage":0,"enemies":"Snake Plant","floor":27,"turns":3},{"damage":8,"enemies":"Centurion and Healer","floor":29,"turns":4},{"damage":0,"enemies":"Shelled Parasite and Fungi","floor":31,"turns":1},{"damage":24,"enemies":"Collector","floor":33,"turns":10},{"damage":0,"enemies":"3 Shapes","floor":35,"turns":1},{"damage":0,"enemies":"3 Darklings","floor":37,"turns":4},{"damage":0,"enemies":"Sphere and 2 Shapes","floor":38,"turns":4},{"damage":0,"enemies":"2 Orb Walkers","floor":39,"turns":3},{"damage":0,"enemies":"4 Shapes","floor":46,"turns":4},{"damage":1,"enemies":"Spire Growth","floor":48,"turns":3},{"damage":30,"enemies":"Donu and Deca","floor":50,"turns":5}],"seed_played":"-6297050414580200415","potions_obtained":[{"floor":3.0,"key":"ColorlessPotion"},{"floor":14.0,"key":"LiquidBronze"},{"floor":18.0,"key":"FearPotion"},{"floor":21,"key":"Fire Potion"},{"floor":24,"key":"Block Potion"},{"floor":33,"key":"FearPotion"},{"floor":35,"key":"Explosive Potion"},{"floor":39,"key":"LiquidBronze"},{"floor":46,"key":"LiquidBronze"},{"floor":48,"key":"Dexterity Potion"}],"is_trial":false,"path_per_floor":["M","?","M","?","M","R","?","R","T","M","M","$","R","M","R","B",null,"M","?","?","M","?","R","E","R","T","M","$","M","?","M","R","B",null,"M","?","M","M","?","R","$","T","T","$","?","M","$","M","R","B",null],"character_chosen":"THE_DT","items_purchased":["DTMod:BlazingStrike","DTMod:WarmUp","Membership Card","Block Potion","Chemical X","DTMod:Dissolve","DTMod:TagTeam"],"campfire_rested":1,"item_purchase_floors":[12,12,41,41,44,44,47],"current_hp_per_floor":[45,45,45,41,41,41,34,34,34,32,32,32,32,32,32,32,51,47,47,47,47,47,47,17,17,17,17,17,9,15,15,15,16,57,57,57,57,57,57,57,57,57,57,57,57,57,57,56,57,27],"gold":27,"neow_bonus":"THREE_CARDS","is_daily":false,"chose_seed":false,"campfire_upgraded":8,"win_rate":0.0,"timestamp":1608070510,"path_taken":["M","?","M","?","?","R","?","R","T","M","M","$","R","M","R","BOSS","M","?","?","M","?","R","E","R","T","M","$","M","?","M","R","BOSS","M","?","?","?","?","R","?","?","T","$","?","M","$","M","R","BOSS"],"items_purchased_type":["Card","Card","Relic","Potion","Relic","Card","Card"],"build_version":"2020-12-13","purchased_purges":2,"victory":true,"max_hp_per_floor":[45,45,45,45,45,45,45,45,45,45,45,45,45,45,45,45,51,51,51,51,51,51,51,51,51,51,51,51,51,57,57,57,57,57,57,57,57,57,57,57,57,57,57,57,57,57,57,57,57,57],"relic_stats":{"Darkstone Periapt":12,"Nunchaku":[8],"Regal Pillow":0,"Busted Crown":12,"counters":[21,86],"Sundial":[4],"Pantograph":25,"Juzu Bracelet":1,"Letter Opener":[35],"Chemical X":[4],"obtain_stats":[{"Darkstone Periapt":9,"Regal Pillow":43,"Juzu Bracelet":42,"Letter Opener":17,"Calling Bell":17,"Du-Vu Doll":39,"CaptainsWheel":17,"Nunchaku":20,"Busted Crown":34,"DTMod:PactStone":0,"Sundial":24,"Pantograph":26,"Bag of Marbles":17,"Membership Card":41,"Chemical X":44},{"Darkstone Periapt":3,"Regal Pillow":18,"Juzu Bracelet":18,"Letter Opener":7,"Calling Bell":7,"Du-Vu Doll":18,"CaptainsWheel":7,"Nunchaku":8,"Busted Crown":14,"DTMod:PactStone":0,"Sundial":10,"Pantograph":10,"Bag of Marbles":7,"Membership Card":18,"Chemical X":18},{"Darkstone Periapt":7,"Regal Pillow":74,"Juzu Bracelet":74,"Letter Opener":26,"Calling Bell":26,"Du-Vu Doll":74,"CaptainsWheel":26,"Nunchaku":30,"Busted Crown":62,"DTMod:PactStone":0,"Sundial":44,"Pantograph":44,"Bag of Marbles":26,"Membership Card":74,"Chemical X":74}]},"card_choices":[{"not_picked":["DTMod:Weaken","DTMod:Threaten"],"picked":"DTMod:StarRain","floor":0.0},{"not_picked":["DTMod:Threaten","DTMod:Feint"],"picked":"DTMod:BuildUp","floor":1.0},{"not_picked":["DTMod:Cover","DTMod:MagiciansMark"],"picked":"DTMod:Outburst","floor":3.0},{"not_picked":["DTMod:QuickFly","DTMod:CrossStep"],"picked":"DTMod:Training","floor":5.0},{"not_picked":["DTMod:MaximumCharge","DTMod:FlameSlash"],"picked":"DTMod:DragonDance","floor":10.0},{"not_picked":["DTMod:Hide","DTMod:HeatWave"],"picked":"DTMod:ShadowImage","floor":11.0},{"not_picked":["DTMod:ForkedFire","DTMod:BreakAttack"],"picked":"DTMod:HeatWave","floor":14.0},{"not_picked":["DTMod:ExcessFootwork","DTMod:OpeningTactic"],"picked":"DTMod:Inferno","floor":16.0},{"not_picked":["DTMod:Training","DTMod:Feint+1"],"picked":"DTMod:TagTeam+1","floor":18.0},{"not_picked":["DTMod:Overwhelm","DTMod:ForkedFire+1","DTMod:BlazingStrike"],"picked":"SKIP","floor":21},{"not_picked":["DTMod:Threaten+1","DTMod:BizarreTactic","DTMod:LowKick"],"picked":"SKIP","floor":24},{"not_picked":["DTMod:TauntingStrike","DTMod:Feint","DTMod:HeatWave"],"picked":"SKIP","floor":27},{"not_picked":["DTMod:CleansingStrike","DTMod:Outburst","DTMod:SneakAttack"],"picked":"SKIP","floor":29},{"not_picked":["DTMod:FlameSlash","DTMod:Punisher+1","DTMod:SneakAttack+1"],"picked":"SKIP","floor":31},{"not_picked":["DTMod:DeepFocus"],"picked":"SKIP","floor":35},{"not_picked":["DTMod:DeepFocus"],"picked":"SKIP","floor":35},{"not_picked":[],"picked":"DTMod:BurningEnergy+1","floor":37},{"not_picked":["DTMod:BreakAttack"],"picked":"SKIP","floor":38},{"not_picked":["DTMod:Hide+1"],"picked":"SKIP","floor":46},{"not_picked":["DTMod:Threaten"],"picked":"SKIP","floor":48}],"player_experience":1095178,"relics_obtained":[{"floor":9.0,"key":"Darkstone Periapt"},{"floor":17.0,"key":"Bag of Marbles"},{"floor":17.0,"key":"Letter Opener"},{"floor":17.0,"key":"CaptainsWheel"},{"floor":24,"key":"Sundial"},{"floor":26,"key":"Pantograph"},{"floor":39,"key":"Du-Vu Doll"},{"floor":42,"key":"Juzu Bracelet"},{"floor":43,"key":"Regal Pillow"}],"event_choices":[{"cards_removed":["DTMod:Strike"],"damage_healed":0.0,"max_hp_gain":0.0,"max_hp_loss":0.0,"gold_gain":0.0,"event_name":"The Cleric","player_choice":"Card Removal","floor":2.0,"gold_loss":50.0,"damage_taken":0.0},{"damage_healed":0.0,"max_hp_gain":0.0,"max_hp_loss":0.0,"gold_gain":75.0,"event_name":"FaceTrader","player_choice":"Touch","floor":4.0,"gold_loss":0.0,"damage_taken":4.0},{"cards_removed":["DTMod:TargetDefense"],"damage_healed":0.0,"max_hp_gain":0.0,"max_hp_loss":0.0,"gold_gain":0.0,"event_name":"Golden Wing","player_choice":"Card Removal","floor":7.0,"gold_loss":0.0,"damage_taken":7.0},{"damage_healed":0,"gold_gain":0,"player_choice":"Ignored","damage_taken":0,"max_hp_gain":0,"max_hp_loss":0,"event_name":"Cursed Tome","floor":19,"gold_loss":0},{"damage_healed":0,"gold_gain":0,"player_choice":"Obtained Relic","damage_taken":0,"relics_obtained":["Nunchaku"],"max_hp_gain":0,"max_hp_loss":0,"event_name":"Addict","floor":20,"gold_loss":85},{"damage_healed":0,"gold_gain":0,"player_choice":"Read","damage_taken":0,"max_hp_gain":0,"max_hp_loss":0,"event_name":"The Library","floor":22,"gold_loss":0,"cards_obtained":["DTMod:BurningForce"]},{"damage_healed":0,"gold_gain":0,"player_choice":"Smashed Altar","damage_taken":0,"max_hp_gain":0,"max_hp_loss":0,"event_name":"Forgotten Altar","floor":30,"gold_loss":0,"cards_obtained":["Decay"]},{"cards_removed":["Decay"],"damage_healed":0,"gold_gain":0,"player_choice":"Removed Curses","damage_taken":0,"max_hp_gain":0,"max_hp_loss":0,"event_name":"Fountain of Cleansing","floor":36,"gold_loss":0},{"damage_healed":0,"gold_gain":0,"player_choice":"Fight","damage_taken":0,"max_hp_gain":0,"max_hp_loss":0,"event_name":"Mysterious Sphere","floor":39,"gold_loss":0},{"cards_removed":["DTMod:HeatWave"],"damage_healed":0,"gold_gain":0,"player_choice":"Removed Attack","damage_taken":0,"max_hp_gain":0,"max_hp_loss":0,"event_name":"Falling","floor":45,"gold_loss":0}],"is_beta":false,"boss_relics":[{"not_picked":["Astrolabe","Fusion Hammer"],"picked":"Calling Bell"},{"not_picked":["DTMod:TheChair","Runic Pyramid"],"picked":"Busted Crown"}],"items_purged_floors":[12,28],"is_endless":false,"potions_floor_spawned":[3,14,18,21,24,33,35,39,46,48],"ascension_level":0}}