{"host":"jwbw4f4imxd0v0b0","time":1608006836,"event":{"mods":["BaseMod","Colored Map","Highlight Path","Minty Spire (QoL Compilation)","Relic Stats","StSLib"],"gold_per_floor":[112,122,122,142,153,183,183,199,199,199,28,44,58,77,77,172,172,184,170,170,187,199,225,324,324,324,342,353,386,386,401,401,499,499,509,519,869,869,885,885,901,901,978,978,998,998,1027,1027,1027,1027,1027,1027,90,123,123],"floor_reached":56,"playtime":4523,"items_purged":["Grand Finale"],"score":1250,"play_id":"8e1e12e6-30bc-45dc-9c0b-44a2167f1b90","local_time":"20201214223356","is_ascension_mode":false,"campfire_choices":[{"data":"Blade Dance","floor":7.0,"key":"SMITH"},{"data":"Poisoned Stab","floor":10.0,"key":"SMITH"},{"data":"Apotheosis","floor":15.0,"key":"SMITH"},{"data":"Footwork","floor":30.0,"key":"SMITH"},{"floor":32.0,"key":"REST"},{"floor":40.0,"key":"REST"},{"floor":42.0,"key":"REST"},{"floor":46.0,"key":"REST"},{"floor":49,"key":"RECALL"},{"data":"Night Terror","floor":52,"key":"SMITH"}],"circlet_count":0,"master_deck":["Strike_G+1","Strike_G+1","Strike_G+1","Strike_G+1","Defend_G+1","Defend_G+1","Defend_G+1","Defend_G+1","Defend_G+1","Survivor","Neutralize","Leg Sweep","Blade Dance+1","Night Terror+1","Poisoned Stab+1","PiercingWail","Deadly Poison","Apotheosis+1","Envenom","Footwork+1","Expertise","A Thousand Cuts","PiercingWail","Malaise","PiercingWail","Well Laid Plans","Night Terror","Backflip+1","Dodge and Roll","Noxious Fumes","Acrobatics","PiercingWail","Accuracy","Blur","Noxious Fumes+1","Venomology","Noxious Fumes","Thinking Ahead","Crippling Poison","After Image"],"relics":["Ring of the Snake","Potion Belt","SlaversCollar","Nloth\u0027s Gift","Mummified Hand","InkBottle","Prayer Wheel","Runic Dome","Old Coin","FossilizedHelix","Turnip","ClockworkSouvenir","Thread and Needle"],"acts_visited":["Exordium","TheCity","TheBeyond","TheEnding"],"potions_floor_usage":[47,54,55,55,55],"damage_taken":[{"damage":0.0,"enemies":"Small Slimes","floor":1.0,"turns":5.0},{"damage":1.0,"enemies":"Cultist","floor":2.0,"turns":6.0},{"damage":0.0,"enemies":"Jaw Worm","floor":4.0,"turns":3.0},{"damage":5.0,"enemies":"Gremlin Gang","floor":5.0,"turns":3.0},{"damage":34.0,"enemies":"Lagavulin","floor":6.0,"turns":9.0},{"damage":0.0,"enemies":"Looter","floor":8.0,"turns":4.0},{"damage":1.0,"enemies":"Blue Slaver","floor":12.0,"turns":4.0},{"damage":2.0,"enemies":"Exordium Thugs","floor":13.0,"turns":7.0},{"damage":0.0,"enemies":"Large Slime","floor":14.0,"turns":5.0},{"damage":12.0,"enemies":"Slime Boss","floor":16.0,"turns":10.0},{"damage":6.0,"enemies":"Spheric Guardian","floor":18.0,"turns":8.0},{"damage":3.0,"enemies":"2 Thieves","floor":19.0,"turns":4.0},{"damage":8.0,"enemies":"Snecko","floor":21.0,"turns":5.0},{"damage":17.0,"enemies":"Snake Plant","floor":22.0,"turns":6.0},{"damage":4.0,"enemies":"Book of Stabbing","floor":23.0,"turns":7.0},{"damage":0.0,"enemies":"Cultist and Chosen","floor":27.0,"turns":7.0},{"damage":4.0,"enemies":"Snecko","floor":28.0,"turns":9.0},{"damage":1.0,"enemies":"Gremlin Leader","floor":29.0,"turns":9.0},{"damage":4.0,"enemies":"Shelled Parasite and Fungi","floor":31.0,"turns":10.0},{"damage":15.0,"enemies":"Collector","floor":33.0,"turns":13.0},{"damage":19.0,"enemies":"3 Darklings","floor":35.0,"turns":6.0},{"damage":8.0,"enemies":"Orb Walker","floor":36.0,"turns":5.0},{"damage":9.0,"enemies":"Mind Bloom Boss Battle","floor":37.0,"turns":8.0},{"damage":25.0,"enemies":"Sphere and 2 Shapes","floor":39.0,"turns":9.0},{"damage":18.0,"enemies":"Transient","floor":41.0,"turns":5.0},{"damage":1.0,"enemies":"4 Shapes","floor":45.0,"turns":3.0},{"damage":29,"enemies":"Giant Head","floor":47,"turns":8},{"damage":12,"enemies":"Time Eater","floor":50,"turns":15},{"damage":0,"enemies":"Shield and Spear","floor":54,"turns":8},{"damage":6,"enemies":"The Heart","floor":55,"turns":14}],"seed_played":"640387455789603277","potions_obtained":[{"floor":2.0,"key":"SteroidPotion"},{"floor":4.0,"key":"AttackPotion"},{"floor":8.0,"key":"CunningPotion"},{"floor":12.0,"key":"DistilledChaos"},{"floor":16.0,"key":"Weak Potion"},{"floor":19.0,"key":"DistilledChaos"},{"floor":22.0,"key":"SkillPotion"},{"floor":23.0,"key":"Explosive Potion"},{"floor":28.0,"key":"Strength Potion"},{"floor":29.0,"key":"Poison Potion"},{"floor":37.0,"key":"Poison Potion"},{"floor":45.0,"key":"AttackPotion"}],"is_trial":false,"path_per_floor":["M","M","?","M","M","E","R","M","T","R","$","M","M","M","R","B",null,"M","M","?","M","M","E","?","?","T","M","M","E","R","M","R","B",null,"M","M","?","?","M","R","M","R","T","?","M","R","E","?","R","B",null,"R","$","E","B",null],"character_chosen":"THE_SILENT","items_purchased":["Apotheosis","Turnip","ClockworkSouvenir","FairyPotion","Noxious Fumes","Thinking Ahead","Crippling Poison"],"campfire_rested":4,"item_purchase_floors":[11,53,53,53,53,53,53],"current_hp_per_floor":[70,69,69,69,64,30,30,30,30,30,30,29,27,27,27,15,70,64,61,61,53,36,32,32,32,32,32,28,27,27,23,44,29,70,51,43,34,34,9,30,12,33,33,33,32,53,24,24,24,12,70,70,70,70,64],"gold":123,"neow_bonus":"ONE_RANDOM_RARE_CARD","is_daily":false,"chose_seed":false,"campfire_upgraded":5,"win_rate":0.0,"timestamp":1608006836,"path_taken":["M","M","?","?","M","E","R","M","T","R","$","M","M","M","R","BOSS","M","M","?","M","?","E","?","?","T","?","M","E","R","M","R","BOSS","M","M","?","?","M","R","M","R","T","?","M","R","E","?","R","BOSS","R","$","E","BOSS"],"items_purchased_type":["Card","Relic","Relic","Potion","Card","Card","Card"],"build_version":"2020-12-13","purchased_purges":1,"victory":true,"max_hp_per_floor":[70,70,70,70,70,70,70,70,70,70,70,70,70,70,70,70,70,70,70,70,70,70,70,70,70,70,70,70,70,70,70,70,70,70,70,70,70,70,70,70,70,70,70,70,70,70,70,70,70,70,70,70,70,70,70],"relic_stats":{"counters":[30,215],"Mummified Hand":[109],"Prayer Wheel":6,"Turnip":[2],"Nloth\u0027s Gift":4,"obtain_stats":[{"Potion Belt":6,"Thread and Needle":54,"Ginger":9,"Old Coin":37,"ClockworkSouvenir":53,"SlaversCollar":17,"Runic Dome":34,"Mummified Hand":23,"Prayer Wheel":29,"Turnip":53,"Nloth\u0027s Gift":20,"InkBottle":26,"FossilizedHelix":47,"Ring of the Snake":0},{"Potion Belt":5,"Thread and Needle":29,"Ginger":6,"Old Coin":23,"ClockworkSouvenir":28,"SlaversCollar":10,"Runic Dome":20,"Mummified Hand":15,"Prayer Wheel":18,"Turnip":28,"Nloth\u0027s Gift":12,"InkBottle":15,"FossilizedHelix":27,"Ring of the Snake":0},{"Potion Belt":26,"Thread and Needle":201,"Ginger":30,"Old Coin":153,"ClockworkSouvenir":193,"SlaversCollar":56,"Runic Dome":134,"Mummified Hand":86,"Prayer Wheel":111,"Turnip":193,"Nloth\u0027s Gift":68,"InkBottle":86,"FossilizedHelix":178,"Ring of the Snake":0}],"InkBottle":[62],"Ring of the Snake":[60]},"card_choices":[{"not_picked":["Cloak And Dagger","Slice"],"picked":"Leg Sweep","floor":1.0},{"not_picked":["Escape Plan","Underhanded Strike"],"picked":"Blade Dance","floor":2.0},{"not_picked":["Underhanded Strike","Bane","Unload"],"picked":"SKIP","floor":4.0},{"not_picked":["Blur","Escape Plan"],"picked":"Poisoned Stab","floor":5.0},{"not_picked":["Backflip","Slice"],"picked":"PiercingWail","floor":6.0},{"not_picked":["Poisoned Stab","Predator"],"picked":"Deadly Poison","floor":8.0},{"not_picked":["Underhanded Strike","Choke"],"picked":"Envenom","floor":12.0},{"not_picked":["Dagger Spray","Bouncing Flask"],"picked":"Footwork","floor":13.0},{"not_picked":["Blade Dance","Predator"],"picked":"Expertise","floor":14.0},{"not_picked":["Grand Finale","Night Terror"],"picked":"A Thousand Cuts","floor":16.0},{"not_picked":["Finisher","Setup"],"picked":"PiercingWail","floor":18.0},{"not_picked":["Poisoned Stab+1","Eviscerate","Dagger Spray"],"picked":"SKIP","floor":19.0},{"not_picked":["Acrobatics","Bane+1"],"picked":"Malaise","floor":21.0},{"not_picked":["Slice","Expertise"],"picked":"PiercingWail","floor":22.0},{"not_picked":["Dodge and Roll","Deflect"],"picked":"Well Laid Plans","floor":23.0},{"not_picked":["Quick Slash","Setup+1"],"picked":"Night Terror","floor":27.0},{"not_picked":["Deadly Poison+1","Blur"],"picked":"Backflip+1","floor":28.0},{"not_picked":["Terror","Bane"],"picked":"Dodge and Roll","floor":29.0},{"not_picked":["Flying Knee","Unload"],"picked":"Noxious Fumes","floor":31.0},{"not_picked":["Deflect","Terror","Dagger Throw"],"picked":"SKIP","floor":31.0},{"not_picked":["Storm of Steel","Die Die Die"],"picked":"Glass Knife","floor":33.0},{"not_picked":["Prepared","Sucker Punch+1"],"picked":"Acrobatics","floor":35.0},{"not_picked":["Dagger Throw","Deflect","Flying Knee+1"],"picked":"SKIP","floor":35.0},{"not_picked":["Bouncing Flask","Terror"],"picked":"PiercingWail","floor":36.0},{"not_picked":["Tactician","Corpse Explosion","Storm of Steel"],"picked":"SKIP","floor":36.0},{"not_picked":["Blade Dance","Dash"],"picked":"Accuracy","floor":37.0},{"not_picked":["Dagger Spray+1","Cloak And Dagger+1"],"picked":"Blur","floor":39.0},{"not_picked":["Reflex","Bane+1","Prepared+1"],"picked":"SKIP","floor":39.0},{"not_picked":["Quick Slash+1","Storm of Steel","Deflect"],"picked":"SKIP","floor":41.0},{"not_picked":["Bouncing Flask+1","Slice+1","Quick Slash"],"picked":"SKIP","floor":41.0},{"not_picked":["Outmaneuver","Endless Agony"],"picked":"Noxious Fumes+1","floor":45.0},{"not_picked":["Dagger Throw","Cloak And Dagger+1","Deflect"],"picked":"SKIP","floor":45.0},{"not_picked":["Dash","Dagger Throw+1"],"picked":"Venomology","floor":47},{"not_picked":["Slice+1","Bane+1"],"picked":"After Image","floor":54}],"player_experience":926283,"relics_obtained":[{"floor":6.0,"key":"Potion Belt"},{"floor":9.0,"key":"Ginger"},{"floor":23.0,"key":"Mummified Hand"},{"floor":26.0,"key":"InkBottle"},{"floor":29.0,"key":"Prayer Wheel"},{"floor":37.0,"key":"Old Coin"},{"floor":47,"key":"FossilizedHelix"},{"floor":54,"key":"Thread and Needle"}],"event_choices":[{"damage_healed":0.0,"max_hp_gain":0.0,"max_hp_loss":0.0,"gold_gain":0.0,"cards_transformed":["Strike_G"],"event_name":"Transmorgrifier","player_choice":"Transformed","floor":3.0,"gold_loss":0.0,"damage_taken":0.0,"cards_obtained":["Night Terror"]},{"damage_healed":0.0,"max_hp_gain":0.0,"max_hp_loss":0.0,"gold_gain":0.0,"event_name":"N\u0027loth","player_choice":"Traded Relic","floor":20.0,"relics_lost":["Ginger"],"gold_loss":0.0,"damage_taken":0.0,"relics_obtained":["Nloth\u0027s Gift"]},{"damage_healed":0.0,"max_hp_gain":0.0,"max_hp_loss":0.0,"gold_gain":99.0,"event_name":"Nest","player_choice":"Stole From Cult","floor":24.0,"gold_loss":0.0,"damage_taken":0.0},{"damage_healed":0.0,"max_hp_gain":0.0,"max_hp_loss":0.0,"gold_gain":0.0,"event_name":"Back to Basics","player_choice":"Simplicity","floor":25.0,"gold_loss":0.0,"damage_taken":0.0,"cards_upgraded":["Strike_G","Strike_G","Strike_G","Strike_G","Defend_G","Defend_G","Defend_G","Defend_G","Defend_G"]},{"damage_healed":0.0,"max_hp_gain":0.0,"max_hp_loss":0.0,"gold_gain":0.0,"event_name":"MindBloom","player_choice":"Fight","floor":37.0,"gold_loss":0.0,"damage_taken":0.0},{"cards_removed":["Glass Knife"],"damage_healed":0.0,"max_hp_gain":0.0,"max_hp_loss":0.0,"gold_gain":0.0,"event_name":"Falling","player_choice":"Removed Attack","floor":38.0,"gold_loss":0.0,"damage_taken":0.0},{"damage_healed":0.0,"max_hp_gain":0.0,"max_hp_loss":0.0,"gold_gain":0.0,"event_name":"Mysterious Sphere","player_choice":"Ignored","floor":44.0,"gold_loss":0.0,"damage_taken":0.0},{"damage_healed":0,"gold_gain":0,"player_choice":"Ignored","damage_taken":0,"max_hp_gain":0,"max_hp_loss":0,"event_name":"Tomb of Lord Red Mask","floor":48,"gold_loss":0}],"is_beta":false,"boss_relics":[{"not_picked":["Sozu","Black Star"],"picked":"SlaversCollar"},{"not_picked":["Velvet Choker","Empty Cage"],"picked":"Runic Dome"}],"items_purged_floors":[53],"is_endless":false,"potions_floor_spawned":[2,4,8,12,16,19,22,23,28,29,37,45],"ascension_level":0}}