{"host":"sav7uxregyirlf69","time":1608033845,"event":{"mods":["AchievementEnabler","BaseMod","Colored Map","DeckTracker","Keyboard Shortcuts","Minty Spire (QoL Compilation)","READ ME - Guardian Mod","StSLib","SuperFastMode"],"gold_per_floor":[109,125,200,200,200,236,250,250,250,98,113,38,38,76,76,169,169,185,185,203,203,203],"floor_reached":21,"playtime":381,"items_purged":["Strike_P"],"score":374,"play_id":"a5a773d7-39e6-4f02-8f29-552a34dcd48e","local_time":"20201215210405","is_ascension_mode":true,"campfire_choices":[{"data":"Eruption","floor":8.0,"key":"SMITH"},{"floor":13.0,"key":"REST"},{"floor":15.0,"key":"REST"}],"circlet_count":0,"master_deck":["AscendersBane","Strike_P","Strike_P","Defend_P","Defend_P","Defend_P","Eruption+1","Vigilance","Tantrum","MentalFortress","Meditate","WheelKick","Adaptation","DeusExMachina","Adaptation"],"relics":["Black Star","Golden Idol","Turnip","Kunai","Pen Nib","Strawberry","VioletLotus"],"acts_visited":["Exordium","TheCity"],"potions_floor_usage":[21],"damage_taken":[{"damage":2.0,"enemies":"Jaw Worm","floor":1.0,"turns":3.0},{"damage":10.0,"enemies":"2 Louse","floor":2.0,"turns":3.0},{"damage":12.0,"enemies":"Lagavulin","floor":6.0,"turns":5.0},{"damage":2.0,"enemies":"Cultist","floor":7.0,"turns":4.0},{"damage":6.0,"enemies":"Looter","floor":11.0,"turns":3.0},{"damage":26.0,"enemies":"3 Sentries","floor":14.0,"turns":5.0},{"damage":7.0,"enemies":"The Guardian","floor":16.0,"turns":8.0},{"damage":14.0,"enemies":"Chosen","floor":18.0,"turns":3.0},{"damage":27,"enemies":"Shell Parasite","floor":20,"turns":4},{"damage":18,"enemies":"Cultist and Chosen","floor":21,"turns":2}],"seed_played":"-8098004479526872692","potions_obtained":[{"floor":1.0,"key":"Dexterity Potion"},{"floor":6.0,"key":"DuplicationPotion"},{"floor":7.0,"key":"AttackPotion"},{"floor":16.0,"key":"PowerPotion"},{"floor":20,"key":"SkillPotion"}],"is_trial":false,"path_per_floor":["M","M","?","?","?","E","M","R","T","$","M","?","R","E","R","B",null,"M","?","M","M"],"character_chosen":"WATCHER","items_purchased":["Adaptation"],"campfire_rested":2,"item_purchase_floors":[10],"current_hp_per_floor":[59,49,38,38,31,19,17,17,17,17,11,11,29,10,30,23,58,44,44,17,0,0],"gold":203,"neow_bonus":"BOSS_RELIC","is_daily":false,"chose_seed":false,"campfire_upgraded":1,"win_rate":0.0,"timestamp":1608033845,"path_taken":["M","M","?","?","?","E","M","R","T","?","?","?","R","E","R","BOSS","M","?","M","?"],"items_purchased_type":["Card"],"build_version":"2020-12-13","purchased_purges":1,"victory":false,"max_hp_per_floor":[68,68,68,62,62,62,62,62,62,62,62,62,62,69,69,69,69,69,69,69,69,69],"card_choices":[{"not_picked":["BowlingBash","Vengeance"],"picked":"Tantrum","floor":1.0},{"not_picked":["EmptyFist","Vengeance"],"picked":"MentalFortress","floor":2.0},{"not_picked":["Sanctity","Worship"],"picked":"Meditate","floor":6.0},{"not_picked":["FollowUp","JustLucky"],"picked":"WheelKick","floor":7.0},{"not_picked":["CarveReality","CutThroughFate","FlurryOfBlows"],"picked":"SKIP","floor":11.0},{"not_picked":["ForeignInfluence","WheelKick","Worship"],"picked":"SKIP","floor":14.0},{"not_picked":["Devotion","Alpha"],"picked":"DeusExMachina","floor":16.0},{"not_picked":["FlyingSleeves","ForeignInfluence","Protect"],"picked":"SKIP","floor":18.0},{"not_picked":["Adaptation","Wireheading","FlyingSleeves"],"picked":"SKIP","floor":20}],"player_experience":912838,"relics_obtained":[{"floor":6.0,"key":"Turnip"},{"floor":6.0,"key":"Kunai"},{"floor":14.0,"key":"Pen Nib"},{"floor":14.0,"key":"Strawberry"}],"event_choices":[{"damage_healed":0.0,"max_hp_gain":0.0,"max_hp_loss":0.0,"gold_gain":75.0,"event_name":"World of Goop","player_choice":"Gather Gold","floor":3.0,"gold_loss":0.0,"damage_taken":11.0},{"damage_healed":0.0,"max_hp_gain":0.0,"max_hp_loss":6.0,"gold_gain":0.0,"event_name":"Golden Idol","player_choice":"Lose Max HP","floor":4.0,"gold_loss":0.0,"damage_taken":0.0,"relics_obtained":["Golden Idol"]},{"cards_removed":["Defend_P"],"damage_healed":0.0,"max_hp_gain":0.0,"max_hp_loss":0.0,"gold_gain":0.0,"event_name":"Golden Wing","player_choice":"Card Removal","floor":5.0,"gold_loss":0.0,"damage_taken":7.0},{"cards_removed":["Strike_P"],"damage_healed":0.0,"max_hp_gain":0.0,"max_hp_loss":0.0,"gold_gain":0.0,"event_name":"The Cleric","player_choice":"Card Removal","floor":12.0,"gold_loss":75.0,"damage_taken":0.0},{"damage_healed":0.0,"max_hp_gain":0.0,"max_hp_loss":0.0,"gold_gain":0.0,"event_name":"Duplicator","player_choice":"Copied","floor":19.0,"gold_loss":0.0,"damage_taken":0.0,"cards_obtained":["Adaptation"]}],"is_beta":false,"boss_relics":[{"not_picked":["Runic Dome","Empty Cage"],"picked":"VioletLotus"}],"items_purged_floors":[10],"is_endless":false,"potions_floor_spawned":[1,6,7,16,20],"killed_by":"Cultist and Chosen","ascension_level":20}}