{"host":"h0xw20cia6ppa69g","time":1608026720,"event":{"mods":["AchievementEnabler","BaseMod","Colored Map","Filter the Spire","Googly Eyes","Minty Spire (QoL Compilation)","Relic Stats","StSLib","The Awakened One except there are too many feathers","everything is the same but u backflip on backflip"],"gold_per_floor":[117,117,117,117,38,38,73,73,73,109,123,161,161,261,261,385,385,410,491,515,533,548,548,584,584,584,534,570,570,614,645,657,793,868,899,797,874,892,424,462,487,487,512,512,512,875,435,435,435,435,435,435,49,83,83],"floor_reached":56,"playtime":2587,"items_purged":[],"score":1470,"play_id":"dbb4b3f1-cf11-40c3-a498-9d3f59ec7516","local_time":"20201215040520","is_ascension_mode":true,"campfire_choices":[{"data":"Sunder","floor":6,"key":"SMITH"},{"data":"Creative AI","floor":8,"key":"SMITH"},{"data":"Heatsinks","floor":15,"key":"SMITH"},{"data":"Reinforced Body","floor":23,"key":"SMITH"},{"data":"Chill","floor":25,"key":"SMITH"},{"data":"Lockon","floor":29,"key":"SMITH"},{"floor":32,"key":"REST"},{"floor":42,"key":"RECALL"},{"data":"Force Field","floor":44,"key":"SMITH"},{"data":"Consume","floor":49,"key":"SMITH"},{"data":"Hologram","floor":52,"key":"SMITH"}],"circlet_count":0,"master_deck":["Dualcast","Meteor Strike","Creative AI+1","Force Field","Rainbow","Scrape","Capacitor","Reinforced Body+1","Heatsinks+1","Conserve Battery","Sunder+1","Storm","Chill+1","Sweeping Beam","Meteor Strike","Loop+1","Coolheaded+1","Force Field+1","Skim","Lockon+1","Leap","Meteor Strike+1","Glacier","Self Repair","Capacitor+1","Hologram+1","Aggregate+1","Enlightenment","Consume+1","Trip"],"relics":["Pandora\u0027s Box","Golden Idol","Emotion Chip","Bag of Marbles","Tiny Chest","Torii","Sozu","Sundial","Dead Branch","Cables","Regal Pillow","MawBank","Tiny House","OrangePellets","PreservedInsect","Pen Nib","Centennial Puzzle","Vajra","Anchor","Old Coin","Strange Spoon","Ginger","Letter Opener","PrismaticShard","FossilizedHelix"],"acts_visited":["Exordium","TheCity","TheBeyond","TheEnding"],"potions_floor_usage":[46,55,55],"damage_taken":[{"damage":0.0,"enemies":"Small Slimes","floor":1.0,"turns":5.0},{"damage":24,"enemies":"3 Sentries","floor":7,"turns":5},{"damage":0,"enemies":"Lagavulin","floor":10,"turns":6},{"damage":0,"enemies":"Cultist","floor":11,"turns":1},{"damage":15,"enemies":"Gremlin Nob","floor":12,"turns":6},{"damage":0,"enemies":"Hexaghost","floor":16,"turns":8},{"damage":9,"enemies":"Shell Parasite","floor":18,"turns":5},{"damage":2,"enemies":"Spheric Guardian","floor":20,"turns":5},{"damage":1,"enemies":"Chosen and Byrds","floor":21,"turns":4},{"damage":1,"enemies":"Shelled Parasite and Fungi","floor":22,"turns":4},{"damage":13,"enemies":"Book of Stabbing","floor":24,"turns":7},{"damage":6,"enemies":"Slavers","floor":28,"turns":4},{"damage":20,"enemies":"Gremlin Leader","floor":30,"turns":5},{"damage":0,"enemies":"Cultist and Chosen","floor":31,"turns":5},{"damage":31,"enemies":"Collector","floor":33,"turns":7},{"damage":0,"enemies":"3 Shapes","floor":35,"turns":4},{"damage":8,"enemies":"3 Darklings","floor":38,"turns":6},{"damage":42,"enemies":"Nemesis","floor":40,"turns":7},{"damage":0,"enemies":"Mind Bloom Boss Battle","floor":46,"turns":8},{"damage":0,"enemies":"Donu and Deca","floor":50,"turns":8},{"damage":19,"enemies":"Shield and Spear","floor":54,"turns":5},{"damage":15,"enemies":"The Heart","floor":55,"turns":11}],"seed_played":"-1000844421213763468","potions_obtained":[{"floor":1.0,"key":"Dexterity Potion"},{"floor":7,"key":"LiquidMemories"},{"floor":10,"key":"SpeedPotion"}],"is_trial":false,"path_per_floor":["M","?","?","?","$","R","E","R","T","E","M","E","?","?","R","B",null,"M","T","M","M","M","R","E","R","T","?","E","R","E","M","R","B",null,"M","$","T","M","$","E","T","R","T","R","?","?","$","?","R","B",null,"R","$","E","B",null],"character_chosen":"DEFECT","items_purchased":["Sunder","Glacier","Self Repair","OrangePellets","PreservedInsect","Pen Nib","Hologram","Strange Spoon","Ginger","Letter Opener","PrismaticShard"],"campfire_rested":1,"item_purchase_floors":[5,36,36,39,39,39,39,47,47,53,53],"current_hp_per_floor":[75,57,57,57,57,57,33,33,33,33,33,18,18,18,18,18,75,66,66,64,63,62,62,49,49,49,49,43,43,23,23,60,29,80,80,80,80,79,79,44,44,44,44,44,34,41,41,41,41,48,80,80,80,68,60],"gold":83,"neow_bonus":"BOSS_RELIC","is_daily":false,"chose_seed":false,"campfire_upgraded":9,"win_rate":0.0,"timestamp":1608026720,"path_taken":["M","?","?","?","$","R","E","R","T","E","?","E","?","?","R","BOSS","M","?","M","?","M","R","E","R","T","?","E","R","E","M","R","BOSS","M","$","?","M","$","E","?","R","T","R","?","?","$","?","R","BOSS","R","$","E","BOSS"],"items_purchased_type":["Card","Card","Card","Relic","Relic","Relic","Card","Relic","Relic","Relic","Relic"],"build_version":"2020-12-13","purchased_purges":0,"victory":true,"max_hp_per_floor":[75,75,75,75,75,75,75,75,75,75,75,75,75,75,75,75,75,75,75,75,75,75,75,75,75,75,75,75,75,75,75,75,75,80,80,80,80,80,80,80,80,80,80,80,80,80,80,80,80,80,80,80,80,80,80],"relic_stats":{"Regal Pillow":15,"Torii":41,"counters":[22,125],"Golden Idol":218,"Dead Branch":[36],"PreservedInsect":115,"Pen Nib":[4],"Ginger":[2],"Letter Opener":[55],"MawBank":72,"Cables":[78,35,34,3,6],"Sozu":4,"OrangePellets":[7],"Strange Spoon":[4],"Emotion Chip":[91,45,31,6,9],"Centennial Puzzle":[6],"Sundial":[24],"Pandora\u0027s Box":["Meteor Strike","Scrape","Creative AI","Force Field","Rainbow","Scrape","Capacitor","Reinforced Body"],"Tiny Chest":2,"obtain_stats":[{"Regal Pillow":28,"Tiny House":34,"Torii":12,"Vajra":41,"Ginger":47,"PrismaticShard":53,"Old Coin":46,"Sozu":17,"Emotion Chip":7,"Centennial Puzzle":40,"Sundial":19,"Tiny Chest":10,"Cracked Core":0,"Golden Idol":2,"Dead Branch":24,"PreservedInsect":39,"Pen Nib":39,"Letter Opener":53,"MawBank":30,"Cables":26,"OrangePellets":39,"Strange Spoon":47,"Anchor":43,"Pandora\u0027s Box":0,"Bag of Marbles":9,"FossilizedHelix":54},{"Regal Pillow":12,"Tiny House":15,"Torii":5,"Vajra":18,"Ginger":19,"PrismaticShard":20,"Old Coin":19,"Sozu":6,"Emotion Chip":2,"Centennial Puzzle":18,"Sundial":7,"Tiny Chest":3,"Cracked Core":0,"Golden Idol":1,"Dead Branch":11,"PreservedInsect":17,"Pen Nib":17,"Letter Opener":20,"MawBank":13,"Cables":11,"OrangePellets":17,"Strange Spoon":19,"Anchor":18,"Pandora\u0027s Box":0,"Bag of Marbles":2,"FossilizedHelix":21},{"Regal Pillow":60,"Tiny House":77,"Torii":23,"Vajra":94,"Ginger":101,"PrismaticShard":109,"Old Coin":101,"Sozu":31,"Emotion Chip":10,"Centennial Puzzle":94,"Sundial":36,"Tiny Chest":16,"Cracked Core":0,"Golden Idol":5,"Dead Branch":56,"PreservedInsect":87,"Pen Nib":87,"Letter Opener":109,"MawBank":65,"Cables":56,"OrangePellets":87,"Strange Spoon":101,"Anchor":94,"Pandora\u0027s Box":0,"Bag of Marbles":10,"FossilizedHelix":114}]},"card_choices":[{"not_picked":["Loop","Compile Driver"],"picked":"Heatsinks","floor":1.0},{"not_picked":["Stack","Heatsinks"],"picked":"Storm","floor":7},{"not_picked":["White Noise","FTL"],"picked":"Chill","floor":10},{"not_picked":["Barrage","Beam Cell"],"picked":"Conserve Battery","floor":11},{"not_picked":["Beam Cell","Conserve Battery"],"picked":"Sweeping Beam","floor":12},{"not_picked":["Electrodynamics","Core Surge"],"picked":"Meteor Strike","floor":16},{"not_picked":["Redo","Scrape+1","Barrage"],"picked":"SKIP","floor":18},{"not_picked":["Steam Power","Coolheaded"],"picked":"Loop+1","floor":20},{"not_picked":["Static Discharge","Skim"],"picked":"Coolheaded+1","floor":21},{"not_picked":["Auto Shields+1","Compile Driver+1"],"picked":"Force Field","floor":22},{"not_picked":["Cold Snap","Auto Shields+1"],"picked":"Skim","floor":24},{"not_picked":["Ball Lightning","Electrodynamics"],"picked":"Lockon","floor":28},{"not_picked":["Rebound","Beam Cell"],"picked":"Leap","floor":30},{"not_picked":["Cold Snap+1","Barrage+1","Streamline+1"],"picked":"SKIP","floor":31},{"not_picked":["All For One","Multi-Cast"],"picked":"Meteor Strike","floor":33},{"not_picked":["Barrage","Steam","Chill+1"],"picked":"SKIP","floor":35},{"not_picked":["Streamline+1","Coolheaded+1"],"picked":"Capacitor+1","floor":38},{"not_picked":["Doom and Gloom+1","Sweeping Beam+1"],"picked":"Aggregate+1","floor":40},{"not_picked":["Transmutation","Jack Of All Trades"],"picked":"Enlightenment","floor":45},{"not_picked":["Fusion","Redo"],"picked":"Consume","floor":46},{"not_picked":["Footwork+1","SignatureMove"],"picked":"Trip","floor":54}],"player_experience":3514653,"relics_obtained":[{"floor":7,"key":"Emotion Chip"},{"floor":9,"key":"Bag of Marbles"},{"floor":10,"key":"Tiny Chest"},{"floor":12,"key":"Torii"},{"floor":19,"key":"Sundial"},{"floor":24,"key":"Dead Branch"},{"floor":26,"key":"Cables"},{"floor":28,"key":"Regal Pillow"},{"floor":30,"key":"MawBank"},{"floor":40,"key":"Centennial Puzzle"},{"floor":41,"key":"Vajra"},{"floor":43,"key":"Anchor"},{"floor":46,"key":"Old Coin"},{"floor":54,"key":"FossilizedHelix"}],"event_choices":[{"damage_healed":0.0,"max_hp_gain":0.0,"max_hp_loss":0.0,"gold_gain":0.0,"event_name":"Golden Idol","player_choice":"Take Damage","floor":2.0,"gold_loss":0.0,"damage_taken":18.0,"relics_obtained":["Golden Idol"]},{"damage_healed":0.0,"max_hp_gain":0.0,"max_hp_loss":0.0,"gold_gain":0.0,"cards_transformed":["Scrape"],"event_name":"Living Wall","player_choice":"Change","floor":3.0,"gold_loss":0.0,"damage_taken":0.0,"cards_obtained":["Conserve Battery"]},{"cards_removed":["Zap"],"damage_healed":0,"gold_gain":0,"player_choice":"Purged","damage_taken":0,"max_hp_gain":0,"max_hp_loss":0,"event_name":"Purifier","floor":4,"gold_loss":0},{"damage_healed":0,"gold_gain":0,"player_choice":"Leave","damage_taken":0,"max_hp_gain":0,"max_hp_loss":0,"event_name":"The Cleric","floor":13,"gold_loss":0},{"damage_healed":0,"gold_gain":100,"player_choice":"Gold","damage_taken":0,"max_hp_gain":0,"max_hp_loss":0,"event_name":"Wheel of Change","floor":14,"gold_loss":0},{"damage_healed":0,"gold_gain":0,"player_choice":"Bet on Murderer","damage_taken":0,"max_hp_gain":0,"max_hp_loss":0,"event_name":"The Joust","floor":27,"gold_loss":50},{"damage_healed":0,"gold_gain":0,"player_choice":"Memory 3","damage_taken":10,"max_hp_gain":0,"max_hp_loss":0,"event_name":"SensoryStone","floor":45,"gold_loss":0},{"damage_healed":0,"gold_gain":0,"player_choice":"Fight","damage_taken":0,"max_hp_gain":0,"max_hp_loss":0,"event_name":"MindBloom","floor":46,"gold_loss":0},{"cards_removed":["Conserve Battery"],"damage_healed":0,"gold_gain":0,"player_choice":"Removed Skill","damage_taken":0,"max_hp_gain":0,"max_hp_loss":0,"event_name":"Falling","floor":48,"gold_loss":0}],"is_beta":false,"boss_relics":[{"not_picked":["Fusion Hammer","Runic Dome"],"picked":"Sozu"},{"not_picked":["Philosopher\u0027s Stone","Coffee Dripper"],"picked":"Tiny House"}],"items_purged_floors":[],"is_endless":false,"potions_floor_spawned":[1,7,10,12,18,21,24],"ascension_level":1}}