{"host":"684z1xpuwaoqmmh1","time":1608045479,"event":{"mods":["Bard","BaseMod","Downfall","Hermit","Jorbs\u0027s Wanderer Trilogy","Marisa????????","Minty Spire (QoL Compilation)","StSLib","The Hierophant","The Mystic","The Runesmith"],"gold_per_floor":[99,99,24,24,56,56,79,79,103,135,148,165,6,16,32,32,32],"floor_reached":16,"playtime":738,"items_purged":[],"score":173,"play_id":"56351c85-2f88-4268-8dd2-88e3224147f9","local_time":"20201215171759","is_ascension_mode":true,"campfire_choices":[{"floor":1,"key":"RECALL"},{"data":"champ:Taunt","floor":3,"key":"SMITH"},{"data":"champ:Execute","floor":6,"key":"SMITH"}],"circlet_count":0,"master_deck":["champ:Strike","champ:Strike","champ:Strike","champ:Defend","champ:Defend","champ:Defend","champ:Defend","champ:Execute+1","champ:Taunt+1","champ:RisingSlash","champ:Shatter","champ:Backstep","champ:StanceDance","champ:DefensiveStyle","champ:IronFortress","champ:SteelEdge","champ:AdrenalArmor","champ:Circumvent"],"relics":["champ:ChampionCrown","downfall:HeartsMalice","downfall:HeartBlessingRed","Runesmith:AutoHammer","Odd Mushroom","Lantern","hexamod:BolsterEngine"],"acts_visited":["Exordium"],"potions_floor_usage":[10,13],"damage_taken":[{"damage":0,"enemies":"Small Slimes","floor":2,"turns":1},{"damage":0,"enemies":"Lagavulin","floor":5,"turns":1},{"damage":0,"enemies":"2 Louse","floor":8,"turns":1},{"damage":8,"enemies":"The Mushroom Lair","floor":9,"turns":5},{"damage":30,"enemies":"Gremlin Nob","floor":10,"turns":4},{"damage":6,"enemies":"Jaw Worm","floor":11,"turns":2},{"damage":12,"enemies":"Gremlin Gang","floor":12,"turns":4},{"damage":12,"enemies":"downfall:FleeingMerchant","floor":13,"turns":4},{"damage":8,"enemies":"3 Louse","floor":14,"turns":3},{"damage":16,"enemies":"Lots of Slimes","floor":15,"turns":5},{"damage":46,"enemies":"downfall:Defect","floor":16,"turns":6}],"seed_played":"-4085263563855525791","potions_obtained":[{"floor":5,"key":"SteroidPotion"},{"floor":9,"key":"Weak Potion"},{"floor":10,"key":"champ:OpenerPotion"}],"is_trial":false,"path_per_floor":["R","M","R","?","E","R","T","M","?","E","M","M","$","M","M","B"],"character_chosen":"THE_CHAMP","items_purchased":["hexamod:BolsterEngine"],"campfire_rested":0,"item_purchase_floors":[13],"current_hp_per_floor":[81,81,81,81,81,81,81,81,78,62,62,55,55,55,46,0,0],"gold":32,"neow_bonus":"THREE_ENEMY_KILL","is_daily":false,"chose_seed":false,"campfire_upgraded":2,"win_rate":0.0,"timestamp":1608045479,"path_taken":["R","M","R","?","E","R","T","M","?","E","?","M","$","?","M","BOSS"],"items_purchased_type":["Relic"],"build_version":"2020-12-13","purchased_purges":0,"victory":false,"max_hp_per_floor":[90,90,90,90,90,90,90,90,90,90,90,90,90,90,90,90,90],"card_choices":[{"not_picked":["champ:Aggression","champ:FanOfKnives"],"picked":"champ:RisingSlash","floor":2},{"not_picked":["champ:PerfectedStrike","champ:PreciseThrust"],"picked":"champ:Shatter","floor":5},{"not_picked":["champ:SkillfulDodge","champ:GladiatorsShout"],"picked":"champ:Backstep","floor":8},{"not_picked":["champ:FanOfKnives","champ:Circumvent"],"picked":"champ:StanceDance","floor":9},{"not_picked":["champ:BladeFlurry","champ:HeartStrike","champ:Duel"],"picked":"SKIP","floor":10},{"not_picked":["champ:FlashCut","champ:Haymaker"],"picked":"champ:DefensiveStyle","floor":11},{"not_picked":["champ:ViciousMockery","champ:FanOfKnives"],"picked":"champ:IronFortress","floor":12},{"not_picked":["champ:BringItOn","champ:ArenaPreparation"],"picked":"champ:SteelEdge","floor":13},{"not_picked":["champ:FocusedBerserking","champ:RageSigil"],"picked":"champ:AdrenalArmor","floor":14},{"not_picked":["champ:AdrenalArmor","champ:Haymaker"],"picked":"champ:Circumvent","floor":15}],"player_experience":2312387,"relics_obtained":[{"floor":5,"key":"Runesmith:AutoHammer"},{"floor":9,"key":"Odd Mushroom"},{"floor":10,"key":"Lantern"}],"event_choices":[{"cards_removed":["champ:Strike"],"damage_healed":0,"gold_gain":0,"player_choice":"Card Removal","damage_taken":0,"max_hp_gain":0,"max_hp_loss":0,"event_name":"The Cleric","floor":4,"gold_loss":0},{"damage_healed":0,"gold_gain":0,"player_choice":"Fought Mushrooms","damage_taken":0,"max_hp_gain":0,"max_hp_loss":0,"event_name":"Mushrooms","floor":9,"gold_loss":0}],"is_beta":false,"boss_relics":[],"items_purged_floors":[],"is_endless":false,"potions_floor_spawned":[5,9,10],"killed_by":"downfall:Defect","ascension_level":6}}