{"host":"07ljfmttuzqopd7f","time":1608070502,"event":{"mods":["2.2 Compatiblity","BaseMod","Bestiary","Block Reminder","Colored Map","Colored Powertips","Curses Come First","Hermit","Minty Spire (QoL Compilation)","Quick Restart","Random Character Button","Rare Cards Sparkle","Relic Stats","StSLib","The Cursed","UnlockEverythingMod"],"gold_per_floor":[116,116,131,14,14,14,45,64,64,89,109,109,109,123,123,228,228,241,221,28,42,59,59,89,89,89,109,109,122,122,134,134,235,235,253,270,270,270],"floor_reached":37,"playtime":1868,"items_purged":[],"score":586,"play_id":"19d92e04-515a-4ff2-a401-a89512fcd575","local_time":"20201215171502","is_ascension_mode":true,"campfire_choices":[{"data":"hermit:WideOpen","floor":6,"key":"SMITH"},{"data":"hermit:Feint","floor":12,"key":"SMITH"},{"data":"hermit:Combo","floor":15,"key":"SMITH"},{"data":"hermit:Adapt","floor":23,"key":"SMITH"},{"floor":25,"key":"REST"},{"floor":28,"key":"REST"},{"floor":32,"key":"REST"}],"circlet_count":0,"master_deck":["hermit:Strike_Hermit","hermit:Strike_Hermit","hermit:Strike_Hermit","hermit:Defend_Hermit","hermit:Defend_Hermit","hermit:Snapshot+1","hermit:Covet","hermit:ItchyTrigger+1","hermit:BigShot+1","hermit:WideOpen+1","hermit:Grudge","hermit:Roughhouse","hermit:Feint+1","hermit:Horror","hermit:Snipe","hermit:Combo+1","hermit:Adapt+1","hermit:ShadowCloak+1","hermit:Combo+1","hermit:OverwhelmingPower+1","hermit:Dive","hermit:FlashPowder","hermit:NoHoldsBarred+1","hermit:GhostlyPresence","hermit:LuckOfTheDraw+1","hermit:Cheat","hermit:FromBeyond"],"relics":["hermit:Momento","NeowsBlessing","StrikeDummy","The Courier","Ice Cream","Bag of Preparation","Astrolabe","Shuriken","Turnip","Lantern","Coffee Dripper"],"acts_visited":["Exordium","TheCity","TheBeyond"],"potions_floor_usage":[16,22,22,22,24,33,36,37],"damage_taken":[{"damage":0,"enemies":"2 Louse","floor":1,"turns":1},{"damage":0,"enemies":"Cultist","floor":3,"turns":1},{"damage":0,"enemies":"Gremlin Nob","floor":7,"turns":1},{"damage":7,"enemies":"Small Slimes","floor":8,"turns":2},{"damage":0,"enemies":"3 Sentries","floor":10,"turns":5},{"damage":0,"enemies":"2 Fungi Beasts","floor":11,"turns":2},{"damage":1,"enemies":"Looter","floor":14,"turns":3},{"damage":23,"enemies":"Slime Boss","floor":16,"turns":9},{"damage":21,"enemies":"Shell Parasite","floor":18,"turns":5},{"damage":9,"enemies":"Spheric Guardian","floor":21,"turns":7},{"damage":36,"enemies":"Centurion and Healer","floor":22,"turns":12},{"damage":51,"enemies":"Slavers","floor":24,"turns":8},{"damage":8,"enemies":"Snecko","floor":27,"turns":5},{"damage":41,"enemies":"Cultist and Chosen","floor":29,"turns":10},{"damage":15,"enemies":"Snake Plant","floor":31,"turns":5},{"damage":22,"enemies":"Automaton","floor":33,"turns":9},{"damage":3,"enemies":"Orb Walker","floor":35,"turns":5},{"damage":0,"enemies":"3 Shapes","floor":36,"turns":5},{"damage":65,"enemies":"Transient","floor":37,"turns":5}],"seed_played":"3819017629002193391","potions_obtained":[{"floor":3,"key":"Regen Potion"},{"floor":7,"key":"Regen Potion"},{"floor":11,"key":"hermit:BlackBile"},{"floor":14,"key":"Explosive Potion"},{"floor":19,"key":"SneckoOil"},{"floor":22,"key":"Regen Potion"},{"floor":27,"key":"FairyPotion"},{"floor":31,"key":"PowerPotion"},{"floor":35,"key":"GamblersBrew"},{"floor":36,"key":"Weak Potion"}],"is_trial":false,"path_per_floor":["M","?","M","$","?","R","E","M","T","E","M","R","?","M","R","B",null,"M","?","$","M","M","R","E","R","T","M","R","M","?","M","R","B",null,"M","M","M"],"character_chosen":"HERMIT","items_purchased":["hermit:WideOpen","hermit:Grudge","Shuriken"],"campfire_rested":3,"item_purchase_floors":[4,4,20],"current_hp_per_floor":[68,68,68,68,53,53,53,46,46,46,46,46,34,33,33,10,59,38,38,38,29,48,48,12,34,34,26,48,7,7,15,37,15,60,57,57,0,0],"gold":270,"neow_bonus":"THREE_ENEMY_KILL","is_daily":false,"chose_seed":false,"campfire_upgraded":4,"win_rate":0.0,"timestamp":1608070502,"path_taken":["M","?","?","$","?","R","E","M","T","E","M","R","?","M","R","BOSS","M","?","$","M","M","R","E","R","T","M","R","?","?","M","R","BOSS","M","M","M"],"items_purchased_type":["Card","Card","Relic"],"build_version":"2020-12-13","purchased_purges":0,"victory":false,"max_hp_per_floor":[75,75,75,75,75,75,75,75,75,75,75,75,75,75,75,75,75,75,75,75,75,75,75,75,75,75,75,75,75,75,75,75,75,75,75,75,75,75],"relic_stats":{"counters":[19,100],"Shuriken":[13],"Astrolabe":["hermit:ShadowCloak","hermit:Combo","hermit:OverwhelmingPower"],"Turnip":[4],"Bag of Preparation":[26],"obtain_stats":[{"Ice Cream":10,"Lantern":26,"NeowsBlessing":0,"Shuriken":20,"Astrolabe":17,"The Courier":9,"Turnip":24,"Bag of Preparation":13,"Coffee Dripper":34,"StrikeDummy":7,"hermit:Momento":0},{"Ice Cream":5,"Lantern":12,"NeowsBlessing":0,"Shuriken":9,"Astrolabe":8,"The Courier":4,"Turnip":12,"Bag of Preparation":6,"Coffee Dripper":16,"StrikeDummy":3,"hermit:Momento":0},{"Ice Cream":10,"Lantern":56,"NeowsBlessing":0,"Shuriken":29,"Astrolabe":24,"The Courier":5,"Turnip":56,"Bag of Preparation":12,"Coffee Dripper":85,"StrikeDummy":3,"hermit:Momento":0}]},"card_choices":[{"not_picked":["hermit:BodyArmor","hermit:LowProfile"],"picked":"hermit:ItchyTrigger","floor":1},{"not_picked":["hermit:Quickdraw","hermit:BodyArmor"],"picked":"hermit:BigShot","floor":3},{"not_picked":["hermit:ItchyTrigger","hermit:FromBeyond"],"picked":"hermit:Roughhouse","floor":7},{"not_picked":["hermit:Grudge","hermit:ItchyTrigger"],"picked":"hermit:Feint","floor":8},{"not_picked":["hermit:Desperado","hermit:Headshot"],"picked":"hermit:Horror","floor":10},{"not_picked":["hermit:HighCaliber","hermit:HoleUp"],"picked":"hermit:Snipe","floor":11},{"not_picked":["hermit:Desperado","hermit:Glare"],"picked":"hermit:Combo","floor":14},{"not_picked":["hermit:Roughhouse","hermit:OverwhelmingPower"],"picked":"hermit:Adapt","floor":16},{"not_picked":["hermit:ItchyTrigger","hermit:Glare"],"picked":"hermit:Dive","floor":18},{"not_picked":["hermit:Horror","hermit:LowProfile","hermit:SprayPray+1"],"picked":"SKIP","floor":21},{"not_picked":["hermit:Dive","hermit:Glare"],"picked":"hermit:FlashPowder","floor":22},{"not_picked":["hermit:Scavenge","hermit:GhostlyPresence"],"picked":"hermit:NoHoldsBarred+1","floor":24},{"not_picked":["hermit:TakeAim","hermit:Ricochet"],"picked":"hermit:GhostlyPresence","floor":27},{"not_picked":["hermit:NoHoldsBarred+1","hermit:CalledShot+1"],"picked":"hermit:LuckOfTheDraw+1","floor":29},{"not_picked":["hermit:TakeAim+1","hermit:Glare+1"],"picked":"hermit:Cheat","floor":31},{"not_picked":["hermit:Reprieve","hermit:DeadOrAlive"],"picked":"hermit:FromBeyond","floor":33},{"not_picked":["hermit:Vantage","hermit:Desperado+1","hermit:GoldenBullet"],"picked":"SKIP","floor":35},{"not_picked":["hermit:HighCaliber+1","hermit:BigShot","hermit:Brawl"],"picked":"SKIP","floor":36}],"player_experience":417389,"relics_obtained":[{"floor":7,"key":"StrikeDummy"},{"floor":9,"key":"The Courier"},{"floor":10,"key":"Ice Cream"},{"floor":24,"key":"Turnip"},{"floor":26,"key":"Lantern"}],"event_choices":[{"damage_healed":0,"gold_gain":0,"player_choice":"Upgraded","damage_taken":0,"max_hp_gain":0,"max_hp_loss":0,"event_name":"Upgrade Shrine","floor":2,"gold_loss":0,"cards_upgraded":["hermit:ItchyTrigger"]},{"damage_healed":0,"gold_gain":0,"player_choice":"Entered Light","damage_taken":15,"max_hp_gain":0,"max_hp_loss":0,"event_name":"Shining Light","floor":5,"gold_loss":0,"cards_upgraded":["hermit:Snapshot","hermit:BigShot"]},{"damage_healed":0,"gold_gain":0,"player_choice":"Success","damage_taken":12,"relics_obtained":["Bag of Preparation"],"max_hp_gain":0,"max_hp_loss":0,"event_name":"Scrap Ooze","floor":13,"gold_loss":0},{"damage_healed":0,"gold_gain":0,"player_choice":"Bought 1 Potion","damage_taken":0,"max_hp_gain":0,"max_hp_loss":0,"event_name":"The Woman in Blue","floor":19,"gold_loss":0},{"damage_healed":0,"gold_gain":0,"player_choice":"Ignored","damage_taken":0,"max_hp_gain":0,"max_hp_loss":0,"event_name":"Cursed Tome","floor":30,"gold_loss":0}],"is_beta":false,"boss_relics":[{"not_picked":["hermit:ClaspedLocket","Philosopher\u0027s Stone"],"picked":"Astrolabe"},{"not_picked":["Black Star","Pandora\u0027s Box"],"picked":"Coffee Dripper"}],"items_purged_floors":[],"is_endless":false,"potions_floor_spawned":[3,7,11,14,22,27,31,35,36],"killed_by":"Transient","ascension_level":6}}