{"host":"mcmecz6ns48biz64","time":1608024985,"event":{"mods":["2.2 Compatiblity","AchievementEnabler","Act Like it!","AlwaysNeverKeys","Ascension Unlocker","Aspiration","BaseMod","Beaked The Cultist","Bestiary","Better Match","Better Note","Better Skull","Better Third Choice","BetterRewards","Colored Powertips","Conspire","Displayed Cursed Tome","Downfall","Energized Spire","Friendly Minions","GifTheSpireLib","Halation","Hallownest","Hermit","Hubris","Infinite Spire","Marked Mod","Mimic Mod","Minty Spire (QoL Compilation)","Pale of the Ancients","Permanent Neow","Quick Restart","Reorder Act Four","Replay The Spire","Retaliation","Ruin Mod","Shop Mod","Spikes Relics","StSLib","Stuff the Spire","SuperFastMode","The Construct","The Dragon Tamer","The Exordian Avenger","The Factory","The Jungle","The Necromancer","TheFirefly","Trackpad","Transform Curses","Uncapped","vexMod"],"gold_per_floor":[118,118,135,154,154,154,179,120,120,146,146,173,173,208,208,284,284,295,314,329,34,34,34,34,34,34,66,81,111,111,161,161,235,235,250,250,250,63,63,63,77,110,133,146,177,177,190,190,190,190,190,190,490,490,1103,1163],"floor_reached":57,"playtime":2411,"items_purged":["Strike_W","Strike_W","Strike_W","Strike_W","Defend_W","Defend_W"],"score":3964,"play_id":"e46546a5-5084-4a6b-b9c7-31839fede8bb","local_time":"20201215043625","is_ascension_mode":true,"campfire_choices":[{"data":"Apotheosis","floor":6,"key":"SMITH"},{"data":"Negative_Energy_Arrows","floor":13,"key":"SMITH"},{"data":"Epidemic","floor":15,"key":"SMITH"},{"data":"Summon_Death_Knight","floor":23,"key":"SMITH"},{"data":"Spectral_Armor","floor":25,"key":"SMITH"},{"data":"Shade_Step+1","floor":30,"key":"SMITH"},{"data":"Summon_Undead_Army","floor":32,"key":"SMITH"},{"data":"infinitespire:Fortify+1","floor":40,"key":"SMITH"},{"data":"expansioncontent:DefensiveStance","floor":46,"key":"SMITH"},{"data":"Summon_Vampire_Lady","floor":49,"key":"SMITH"},{"data":"Hellfire","floor":54,"key":"SMITH"}],"circlet_count":0,"master_deck":["AscendersBane","Defend_W","Defend_W","Negative_Energy_Arrows+1","Bone_Wall","Siphon_Strength+1","Cloudkill+1","Siphon_Strength","Spectral_Armor","Siphon_Strength","Stop_Heart","Spectral_Armor+1","Spectral_Armor+1","Summon_Undead_Army","Toxic_Smoke_Screen+1","Summon_Undead_Army+1","Negative_Energy_Shield","Epidemic+1","ReplayTheSpireMod:Private Reserves+1","Negative_Energy_Shield","Apotheosis+1","Hellfire+1","Vampiric_Strike","Siphon_Strength+1","Summon_Death_Knight+1","Blood_Curse+1","Summon_Undead_Army+1","Bone_Shift+1","Shade_Step+2","Hellfire","Uncharnel+1","infinitespire:Fortify+2","infinitespire:Starlight+1","infinitespire:SevenWalls","expansioncontent:DefensiveStance+1","Uncharnel+1","Uncharnel+1","Summon_Vampire_Lady+1","Corrupt+1","Summon_Undead+1","Reforge+1","Specialist+1","Negative_Energy_Shield+1","Summon_Vampire_Lady"],"relics":["Vampire_Amulet","conspire:InfiniteJournal","StuffTheSpire:DarkSteelAnvil","Tiny Chest","aspiration:TomeofQuesting","Orrery","CherryCoatedStake","StuffTheSpire:Experiment12","SnailShell","Guide Book","infinitespire:PuzzleCube","StoneCalendar","aspiration:HiddenCompartment","Strawberry","trackpad:Mousetrap","aspiration:BabyByrd","Potion Belt","conspire:DecoderRing","Regal Pillow","Replay:Bottled Snecko","Odd Mushroom","Toxic Egg 2","ChewingGum","aspiration:Stabinomicon","Mummified Hand","construct:BoolHorns","Blood Vial","Replay:Bronze Core","Gremlin Food","halation:EternalFortune","construct:RocketBooster","Juzu Bracelet","halation:PrussianBluePaint","vexMod:MemoryStick","hubris:NiceRug","Replay:Bandana","SpikesRelics:DaevaFist","Chemical X","Pet Ghost"],"acts_visited":["Exordium","TheCity","TheBeyond","TheEnding"],"potions_floor_usage":[7,27,42,42,56,56,56,56],"damage_taken":[{"damage":0,"enemies":"2 Louse","floor":1,"turns":2},{"damage":0,"enemies":"Jaw Worm","floor":3,"turns":3},{"damage":4,"enemies":"conspire:RoseBush","floor":4,"turns":3},{"damage":0,"enemies":"Lagavulin","floor":7,"turns":5},{"damage":17,"enemies":"The Mushroom Lair","floor":12,"turns":6},{"damage":0,"enemies":"3 Sentries","floor":14,"turns":6},{"damage":0,"enemies":"Fading Forest","floor":16,"turns":13},{"damage":0,"enemies":"Chosen","floor":18,"turns":4},{"damage":0,"enemies":"3 Byrds","floor":19,"turns":4},{"damage":5,"enemies":"Centurion and Healer","floor":20,"turns":5},{"damage":0,"enemies":"conspire:HollyBat","floor":27,"turns":10},{"damage":0,"enemies":"conspire:HollyBat","floor":28,"turns":5},{"damage":0,"enemies":"Nightmare","floor":29,"turns":7},{"damage":0,"enemies":"Collector","floor":33,"turns":4},{"damage":0,"enemies":"3 Darklings","floor":35,"turns":3},{"damage":0,"enemies":"3 Shapes","floor":41,"turns":4},{"damage":15,"enemies":"Reptomancer","floor":42,"turns":5},{"damage":0,"enemies":"3 Darklings","floor":44,"turns":4},{"damage":0,"enemies":"R_Hoarder","floor":45,"turns":6},{"damage":0,"enemies":"Sphere and 2 Shapes","floor":47,"turns":4},{"damage":0,"enemies":"Time Eater","floor":50,"turns":7},{"damage":0,"enemies":"infinitespire:MassOfShapes","floor":51,"turns":8},{"damage":0,"enemies":"hubris:Merchant","floor":53,"turns":7},{"damage":2,"enemies":"Shield and Spear","floor":55,"turns":13},{"damage":60,"enemies":"The Heart","floor":56,"turns":8}],"seed_played":"8099807492084329634","potions_obtained":[{"floor":1,"key":"infinitespire:BlackPotion"},{"floor":7,"key":"SkillPotion"},{"floor":14,"key":"Venom Potion"},{"floor":19,"key":"Explosive Potion"},{"floor":28,"key":"hexamod:EctoCoolerPotion"},{"floor":41,"key":"SpeedPotion"},{"floor":42,"key":"Ancient Potion"},{"floor":44,"key":"Elixir"}],"is_trial":false,"path_per_floor":["M","?","M","M","?","R","E","$","T","T","T","?","R","E","R","B",null,"M","M","M","$","?","R","?","R","T","MIM","M","NM","R","?","R","B",null,"M","AVR","?","$","T","R","M","E","T","M","E","R","M","?","R","B","B",null,"$","R","E","B",null],"character_chosen":"NECROMANCER","items_purchased":["Tiny Chest","aspiration:TomeofQuesting","Orrery","Siphon_Strength","CherryCoatedStake","StuffTheSpire:Experiment12","Stop_Heart","Spectral_Armor","SnailShell","Summon_Undead_Army","Guide Book","infinitespire:PuzzleCube","StoneCalendar","aspiration:HiddenCompartment","Toxic_Smoke_Screen+1","Summon_Undead_Army","Strawberry","trackpad:Mousetrap","Negative_Energy_Shield","Epidemic","ReplayTheSpireMod:Private Reserves","Adrenaline Potion","Vampiric_Strike","Summon_Undead_Army+1","Bone_Shift+1","expansioncontent:DefensiveStance","Uncharnel+1"],"campfire_rested":0,"item_purchase_floors":[0,0,0,0,0,0,0,0,0,0,0,0,0,0,0,0,0,0,0,0,0,0,8,21,21,38,38],"current_hp_per_floor":[77,77,78,75,75,75,77,77,77,77,77,65,65,76,76,78,78,78,78,78,78,78,78,57,57,57,59,61,63,63,63,63,74,77,78,78,81,81,81,81,81,81,81,84,84,84,84,84,84,84,84,84,87,87,87,47],"gold":1163,"neow_bonus":"","is_daily":false,"chose_seed":false,"campfire_upgraded":11,"win_rate":0.0,"timestamp":1608024985,"path_taken":["M","?","M","M","?","R","E","$","T","?","?","?","R","E","R","BOSS","M","M","M","$","?","R","?","R","T","?","?","NM","R","?","R","BOSS","M","AVR","?","$","?","R","M","E","T","M","E","R","M","?","R","BOSS","BOSS","$","R","E","BOSS"],"items_purchased_type":["Relic","Relic","Relic","Card","Relic","Relic","Card","Card","Relic","Card","Relic","Relic","Relic","Relic","Card","Card","Relic","Relic","Card","Card","Card","Potion","Card","Card","Card","Card","Card"],"build_version":"2020-12-13","purchased_purges":6,"victory":true,"max_hp_per_floor":[78,78,78,78,78,78,78,78,78,78,78,78,78,78,78,78,78,78,78,78,78,78,78,78,78,78,78,78,78,78,78,78,78,78,78,78,81,81,81,81,81,81,81,84,84,84,84,84,84,84,84,84,87,87,87,87],"card_choices":[{"not_picked":["Death_Coil","Vampiric_Strike"],"picked":"Siphon_Strength","floor":0},{"not_picked":["Bone_Prison","Bone_Spikes"],"picked":"Cloudkill","floor":0},{"not_picked":["Death_Coil","Chill_Blood"],"picked":"Siphon_Strength","floor":0},{"not_picked":["Shackles_Of_Pain","Negative_Energy_Bomb"],"picked":"Spectral_Armor","floor":0},{"not_picked":["Bones_to_Steel","Detonate_Bones"],"picked":"Negative_Energy_Shield","floor":1},{"not_picked":["Bone_Armor","Consume_Illness","Blood_Whip"],"picked":"SKIP","floor":3},{"not_picked":["Consume_Illness","Shackles_Of_Pain","Bone_Armory"],"picked":"SKIP","floor":4},{"not_picked":["Blood_Curse","Bone_Shift"],"picked":"Hellfire","floor":7},{"not_picked":["Bones_to_Steel+1","Necrotic_Claws"],"picked":"Siphon_Strength+1","floor":14},{"not_picked":["Hellfire","Detonate_Bones"],"picked":"Summon_Death_Knight","floor":16},{"not_picked":["Chill_Blood+1","Negative_Energy_Javelin"],"picked":"Blood_Curse+1","floor":18},{"not_picked":["Vampiric_Strike","Epidemic+1","Bone_Spikes"],"picked":"SKIP","floor":19},{"not_picked":["Exploit","Necromantic_Selection+1","Blood_Shield+1"],"picked":"SKIP","floor":20},{"not_picked":["Summon_Lich","Bone_Bullets"],"picked":"Shade_Step+1","floor":27},{"not_picked":["Necromantic_Selection+1","Blood_Is_Power+1","Death_Coil"],"picked":"SKIP","floor":28},{"not_picked":["Death_March_Dance","Summon_Lich","Negative_Energy_Javelin"],"picked":"SKIP","floor":29},{"not_picked":["Cloudkill+1","Reap_The_Weak"],"picked":"Hellfire","floor":33},{"not_picked":["Bone_Spikes","Blood_Whip"],"picked":"Uncharnel+1","floor":35},{"not_picked":["Vampiric_Strike","Death_March_Dance"],"picked":"Uncharnel+1","floor":41},{"not_picked":["Stop_Heart+1","Negative_Energy_Sphere+1"],"picked":"Summon_Vampire_Lady","floor":42},{"not_picked":["Finger_Of_Death","Thousand_Bone_Knives+1"],"picked":"Corrupt+1","floor":44},{"not_picked":["Consume_Illness+1","Chill_Blood+1"],"picked":"Summon_Undead+1","floor":45},{"not_picked":["Bones_to_Steel+1","Blood_Is_Power+1","Life_Drain"],"picked":"SKIP","floor":47},{"not_picked":[],"picked":"Reforge+1","floor":53},{"not_picked":[],"picked":"Specialist","floor":53},{"not_picked":[],"picked":"Negative_Energy_Shield+1","floor":53},{"not_picked":["Flesh_Made_Foul"],"picked":"SKIP","floor":53},{"not_picked":["Deaths_Shadow"],"picked":"SKIP","floor":53},{"not_picked":["Epidemic+1"],"picked":"SKIP","floor":53},{"not_picked":["Bone_Armory"],"picked":"SKIP","floor":53},{"not_picked":["Summon_Undead_Army","Summon_Death_Knight"],"picked":"Summon_Vampire_Lady","floor":55}],"player_experience":937119,"relics_obtained":[{"floor":7,"key":"Potion Belt"},{"floor":9,"key":"conspire:DecoderRing"},{"floor":10,"key":"Regal Pillow"},{"floor":11,"key":"Replay:Bottled Snecko"},{"floor":12,"key":"Odd Mushroom"},{"floor":14,"key":"Toxic Egg 2"},{"floor":26,"key":"Mummified Hand"},{"floor":27,"key":"construct:BoolHorns"},{"floor":29,"key":"Blood Vial"},{"floor":39,"key":"construct:RocketBooster"},{"floor":42,"key":"Juzu Bracelet"},{"floor":43,"key":"halation:PrussianBluePaint"},{"floor":44,"key":"halation:EternalFortune"},{"floor":45,"key":"vexMod:MemoryStick"},{"floor":53,"key":"Replay:Bandana"},{"floor":53,"key":"SpikesRelics:DaevaFist"},{"floor":53,"key":"Chemical X"},{"floor":53,"key":"halation:EternalFortune"},{"floor":55,"key":"Pet Ghost"}],"event_choices":[{"damage_healed":77,"gold_gain":0,"player_choice":"Embrace","damage_taken":0,"max_hp_gain":0,"max_hp_loss":78,"event_name":"betterThird:BetterShining","floor":2,"gold_loss":0},{"damage_healed":0,"gold_gain":0,"player_choice":"Fought Mushrooms","damage_taken":0,"max_hp_gain":0,"max_hp_loss":0,"event_name":"Mushrooms","floor":12,"gold_loss":0},{"damage_healed":0,"gold_gain":0,"player_choice":"Obtained Book","damage_taken":21,"max_hp_gain":0,"max_hp_loss":0,"event_name":"Cursed Tome","floor":24,"gold_loss":0},{"damage_healed":0,"gold_gain":50,"player_choice":"Steal","damage_taken":0,"max_hp_gain":0,"max_hp_loss":0,"event_name":"betterThird:BetterNest","floor":31,"gold_loss":0}],"is_beta":false,"boss_relics":[{"not_picked":["halation:Prosthetics","halation:LoveArrow"],"picked":"ChewingGum"},{"not_picked":["halation:PlatinumPhoenix","energizedSpire:DeadBattery","hubris:GrandSneckoEye"]}],"items_purged_floors":[0,0,0,0,21,36],"is_endless":false,"potions_floor_spawned":[1,7,14,19,28,29,33,41,42,44,45,55],"ascension_level":20}}