{"host":"fdq5pmhluajjrf8d","time":1608075977,"event":{"mods":["BaseMod","Minty Spire (QoL Compilation)"],"gold_per_floor":[20,33,33,52,67,67,100,111,111,111,111],"floor_reached":10,"playtime":348,"items_purged":[],"score":137,"play_id":"6a5383a9-525b-4ccc-9cd8-19af36a9bfbb","local_time":"20201215184617","is_ascension_mode":true,"campfire_choices":[{"data":"Redo","floor":6,"key":"SMITH"}],"circlet_count":0,"master_deck":["AscendersBane","Strike_B","Strike_B","Strike_B","Strike_B","Defend_B","Defend_B","Defend_B","Defend_B","Zap","Dualcast","Redo+1","Ball Lightning","Redo","Self Repair","Tempest","Consume"],"relics":["Cracked Core","Ginger","Blood Vial","Tiny Chest"],"acts_visited":["Exordium"],"potions_floor_usage":[7,8,10],"damage_taken":[{"damage":1,"enemies":"Cultist","floor":1,"turns":3},{"damage":0,"enemies":"2 Louse","floor":2,"turns":2},{"damage":4,"enemies":"Jaw Worm","floor":4,"turns":4},{"damage":7,"enemies":"Looter","floor":5,"turns":3},{"damage":33,"enemies":"Gremlin Nob","floor":7,"turns":4},{"damage":12,"enemies":"Large Slime","floor":8,"turns":5},{"damage":26,"enemies":"3 Sentries","floor":10,"turns":4}],"seed_played":"7145449354386965748","potions_obtained":[{"floor":3,"key":"SmokeBomb"},{"floor":3,"key":"Energy Potion"},{"floor":5,"key":"Block Potion"},{"floor":7,"key":"Dexterity Potion"},{"floor":8,"key":"Energy Potion"}],"is_trial":false,"path_per_floor":["M","M","?","M","M","R","E","M","T","E"],"character_chosen":"DEFECT","items_purchased":[],"campfire_rested":0,"item_purchase_floors":[],"current_hp_per_floor":[63,63,63,59,52,52,26,23,23,0,0],"gold":111,"neow_bonus":"ONE_RARE_RELIC","is_daily":false,"chose_seed":false,"campfire_upgraded":1,"win_rate":0.0,"timestamp":1608075977,"path_taken":["M","M","?","M","M","R","E","?","T","E"],"items_purchased_type":[],"build_version":"2020-12-13","purchased_purges":0,"victory":false,"max_hp_per_floor":[71,71,71,71,71,71,71,71,71,71,71],"card_choices":[{"not_picked":["Turbo","Force Field"],"picked":"Redo","floor":1},{"not_picked":["Rip and Tear","Cold Snap"],"picked":"Ball Lightning","floor":2},{"not_picked":["Leap","Cold Snap"],"picked":"Redo","floor":4},{"not_picked":["Redo","Leap"],"picked":"Self Repair","floor":5},{"not_picked":["Beam Cell","Double Energy"],"picked":"Tempest","floor":7},{"not_picked":["Redo","Beam Cell"],"picked":"Consume","floor":8}],"player_experience":1861315,"relics_obtained":[{"floor":7,"key":"Blood Vial"},{"floor":9,"key":"Tiny Chest"}],"event_choices":[{"damage_healed":0,"gold_gain":0,"player_choice":"Got Potions","damage_taken":0,"max_hp_gain":0,"max_hp_loss":0,"event_name":"Lab","floor":3,"gold_loss":0}],"is_beta":false,"boss_relics":[],"items_purged_floors":[],"is_endless":false,"potions_floor_spawned":[5,7,8],"killed_by":"3 Sentries","ascension_level":19}}