{"host":"pletss163z7s8pvv","time":1608002636,"event":{"mods":["AchievementEnabler","BaseMod","Colored Map","Colored Powertips","Minty Spire (QoL Compilation)"],"gold_per_floor":[114,189,224,399,399,399,414,14,14,14,14,38,25,49,49,158,158,182,191,200,200,215,215,31,46,46,61,61,61,61,85,85,194,194,218,233,248,263,278,278,293,317,317,317,332,332,332,7,7,7],"floor_reached":51,"playtime":1538,"items_purged":[],"score":843,"play_id":"27c3312a-8f85-44fd-9c3b-2cc2efa3c76e","local_time":"20201214212356","daily_mods":["Allstar","Hoarder","Night Terrors"],"is_ascension_mode":false,"campfire_choices":[{"data":"Dramatic Entrance","floor":6,"key":"SMITH"},{"floor":11,"key":"REST"},{"data":"Dramatic Entrance","floor":15,"key":"SMITH"},{"floor":23,"key":"REST"},{"floor":29,"key":"REST"},{"floor":32,"key":"REST"},{"floor":40,"key":"REST"},{"data":"Chill","floor":46,"key":"SMITH"},{"data":"Dramatic Entrance","floor":49,"key":"SMITH"}],"circlet_count":0,"master_deck":["Strike_B+1","Strike_B+1","Strike_B+1","Strike_B+1","Defend_B+1","Defend_B+1","Defend_B+1","Defend_B+1","Zap","Dualcast","Discovery","Discovery","Discovery+1","Dramatic Entrance+1","Dramatic Entrance+1","Dramatic Entrance+1","Forethought","Forethought","Forethought","Jack Of All Trades","Jack Of All Trades","Jack Of All Trades+1","Forethought+1","Forethought","Forethought","Cold Snap","Cold Snap","Cold Snap+1","Leap","Leap","Leap","Doubt","Doubt","Doubt","Chill+1","Chill","Chill","Barrage","Barrage","Barrage","Sweeping Beam","Sweeping Beam","Sweeping Beam","Sweeping Beam","Sweeping Beam","Sweeping Beam","All For One","All For One","All For One","Capacitor+1","Capacitor+1","Capacitor+1","Static Discharge","Static Discharge","Static Discharge","Writhe","Writhe","Writhe","Steam","Steam","Steam","Melter","Melter","Melter","Consume+1","Consume+1","Consume+1","Electrodynamics","Electrodynamics","Electrodynamics","Go for the Eyes","Go for the Eyes","Go for the Eyes","Parasite","Parasite","Parasite","Storm","Storm","Storm"],"relics":["Cracked Core","Meat on the Bone","CeramicFish","Shuriken","The Courier","Inserter","Singing Bowl","HandDrill","Toxic Egg 2","War Paint","SacredBark","Bottled Flame","Lee\u0027s Waffle","Bronze Scales"],"acts_visited":["Exordium","TheCity","TheBeyond"],"potions_floor_usage":[33,33,33,37,41,47,47,47,50,50,50],"damage_taken":[{"damage":0,"enemies":"Small Slimes","floor":1,"turns":1},{"damage":0,"enemies":"Jaw Worm","floor":3,"turns":1},{"damage":0,"enemies":"2 Louse","floor":7,"turns":1},{"damage":0,"enemies":"Large Slime","floor":12,"turns":6},{"damage":0,"enemies":"2 Fungi Beasts","floor":14,"turns":1},{"damage":46,"enemies":"Hexaghost","floor":16,"turns":11},{"damage":42,"enemies":"Shell Parasite","floor":18,"turns":4},{"damage":20,"enemies":"Spheric Guardian","floor":22,"turns":4},{"damage":22,"enemies":"Chosen and Byrds","floor":25,"turns":5},{"damage":34,"enemies":"Snecko","floor":27,"turns":6},{"damage":19,"enemies":"Centurion and Healer","floor":31,"turns":8},{"damage":28,"enemies":"Champ","floor":33,"turns":10},{"damage":46,"enemies":"3 Darklings","floor":35,"turns":4},{"damage":16,"enemies":"3 Shapes","floor":36,"turns":3},{"damage":0,"enemies":"Jaw Worm Horde","floor":37,"turns":1},{"damage":7,"enemies":"3 Darklings","floor":38,"turns":4},{"damage":31,"enemies":"4 Shapes","floor":39,"turns":3},{"damage":16,"enemies":"Transient","floor":41,"turns":5},{"damage":30,"enemies":"Writhing Mass","floor":42,"turns":7},{"damage":15,"enemies":"Maw","floor":45,"turns":9},{"damage":14,"enemies":"Spire Growth","floor":47,"turns":3},{"damage":15,"enemies":"Awakened One","floor":50,"turns":11}],"seed_played":"8833210206598683822","potions_obtained":[{"floor":3,"key":"SpeedPotion"},{"floor":16,"key":"Swift Potion"},{"floor":22,"key":"Dexterity Potion"},{"floor":25,"key":"Strength Potion"},{"floor":33,"key":"Swift Potion"},{"floor":37,"key":"Block Potion"},{"floor":38,"key":"EntropicBrew"},{"floor":39,"key":"PotionOfCapacity"}],"is_trial":false,"path_per_floor":["M","?","M","?","?","R","M","$","T","?","R","M","$","M","R","B",null,"M","?","?","?","M","R","$","M","T","M","?","R","?","M","R","B",null,"M","M","M","M","M","R","M","M","T","?","M","R","M","$","R","B",null],"character_chosen":"DEFECT","items_purchased":["Meat on the Bone","CeramicFish","Sweeping Beam","HandDrill","Steam","Melter","Lee\u0027s Waffle","Bronze Scales","Storm","Strength Potion"],"campfire_rested":5,"item_purchase_floors":[8,8,13,24,24,24,48,48,48,48],"current_hp_per_floor":[75,64,64,64,49,49,49,49,49,24,70,70,70,70,70,36,70,40,40,40,40,34,67,67,47,47,27,27,66,66,47,61,33,61,27,25,39,46,29,64,50,34,34,59,46,46,32,68,68,53],"gold":7,"neow_bonus":"","is_daily":true,"chose_seed":false,"campfire_upgraded":4,"win_rate":0.0,"timestamp":1608002636,"path_taken":["M","?","M","?","?","R","M","$","T","?","R","M","$","M","R","BOSS","M","?","?","?","M","R","$","M","T","M","?","R","?","M","R","BOSS","M","M","M","M","?","R","M","M","T","?","M","R","M","$","R","BOSS"],"items_purchased_type":["Relic","Relic","Card","Relic","Card","Card","Relic","Relic","Card","Potion"],"build_version":"2020-12-13","purchased_purges":0,"victory":true,"max_hp_per_floor":[75,75,75,75,75,75,75,75,75,75,70,70,70,70,70,70,70,70,70,70,70,72,67,67,69,69,71,71,66,66,66,61,61,61,61,63,65,67,69,64,66,68,68,59,61,61,61,68,68,68],"card_choices":[{"not_picked":["Stack","Reinforced Body"],"picked":"Cold Snap","floor":1},{"not_picked":["Consume","Redo"],"picked":"Leap","floor":3},{"not_picked":["Rebound","Gash"],"picked":"Chill","floor":7},{"not_picked":["Gash","Tempest"],"picked":"Barrage","floor":12},{"not_picked":["Hologram","Redo"],"picked":"Sweeping Beam","floor":14},{"not_picked":["Multi-Cast","Seek"],"picked":"All For One","floor":16},{"not_picked":["Barrage+1","Chaos"],"picked":"Capacitor+1","floor":18},{"not_picked":["Stack+1","Cold Snap","Compile Driver"],"picked":"Singing Bowl","floor":22},{"not_picked":["Rebound","Glacier+1","Auto Shields"],"picked":"Singing Bowl","floor":25},{"not_picked":["Genetic Algorithm+1","Compile Driver","Redo+1"],"picked":"Singing Bowl","floor":27},{"not_picked":["Redo+1","Streamline"],"picked":"Consume+1","floor":31},{"not_picked":["Fission+1","Core Surge"],"picked":"Electrodynamics","floor":33},{"not_picked":["Streamline+1","Force Field+1"],"picked":"Go for the Eyes","floor":35},{"not_picked":["Redo+1","Beam Cell","FTL"],"picked":"Singing Bowl","floor":36},{"not_picked":["Cold Snap+1","Stack+1","Hello World"],"picked":"Singing Bowl","floor":37},{"not_picked":["Ball Lightning","Go for the Eyes","Heatsinks"],"picked":"Singing Bowl","floor":38},{"not_picked":["Melter","Steam+1","Leap+1"],"picked":"Singing Bowl","floor":39},{"not_picked":["Doom and Gloom+1","Rebound+1","Steam+1"],"picked":"Singing Bowl","floor":41},{"not_picked":["Rebound+1","Hyperbeam","Go for the Eyes+1"],"picked":"Singing Bowl","floor":42},{"not_picked":["Scrape","Cold Snap+1","Hologram+1"],"picked":"Singing Bowl","floor":45}],"player_experience":382187,"relics_obtained":[{"floor":9,"key":"Shuriken"},{"floor":26,"key":"Toxic Egg 2"},{"floor":30,"key":"War Paint"},{"floor":43,"key":"Bottled Flame"}],"event_choices":[{"damage_healed":0,"gold_gain":75,"player_choice":"Gather Gold","damage_taken":11,"max_hp_gain":0,"max_hp_loss":0,"event_name":"World of Goop","floor":2,"gold_loss":0},{"damage_healed":0,"gold_gain":175,"player_choice":"AGREE","damage_taken":0,"max_hp_gain":0,"max_hp_loss":0,"event_name":"Liars Game","floor":4,"gold_loss":0,"cards_obtained":["Doubt"]},{"damage_healed":0,"gold_gain":0,"player_choice":"Entered Light","damage_taken":15,"max_hp_gain":0,"max_hp_loss":0,"event_name":"Shining Light","floor":5,"gold_loss":0,"cards_upgraded":["Forethought","Cold Snap"]},{"damage_healed":0,"gold_gain":0,"player_choice":"Success","damage_taken":25,"relics_obtained":["The Courier"],"max_hp_gain":0,"max_hp_loss":0,"event_name":"Scrap Ooze","floor":10,"gold_loss":0},{"damage_healed":0,"gold_gain":0,"player_choice":"Read","damage_taken":0,"max_hp_gain":0,"max_hp_loss":0,"event_name":"The Library","floor":19,"gold_loss":0,"cards_obtained":["Static Discharge"]},{"damage_healed":0,"gold_gain":0,"player_choice":"Opened","damage_taken":0,"relics_obtained":["Singing Bowl"],"max_hp_gain":0,"max_hp_loss":0,"event_name":"The Mausoleum","floor":20,"gold_loss":0,"cards_obtained":["Writhe"]},{"damage_healed":0,"gold_gain":0,"player_choice":"Simplicity","damage_taken":0,"max_hp_gain":0,"max_hp_loss":0,"event_name":"Back to Basics","floor":21,"gold_loss":0,"cards_upgraded":["Strike_B","Strike_B","Strike_B","Strike_B","Defend_B","Defend_B","Defend_B","Defend_B"]},{"damage_healed":0,"gold_gain":0,"player_choice":"Ignored","damage_taken":0,"max_hp_gain":0,"max_hp_loss":0,"event_name":"Ghosts","floor":28,"gold_loss":0},{"damage_healed":0,"gold_gain":0,"player_choice":"Relic","damage_taken":0,"max_hp_gain":0,"max_hp_loss":0,"event_name":"Wheel of Change","floor":30,"gold_loss":0},{"damage_healed":59,"gold_gain":0,"player_choice":"Heal","damage_taken":0,"max_hp_gain":0,"max_hp_loss":9,"event_name":"The Moai Head","floor":44,"gold_loss":0}],"is_beta":false,"boss_relics":[{"not_picked":["Runic Dome","SlaversCollar"],"picked":"Inserter"},{"not_picked":["Busted Crown","Philosopher\u0027s Stone"],"picked":"SacredBark"}],"items_purged_floors":[],"is_endless":false,"potions_floor_spawned":[3,16,22,25,33,37,38,39],"ascension_level":0}}