{"host":"h5acbxt0wmjo1kpm","time":1608039649,"event":{"mods":["2.2 Compatiblity","Act Like it!","AlwaysNeverKeys","Aspiration","Bartender","BaseMod","Better Third Choice","Colored Map","Downfall","Elementarium","Gensokyo","GifTheSpireLib","Hallownest","Marisa????????","Minty Spire (QoL Compilation)","Permanent Neow","Potionbrewer","Relic Filter","Replay The Spire","Robot Space Explorer","RumiaBox-????????","Shade Mod","Spicy Shops","StSLib","The Blackbeard","The Dragon Tamer","The Forsaken","The Gatherer","The Problem Sleuth","The Servant 0.9.4","Wandering Minibosses","vexMod"],"gold_per_floor":[99,115,115,48,60,78,78,103,103,138,155,80,91,41,61,136,136,136,147,165,165,175,175,201,219,232,157,157,157,157],"floor_reached":29,"playtime":2001,"items_purged":["hexamod:Strike"],"score":389,"play_id":"4ba4564c-f71a-4651-bcba-b3d3e042376d","local_time":"20201215054049","is_ascension_mode":true,"campfire_choices":[{"data":"hexamod:EmpoweringStance","floor":1.0,"key":"SMITH"},{"data":"hexamod:Sear","floor":9.0,"key":"SMITH"},{"data":"hexamod:EmpoweringStance","floor":18.0,"key":"SMITH"},{"data":"hexamod:Incineration","floor":21.0,"key":"SMITH"},{"data":"hexamod:Again","floor":27,"key":"SMITH"}],"circlet_count":0,"master_deck":["AscendersBane","hexamod:Strike","hexamod:Strike","hexamod:Defend","hexamod:Defend","hexamod:Defend","hexamod:Defend","hexamod:Sear+1","hexamod:Float","hexamod:EmpoweringStance+1","hexamod:FirstSeal","hexamod:PhantomFireball","hexamod:ExtraCrispy+1","hexamod:BacktrackSmack","hexamod:ThirdSeal","hexamod:Again+1","hexamod:NightmareStrike","hexamod:CatchUp","hexamod:Incineration+1","hexamod:FlamesFromBeyond","hexamod:EmpoweringStance+1","hexamod:FastForward","hexamod:VolcanoVisage","hexamod:Hexaguard"],"relics":["hexamod:SpiritBrand","Hallownest:DreamNailRelic","GodSword6","Bottled Tornado","sneckomod:BlankCard","Hallownest:BankAccountRelic","Philosopher\u0027s Stone","Protect_Vest","downfall:HeartBlessingBlue"],"acts_visited":["Hallownest:Greenpath","Gensokyo:Gensokyoer"],"potions_floor_usage":[26],"damage_taken":[{"damage":7.0,"enemies":"Hallownest:monsterHuskGuard","floor":2.0,"turns":4.0},{"damage":0.0,"enemies":"downfall:FleeingMerchant","floor":4.0,"turns":4.0},{"damage":15.0,"enemies":"Hallownest:2_MossCreeps","floor":5.0,"turns":7.0},{"damage":2.0,"enemies":"Hallownest:2_Baldur","floor":6.0,"turns":4.0},{"damage":11.0,"enemies":"Hallownest:eliteMossKnight","floor":8.0,"turns":9.0},{"damage":3.0,"enemies":"Hallownest:eliteCrystalGuardian","floor":10.0,"turns":5.0},{"damage":0.0,"enemies":"Hallownest:Wandering_and_Horned","floor":11.0,"turns":5.0},{"damage":0.0,"enemies":"Hallownest:monsterFoolEater","floor":13.0,"turns":3.0},{"damage":0.0,"enemies":"downfall:FleeingMerchant","floor":14.0,"turns":4.0},{"damage":8.0,"enemies":"Hallownest:2_Tiktiks_1_Baldur_1_Crawlid","floor":15.0,"turns":5.0},{"damage":24.0,"enemies":"downfall:Ironclad","floor":16.0,"turns":8.0},{"damage":10.0,"enemies":"Gensokyo:Chomper","floor":19.0,"turns":4.0},{"damage":24.0,"enemies":"Gensokyo:CosmicMonolith","floor":20.0,"turns":6.0},{"damage":22,"enemies":"Gensokyo:Swordslinger","floor":22,"turns":6},{"damage":10,"enemies":"Gensokyo:Slime_Group","floor":25,"turns":5},{"damage":9,"enemies":"Gensokyo:Chomper_and_Gloop","floor":26,"turns":6},{"damage":29,"enemies":"Gensokyo:Monolith_and_Dog","floor":29,"turns":2}],"seed_played":"231189946466044596","potions_obtained":[{"floor":2.0,"key":"SkillPotion"},{"floor":10.0,"key":"BlessingOfTheForge"},{"floor":11.0,"key":"Energy Potion"},{"floor":16.0,"key":"LiquidBronze"},{"floor":19.0,"key":"potionbrewer:CleansingPotion"}],"is_trial":false,"path_per_floor":["R","M","?","$","M","M","T","E","R","E","M","?","M","$","M","B",null,"R","M","M","R","M","T","T","M","M","R","?","M"],"character_chosen":"THE_SPIRIT","items_purchased":["hexamod:ExtraCrispy+1"],"campfire_rested":0,"item_purchase_floors":[4],"current_hp_per_floor":[57,50,50,57,49,54,54,50,50,54,61,61,61,63,62,45,59,59,56,39,39,24,24,24,21,19,29,29,0,0],"gold":157,"neow_bonus":"ONE_RANDOM_RARE_CARD","is_daily":false,"chose_seed":false,"campfire_upgraded":5,"win_rate":0.0,"timestamp":1608039649,"path_taken":["R","?","?","?","M","M","T","E","R","E","M","?","?","$","M","BOSS","R","M","M","R","M","?","T","M","M","R","?","M"],"items_purchased_type":["Card"],"build_version":"2020-12-13","purchased_purges":1,"victory":false,"max_hp_per_floor":[63,63,63,63,63,63,63,63,63,63,63,63,63,63,63,63,63,63,63,63,63,63,63,63,63,63,73,73,73,73],"card_choices":[{"not_picked":["hexamod:AdvancingGuard","hexamod:NightmareGuise"],"picked":"hexamod:FirstSeal","floor":2.0},{"not_picked":["hexamod:ThermalTransfer","hexamod:CatchUp"],"picked":"hexamod:PhantomFireball","floor":4.0},{"not_picked":["hexamod:InspiringFlames","hexamod:HeatMetal","hexamod:Firestarter"],"picked":"SKIP","floor":5.0},{"not_picked":["hexamod:BurningTouch","hexamod:HauntingEcho"],"picked":"hexamod:BacktrackSmack","floor":6.0},{"not_picked":["hexamod:SkipABeat","hexamod:HeatMetal"],"picked":"hexamod:ThirdSeal","floor":8.0},{"not_picked":["hexamod:TurnItUp","hexamod:BacktrackSmack"],"picked":"hexamod:Again","floor":10.0},{"not_picked":["hexamod:SpectralAdrenaline","hexamod:NightmareGuise","hexamod:EmpoweredFlame"],"picked":"SKIP","floor":10.0},{"not_picked":["hexamod:EmpoweredFlame","hexamod:SpectralAdrenaline"],"picked":"hexamod:NightmareStrike","floor":11.0},{"not_picked":["hexamod:ThermalTransfer","hexamod:InspiringFlames"],"picked":"hexamod:CatchUp","floor":11.0},{"not_picked":["hexamod:Firestarter","hexamod:FirstSeal"],"picked":"hexamod:Incineration","floor":13.0},{"not_picked":["hexamod:NightmareStrike","hexamod:SwordOfDarkness"],"picked":"hexamod:FlamesFromBeyond","floor":13.0},{"not_picked":["hexamod:PhantomFireball","hexamod:ThermalTransfer"],"picked":"hexamod:EmpoweringStance","floor":14.0},{"not_picked":["hexamod:HauntingEcho","hexamod:NightmareGuise","hexamod:HeatShield"],"picked":"SKIP","floor":14.0},{"not_picked":["hexamod:ThermalTransfer","hexamod:ShieldOfDarkness"],"picked":"hexamod:FastForward","floor":15.0},{"not_picked":["hexamod:BacktrackSmack","hexamod:InspiringFlames","hexamod:AdvancingGuard"],"picked":"SKIP","floor":15.0},{"not_picked":["hexamod:UnleashSpirits","hexamod:ApocalypticArmor"],"picked":"hexamod:VolcanoVisage","floor":16.0},{"not_picked":["hexamod:SecondSeal","hexamod:SwordOfDarkness","hexamod:GhostOfSpireFuture"],"picked":"SKIP","floor":19.0},{"not_picked":["hexamod:SpectralAdrenaline","hexamod:SwordOfDarkness","hexamod:InspiringFlames"],"picked":"SKIP","floor":19.0},{"not_picked":["hexamod:HauntingEcho","hexamod:ThirdSeal","hexamod:BacktrackSmack"],"picked":"SKIP","floor":20.0},{"not_picked":["hexamod:RadiantFlame","hexamod:PowerFromBeyond","hexamod:ThermalTransfer"],"picked":"SKIP","floor":22},{"not_picked":["hexamod:HauntingEcho","hexamod:Rewind","hexamod:RainOfEmbers"],"picked":"SKIP","floor":22},{"not_picked":["hexamod:EmpoweredFlame","hexamod:GhostShield","hexamod:ThermalTransfer"],"picked":"SKIP","floor":25},{"not_picked":["hexamod:Incineration","hexamod:GhostflameInferno","hexamod:HauntingEcho+1"],"picked":"SKIP","floor":25},{"not_picked":["hexamod:BacktrackSmack","hexamod:ShieldOfDarkness+1"],"picked":"hexamod:Hexaguard","floor":26},{"not_picked":["hexamod:ExtraCrispy+1","hexamod:DynamicBlow","hexamod:HauntingEcho"],"picked":"SKIP","floor":26}],"player_experience":2260174,"relics_obtained":[{"floor":7.0,"key":"GodSword6"},{"floor":8.0,"key":"Bottled Tornado"},{"floor":10.0,"key":"sneckomod:BlankCard"},{"floor":24,"key":"Protect_Vest"}],"event_choices":[],"is_beta":false,"boss_relics":[{"not_picked":["Sozu","Honey Jar"],"picked":"Philosopher\u0027s Stone"}],"items_purged_floors":[14],"is_endless":false,"potions_floor_spawned":[2,10,11,13,16,19,20,22],"killed_by":"Gensokyo:Monolith_and_Dog","ascension_level":14}}