{"host":"6bsan6hkua32tfq7","time":1608009247,"event":{"mods":["BaseMod","Better Third Choice","Colored Map","Downfall","Highlight Path","Minty Spire (QoL Compilation)","StSLib"],"gold_per_floor":[111,125,125,125,125,125,146,146,146,146,162,202,202,272,272,363,363,388,388,428,428,428,428,448,487,487,508,102,127,127,145,145,239,239,287,509,558,518,572,572,586,609,655,689,739,814,858,858,858,858,858,858,858,47,115,115],"floor_reached":57,"playtime":3077,"items_purged":["Defend_P","Slimebound:Tackle+1"],"score":2805,"play_id":"d6d0de07-cbc0-4858-8857-7bad3e545fac","local_time":"20201215061407","is_ascension_mode":true,"campfire_choices":[{"data":"Eruption","floor":6,"key":"SMITH"},{"data":"TalkToTheHand","floor":8,"key":"SMITH"},{"data":"WaveOfTheHand","floor":10,"key":"SMITH"},{"data":"Wish","floor":13,"key":"SMITH"},{"data":"Conclude","floor":15,"key":"SMITH"},{"data":"Omniscience","floor":23,"key":"SMITH"},{"data":"TalkToTheHand","floor":32,"key":"SMITH"},{"floor":40,"key":"RECALL"},{"data":"DevaForm","floor":49,"key":"SMITH"},{"data":"Defend_P","floor":53,"key":"SMITH"}],"circlet_count":0,"master_deck":["AscendersBane","Defend_P+1","Defend_P+1","Eruption+1","Vigilance+1","WaveOfTheHand+1","EmptyFist+1","TalkToTheHand+1","Conclude+1","Wish+1","Omniscience+1","PathToVictory","TalkToTheHand+1","Slimebound:Tackle+1","Slimebound:Tackle+1","DevaForm+1","LikeWater+1","BattleHymn+1","TalkToTheHand+1","LikeWater"],"relics":["PureWater","Bag of Preparation","Blood Vial","Golden Idol","Pantograph","Dead Branch","War Paint","Coffee Dripper","Red Mask","Letter Opener","Ice Cream","Incense Burner","VioletLotus","TeardropLocket","Ancient Tea Set","Lantern","Whetstone","OrangePellets","Anchor","TungstenRod"],"acts_visited":["Exordium","TheCity","TheBeyond","TheEnding"],"potions_floor_usage":[12,16,16,25,51],"damage_taken":[{"damage":0,"enemies":"2 Louse","floor":1,"turns":2},{"damage":0,"enemies":"Jaw Worm","floor":2,"turns":4},{"damage":0,"enemies":"Small Slimes","floor":7,"turns":2},{"damage":4,"enemies":"Exordium Wildlife","floor":11,"turns":4},{"damage":5,"enemies":"Lagavulin","floor":12,"turns":5},{"damage":32,"enemies":"3 Sentries","floor":14,"turns":7},{"damage":43,"enemies":"Hexaghost","floor":16,"turns":16},{"damage":0,"enemies":"Shell Parasite","floor":18,"turns":6},{"damage":40,"enemies":"Masked Bandits","floor":20,"turns":3},{"damage":0,"enemies":"2 Thieves","floor":24,"turns":1},{"damage":11,"enemies":"Slavers","floor":25,"turns":2},{"damage":1,"enemies":"Snake Plant","floor":27,"turns":3},{"damage":19,"enemies":"Sentry and Sphere","floor":29,"turns":6},{"damage":0,"enemies":"Centurion and Healer","floor":31,"turns":10},{"damage":19,"enemies":"Champ","floor":33,"turns":12},{"damage":2,"enemies":"Orb Walker","floor":35,"turns":4},{"damage":1,"enemies":"3 Shapes","floor":37,"turns":8},{"damage":0,"enemies":"Transient","floor":39,"turns":7},{"damage":2,"enemies":"Spire Growth","floor":41,"turns":6},{"damage":13,"enemies":"Maw","floor":42,"turns":6},{"damage":0,"enemies":"Giant Head","floor":44,"turns":9},{"damage":2,"enemies":"3 Darklings","floor":46,"turns":4},{"damage":0,"enemies":"Nemesis","floor":47,"turns":7},{"damage":17,"enemies":"Donu and Deca","floor":50,"turns":9},{"damage":33,"enemies":"Awakened One","floor":51,"turns":11},{"damage":19,"enemies":"Shield and Spear","floor":55,"turns":7},{"damage":4,"enemies":"The Heart","floor":56,"turns":10}],"seed_played":"8926262634462765306","potions_obtained":[{"floor":1,"key":"Strength Potion"},{"floor":12,"key":"Fire Potion"},{"floor":14,"key":"CultistPotion"},{"floor":18,"key":"champ:CounterPotion"},{"floor":20,"key":"Guardian:BlockOnCardUsePotion"},{"floor":29,"key":"SteroidPotion"},{"floor":38,"key":"LiquidMemories"}],"is_trial":false,"path_per_floor":["M","M","?","?","?","R","M","R","T","R","M","E","R","E","R","B",null,"M","?","?","?","?","R","M","E","T","M","$","M","?","M","R","B",null,"M","?","M","?","M","R","M","M","T","E","?","M","E","T","R","B","B",null,"R","$","E","B",null],"character_chosen":"WATCHER","items_purchased":["Incense Burner","TalkToTheHand","Whetstone","OrangePellets","Anchor","LikeWater","Ambrosia"],"campfire_rested":0,"item_purchase_floors":[28,54,54,54,54,54,54],"current_hp_per_floor":[61,61,50,55,55,55,57,57,57,57,55,52,52,22,22,6,51,53,66,26,26,26,26,28,19,19,20,20,3,3,5,5,13,53,53,53,54,54,56,56,56,45,45,47,47,47,49,49,49,49,33,58,58,58,41,62],"gold":115,"neow_bonus":"RANDOM_COMMON_RELIC","is_daily":false,"chose_seed":false,"campfire_upgraded":9,"win_rate":0.0,"timestamp":1608009247,"path_taken":["M","M","?","?","?","R","M","R","T","R","?","E","R","E","R","BOSS","M","?","?","?","?","R","M","E","T","?","$","M","?","M","R","BOSS","M","?","M","?","?","R","M","M","T","E","?","?","E","?","R","BOSS","BOSS","R","$","E","BOSS"],"items_purchased_type":["Relic","Card","Relic","Relic","Relic","Card","Potion"],"build_version":"2020-12-13","purchased_purges":2,"victory":true,"max_hp_per_floor":[68,68,68,73,66,66,66,66,66,66,66,66,66,66,66,66,66,66,66,66,66,66,66,66,66,66,66,66,66,66,66,66,66,66,66,66,66,66,66,66,66,66,66,66,66,66,66,66,66,66,66,66,66,66,66,66],"card_choices":[{"not_picked":["ThirdEye","CrushJoints"],"picked":"WaveOfTheHand","floor":1},{"not_picked":["Prostrate","ClearTheMind"],"picked":"EmptyFist","floor":2},{"not_picked":["EmptyBody","Vengeance"],"picked":"TalkToTheHand","floor":7},{"not_picked":["ThirdEye","Halt"],"picked":"Conclude","floor":11},{"not_picked":["BowlingBash","JustLucky"],"picked":"Wish","floor":12},{"not_picked":["FollowUp","SandsOfTime","Halt"],"picked":"SKIP","floor":14},{"not_picked":["Ragnarok","Scrawl"],"picked":"Omniscience","floor":16},{"not_picked":["Swivel","Vengeance"],"picked":"PathToVictory","floor":18},{"not_picked":["CrushJoints","EmptyBody"],"picked":"TalkToTheHand","floor":20},{"not_picked":["ThirdEye","WreathOfFlame","Wireheading+1"],"picked":"SKIP","floor":24},{"not_picked":["FollowUp","Nirvana","Adaptation"],"picked":"SKIP","floor":25},{"not_picked":["JustLucky","Crescendo","Protect"],"picked":"SKIP","floor":27},{"not_picked":["Wallop","Prostrate","MentalFortress"],"picked":"SKIP","floor":29},{"not_picked":["Nirvana","Prostrate","Crescendo"],"picked":"SKIP","floor":31},{"not_picked":["LessonLearned","Establishment"],"picked":"DevaForm","floor":33},{"not_picked":["MentalFortress","SashWhip","Nirvana+1"],"picked":"SKIP","floor":35},{"not_picked":["CrushJoints","DeceiveReality+1"],"picked":"LikeWater+1","floor":37},{"not_picked":["BowlingBash","Protect+1"],"picked":"BattleHymn+1","floor":39},{"not_picked":["PathToVictory","ThirdEye+1","Sanctity"],"picked":"SKIP","floor":41},{"not_picked":["Indignation+1","Weave","Wallop+1"],"picked":"SKIP","floor":42},{"not_picked":["Wallop","Alpha","LessonLearned"],"picked":"SKIP","floor":44},{"not_picked":["EmptyBody+1","EmptyFist","FlyingSleeves"],"picked":"SKIP","floor":46},{"not_picked":["EmptyBody+1","EmptyFist","FlyingSleeves"],"picked":"SKIP","floor":46},{"not_picked":["SashWhip+1","Prostrate","WindmillStrike"],"picked":"SKIP","floor":47},{"not_picked":["ReachHeaven+1","Pray+1","Swivel"],"picked":"SKIP","floor":55}],"player_experience":5147194,"relics_obtained":[{"floor":9,"key":"Pantograph"},{"floor":12,"key":"Dead Branch"},{"floor":14,"key":"War Paint"},{"floor":20,"key":"Red Mask"},{"floor":25,"key":"Letter Opener"},{"floor":26,"key":"Ice Cream"},{"floor":44,"key":"TeardropLocket"},{"floor":47,"key":"Ancient Tea Set"},{"floor":48,"key":"Lantern"},{"floor":55,"key":"TungstenRod"}],"event_choices":[{"damage_healed":0,"gold_gain":0,"player_choice":"Relic ","damage_taken":11,"max_hp_gain":0,"max_hp_loss":0,"event_name":"betterThird:BetterScrap","floor":3,"gold_loss":0,"cards_obtained":["Eviscerate"]},{"damage_healed":0,"gold_gain":0,"player_choice":"Donut","damage_taken":0,"max_hp_gain":5,"max_hp_loss":0,"event_name":"Big Fish","floor":4,"gold_loss":0},{"damage_healed":0,"gold_gain":0,"player_choice":"Lose Max HP","damage_taken":0,"relics_obtained":["Golden Idol"],"max_hp_gain":0,"max_hp_loss":7,"event_name":"Golden Idol","floor":5,"gold_loss":0},{"damage_healed":13,"gold_gain":0,"player_choice":"Heal","damage_taken":0,"max_hp_gain":0,"max_hp_loss":0,"event_name":"The Library","floor":19,"gold_loss":0},{"damage_healed":0,"gold_gain":0,"player_choice":"Fought Bandits","damage_taken":0,"max_hp_gain":0,"max_hp_loss":0,"event_name":"Masked Bandits","floor":20,"gold_loss":0},{"cards_removed":["Defend_P"],"damage_healed":0,"gold_gain":0,"player_choice":"Purged","damage_taken":0,"max_hp_gain":0,"max_hp_loss":0,"event_name":"Purifier","floor":22,"gold_loss":0},{"damage_healed":0,"gold_gain":0,"player_choice":"Ignored","damage_taken":0,"max_hp_gain":0,"max_hp_loss":0,"event_name":"Vampires","floor":30,"gold_loss":0},{"damage_healed":0,"gold_gain":222,"player_choice":"Wore Mask","damage_taken":0,"max_hp_gain":0,"max_hp_loss":0,"event_name":"Tomb of Lord Red Mask","floor":36,"gold_loss":0},{"damage_healed":0,"gold_gain":0,"player_choice":"Bought 3 Potions","damage_taken":0,"max_hp_gain":0,"max_hp_loss":0,"event_name":"The Woman in Blue","floor":38,"gold_loss":0},{"damage_healed":0,"gold_gain":50,"player_choice":"Pray","damage_taken":0,"max_hp_gain":0,"max_hp_loss":0,"event_name":"Golden Shrine","floor":45,"gold_loss":0}],"is_beta":false,"boss_relics":[{"not_picked":["SlaversCollar","Calling Bell"],"picked":"Coffee Dripper"},{"not_picked":["Runic Pyramid","Pandora\u0027s Box"],"picked":"VioletLotus"}],"items_purged_floors":[28,54],"is_endless":false,"potions_floor_spawned":[1,12,14,18,20,29,33,42,46,55],"ascension_level":20}}