{"host":"ufl0k2so27eic2iy","time":1608039687,"event":{"mods":["BaseMod","Minty Spire (QoL Compilation)","StSLib","The Animator"],"gold_per_floor":[113,113,113,125,136,167,3,3,3,3,30,30,45,60,60,139,139,151,151,165,180,11,11,50,61,61,85,85,85,85,85],"floor_reached":30,"playtime":1456,"items_purged":["animator:Strike","animator:Strike"],"score":441,"play_id":"143bad50-5211-4852-aa9a-de750fa271a4","local_time":"20201215134127","is_ascension_mode":true,"campfire_choices":[{"floor":8,"key":"REST"},{"data":"animator:Cirno","floor":10,"key":"SMITH"},{"data":"animator:Bozes","floor":12,"key":"SMITH"},{"data":"animator:ShidoItsuka","floor":15,"key":"SMITH"},{"data":"animator:Sora","floor":23,"key":"SMITH"},{"floor":29,"key":"REST"}],"circlet_count":0,"master_deck":["AscendersBane","animator:Strike_DateALive","animator:Defend_DateALive","animator:Defend","animator:Defend","animator:Defend","animator:ShidoItsuka+1","animator:YamaiSisters","animator:Bozes+1","animator:Arpeggio","animator:SayakaMiki","animator:YamaiSisters","animator:Cirno+1","animator:YoshinoHimekawa","animator:TohkaYatogami","animator:Sora+1","animator:YoshinoHimekawa","animator:KyokoSakura","animator:DolaSchwi","animator:TukaLunaMarceau","animator:FielNirvalen","animator:Envy","animator:DolaStephanie","Injury","animator:ReineMurasame"],"relics":["animator:LivingPicture","animator:TheMissingPiece","animator:EngravedStaff","TungstenRod","Cursed Key","Blue Candle"],"acts_visited":["Exordium","TheCity"],"potions_floor_usage":[6,16,21,21,24,28],"damage_taken":[{"damage":13.0,"enemies":"Jaw Worm","floor":1.0,"turns":4.0},{"damage":0,"enemies":"2 Louse","floor":4,"turns":3},{"damage":4,"enemies":"Cultist","floor":5,"turns":5},{"damage":36,"enemies":"Gremlin Nob","floor":6,"turns":5},{"damage":1,"enemies":"Blue Slaver","floor":11,"turns":4},{"damage":4,"enemies":"3 Louse","floor":13,"turns":3},{"damage":0,"enemies":"2 Fungi Beasts","floor":14,"turns":4},{"damage":2,"enemies":"Slime Boss","floor":16,"turns":11},{"damage":0,"enemies":"Chosen","floor":18,"turns":6},{"damage":0,"enemies":"3 Byrds","floor":20,"turns":5},{"damage":14,"enemies":"Shelled Parasite and Fungi","floor":21,"turns":5},{"damage":28,"enemies":"Slavers","floor":24,"turns":5},{"damage":3,"enemies":"Centurion and Healer","floor":25,"turns":6},{"damage":0,"enemies":"Snecko","floor":27,"turns":6},{"damage":11,"enemies":"Colosseum Slavers","floor":28,"turns":5},{"damage":27,"enemies":"Gremlin Leader","floor":30,"turns":4}],"seed_played":"7844267952535665701","potions_obtained":[{"floor":1.0,"key":"Weak Potion"},{"floor":14,"key":"Fire Potion"},{"floor":16,"key":"SpeedPotion"},{"floor":20,"key":"Fruit Juice"},{"floor":21,"key":"Strength Potion"},{"floor":27,"key":"FearPotion"}],"is_trial":false,"path_per_floor":["M","?","?","M","M","E","$","R","T","R","M","R","M","M","R","B",null,"M","?","M","M","$","R","E","M","T","M","?","R","E"],"character_chosen":"THE_ANIMATOR","items_purchased":["animator:Cirno","animator:FielNirvalen"],"campfire_rested":2,"item_purchase_floors":[7,22],"current_hp_per_floor":[47,47,47,47,43,7,7,26,26,26,25,25,21,22,22,20,55,55,55,55,46,46,46,18,15,15,15,4,25,0,0],"gold":85,"neow_bonus":"TEN_PERCENT_HP_BONUS","is_daily":false,"chose_seed":true,"campfire_upgraded":4,"win_rate":0.0,"timestamp":1608039687,"path_taken":["M","?","?","M","M","E","$","R","T","R","M","R","M","M","R","BOSS","M","?","M","M","$","R","E","M","T","?","?","R","E"],"items_purchased_type":["Card","Card"],"build_version":"2020-12-13","purchased_purges":2,"victory":false,"max_hp_per_floor":[66,66,66,66,66,66,66,66,66,66,66,66,66,67,67,67,67,67,67,67,72,72,72,72,72,72,72,72,72,72,72],"card_choices":[{"not_picked":["animator:DolaRiku","animator:ShidoItsuka"],"picked":"animator:Bozes","floor":1.0},{"not_picked":["animator:YaoHaDucy","animator:OrikoMikuni"],"picked":"animator:Arpeggio","floor":4},{"not_picked":["animator:MamiTomoe","animator:DolaCouronne"],"picked":"animator:SayakaMiki","floor":5},{"not_picked":["animator:ReineMurasame","animator:NiaHonjou"],"picked":"animator:YamaiSisters","floor":6},{"not_picked":["animator:LizardPriest","animator:DolaSchwi"],"picked":"animator:YoshinoHimekawa","floor":11},{"not_picked":["animator:DolaRiku","animator:ItamiYouji","animator:MamiTomoe"],"picked":"SKIP","floor":13},{"not_picked":["animator:DolaStephanie","animator:DwarfShaman"],"picked":"animator:TohkaYatogami","floor":14},{"not_picked":["animator:KotoriItsuka","animator:Father"],"picked":"animator:Sora","floor":16},{"not_picked":["animator:Natsumi","animator:TohkaYatogami"],"picked":"animator:YoshinoHimekawa","floor":18},{"not_picked":["animator:TohkaYatogami","animator:SwordMaiden"],"picked":"animator:DolaSchwi","floor":20},{"not_picked":["animator:Mikaela","animator:DwarfShaman"],"picked":"animator:TukaLunaMarceau","floor":21},{"not_picked":["animator:Shigure","animator:CrowleyEusford"],"picked":"animator:Envy","floor":24},{"not_picked":["animator:Tet","animator:DolaRiku"],"picked":"animator:DolaStephanie","floor":25},{"not_picked":["animator:Bozes","animator:HiiragiShinya"],"picked":"animator:ReineMurasame","floor":27}],"player_experience":2286791,"relics_obtained":[{"floor":6,"key":"animator:EngravedStaff"},{"floor":9,"key":"TungstenRod"},{"floor":24,"key":"Blue Candle"}],"event_choices":[{"damage_healed":0,"gold_gain":0,"player_choice":"Fled","damage_taken":0,"max_hp_gain":0,"max_hp_loss":0,"event_name":"Scrap Ooze","floor":2,"gold_loss":0},{"damage_healed":0,"gold_gain":0,"player_choice":"Ignored","damage_taken":0,"max_hp_gain":0,"max_hp_loss":0,"event_name":"Shining Light","floor":3,"gold_loss":0},{"damage_healed":0,"gold_gain":0,"cards_transformed":["animator:Strike"],"player_choice":"Transformed","damage_taken":0,"max_hp_gain":0,"max_hp_loss":0,"event_name":"Transmorgrifier","floor":19,"gold_loss":0,"cards_obtained":["animator:KyokoSakura"]},{"damage_healed":0,"gold_gain":0,"player_choice":"Fight","damage_taken":0,"max_hp_gain":0,"max_hp_loss":0,"event_name":"Colosseum","floor":28,"gold_loss":0},{"damage_healed":0,"gold_gain":0,"player_choice":"Fled From Nobs","damage_taken":0,"max_hp_gain":0,"max_hp_loss":0,"event_name":"Colosseum","floor":28,"gold_loss":0}],"is_beta":false,"boss_relics":[{"not_picked":["Ectoplasm","animator:CursedBlade"],"picked":"Cursed Key"}],"items_purged_floors":[7,22],"is_endless":false,"potions_floor_spawned":[1,14,16,20,21,27],"killed_by":"Gremlin Leader","ascension_level":15}}