{"host":"p7j7o00jacnw7qzt","time":1608049877,"event":{"mods":["BaseMod","Colored Map","Colored Powertips","DeckTracker","Highlight Path","Minty Spire (QoL Compilation)","Relic Stats"],"gold_per_floor":[113,132,57,68,68,68,94,94,94,128,49,68,68,68,68,146,146,159,228,15,15,15,15,15,15],"floor_reached":24,"playtime":706,"items_purged":["Strike_R","Strike_R"],"score":400,"play_id":"3de7a5ef-3574-4d5b-b8e9-101d8b4170bf","local_time":"20201215113117","is_ascension_mode":true,"campfire_choices":[{"data":"Inflame","floor":6.0,"key":"SMITH"},{"data":"Sword Boomerang","floor":8.0,"key":"SMITH"},{"data":"Second Wind","floor":15.0,"key":"SMITH"},{"floor":23.0,"key":"RECALL"}],"circlet_count":0,"master_deck":["AscendersBane","Strike_R","Defend_R","Defend_R","Defend_R","Defend_R","Bash","Sword Boomerang+1","Disarm","Pommel Strike","Inflame+1","Barricade","Battle Trance","Second Wind+1","Reaper","Evolve"],"relics":["Burning Blood","FaceOfCleric","Paper Frog","HornCleat","Tiny Chest","Fusion Hammer","The Courier","Art of War"],"acts_visited":["Exordium","TheCity"],"potions_floor_usage":[24],"damage_taken":[{"damage":1.0,"enemies":"Small Slimes","floor":1.0,"turns":4.0},{"damage":0.0,"enemies":"Cultist","floor":2.0,"turns":3.0},{"damage":3.0,"enemies":"2 Louse","floor":4.0,"turns":3.0},{"damage":26.0,"enemies":"Lagavulin","floor":7.0,"turns":7.0},{"damage":21.0,"enemies":"3 Sentries","floor":10.0,"turns":7.0},{"damage":1.0,"enemies":"Looter","floor":12.0,"turns":3.0},{"damage":8.0,"enemies":"Slime Boss","floor":16.0,"turns":12.0},{"damage":6.0,"enemies":"3 Byrds","floor":18.0,"turns":5.0},{"damage":0,"enemies":"Gremlin Leader","floor":24,"turns":1}],"seed_played":"1457312050824313049","potions_obtained":[{"floor":2.0,"key":"BloodPotion"},{"floor":4.0,"key":"CultistPotion"},{"floor":16.0,"key":"SkillPotion"}],"is_trial":false,"path_per_floor":["M","M","$","M","?","R","E","R","T","E","$","M","?","?","R","B",null,"M","T","$","?","$","R","E"],"character_chosen":"IRONCLAD","items_purchased":["Second Wind","Art of War"],"campfire_rested":0,"item_purchase_floors":[11,20],"current_hp_per_floor":[68,68,68,68,68,68,49,49,49,35,35,41,46,46,46,45,69,76,76,76,76,76,76,76,76],"gold":15,"neow_bonus":"TRANSFORM_TWO_CARDS","is_daily":false,"chose_seed":false,"campfire_upgraded":3,"win_rate":0.0,"timestamp":1608049877,"path_taken":["M","M","$","M","?","R","E","R","T","E","?","M","?","?","R","BOSS","M","?","$","?","?","R","E"],"items_purchased_type":["Card","Relic"],"build_version":"2020-12-13","purchased_purges":2,"victory":false,"max_hp_per_floor":[68,68,68,68,68,68,69,69,69,70,70,71,76,76,76,77,77,78,78,78,78,78,78,78,78],"relic_stats":{"FaceOfCleric":5,"counters":[9,45],"Tiny Chest":1,"Art of War":[0],"obtain_stats":[{"HornCleat":9,"FaceOfCleric":5,"Tiny Chest":10,"Fusion Hammer":17,"The Courier":19,"Art of War":20,"Burning Blood":0,"Paper Frog":7},{"HornCleat":4,"FaceOfCleric":3,"Tiny Chest":5,"Fusion Hammer":7,"The Courier":8,"Art of War":8,"Burning Blood":0,"Paper Frog":4},{"HornCleat":17,"FaceOfCleric":10,"Tiny Chest":24,"Fusion Hammer":39,"The Courier":44,"Art of War":44,"Burning Blood":0,"Paper Frog":17}],"Burning Blood":34},"card_choices":[{"not_picked":["Cleave","Headbutt"],"picked":"Pommel Strike","floor":1.0},{"not_picked":["Body Slam","Ghostly Armor"],"picked":"Inflame","floor":2.0},{"not_picked":["Warcry","Seeing Red"],"picked":"Barricade","floor":4.0},{"not_picked":["Havoc","Headbutt"],"picked":"Battle Trance","floor":7.0},{"not_picked":["Rampage","Warcry","Clothesline"],"picked":"SKIP","floor":10.0},{"not_picked":["Cleave","Anger","Flex"],"picked":"SKIP","floor":12.0},{"not_picked":["Brutality","Demon Form"],"picked":"Reaper","floor":16.0},{"not_picked":["Perfected Strike","Warcry"],"picked":"Evolve","floor":18.0}],"player_experience":868423,"relics_obtained":[{"floor":7.0,"key":"Paper Frog"},{"floor":9.0,"key":"HornCleat"},{"floor":10.0,"key":"Tiny Chest"},{"floor":19.0,"key":"The Courier"}],"event_choices":[{"damage_healed":0.0,"max_hp_gain":0.0,"max_hp_loss":0.0,"gold_gain":0.0,"event_name":"FaceTrader","player_choice":"Trade","floor":5.0,"gold_loss":0.0,"damage_taken":0.0,"relics_obtained":["FaceOfCleric"]},{"damage_healed":0.0,"max_hp_gain":5.0,"max_hp_loss":0.0,"gold_gain":0.0,"event_name":"Big Fish","player_choice":"Donut","floor":13.0,"gold_loss":0.0,"damage_taken":0.0},{"damage_healed":0.0,"max_hp_gain":0.0,"max_hp_loss":0.0,"gold_gain":0.0,"event_name":"Liars Game","player_choice":"Ignored","floor":14.0,"gold_loss":0.0,"damage_taken":0.0},{"damage_healed":0.0,"max_hp_gain":0.0,"max_hp_loss":0.0,"gold_gain":0.0,"event_name":"The Mausoleum","player_choice":"Ignored","floor":21.0,"gold_loss":0.0,"damage_taken":0.0}],"is_beta":false,"boss_relics":[{"not_picked":["SlaversCollar","Ectoplasm"],"picked":"Fusion Hammer"}],"items_purged_floors":[3,20],"is_endless":false,"potions_floor_spawned":[2,4,16],"killed_by":"Gremlin Leader","ascension_level":20}}