{"host":"684z1xpuwaoqmmh1","time":1608070313,"event":{"mods":["Bard","BaseMod","Downfall","Hermit","Jorbs\u0027s Wanderer Trilogy","Marisa????????","Minty Spire (QoL Compilation)","StSLib","The Hierophant","The Mystic","The Runesmith"],"gold_per_floor":[112,123,137,152,152,152,187,187,187,207,132,171,36,70,70,179,179,196,215,107,107,124,129,129],"floor_reached":23,"playtime":1444,"items_purged":["hermit:Strike_Hermit","hermit:Strike_Hermit"],"score":274,"play_id":"9a12f446-d2c7-49d2-85e4-b01cb56c0f7c","local_time":"20201216001153","is_ascension_mode":true,"campfire_choices":[{"data":"hermit:FlashPowder","floor":6.0,"key":"SMITH"},{"floor":8.0,"key":"REST"},{"data":"hermit:BlackWind","floor":15.0,"key":"SMITH"}],"circlet_count":0,"master_deck":["hermit:Strike_Hermit","hermit:Strike_Hermit","hermit:Defend_Hermit","hermit:Defend_Hermit","hermit:Defend_Hermit","hermit:Defend_Hermit","hermit:Snapshot+1","hermit:Covet","hermit:Determination","hermit:Desperado","hermit:SprayPray","hermit:FlashPowder+1","hermit:Scavenge","hermit:Snipe","hermit:Feint","hermit:Gestalt","hermit:BlackWind+1","hermit:Adapt","hermit:Coalescence","hermit:CalledShot+1","hermit:Gestalt","hermit:GhostlyPresence","hermit:Spite+1"],"relics":["hermit:Momento","WingedGreaves","Lizard Tail","Thread and Needle","FossilizedHelix","sneckomod:SneckoTalon"],"acts_visited":["Exordium","TheCity"],"potions_floor_usage":[23],"damage_taken":[{"damage":4.0,"enemies":"2 Louse","floor":1.0,"turns":3.0},{"damage":0.0,"enemies":"Cultist","floor":2.0,"turns":4.0},{"damage":2.0,"enemies":"Jaw Worm","floor":3.0,"turns":2.0},{"damage":10.0,"enemies":"Gremlin Gang","floor":4.0,"turns":5.0},{"damage":40.0,"enemies":"3 Sentries","floor":7.0,"turns":9.0},{"damage":0.0,"enemies":"3 Louse","floor":10.0,"turns":3.0},{"damage":14.0,"enemies":"Lagavulin","floor":12.0,"turns":6.0},{"damage":2.0,"enemies":"3 Sentries","floor":14.0,"turns":8.0},{"damage":1.0,"enemies":"The Guardian","floor":16.0,"turns":12.0},{"damage":2.0,"enemies":"Spheric Guardian","floor":18.0,"turns":6.0},{"damage":0.0,"enemies":"3 Byrds","floor":19.0,"turns":8.0},{"damage":13.0,"enemies":"Sentry and Sphere","floor":22.0,"turns":8.0},{"damage":92,"enemies":"Gremlin Leader","floor":23,"turns":9}],"seed_played":"-2482275545677214261","potions_obtained":[{"floor":1.0,"key":"hermit:BlackBile"},{"floor":3.0,"key":"DuplicationPotion"},{"floor":4.0,"key":"EssenceOfSteel"},{"floor":12.0,"key":"AttackPotion"},{"floor":18.0,"key":"Regen Potion"}],"is_trial":false,"path_per_floor":["M","M","M","M","?","R","E","R","T","M","$","E","$","E","R","B",null,"M","M","$","?","M","E"],"character_chosen":"HERMIT","items_purchased":["hermit:Gestalt","hermit:Gestalt","hermit:GhostlyPresence"],"campfire_rested":1,"item_purchase_floors":[13,20,20],"current_hp_per_floor":[64,64,62,52,52,52,12,34,34,34,34,20,20,18,18,17,61,59,59,59,59,46,21,21],"gold":129,"neow_bonus":"UPGRADE_CARD","is_daily":false,"chose_seed":false,"campfire_upgraded":2,"win_rate":0.0,"timestamp":1608070313,"path_taken":["M","M","M","M","?","R","E","R","T","M","$","E","?","E","R","BOSS","M","M","$","?","M","E"],"items_purchased_type":["Card","Card","Card"],"build_version":"2020-12-13","purchased_purges":2,"victory":false,"max_hp_per_floor":[75,75,75,75,75,75,75,75,75,75,75,75,75,75,75,75,75,75,75,75,75,75,75,75],"card_choices":[{"not_picked":["hermit:Maintenance","hermit:SprayPray"],"picked":"hermit:Determination","floor":1.0},{"not_picked":["hermit:CursedWeapon","hermit:BodyArmor"],"picked":"hermit:Desperado","floor":2.0},{"not_picked":["hermit:LoneWolf","hermit:Desperado"],"picked":"hermit:SprayPray","floor":3.0},{"not_picked":["hermit:LowProfile","hermit:Manifest"],"picked":"hermit:FlashPowder","floor":4.0},{"not_picked":["hermit:Deadeye","hermit:Enervate"],"picked":"hermit:Scavenge","floor":7.0},{"not_picked":["hermit:CalledShot","hermit:EyeOfTheStorm"],"picked":"hermit:Snipe","floor":10.0},{"not_picked":["hermit:LoneWolf","hermit:BigShot"],"picked":"hermit:Feint","floor":12.0},{"not_picked":["hermit:Determination","hermit:WideOpen"],"picked":"hermit:BlackWind","floor":14.0},{"not_picked":["hermit:RoundhouseKick","hermit:Reprieve"],"picked":"hermit:Adapt","floor":16.0},{"not_picked":["hermit:Spite","hermit:GoldenBullet"],"picked":"hermit:Coalescence","floor":18.0},{"not_picked":["hermit:Misfire","hermit:WideOpen"],"picked":"hermit:CalledShot+1","floor":19.0},{"not_picked":["hermit:Ricochet+1","hermit:Malice"],"picked":"hermit:Spite+1","floor":22.0}],"player_experience":2323572,"relics_obtained":[{"floor":7.0,"key":"WingedGreaves"},{"floor":9.0,"key":"Lizard Tail"},{"floor":12.0,"key":"Thread and Needle"},{"floor":14.0,"key":"FossilizedHelix"}],"event_choices":[{"damage_healed":0.0,"max_hp_gain":0.0,"max_hp_loss":0.0,"gold_gain":0.0,"event_name":"The Woman in Blue","player_choice":"Bought 0 Potions","floor":5.0,"gold_loss":0.0,"damage_taken":0.0},{"damage_healed":0.0,"max_hp_gain":0.0,"max_hp_loss":0.0,"gold_gain":0.0,"event_name":"Ghosts","player_choice":"Ignored","floor":21.0,"gold_loss":0.0,"damage_taken":0.0}],"is_beta":false,"boss_relics":[{"not_picked":["Velvet Choker","Pandora\u0027s Box"],"picked":"sneckomod:SneckoTalon"}],"items_purged_floors":[11,13],"is_endless":false,"potions_floor_spawned":[1,3,4,12,18],"killed_by":"Gremlin Leader","ascension_level":6}}