{"host":"nox","time":1608050911,"event":{"mods":["BaseMod","Colored Powertips","Minty Spire (QoL Compilation)","Quick Restart","Replay The Spire","StSLib"],"gold_per_floor":[117,130,305,85,85,85,116,132,155,155,171,184,184,215,215,312,312,328,328,378,391,405,432,432,457,482,482,482],"floor_reached":27,"playtime":983,"items_purged":["Doubt"],"score":433,"play_id":"19c432b1-8f90-4543-97a6-548512efa79f","local_time":"20201215234831","is_ascension_mode":true,"campfire_choices":[{"floor":6.0,"key":"RECALL"},{"floor":24.0,"key":"REST"}],"circlet_count":0,"master_deck":["Strike_B","Strike_B","Strike_B+1","Defend_B","Defend_B","Defend_B","Defend_B","Zap","Dualcast","Defragment","Reinforced Body","Tempest","Streamline","Streamline+1","Static Discharge+1","Conserve Battery+1","Languid"],"relics":["Fusion Hammer","Toolbox","Bag of Marbles","ReplayFunnel","Mummified Hand","FaceOfCleric","Black Star","Ring of Greed","Membership Card","Golden Egg","ReplayTheSpireMod:Ring of Exchange","Chameleon Ring","Whetstone","Anchor","Regal Pillow"],"acts_visited":["TheCity"],"potions_floor_usage":[27],"damage_taken":[{"damage":2.0,"enemies":"Jaw Worm","floor":1.0,"turns":3.0},{"damage":0.0,"enemies":"2 Louse","floor":2.0,"turns":3.0},{"damage":31.0,"enemies":"Lagavulin","floor":7.0,"turns":10.0},{"damage":0.0,"enemies":"Cultist","floor":8.0,"turns":4.0},{"damage":11.0,"enemies":"Blue Slaver","floor":11.0,"turns":3.0},{"damage":21.0,"enemies":"Gremlin Gang","floor":12.0,"turns":4.0},{"damage":0.0,"enemies":"Gremlin Nob","floor":14.0,"turns":1.0},{"damage":0.0,"enemies":"Slime Boss","floor":16.0,"turns":3.0},{"damage":35.0,"enemies":"2 Thieves","floor":18.0,"turns":4.0},{"damage":12.0,"enemies":"Chosen","floor":21.0,"turns":4.0},{"damage":23.0,"enemies":"Snecko","floor":22.0,"turns":4.0},{"damage":31.0,"enemies":"Slavers","floor":23.0,"turns":6.0},{"damage":0.0,"enemies":"Replay:Snechameleon","floor":25.0,"turns":7.0},{"damage":34,"enemies":"Gremlin Leader","floor":27,"turns":7}],"seed_played":"4589305806401735600","potions_obtained":[{"floor":1.0,"key":"DuplicationPotion"},{"floor":7.0,"key":"Doom Potion"},{"floor":13.0,"key":"LiquidMemories"},{"floor":13.0,"key":"BlessingOfTheForge"},{"floor":13.0,"key":"EntropicBrew"},{"floor":14.0,"key":"Toxic Potion"},{"floor":18.0,"key":"Energy Potion"},{"floor":23.0,"key":"SteroidPotion"}],"is_trial":false,"path_per_floor":["M","M","?","$","?","R","E","M","T","?","M","M","?","E","R","B",null,"M","?","?","M","M","E","R","E","T","E"],"character_chosen":"DEFECT","items_purchased":["Toolbox"],"campfire_rested":1,"item_purchase_floors":[4],"current_hp_per_floor":[73,73,73,73,73,73,42,42,42,42,31,10,10,10,10,11,76,42,67,67,56,34,4,28,29,29,0,0],"gold":482,"neow_bonus":"BOSS_RELIC","is_daily":false,"chose_seed":false,"campfire_upgraded":0,"win_rate":0.0,"timestamp":1608050911,"path_taken":["M","M","?","$","?","R","E","M","T","?","M","?","?","E","R","BOSS","M","?","?","M","M","E","R","E","T","E"],"items_purchased_type":["Relic"],"build_version":"2020-11-17","purchased_purges":1,"victory":false,"max_hp_per_floor":[75,75,75,75,75,75,75,75,75,75,75,75,75,75,75,76,76,77,77,77,78,79,80,80,81,81,81,81],"card_choices":[{"not_picked":["Recycle","Turbo"],"picked":"Defragment","floor":1.0},{"not_picked":["Turbo","Cold Snap","ReplaySolidLightProjector"],"picked":"SKIP","floor":2.0},{"not_picked":["ReplaySort","Cold Snap"],"picked":"Reinforced Body","floor":7.0},{"not_picked":["Double Energy","Beam Cell"],"picked":"Tempest","floor":8.0},{"not_picked":["Rebound","Fission"],"picked":"Streamline","floor":11.0},{"not_picked":["Barrage","Ball Lightning"],"picked":"Streamline","floor":12.0},{"not_picked":["ReplayRNGCard","Steam","Buffer"],"picked":"SKIP","floor":14.0},{"not_picked":["Redo","BootSequence","Beam Cell"],"picked":"SKIP","floor":18.0},{"not_picked":["BasicCrystalCard+1","Redo"],"picked":"Static Discharge+1","floor":21.0},{"not_picked":["Leap","Aggregate","Ball Lightning+1"],"picked":"SKIP","floor":22.0},{"not_picked":["Leap","Storm"],"picked":"Conserve Battery+1","floor":23.0},{"not_picked":["Mirror Shield","Cold Snap","Beam Cell"],"picked":"SKIP","floor":25.0}],"player_experience":119681,"relics_obtained":[{"floor":7.0,"key":"Bag of Marbles"},{"floor":9.0,"key":"ReplayFunnel"},{"floor":14.0,"key":"Mummified Hand"},{"floor":20.0,"key":"Ring of Greed"},{"floor":20.0,"key":"Membership Card"},{"floor":20.0,"key":"Golden Egg"},{"floor":20.0,"key":"ReplayTheSpireMod:Ring of Exchange"},{"floor":23.0,"key":"Chameleon Ring"},{"floor":23.0,"key":"Whetstone"},{"floor":25.0,"key":"Anchor"},{"floor":25.0,"key":"Regal Pillow"}],"event_choices":[{"damage_healed":0.0,"max_hp_gain":0.0,"max_hp_loss":0.0,"gold_gain":175.0,"event_name":"Liars Game","player_choice":"AGREE","floor":3.0,"gold_loss":0.0,"damage_taken":0.0,"cards_obtained":["Doubt"]},{"damage_healed":0.0,"max_hp_gain":0.0,"max_hp_loss":0.0,"gold_gain":0.0,"event_name":"Scrap Ooze","player_choice":"Fled","floor":5.0,"gold_loss":0.0,"damage_taken":0.0},{"cards_removed":["Strike_B"],"damage_healed":0.0,"max_hp_gain":0.0,"max_hp_loss":0.0,"gold_gain":0.0,"event_name":"Purifier","player_choice":"Purged","floor":10.0,"gold_loss":0.0,"damage_taken":0.0},{"damage_healed":0.0,"max_hp_gain":0.0,"max_hp_loss":0.0,"gold_gain":0.0,"event_name":"Lab","player_choice":"Got Potions","floor":13.0,"gold_loss":0.0,"damage_taken":0.0},{"damage_healed":0.0,"max_hp_gain":0.0,"max_hp_loss":0.0,"gold_gain":0.0,"event_name":"FaceTrader","player_choice":"Trade","floor":15.0,"gold_loss":0.0,"damage_taken":0.0,"relics_obtained":["FaceOfCleric"]},{"damage_healed":25.0,"max_hp_gain":0.0,"max_hp_loss":0.0,"gold_gain":0.0,"event_name":"The Library","player_choice":"Heal","floor":19.0,"gold_loss":0.0,"damage_taken":0.0}],"is_beta":true,"boss_relics":[{"not_picked":["Coffee Dripper","Ring of Chaos"],"picked":"Black Star"}],"items_purged_floors":[4],"is_endless":false,"potions_floor_spawned":[1,7,14,18,23],"killed_by":"Gremlin Leader","ascension_level":4}}