{"host":"og6lam4kt3nibbw0","time":1608060990,"event":{"mods":["AchievementEnabler","BaseMod","Colored Map","DeckTracker","Highlight Path","Keyboard Shortcuts","Minty Spire (QoL Compilation)","Permanent Neow","Quick Restart","StSLib","SuperFastMode"],"gold_per_floor":[119,40,58,133,147,147,180,105,130,143,143,67,67,67,120,120,197,197,208,208,108,118,132,132,132],"floor_reached":24,"playtime":907,"items_purged":["Strike_B","Defend_B"],"score":388,"play_id":"92c4e26f-c240-4ca1-86cf-d42e86799284","local_time":"20201216043630","is_ascension_mode":true,"campfire_choices":[{"data":"Zap","floor":6.0,"key":"SMITH"},{"data":"Sweeping Beam","floor":11.0,"key":"SMITH"},{"data":"Defragment","floor":13.0,"key":"SMITH"},{"data":"Reinforced Body","floor":14.0,"key":"SMITH"},{"data":"Static Discharge","floor":16.0,"key":"SMITH"}],"circlet_count":0,"master_deck":["AscendersBane","Strike_B","Strike_B","Strike_B","Defend_B","Defend_B","Defend_B","Zap+1","Dualcast","Rip and Tear","Reinforced Body+1","Sweeping Beam+1","Static Discharge+1","Cold Snap","Self Repair","Defragment+1","Seek","Coolheaded+1","Defragment+1","Hologram","Skim+1"],"relics":["Cracked Core","PreservedInsect","Anchor","Nunchaku","Art of War","SacredBark"],"acts_visited":["Exordium","TheCity"],"potions_floor_usage":[22,23],"damage_taken":[{"damage":7.0,"enemies":"Cultist","floor":1.0,"turns":4.0},{"damage":7.0,"enemies":"Small Slimes","floor":3.0,"turns":2.0},{"damage":4.0,"enemies":"Jaw Worm","floor":5.0,"turns":3.0},{"damage":8.0,"enemies":"Gremlin Nob","floor":7.0,"turns":3.0},{"damage":0.0,"enemies":"Blue Slaver","floor":10.0,"turns":2.0},{"damage":14.0,"enemies":"Hexaghost","floor":17.0,"turns":10.0},{"damage":22.0,"enemies":"Shell Parasite","floor":19.0,"turns":5.0},{"damage":30,"enemies":"2 Thieves","floor":22,"turns":3},{"damage":19,"enemies":"Chosen and Byrds","floor":23,"turns":5},{"damage":12,"enemies":"Slavers","floor":24,"turns":3}],"seed_played":"-6771205282438913107","potions_obtained":[{"floor":3.0,"key":"Swift Potion"},{"floor":5.0,"key":"DistilledChaos"},{"floor":7.0,"key":"AttackPotion"}],"is_trial":false,"path_per_floor":["M","$","M","?","M","R","E","$","T","M","R","$","R","R","T","R","B",null,"M","?","$","M","M","E"],"character_chosen":"DEFECT","items_purchased":["Reinforced Body","Defragment"],"campfire_rested":0,"item_purchase_floors":[2,12],"current_hp_per_floor":[57,57,50,39,35,35,27,27,27,27,27,27,27,27,27,27,20,58,43,43,43,20,8,0,0],"gold":132,"neow_bonus":"RANDOM_COMMON_RELIC","is_daily":false,"chose_seed":false,"campfire_upgraded":5,"win_rate":0.0,"timestamp":1608060990,"path_taken":["M","?","M","?","M","R","E","$","T","M","R","?","R","R","?","R","BOSS","M","?","$","?","M","E"],"items_purchased_type":["Card","Card"],"build_version":"2020-12-13","purchased_purges":2,"victory":false,"max_hp_per_floor":[71,71,71,71,71,71,71,71,71,71,71,71,71,71,71,71,71,71,71,71,71,71,71,71,71],"card_choices":[{"not_picked":["Streamline","Melter"],"picked":"Rip and Tear","floor":1.0},{"not_picked":["Stack","Gash"],"picked":"Sweeping Beam","floor":3.0},{"not_picked":["Redo","Cold Snap"],"picked":"Static Discharge","floor":5.0},{"not_picked":["Genetic Algorithm","Barrage"],"picked":"Cold Snap","floor":7.0},{"not_picked":["Machine Learning","Cold Snap"],"picked":"Self Repair","floor":10.0},{"not_picked":["Creative AI","Buffer"],"picked":"Seek","floor":17.0},{"not_picked":["Barrage+1","Reprogram+1"],"picked":"Coolheaded+1","floor":19.0},{"not_picked":["White Noise","Beam Cell"],"picked":"Hologram","floor":22},{"not_picked":["Genetic Algorithm","Barrage"],"picked":"Skim+1","floor":23}],"player_experience":766079,"relics_obtained":[{"floor":7.0,"key":"Anchor"},{"floor":9.0,"key":"Nunchaku"},{"floor":15.0,"key":"Art of War"}],"event_choices":[{"damage_healed":0.0,"max_hp_gain":0.0,"max_hp_loss":0.0,"gold_gain":75.0,"event_name":"World of Goop","player_choice":"Gather Gold","floor":4.0,"gold_loss":0.0,"damage_taken":11.0},{"damage_healed":0.0,"max_hp_gain":0.0,"max_hp_loss":0.0,"gold_gain":0.0,"event_name":"Duplicator","player_choice":"Copied","floor":20.0,"gold_loss":0.0,"damage_taken":0.0,"cards_obtained":["Defragment"]}],"is_beta":false,"boss_relics":[{"not_picked":["Cursed Key","Runic Dome"],"picked":"SacredBark"}],"items_purged_floors":[8,21],"is_endless":false,"potions_floor_spawned":[3,5,7],"killed_by":"Slavers","ascension_level":20}}