{"host":"faxec7zdkweurczj","time":1608019920,"event":{"mods":["Ascension Reborn","BaseMod","Colored Powertips","Conspire","Highlight Path","Minty Spire (QoL Compilation)","Replay The Spire","Shop Mod","StSLib","TestMod","[IsaacMod]ÒÔÈö¼âËþ","vexMod","óô»ðÖ¸ÄÏ"],"gold_per_floor":[117,140,158,174,203,203,245,245,245,282,190,216,216,216,52,176,176,202,202,54,95,95,138,155,155,183,220,240,155,202,223,223,352,352,377,403,464,464,485,520,173,208,208,226,250,250,250,506,506,506,506,506,342,384,384,384],"floor_reached":55,"playtime":2752,"items_purged":["Strike_R+1","Strike_R+1","Strike_R+1","Defend_R+1","Defend_R+1","Defend_R+1"],"score":100,"play_id":"5c3d623e-21d0-4e35-8d9b-cb9b67e1816f","local_time":"20201215161200","is_ascension_mode":true,"campfire_choices":[{"data":"Cleave","floor":6,"key":"SMITH"},{"data":"Heavy Blade","floor":8,"key":"SMITH"},{"floor":13,"key":"RECALL"},{"data":"Metallicize","floor":25,"key":"SMITH"},{"data":"Strike_R+2","floor":32,"key":"SMITH"},{"data":"Body Slam","floor":46,"key":"SMITH"},{"data":"Demon Form","floor":49,"key":"SMITH"},{"data":"Strike_R+3","floor":52,"key":"SMITH"}],"circlet_count":0,"master_deck":["Strike_R+4","Defend_R+2","Bash+1","Cleave+1","Heavy Blade+1","Body Slam+1","Thunderclap+1","Berserk","Sword Boomerang+1","Metallicize+1","Cleave+1","Demon Form+1","Thunderclap+1","Body Slam+1","Shrug It Off","Shrug It Off","Flash of Steel","Finesse","Entrench"],"relics":["Burning Blood","testmod-TestBox","HushsDoor","testmod-TheFather","GuppysPaw","DeathBook","vexMod:MemoryStick","Replay:Bottled Flurry","Replay:Bottled Eggs","SteamSale","Potion Belt","Replay:Rubber Ducky","Turnip","Unceasing Top","vexMod:ImprovementManual","SatanicBible","BookOfRevelations","Simple Rune","Red Mask","BFFS","TheBean","PokeGo","vexMod:BarristanHead","conspire:GlowingRock","Onion Ring","Void","vexMod:BigBerry","BelialBook","GuppysTail","vexMod:RedPlottingStone","Ice Cream","GuppysHead","conspire:TreasureMap","MealTicket","GnawedLeaf","Charon\u0027s Ashes","Ancient Tea Set","BargainBundle","Mummified Hand","UnicornStump"],"acts_visited":["Exordium","TheCity","TheBeyond","TheEnding"],"potions_floor_usage":[16,55,55,55,55,55],"damage_taken":[{"damage":0,"enemies":"Small Slimes","floor":1,"turns":1},{"damage":0,"enemies":"Jaw Worm","floor":2,"turns":1},{"damage":0,"enemies":"Cultist","floor":3,"turns":1},{"damage":0,"enemies":"3 Louse","floor":4,"turns":1},{"damage":0,"enemies":"conspire:2 RoseBushes","floor":5,"turns":2},{"damage":0,"enemies":"Replay:BlueRogue","floor":7,"turns":2},{"damage":0,"enemies":"Gremlin Nob","floor":10,"turns":2},{"damage":0,"enemies":"Gremlin Gang","floor":12,"turns":1},{"damage":0,"enemies":"The Guardian","floor":16,"turns":6},{"damage":0,"enemies":"Chosen","floor":18,"turns":2},{"damage":0,"enemies":"Masked Bandits","floor":21,"turns":2},{"damage":0,"enemies":"Spheric Guardian","floor":22,"turns":2},{"damage":0,"enemies":"Slavers","floor":23,"turns":1},{"damage":0,"enemies":"Chosen and Byrds","floor":24,"turns":2},{"damage":0,"enemies":"Gremlin Leader","floor":27,"turns":2},{"damage":0,"enemies":"Snecko","floor":28,"turns":2},{"damage":0,"enemies":"conspire:Head Lice","floor":30,"turns":2},{"damage":0,"enemies":"3 Cultists","floor":31,"turns":1},{"damage":0,"enemies":"conspire:MysteriousRune","floor":33,"turns":3},{"damage":0,"enemies":"3 Darklings","floor":35,"turns":1},{"damage":0,"enemies":"3 Shapes","floor":36,"turns":1},{"damage":0,"enemies":"3 Darklings","floor":39,"turns":1},{"damage":0,"enemies":"Giant Head","floor":40,"turns":4},{"damage":0,"enemies":"R_Hoarder","floor":42,"turns":1},{"damage":0,"enemies":"4 Shapes","floor":44,"turns":1},{"damage":0,"enemies":"Writhing Mass","floor":45,"turns":1},{"damage":0,"enemies":"Spire Growth","floor":48,"turns":1},{"damage":0,"enemies":"conspire:OrnateMirror","floor":50,"turns":1},{"damage":0,"enemies":"Shield and Spear","floor":54,"turns":1},{"damage":0,"enemies":"Delirium","floor":55,"turns":1}],"seed_played":"6194636198572245437","potions_obtained":[{"floor":2,"key":"FearPotion"},{"floor":3,"key":"Dexterity Potion"},{"floor":4,"key":"Weak Potion"},{"floor":7,"key":"SteroidPotion"},{"floor":18,"key":"Ancient Potion"},{"floor":21,"key":"SteroidPotion"},{"floor":45,"key":"HeartOfIron"}],"is_trial":false,"path_per_floor":["M","M","M","M","M","R","E","R","T","E","$","M","R","?","R","B",null,"M","?","$","?","M","E","M","R","T","E","M","?","E","M","R","B",null,"M","M","?","?","M","E","$","E","T","M","M","R","?","M","R","B",null,"R","$","E","B"],"character_chosen":"IRONCLAD","items_purchased":["Replay:Rubber Ducky","Turnip","SatanicBible","Berserk","HeartOfIron","Simple Rune","Metallicize","BelialBook","GuppysTail","Ice Cream","GuppysHead","conspire:TreasureMap","BargainBundle","Entrench","Mummified Hand"],"campfire_rested":0,"item_purchase_floors":[11,15,17,17,17,20,20,34,34,41,41,41,53,53,53],"current_hp_per_floor":[93,93,93,93,93,93,93,93,93,93,93,93,93,86,86,98,80,80,65,65,73,80,80,80,80,80,80,80,80,80,80,80,85,90,90,90,75,75,83,85,85,85,85,85,85,85,85,95,95,100,100,100,100,100,100,100],"gold":384,"neow_bonus":"TEN_PERCENT_HP_BONUS","is_daily":false,"chose_seed":false,"campfire_upgraded":7,"win_rate":0.0,"timestamp":1608019920,"path_taken":["M","M","M","M","M","R","E","R","T","E","$","M","R","?","R","BOSS","M","?","?","?","M","E","M","R","T","E","M","?","E","?","R","BOSS","M","M","?","?","M","E","$","E","T","M","?","R","?","?","R","BOSS","R","$","E","BOSS"],"items_purchased_type":["Relic","Relic","Relic","Card","Potion","Relic","Card","Relic","Relic","Relic","Relic","Relic","Relic","Card","Relic"],"build_version":"2020-12-13","purchased_purges":6,"victory":false,"max_hp_per_floor":[93,93,93,93,93,93,93,93,93,93,93,93,93,93,93,98,80,80,80,80,80,80,80,80,80,80,80,80,80,80,80,80,85,90,90,90,90,85,85,85,85,85,85,85,85,85,85,95,95,100,100,100,100,100,100,100],"card_choices":[{"not_picked":[],"picked":"ChaosCard","floor":0},{"not_picked":["ReplayTheSpireMod:Strike From Hell+1","Fire Breathing+1","Clash"],"picked":"SKIP","floor":1},{"not_picked":["Run Through","Heavy Blade"],"picked":"Cleave","floor":2},{"not_picked":["Carnage","Searing Blow","Abandon"],"picked":"SKIP","floor":3},{"not_picked":["ReplayTheSpireMod:Muscle Training+1","Dark Embrace"],"picked":"Heavy Blade","floor":4},{"not_picked":["Barricade","ReplayTheSpireMod:Strike From Hell"],"picked":"Body Slam+1","floor":5},{"not_picked":["Clothesline","Twin Strike+1"],"picked":"Thunderclap+1","floor":7},{"not_picked":["Perfected Strike","True Grit","Seeing Red+1"],"picked":"SKIP","floor":7},{"not_picked":["Heavy Blade+1","ReplayReversal","Abandon"],"picked":"SKIP","floor":10},{"not_picked":["Brutality","Flex","Wild Strike"],"picked":"SKIP","floor":10},{"not_picked":["True Grit","Bloodletting","Uppercut"],"picked":"SKIP","floor":12},{"not_picked":["Twin Strike","ReplayTheSpireMod:Corrosion Curse+1"],"picked":"Sword Boomerang+1","floor":18},{"not_picked":["Run Through+1","Anger+1"],"picked":"Cleave+1","floor":21},{"not_picked":["Armaments","Rage+1","Shrug It Off+1"],"picked":"SKIP","floor":22},{"not_picked":["True Grit+1","ReplayTheSpireMod:Muscle Training+1","Perfected Strike"],"picked":"SKIP","floor":23},{"not_picked":["Infernal Blade","Sword Boomerang","Replay:Undeath\u0027s Touch+1"],"picked":"SKIP","floor":24},{"not_picked":["Havoc+1","Reaper","Fiend Fire"],"picked":"SKIP","floor":27},{"not_picked":["Carnage","Sword Boomerang+1","Clash"],"picked":"SKIP","floor":28},{"not_picked":["Blood for Blood+1","Flex+1","ReplayTheSpireMod:Limb From Limb+1"],"picked":"SKIP","floor":30},{"not_picked":["Disarm+1","Run Through+1","Pommel Strike"],"picked":"SKIP","floor":31},{"not_picked":["conspire:HitWhereItHurts","Berserk"],"picked":"Demon Form","floor":33},{"not_picked":["ReplayReversal+1","Disarm+1","Heavy Blade+1"],"picked":"SKIP","floor":35},{"not_picked":["Perfected Strike+1","Replay:Undeath\u0027s Touch"],"picked":"Thunderclap+1","floor":36},{"not_picked":["Cleave","ReplayTheSpireMod:Stacked","Pommel Strike+1"],"picked":"SKIP","floor":39},{"not_picked":["Armaments+1","Berserk"],"picked":"Body Slam","floor":40},{"not_picked":["Barricade","conspire:ExplosiveBarrier+1","Searing Blow+1"],"picked":"SKIP","floor":42},{"not_picked":["Clash","Sever Soul+1"],"picked":"Shrug It Off","floor":44},{"not_picked":["True Grit+1","Blood for Blood"],"picked":"Shrug It Off","floor":45},{"not_picked":["Wild Strike+1","True Grit+1","Life Link"],"picked":"SKIP","floor":48},{"not_picked":["Flex+1","Cleave+1","Iron Wave+1"],"picked":"SKIP","floor":54}],"player_experience":1221297,"relics_obtained":[{"floor":2,"key":"DeathBook"},{"floor":5,"key":"vexMod:MemoryStick"},{"floor":7,"key":"Replay:Bottled Flurry"},{"floor":9,"key":"Replay:Bottled Eggs"},{"floor":9,"key":"SteamSale"},{"floor":10,"key":"Potion Belt"},{"floor":16,"key":"Unceasing Top"},{"floor":21,"key":"Red Mask"},{"floor":23,"key":"BFFS"},{"floor":26,"key":"TheBean"},{"floor":27,"key":"PokeGo"},{"floor":30,"key":"conspire:GlowingRock"},{"floor":31,"key":"Onion Ring"},{"floor":33,"key":"Void"},{"floor":40,"key":"vexMod:RedPlottingStone"},{"floor":42,"key":"MealTicket"},{"floor":43,"key":"GnawedLeaf"},{"floor":43,"key":"Charon\u0027s Ashes"},{"floor":54,"key":"UnicornStump"}],"event_choices":[{"cards_removed":["Strike_R"],"damage_healed":0,"gold_gain":0,"player_choice":"Card Removal","damage_taken":7,"max_hp_gain":0,"max_hp_loss":0,"event_name":"Golden Wing","floor":14,"gold_loss":0},{"damage_healed":0,"gold_gain":0,"player_choice":"Fought Bandits","damage_taken":0,"max_hp_gain":0,"max_hp_loss":0,"event_name":"Masked Bandits","floor":21,"gold_loss":0},{"damage_healed":0,"gold_gain":0,"player_choice":"Obtained Relic","damage_taken":0,"relics_obtained":["vexMod:BarristanHead"],"max_hp_gain":0,"max_hp_loss":0,"event_name":"Addict","floor":29,"gold_loss":85},{"damage_healed":0,"gold_gain":0,"player_choice":"Max HP","damage_taken":0,"max_hp_gain":0,"max_hp_loss":5,"event_name":"Winding Halls","floor":38,"gold_loss":0},{"damage_healed":0,"gold_gain":0,"player_choice":"Memory 1","damage_taken":0,"max_hp_gain":0,"max_hp_loss":0,"event_name":"SensoryStone","floor":47,"gold_loss":0}],"is_beta":false,"boss_relics":[{"not_picked":["testmod-IncinerationGenerator","testmod-Prudence"],"picked":"vexMod:ImprovementManual"},{"not_picked":[]},{"not_picked":["Painkiller Herb","Replay:Grab Bag"],"picked":"vexMod:BigBerry"},{"not_picked":[]}],"items_purged_floors":[11,15,20,34,41,53],"is_endless":false,"potions_floor_spawned":[3,5,12,27,28,30,36,42,44,48],"killed_by":"Delirium","ascension_level":-20}}