{"host":"kwv5rcxiitoh7ssi","time":1608006278,"event":{"mods":["2.2 Compatiblity","A Magickal Journey","AchievementEnabler","Aspiration","Astrologer","BaseMod","Better Altar","Better Match","Better Note","Better Sensory Stone","Better Skull","Better Third Choice","BetterRewards","Colored Map","Colored Powertips","Conspire","Downfall","Energized Spire","GifTheSpireLib","Gold Saver","GungeonMod","Hubris","Infinite Spire","Marisa（霧雨　魔理沙）","Minty Spire (QoL Compilation)","Relic Stats","Replay The Spire","Spicy Shops","Spikes Relics","StSLib","Stuff the Spire","The Animator","The Cursed","The Mystic","The Necromancer","The Runesmith","The Spell Scribe","Thieving Mod","Uncapped","UnlockEverythingMod","vexMod"],"gold_per_floor":[114,114,129,144,319,349,364,980,980,995,995,120,135,135,135,185,185,285,285,300,300,275,290,290,320,335,16,41,66,66,81,96,126,126,226,226,241,241,271,70,70,70,100,100,100,130,130,145,160,175,175,175],"floor_reached":53,"playtime":7702,"items_purged":[],"score":1012,"play_id":"0b7a8c05-ee50-435b-8dc4-3796b0648e60","local_time":"20201214232438","daily_mods":["Heirloom","Green Cards","DeadlyEvents"],"is_ascension_mode":false,"campfire_choices":[{"floor":11,"key":"REST"},{"floor":17,"key":"REST"},{"floor":30,"key":"REST"},{"floor":42,"key":"REST"},{"floor":44,"key":"REST"},{"floor":47,"key":"REST"}],"circlet_count":0,"master_deck":["Strike_P+1","Strike_P","Strike_P","Strike_P","Defend_P","Defend_P","Defend_P","Defend_P","Eruption","Vigilance","Prostrate+1","Collect","ReachHeaven+1","Doubt","WreathOfFlame","Adaptation","TalkToTheHand","Bouncing Flask","Corpse Explosion","LikeWater","Poison Darts","Catalyst","ReplayUltimateDefense","Replay:SS_forest_5","CutThroughFate","ReplayTheSpireMod:Chaos Vortex","infinitespire:Collect","Bouncing Flask","hubris:EnhanceAbility+1","Outmaneuver+1","Prostrate","ReplayTheSpireMod:Necrosis","Crescendo+1","Prostrate+1","DevaForm+1","FlyingSleeves","Study+1","Study+1","MasterReality+1","Catalyst+1","Slimebound:Darklings"],"relics":["PureWater","Mango","Matryoshka","Bag of Marbles","Mummified Hand","Thread and Needle","Blood Vial","Chemical X","Medical Kit","Orichalcum","MealTicket","Black Star","Lizard Tail","OrangePellets","Akabeko","Frozen Egg 2","Damaru","Dream Catcher","Anchor","Whetstone","Smiling Mask","SacredBark","Lantern","Singing Bowl","PreservedInsect","hubris:Towel","CaptainsWheel","TeardropLocket","Shuriken","Art of War","Bottled Lightning","DemoMod:GlassGuonStoneRelic"],"acts_visited":["TheCity","TheBeyond"],"potions_floor_usage":[20,25,26,33,35,46,52,52],"damage_taken":[{"damage":0.0,"enemies":"2 Louse","floor":1.0,"turns":4.0},{"damage":13.0,"enemies":"Small Slimes","floor":3.0,"turns":2.0},{"damage":7.0,"enemies":"Jaw Worm","floor":4.0,"turns":5.0},{"damage":22.0,"enemies":"Lagavulin","floor":6.0,"turns":9.0},{"damage":5.0,"enemies":"Looter","floor":7.0,"turns":5.0},{"damage":2,"enemies":"3 Louse","floor":8,"turns":3},{"damage":0,"enemies":"Large Slime","floor":10,"turns":4},{"damage":0,"enemies":"Lots of Slimes","floor":13,"turns":1},{"damage":7,"enemies":"The Guardian","floor":18,"turns":11},{"damage":9,"enemies":"2 Thieves","floor":20,"turns":3},{"damage":1,"enemies":"Chosen","floor":23,"turns":5},{"damage":0,"enemies":"Nightmare","floor":25,"turns":7},{"damage":53,"enemies":"Sentry and Sphere","floor":26,"turns":7},{"damage":0,"enemies":"Centurion and Healer","floor":31,"turns":5},{"damage":11,"enemies":"Shelled Parasite and Fungi","floor":32,"turns":5},{"damage":11,"enemies":"Gremlin Leader","floor":33,"turns":6},{"damage":0,"enemies":"conspire:MysteriousRune","floor":35,"turns":7},{"damage":14,"enemies":"3 Darklings","floor":37,"turns":5},{"damage":12,"enemies":"R_Hoarder","floor":39,"turns":8},{"damage":46,"enemies":"Nightmare","floor":43,"turns":6},{"damage":54,"enemies":"Reptomancer","floor":46,"turns":5},{"damage":0,"enemies":"Orb Walker","floor":48,"turns":3},{"damage":7,"enemies":"Maw","floor":49,"turns":6},{"damage":0,"enemies":"Spire Growth","floor":50,"turns":4},{"damage":12,"enemies":"hubris:GrandSnecko","floor":52,"turns":6}],"seed_played":"-551933171069321123","potions_obtained":[{"floor":6.0,"key":"Regen Potion"},{"floor":10,"key":"sneckomod:MuddlingPotion"},{"floor":18,"key":"Weak Potion"},{"floor":23,"key":"Energy Potion"},{"floor":26,"key":"sneckomod:MuddlingPotion"},{"floor":32,"key":"ColorlessPotion"},{"floor":37,"key":"SpeedPotion"},{"floor":46,"key":"BottledMiracle"},{"floor":49,"key":"champ:CounterPotion"}],"is_trial":false,"path_per_floor":["M","?","M","M","?","E","M","M","T","M","R","$","M","PTL","PTL","T","R","B",null,"M","?","?","M","AVR","NM","M","$","T","T","R","M","M","E","R_BF","B",null,"M","?","E","$","?","R","NM","R","T","E","R","M","M","M","R_BF","B",null],"character_chosen":"WATCHER","items_purchased":["Blood Vial","Chemical X","Corpse Explosion","LikeWater","Medical Kit","ReplayTheSpireMod:Necrogeddon","Damaru","hubris:EnhanceAbility+1","PreservedInsect","Study+1"],"campfire_rested":6,"item_purchase_floors":[12,12,12,12,12,12,27,27,40,40],"current_hp_per_floor":[86,83,70,63,63,41,45,43,43,43,68,68,70,70,70,70,86,79,86,77,77,77,78,78,80,29,44,44,44,69,71,62,53,78,80,86,72,96,86,98,98,100,56,88,88,38,69,71,68,72,72,74],"gold":175,"neow_bonus":"","is_daily":true,"chose_seed":false,"campfire_upgraded":0,"win_rate":0.0,"timestamp":1608006278,"path_taken":["M","?","M","M","?","E","?","M","T","M","R","$","M","PTL","PTL","?","R","BOSS","M","?","?","M","AVR","NM","M","$","T","?","R","?","M","E","R_BF","BOSS","M","?","?","$","?","R","NM","R","T","E","R","M","?","M","R_BF","BOSS"],"items_purchased_type":["Relic","Relic","Card","Card","Relic","Card","Relic","Card","Relic","Card"],"build_version":"2020-12-13","purchased_purges":0,"victory":true,"max_hp_per_floor":[86,86,86,86,86,86,86,86,86,86,86,86,86,86,86,86,86,86,86,86,86,86,86,86,86,86,86,86,86,86,86,86,86,86,86,86,86,96,98,98,98,100,102,104,104,106,106,106,108,110,110,110],"relic_stats":{"Singing Bowl":14,"counters":[20,107],"PreservedInsect":133,"Whetstone":["Strike_P","ReachHeaven"],"Orichalcum":[144],"Medical Kit":[3],"Smiling Mask":0,"Blood Vial":26,"OrangePellets":[11],"Lizard Tail":0,"Dream Catcher":5,"Mummified Hand":[127],"Shuriken":[1],"MealTicket":27,"Black Star":5,"Art of War":[6],"Chemical X":[27],"obtain_stats":[{"Lantern":39,"Singing Bowl":39,"SacredBark":36,"Mango":0,"DemoMod:GlassGuonStoneRelic":18,"Whetstone":33,"TeardropLocket":43,"Smiling Mask":33,"Blood Vial":12,"Lizard Tail":22,"Dream Catcher":28,"Matryoshka":0,"Mummified Hand":9,"MealTicket":16,"Chemical X":12,"Damaru":27,"Thread and Needle":9,"PreservedInsect":40,"Orichalcum":16,"Frozen Egg 2":25,"hubris:Towel":41,"Medical Kit":12,"Akabeko":25,"OrangePellets":24,"Anchor":29,"CaptainsWheel":43,"Shuriken":45,"Bag of Marbles":0,"Black Star":19,"Art of War":46,"Bottled Lightning":46,"PureWater":0},{"Lantern":14,"Singing Bowl":14,"SacredBark":12,"Mango":0,"DemoMod:GlassGuonStoneRelic":4,"Whetstone":11,"TeardropLocket":15,"Smiling Mask":11,"Blood Vial":2,"Lizard Tail":5,"Dream Catcher":8,"Matryoshka":0,"Mummified Hand":1,"MealTicket":3,"Chemical X":2,"Damaru":8,"Thread and Needle":1,"PreservedInsect":14,"Orichalcum":3,"Frozen Egg 2":7,"hubris:Towel":14,"Medical Kit":2,"Akabeko":7,"OrangePellets":6,"Anchor":8,"CaptainsWheel":15,"Shuriken":15,"Bag of Marbles":0,"Black Star":4,"Art of War":16,"Bottled Lightning":16,"PureWater":0},{"Lantern":77,"Singing Bowl":77,"SacredBark":64,"Mango":0,"DemoMod:GlassGuonStoneRelic":19,"Whetstone":57,"TeardropLocket":83,"Smiling Mask":57,"Blood Vial":7,"Lizard Tail":22,"Dream Catcher":41,"Matryoshka":0,"Mummified Hand":3,"MealTicket":8,"Chemical X":7,"Damaru":41,"Thread and Needle":3,"PreservedInsect":77,"Orichalcum":8,"Frozen Egg 2":34,"hubris:Towel":77,"Medical Kit":7,"Akabeko":34,"OrangePellets":27,"Anchor":41,"CaptainsWheel":83,"Shuriken":83,"Bag of Marbles":0,"Black Star":19,"Art of War":88,"Bottled Lightning":88,"PureWater":0}]},"card_choices":[{"not_picked":["SashWhip","Blade Dance"],"picked":"Prostrate","floor":1.0},{"not_picked":["Outmaneuver","EmptyFist"],"picked":"Collect","floor":3.0},{"not_picked":["Adaptation","Dash"],"picked":"ReachHeaven","floor":4.0},{"not_picked":["Sucker Punch","Backstab"],"picked":"WreathOfFlame","floor":6.0},{"not_picked":["Crippling Poison","BowlingBash"],"picked":"Adaptation","floor":7.0},{"not_picked":["ShadowRift","Bane"],"picked":"TalkToTheHand","floor":8},{"not_picked":["Distraction","Dodge and Roll"],"picked":"Bouncing Flask","floor":10},{"not_picked":["Quick Slash","Heel Hook","Pace"],"picked":"SKIP","floor":13},{"not_picked":["LessonLearned","Omniscience"],"picked":"Poison Darts","floor":18},{"not_picked":["ClearTheMind","Deadly Poison"],"picked":"Catalyst","floor":20},{"not_picked":["StuffTheSpire:Recharge","Forethought"],"picked":"ReplayUltimateDefense","floor":21},{"not_picked":["Replay:Sssssssssstrike","expansioncontent:SuperHexaguard"],"picked":"Replay:SS_forest_5","floor":21},{"not_picked":["Tactician","Quick Slash+1"],"picked":"CutThroughFate","floor":23},{"not_picked":["BowlingBash","Reflex","PiercingWail"],"picked":"SKIP","floor":25},{"not_picked":["Distraction","Dash"],"picked":"Bouncing Flask","floor":26},{"not_picked":["Sucker Punch","Vengeance"],"picked":"Outmaneuver+1","floor":30},{"not_picked":["StuffTheSpire:ClusterCrunch","Wireheading+1"],"picked":"Prostrate","floor":31},{"not_picked":["EmptyFist+1","CrushJoints"],"picked":"ReplayTheSpireMod:Necrosis","floor":32},{"not_picked":["StuffTheSpire:Incantation","Replay:Poison Smokescreen"],"picked":"Crescendo+1","floor":33},{"not_picked":["Dagger Spray","SignatureMove"],"picked":"Prostrate+1","floor":34},{"not_picked":["Bullet Time","ReplayTheSpireMod:Necrosis"],"picked":"DevaForm+1","floor":35},{"not_picked":["Dodge and Roll","conspire:DoublingDagger"],"picked":"FlyingSleeves","floor":37},{"not_picked":["Replay:ManipulateFuture","Tools of the Trade+1","StuffTheSpire:Sprint"],"picked":"Singing Bowl","floor":39},{"not_picked":["Prepared+1","ShadowRift+1","EmptyBody+1"],"picked":"Singing Bowl","floor":42},{"not_picked":["StuffTheSpire:Repulse","StuffTheSpire:ReptileScales","Indignation"],"picked":"Singing Bowl","floor":43},{"not_picked":["Blade Dance","FlurryOfBlows+1","Quick Slash"],"picked":"Singing Bowl","floor":44},{"not_picked":["Catalyst","EmptyFist+1","Setup"],"picked":"Singing Bowl","floor":46},{"not_picked":["Pray","StuffTheSpire:ReptileScales+1"],"picked":"MasterReality+1","floor":47},{"not_picked":["JustLucky","Prepared"],"picked":"Catalyst+1","floor":48},{"not_picked":["Replay:Poison Smokescreen+1","Study+1","FlyingSleeves"],"picked":"Singing Bowl","floor":49},{"not_picked":["Blade Dance","Night Terror","Setup"],"picked":"Singing Bowl","floor":50}],"player_experience":135782,"relics_obtained":[{"floor":6.0,"key":"Bag of Marbles"},{"floor":9,"key":"Mummified Hand"},{"floor":9,"key":"Thread and Needle"},{"floor":16,"key":"Orichalcum"},{"floor":16,"key":"MealTicket"},{"floor":25,"key":"Akabeko"},{"floor":25,"key":"Frozen Egg 2"},{"floor":28,"key":"Dream Catcher"},{"floor":29,"key":"Anchor"},{"floor":33,"key":"Whetstone"},{"floor":33,"key":"Smiling Mask"},{"floor":39,"key":"Lantern"},{"floor":39,"key":"Singing Bowl"},{"floor":43,"key":"CaptainsWheel"},{"floor":43,"key":"TeardropLocket"},{"floor":45,"key":"Shuriken"},{"floor":46,"key":"Art of War"},{"floor":46,"key":"Bottled Lightning"}],"event_choices":[{"damage_healed":0.0,"max_hp_gain":0.0,"max_hp_loss":0.0,"gold_gain":0.0,"event_name":"Scrap Ooze","player_choice":"Success","floor":2.0,"gold_loss":0.0,"damage_taken":3.0,"relics_obtained":["Matryoshka"]},{"damage_healed":0.0,"max_hp_gain":0.0,"max_hp_loss":0.0,"gold_gain":175.0,"event_name":"Liars Game","player_choice":"AGREE","floor":5.0,"gold_loss":0.0,"damage_taken":0.0,"cards_obtained":["Doubt"]},{"damage_healed":0,"gold_gain":2,"player_choice":"1","damage_taken":0,"max_hp_gain":0,"max_hp_loss":0,"event_name":"betterStone:BetterStone","floor":21,"gold_loss":0},{"cards_removed":["ReplayTheSpireMod:Necrogeddon"],"damage_healed":14,"gold_gain":0,"player_choice":"Offered Rare","damage_taken":0,"max_hp_gain":10,"max_hp_loss":0,"event_name":"Bonfire Elementals","floor":38,"gold_loss":0}],"is_beta":false,"boss_relics":[{"not_picked":["Empty Cage","Calling Bell"],"picked":"Black Star"},{"not_picked":["Runic Pyramid","Astrolabe"],"picked":"SacredBark"}],"items_purged_floors":[],"is_endless":false,"potions_floor_spawned":[6,10,18,23,26,32,37,46,49],"ascension_level":0}}