{"host":"Muxenle","time":1608063938,"event":{"mods":["BaseMod","Downfall","Minty Spire (QoL Compilation)","Relic Stats","StSLib"],"gold_per_floor":[99,99,24,24,24,124,204,219,235,263,282,292,292,303,317,317,317],"floor_reached":16,"playtime":613,"items_purged":[],"score":102,"play_id":"bd535d83-c953-465d-9c2e-737063c00885","local_time":"20201215122538","is_ascension_mode":false,"campfire_choices":[{"floor":1,"key":"RECALL"},{"data":"champ:CrookedStrike","floor":3,"key":"SMITH"},{"data":"champ:Taunt","floor":5,"key":"SMITH"}],"circlet_count":0,"master_deck":["champ:Strike","champ:Strike","champ:Strike","champ:Strike","champ:Defend","champ:Defend","champ:Defend","champ:Defend","champ:Execute","champ:Taunt+1","champ:CrookedStrike+1","champ:PerfectedStrike","champ:FanOfKnives","champ:RecklessLeap","champ:PerfectedStrike","champ:FanOfKnives","champ:PreciseThrust","champ:BladeFlurry","champ:AdrenalArmor+1"],"relics":["champ:ChampionCrown","downfall:HeartsMalice","downfall:HeartBlessingRed","downfall:GremlinWheel","Toxic Egg 2","Pocketwatch"],"acts_visited":["Exordium"],"potions_floor_usage":[16,16],"damage_taken":[{"damage":0,"enemies":"Small Slimes","floor":2,"turns":1},{"damage":0,"enemies":"Cultist","floor":4,"turns":1},{"damage":0,"enemies":"Cultist","floor":6,"turns":1},{"damage":10,"enemies":"2 Louse","floor":8,"turns":3},{"damage":10,"enemies":"Blue Slaver","floor":9,"turns":3},{"damage":33,"enemies":"Gremlin Nob","floor":10,"turns":4},{"damage":25,"enemies":"Lots of Slimes","floor":11,"turns":4},{"damage":23,"enemies":"Red Slaver","floor":12,"turns":2},{"damage":11,"enemies":"3 Louse","floor":14,"turns":3},{"damage":13,"enemies":"2 Fungi Beasts","floor":15,"turns":3},{"damage":23,"enemies":"downfall:Silent","floor":16,"turns":2}],"seed_played":"-3072376273962318773","potions_obtained":[{"floor":6,"key":"champ:TechniquePotion"},{"floor":8,"key":"Slimebound:ThreeZeroPotion"},{"floor":9,"key":"Block Potion"}],"is_trial":false,"path_per_floor":["R","M","R","M","R","?","T","M","M","E","M","M","?","M","M","B"],"character_chosen":"THE_CHAMP","items_purchased":[],"campfire_rested":0,"item_purchase_floors":[],"current_hp_per_floor":[90,90,90,90,90,90,90,85,75,57,47,39,39,28,18,0,0],"gold":317,"neow_bonus":"THREE_ENEMY_KILL","is_daily":false,"chose_seed":false,"campfire_upgraded":2,"win_rate":0.0,"timestamp":1608063938,"path_taken":["R","M","R","M","R","?","T","?","M","E","M","M","?","M","M","BOSS"],"items_purchased_type":[],"build_version":"2020-12-07","purchased_purges":0,"victory":false,"max_hp_per_floor":[90,90,90,90,90,90,90,90,90,90,90,90,90,90,90,90,90],"relic_stats":{"counters":[11,24],"obtain_stats":[{"downfall:GremlinWheel":6,"downfall:HeartBlessingRed":3,"champ:ChampionCrown":0,"downfall:HeartsMalice":0,"Toxic Egg 2":7,"Pocketwatch":10},{"downfall:GremlinWheel":3,"downfall:HeartBlessingRed":1,"champ:ChampionCrown":0,"downfall:HeartsMalice":0,"Toxic Egg 2":3,"Pocketwatch":6},{"downfall:GremlinWheel":0,"downfall:HeartBlessingRed":0,"champ:ChampionCrown":0,"downfall:HeartsMalice":0,"Toxic Egg 2":0,"Pocketwatch":10}],"Pocketwatch":[21]},"card_choices":[{"not_picked":["champ:AdrenalArmor","champ:SkillfulDodge"],"picked":"champ:CrookedStrike","floor":2},{"not_picked":["champ:FanOfKnives","champ:BringItOn"],"picked":"champ:PerfectedStrike","floor":4},{"not_picked":["champ:TornadoPunch","champ:Haymaker"],"picked":"champ:FanOfKnives","floor":8},{"not_picked":["champ:IgnorePain+1","champ:StanceDance+1"],"picked":"champ:RecklessLeap","floor":9},{"not_picked":["champ:SkillfulDodge+1","champ:FanOfKnives"],"picked":"champ:PerfectedStrike","floor":10},{"not_picked":["champ:Circumvent+1","champ:TornadoPunch"],"picked":"champ:FanOfKnives","floor":11},{"not_picked":["champ:TornadoPunch","champ:FocusedDefense+1"],"picked":"champ:PreciseThrust","floor":12},{"not_picked":["champ:Haymaker","champ:BerserkersShout+1"],"picked":"champ:BladeFlurry","floor":14},{"not_picked":["champ:EnragedBash","champ:FalseCounter+1"],"picked":"champ:AdrenalArmor+1","floor":15}],"player_experience":1756054,"relics_obtained":[{"floor":6,"key":"downfall:GremlinWheel"},{"floor":7,"key":"Toxic Egg 2"},{"floor":10,"key":"Pocketwatch"}],"event_choices":[],"is_beta":true,"boss_relics":[],"items_purged_floors":[],"is_endless":false,"potions_floor_spawned":[6,8,9,14],"killed_by":"downfall:Silent","ascension_level":0}}