{"host":"cyh4fejqtcjbfr7k","time":1608007688,"event":{"mods":["2.2 Compatiblity","AchievementEnabler","BaseMod","Colored Map","Colored Powertips","DeckTracker","Downfall","Googly Eyes","Hubris","Infinite Spire","Minty Spire (QoL Compilation)","Replay The Spire","Shop Mod","StSLib","SuperFastMode","The Disciple","Unceasing Turn Reminder"],"gold_per_floor":[115,115,115,115,115,115,140,159,235,261,110,110,125,154,154,251,251,267,342,361,361,361],"floor_reached":21,"playtime":1054,"items_purged":[],"score":185,"play_id":"6754b18e-d739-494d-a571-9ca352c96ece","local_time":"20201214214808","is_ascension_mode":false,"campfire_choices":[{"data":"Dualcast","floor":6,"key":"SMITH"},{"floor":15,"key":"REST"}],"circlet_count":0,"master_deck":["Strike_B","Strike_B","Strike_B","Strike_B","Defend_B","Defend_B","Defend_B","Defend_B","Dualcast+1","Beam Cell+1","Chaos+1","Heatsinks","Ball Lightning","Hello World+1","Loop+1","Meteor Strike","Go for the Eyes+1","Steam"],"relics":["Cracked Core","Juzu Bracelet","Frozen Egg 2","Odd Mushroom","Omamori","ReplayTheSpireMod:CursedCoin","hubris:OldNail","Replay:Rubber Ducky","SlaversCollar"],"acts_visited":["Exordium","TheCity"],"potions_floor_usage":[10,18,21],"damage_taken":[{"damage":2,"enemies":"Jaw Worm","floor":1,"turns":4},{"damage":10,"enemies":"Replay:BlueRogue","floor":7,"turns":4},{"damage":0,"enemies":"Cultist","floor":8,"turns":2},{"damage":0,"enemies":"The Mushroom Lair","floor":10,"turns":3},{"damage":7,"enemies":"2 Louse","floor":13,"turns":3},{"damage":26,"enemies":"Lagavulin","floor":14,"turns":5},{"damage":2,"enemies":"Fading Forest","floor":16,"turns":11},{"damage":40,"enemies":"2 Thieves","floor":18,"turns":4},{"damage":8,"enemies":"Spheric Guardian","floor":20,"turns":4},{"damage":21,"enemies":"Masked Bandits","floor":21,"turns":3}],"seed_played":"8724847465487981641","potions_obtained":[{"floor":1,"key":"ColorlessPotion"},{"floor":13,"key":"SpeedPotion"},{"floor":14,"key":"SkillPotion"}],"is_trial":false,"path_per_floor":["M","?","?","$","$","R","E","M","T","?","$","?","M","E","R","B",null,"M","?","M","?"],"character_chosen":"DEFECT","items_purchased":["Omamori","ReplayTheSpireMod:CursedCoin","hubris:OldNail"],"campfire_rested":1,"item_purchase_floors":[11,11,11],"current_hp_per_floor":[73,73,73,73,73,73,63,63,63,63,63,63,56,30,52,60,75,35,28,20,0,0],"gold":361,"neow_bonus":"UPGRADE_CARD","is_daily":false,"chose_seed":false,"campfire_upgraded":1,"win_rate":0.0,"timestamp":1608007688,"path_taken":["M","?","?","?","$","R","E","M","T","?","$","?","M","E","R","BOSS","M","?","M","?"],"items_purchased_type":["Relic","Relic","Relic"],"build_version":"2020-12-13","purchased_purges":0,"victory":false,"max_hp_per_floor":[75,75,75,75,75,75,75,75,75,75,75,75,75,75,75,75,75,75,75,75,75,75],"card_choices":[{"not_picked":["Rebound","Redo"],"picked":"Beam Cell","floor":1},{"not_picked":["Skim","Recycle"],"picked":"Heatsinks","floor":7},{"not_picked":["Sweeping Beam","Stack"],"picked":"Ball Lightning","floor":8},{"not_picked":["Lockon","ReplayTheSpireMod:GoodbyeWorld+1"],"picked":"Hello World+1","floor":10},{"not_picked":["Beam Cell","Redo"],"picked":"Loop+1","floor":13},{"not_picked":["Redo","Skim","Tempest"],"picked":"SKIP","floor":14},{"not_picked":["ReplayRNGCard","Fission"],"picked":"Meteor Strike","floor":16},{"not_picked":["Streamline+1","Barrage"],"picked":"Go for the Eyes+1","floor":18},{"not_picked":["ReplayTheSpireMod:Reroute Power+1","Panic Button"],"picked":"Steam","floor":20}],"player_experience":572026,"relics_obtained":[{"floor":7,"key":"Juzu Bracelet"},{"floor":9,"key":"Frozen Egg 2"},{"floor":10,"key":"Odd Mushroom"},{"floor":14,"key":"Replay:Rubber Ducky"}],"event_choices":[{"damage_healed":0,"gold_gain":0,"player_choice":"Grow","damage_taken":0,"max_hp_gain":0,"max_hp_loss":0,"event_name":"Living Wall","floor":2,"gold_loss":0,"cards_upgraded":["Beam Cell"]},{"damage_healed":0,"gold_gain":0,"player_choice":"Fought Mushrooms","damage_taken":0,"max_hp_gain":0,"max_hp_loss":0,"event_name":"Mushrooms","floor":10,"gold_loss":0},{"damage_healed":0,"gold_gain":0,"player_choice":"Leave","damage_taken":0,"max_hp_gain":0,"max_hp_loss":0,"event_name":"The Cleric","floor":12,"gold_loss":0},{"damage_healed":0,"gold_gain":75,"player_choice":"Touch","damage_taken":7,"max_hp_gain":0,"max_hp_loss":0,"event_name":"FaceTrader","floor":19,"gold_loss":0},{"damage_healed":0,"gold_gain":0,"player_choice":"Fought Bandits","damage_taken":0,"max_hp_gain":0,"max_hp_loss":0,"event_name":"Masked Bandits","floor":21,"gold_loss":0}],"is_beta":false,"boss_relics":[{"not_picked":["Snecko Eye","Runic Dome"],"picked":"SlaversCollar"}],"items_purged_floors":[],"is_endless":false,"potions_floor_spawned":[1,13,14],"killed_by":"Masked Bandits","ascension_level":0}}