{"host":"63yhhrjweyj22b0v","time":1608064566,"event":{"mods":["BaseMod","Minty Spire (QoL Compilation)","Quick Restart"],"gold_per_floor":[109,109,120,120,3,3,33,33,85,111,134,134,134,162,162,263,263,274,274,68,68,68,68,68,85,85,85,85,102,102,130,130,130,130],"floor_reached":33,"playtime":1347,"items_purged":["Strike_B"],"score":315,"play_id":"acf3c745-3f5e-4ae0-9f94-a261dead7f39","local_time":"20201215143606","is_ascension_mode":true,"campfire_choices":[{"data":"Loop","floor":6,"key":"SMITH"},{"data":"Dualcast","floor":8,"key":"SMITH"},{"floor":15,"key":"REST"},{"data":"Redo","floor":24,"key":"SMITH"},{"data":"Storm","floor":28,"key":"SMITH"},{"floor":30,"key":"REST"},{"floor":32,"key":"REST"}],"circlet_count":0,"master_deck":["Strike_B+1","Strike_B+1","Strike_B+1","Defend_B+1","Defend_B+1","Defend_B+1","Defend_B+1","Zap+1","Dualcast+1","Conserve Battery+1","Sweeping Beam","Loop+1","Ball Lightning","Core Surge","Ball Lightning","Redo+1","All For One","Gash","Chaos+1","Conserve Battery","Storm+1","Fission","Melter"],"relics":["Cracked Core","NeowsBlessing","Pen Nib","Torii","Juzu Bracelet","Tiny Chest","Ancient Tea Set","Regal Pillow","Inserter","Bronze Scales","Frozen Egg 2","War Paint","Cables"],"acts_visited":["Exordium","TheCity"],"potions_floor_usage":[10,14,16,33],"damage_taken":[{"damage":0,"enemies":"Jaw Worm","floor":1,"turns":1},{"damage":0,"enemies":"Cultist","floor":3,"turns":1},{"damage":0,"enemies":"3 Sentries","floor":7,"turns":1},{"damage":1,"enemies":"Gremlin Nob","floor":10,"turns":3},{"damage":28,"enemies":"Lagavulin","floor":14,"turns":4},{"damage":20,"enemies":"The Guardian","floor":16,"turns":8},{"damage":1,"enemies":"Spheric Guardian","floor":18,"turns":3},{"damage":1,"enemies":"Chosen","floor":25,"turns":3},{"damage":17,"enemies":"Shelled Parasite and Fungi","floor":29,"turns":4},{"damage":16,"enemies":"Slavers","floor":31,"turns":5},{"damage":87,"enemies":"Automaton","floor":33,"turns":8}],"seed_played":"4716590933008198819","potions_obtained":[{"floor":3,"key":"AttackPotion"},{"floor":7,"key":"Weak Potion"},{"floor":10,"key":"Dexterity Potion"},{"floor":14,"key":"Dexterity Potion"}],"is_trial":false,"path_per_floor":["M","?","M","?","$","R","E","R","T","E","T","?","?","E","R","B",null,"M","T","$","?","$","?","R","M","T","T","R","M","R","E","R","B"],"character_chosen":"DEFECT","items_purchased":["Loop","Ball Lightning","Chaos","Conserve Battery"],"campfire_rested":3,"item_purchase_floors":[5,5,20,20],"current_hp_per_floor":[75,72,72,72,72,72,72,72,72,71,71,56,56,28,65,45,75,74,74,74,74,74,74,74,73,73,73,73,56,75,59,75,0,0],"gold":130,"neow_bonus":"THREE_ENEMY_KILL","is_daily":false,"chose_seed":false,"campfire_upgraded":4,"win_rate":0.0,"timestamp":1608064566,"path_taken":["M","?","M","?","?","R","E","R","T","E","?","?","?","E","R","BOSS","M","?","$","?","?","?","R","M","T","?","R","M","R","E","R","BOSS"],"items_purchased_type":["Card","Card","Card","Card"],"build_version":"2020-12-13","purchased_purges":1,"victory":false,"max_hp_per_floor":[75,75,75,75,75,75,75,75,75,75,75,75,75,75,75,75,75,75,75,75,75,75,75,75,75,75,75,75,75,75,75,75,75,75],"card_choices":[{"not_picked":["Stack","Steam Power"],"picked":"Conserve Battery","floor":1},{"not_picked":["Doom and Gloom","Rebound"],"picked":"Sweeping Beam","floor":3},{"not_picked":["Undo","Go for the Eyes"],"picked":"Core Surge","floor":7},{"not_picked":["Go for the Eyes","Darkness"],"picked":"Ball Lightning","floor":10},{"not_picked":["Stack","Beam Cell"],"picked":"Redo","floor":14},{"not_picked":["Meteor Strike","Fission"],"picked":"All For One","floor":16},{"not_picked":["Glacier","Go for the Eyes+1"],"picked":"Gash","floor":18},{"not_picked":["Compile Driver","Stack+1"],"picked":"Storm","floor":25},{"not_picked":["Streamline","Conserve Battery+1"],"picked":"Fission","floor":29},{"not_picked":["Lockon","Turbo"],"picked":"Melter","floor":31}],"player_experience":589414,"relics_obtained":[{"floor":7,"key":"Torii"},{"floor":9,"key":"Juzu Bracelet"},{"floor":10,"key":"Tiny Chest"},{"floor":11,"key":"Ancient Tea Set"},{"floor":14,"key":"Regal Pillow"},{"floor":19,"key":"Bronze Scales"},{"floor":26,"key":"Frozen Egg 2"},{"floor":27,"key":"War Paint"},{"floor":31,"key":"Cables"}],"event_choices":[{"damage_healed":0,"gold_gain":0,"player_choice":"Success","damage_taken":3,"relics_obtained":["Pen Nib"],"max_hp_gain":0,"max_hp_loss":0,"event_name":"Scrap Ooze","floor":2,"gold_loss":0},{"damage_healed":0,"gold_gain":0,"player_choice":"Grow","damage_taken":0,"max_hp_gain":0,"max_hp_loss":0,"event_name":"Living Wall","floor":4,"gold_loss":0,"cards_upgraded":["Zap"]},{"damage_healed":0,"gold_gain":0,"player_choice":"Entered Light","damage_taken":15,"max_hp_gain":0,"max_hp_loss":0,"event_name":"Shining Light","floor":12,"gold_loss":0,"cards_upgraded":["Defend_B","Defend_B"]},{"damage_healed":0,"gold_gain":0,"player_choice":"Leave","damage_taken":0,"max_hp_gain":0,"max_hp_loss":0,"event_name":"FaceTrader","floor":13,"gold_loss":0},{"damage_healed":0,"gold_gain":0,"player_choice":"Simplicity","damage_taken":0,"max_hp_gain":0,"max_hp_loss":0,"event_name":"Back to Basics","floor":23,"gold_loss":0,"cards_upgraded":["Strike_B","Strike_B","Strike_B","Defend_B","Defend_B"]}],"is_beta":false,"boss_relics":[{"not_picked":["Sozu","Ectoplasm"],"picked":"Inserter"}],"items_purged_floors":[20],"is_endless":false,"potions_floor_spawned":[3,7,10,14],"killed_by":"Automaton","ascension_level":1}}