{"host":"ks12kfi5c4d9hdxy","time":1608021419,"event":{"mods":["BaseMod","Conspire","GifTheSpireLib","Koishi","LagranYue(拉格朗・月)","Marisa（F雨　魔理沙）","Minty Spire (QoL Compilation)","Reimu（博丽灵梦）","Remilia（蕾米莉亚）","Replay The Spire","RumiaBox-露米娅的神秘盒子","StSLib","SuperFastMode","The Administrix","The Servant 0.9.4","Youmu（魂魄妖梦）","Yuyuko","【功能Mod】混沌之环修复补丁","【功能Mod】聪明的最终Boss","篝火指南"],"gold_per_floor":[114,39,50,50,50,94,94,137,137,31,51,95,95,130,130,229,229,242,242,242,262,286,286,329,329,329,363,27,27,70,84,84,84,84],"floor_reached":33,"playtime":849,"items_purged":["Strike_MRS","MagicChant"],"score":720,"play_id":"52a9184f-016c-4cdd-b41e-bc8d130230a8","local_time":"20201215163659","is_ascension_mode":true,"campfire_choices":[{"data":"UpSweep","floor":7.0,"key":"SMITH"},{"floor":15.0,"key":"DIG"},{"data":"Pot Of Greed","floor":23.0,"key":"SMITH"},{"data":"Pot Of Greed","floor":25.0,"key":"SMITH"},{"floor":32.0,"key":"REST"}],"circlet_count":0,"master_deck":["AscendersBane","Strike_MRS","Strike_MRS","Strike_MRS","Defend_MRS","Defend_MRS","Defend_MRS","Defend_MRS","MasterSpark","UpSweep+1","SprinkleStarSeal","FinalSpark+1","Finesse","Pot Of Greed+1","Pot Of Greed+1","RefractionSpark","Parasite","Parasite","Singularity"],"relics":["MiniHakkero","LagranYue:RandomDrawCardRelic","NeowsBlessing","Golden Idol","FaceOfCleric","Lizard Tail","Garlic","Onion Ring","Grinning Jar","Chameleon Ring","Vajra","ShroomBag","ChewingGum","Smiling Mask","Durian","LagranYue:GuideDeadRelic","conspire:BottledYoYo","HandmadeGrimoire"],"acts_visited":["Exordium","TheCity"],"potions_floor_usage":[33,33],"damage_taken":[{"damage":0.0,"enemies":"Cultist","floor":1.0,"turns":1.0},{"damage":0.0,"enemies":"Jaw Worm","floor":3.0,"turns":1.0},{"damage":0.0,"enemies":"3 Sentries","floor":6.0,"turns":1.0},{"damage":15.0,"enemies":"Lagavulin","floor":8.0,"turns":7.0},{"damage":0.0,"enemies":"2 Louse","floor":11.0,"turns":3.0},{"damage":17.0,"enemies":"Gremlin Nob","floor":12.0,"turns":4.0},{"damage":24.0,"enemies":"3 Sentries","floor":14.0,"turns":5.0},{"damage":13.0,"enemies":"The Guardian","floor":16.0,"turns":9.0},{"damage":1.0,"enemies":"Spheric Guardian","floor":18.0,"turns":3.0},{"damage":0.0,"enemies":"conspire:FuzzyDice","floor":21.0,"turns":3.0},{"damage":6.0,"enemies":"Snake Plant","floor":22.0,"turns":3.0},{"damage":28.0,"enemies":"Slavers","floor":24.0,"turns":4.0},{"damage":22.0,"enemies":"Gremlin Leader","floor":27.0,"turns":4.0},{"damage":5.0,"enemies":"Slavers","floor":30.0,"turns":3.0},{"damage":14.0,"enemies":"Centurion and Healer","floor":31.0,"turns":3.0},{"damage":76,"enemies":"Automaton","floor":33,"turns":6}],"seed_played":"5830013760757972828","potions_obtained":[{"floor":3.0,"key":"Fire Potion"},{"floor":8.0,"key":"Ancient Potion"},{"floor":18.0,"key":"SpeedPotion"},{"floor":24.0,"key":"Fire Potion"},{"floor":30.0,"key":"BottledSpark"},{"floor":31.0,"key":"Weak Potion"}],"is_trial":false,"path_per_floor":["M","$","M","?","?","E","R","E","T","$","M","E","?","E","R","B",null,"M","?","?","M","M","R","E","R","T","E","$","$","E","M","R","B"],"character_chosen":"MARISA","items_purchased":["Finesse","conspire:BottledYoYo"],"campfire_rested":1,"item_purchase_floors":[10,28],"current_hp_per_floor":[63,63,63,63,63,64,64,50,50,50,51,35,24,34,34,26,58,62,62,62,63,62,62,39,39,44,27,27,27,27,18,42,0,0],"gold":84,"neow_bonus":"THREE_ENEMY_KILL","is_daily":false,"chose_seed":false,"campfire_upgraded":3,"win_rate":0.0,"timestamp":1608021419,"path_taken":["M","?","M","?","?","E","R","E","T","$","?","E","?","E","R","BOSS","M","?","?","?","M","R","E","R","T","E","?","$","E","M","R","BOSS"],"items_purchased_type":["Card","Relic"],"build_version":"2020-12-13","purchased_purges":2,"victory":false,"max_hp_per_floor":[70,70,70,63,63,64,64,65,65,65,66,67,67,68,68,69,69,70,70,70,71,72,72,73,73,78,79,79,79,80,81,81,81,81],"card_choices":[{"not_picked":["GrandCross","IllusionStar","6A"],"picked":"SKIP","floor":1.0},{"not_picked":["GravityBeat","OrrerysSun","DoubleSpark"],"picked":"SKIP","floor":3.0},{"not_picked":["6A","WitchOfGreed"],"picked":"SprinkleStarSeal","floor":6.0},{"not_picked":["DarkSpark","DC"],"picked":"FinalSpark","floor":8.0},{"not_picked":["WitchLeyline","DarkSpark"],"picked":"MagicChant","floor":11.0},{"not_picked":["WitchLeyline","Occultation"],"picked":"RefractionSpark","floor":12.0},{"not_picked":["MagicAbsorber","CollectingQuirk","GalacticHalo"],"picked":"SKIP","floor":14.0},{"not_picked":["AsteroidBelt+1","MeteoricShower","IllusionStar"],"picked":"SKIP","floor":18.0},{"not_picked":["Acceleration","StarlightTyphoon"],"picked":"Singularity","floor":21.0},{"not_picked":["EventHorizon","GalacticHalo+1","MagicAbsorber"],"picked":"SKIP","floor":22.0},{"not_picked":["AlicesGift+1","GrandCross","Acceleration"],"picked":"SKIP","floor":24.0},{"not_picked":["ShootingEcho+1","RefractionSpark","SporeBomb"],"picked":"SKIP","floor":27.0},{"not_picked":["DeepEcoloBomb","Robbery+1","ShootingEcho"],"picked":"SKIP","floor":30.0},{"not_picked":["Orbital","Acceleration","DarkMatter"],"picked":"SKIP","floor":31.0}],"player_experience":499348,"relics_obtained":[{"floor":6.0,"key":"Lizard Tail"},{"floor":8.0,"key":"Garlic"},{"floor":9.0,"key":"Onion Ring"},{"floor":12.0,"key":"Grinning Jar"},{"floor":14.0,"key":"Vajra"},{"floor":15.0,"key":"ShroomBag"},{"floor":24.0,"key":"Smiling Mask"},{"floor":26.0,"key":"Durian"},{"floor":27.0,"key":"LagranYue:GuideDeadRelic"},{"floor":30.0,"key":"HandmadeGrimoire"}],"event_choices":[{"damage_healed":0.0,"max_hp_gain":0.0,"max_hp_loss":7.0,"gold_gain":0.0,"event_name":"Golden Idol","player_choice":"Lose Max HP","floor":4.0,"gold_loss":0.0,"damage_taken":0.0,"relics_obtained":["Golden Idol"]},{"damage_healed":0.0,"max_hp_gain":0.0,"max_hp_loss":0.0,"gold_gain":0.0,"event_name":"FaceTrader","player_choice":"Trade","floor":5.0,"gold_loss":0.0,"damage_taken":0.0,"relics_obtained":["FaceOfCleric"]},{"damage_healed":0.0,"max_hp_gain":0.0,"max_hp_loss":0.0,"gold_gain":0.0,"event_name":"Scrap Ooze","player_choice":"Success","floor":13.0,"gold_loss":0.0,"damage_taken":11.0,"relics_obtained":["Chameleon Ring"]},{"damage_healed":0.0,"max_hp_gain":0.0,"max_hp_loss":0.0,"gold_gain":0.0,"event_name":"Ghosts","player_choice":"Ignored","floor":19.0,"gold_loss":0.0,"damage_taken":0.0},{"damage_healed":0.0,"max_hp_gain":0.0,"max_hp_loss":0.0,"gold_gain":0.0,"event_name":"Upgrade Shrine","player_choice":"Upgraded","floor":20.0,"gold_loss":0.0,"damage_taken":0.0,"cards_upgraded":["FinalSpark"]}],"is_beta":false,"boss_relics":[{"not_picked":["conspire:RoyalGoblet","Pandora\u0027s Box"],"picked":"ChewingGum"}],"items_purged_floors":[2,28],"is_endless":false,"potions_floor_spawned":[3,8,12,18,24,27,30,31],"killed_by":"Automaton","ascension_level":18}}