{"host":"7nm0k1qxv8apt5wn","time":1608063515,"event":{"mods":["AchievementEnabler","BaseMod","Block Reminder","Colored Map","Colored Powertips","DeckTracker","Highlight Path","Minty Spire (QoL Compilation)","Quick Restart","Rare Cards Sparkle","SuperFastMode","Unceasing Turn Reminder","everything is the same but u backflip on backflip"],"gold_per_floor":[116,116,56,69,83,110,142,142,142,142,142,142,92,103,103,199,199,218,218,82,96,109,109,109,109],"floor_reached":24,"playtime":1228,"items_purged":[],"score":204,"play_id":"7e83a9dd-e913-4327-97ae-7d4229b556d9","local_time":"20201215151835","is_ascension_mode":false,"campfire_choices":[{"data":"Eruption","floor":8.0,"key":"SMITH"},{"data":"Vigilance","floor":11.0,"key":"SMITH"},{"data":"FollowUp","floor":15.0,"key":"SMITH"},{"data":"ThirdEye","floor":23.0,"key":"SMITH"}],"circlet_count":0,"master_deck":["Eruption+1","Vigilance+1","TalkToTheHand","FearNoEvil","Halt","ThirdEye+1","FollowUp+1","BowlingBash","LessonLearned","Meditate","BowlingBash","Pray","FollowUp","Establishment+1","Judgement","PathToVictory+1","Ragnarok","ThirdEye","ThirdEye","Consecrate+1"],"relics":["PureWater","NeowsBlessing","The Courier","TungstenRod","WingedGreaves","Boot","Pocketwatch","Pandora\u0027s Box","Bag of Marbles"],"acts_visited":["Exordium","TheCity"],"potions_floor_usage":[],"damage_taken":[{"damage":0.0,"enemies":"2 Louse","floor":1.0,"turns":1.0},{"damage":0.0,"enemies":"Jaw Worm","floor":4.0,"turns":1.0},{"damage":0.0,"enemies":"Cultist","floor":5.0,"turns":1.0},{"damage":9.0,"enemies":"3 Sentries","floor":6.0,"turns":10.0},{"damage":34.0,"enemies":"Gremlin Nob","floor":7.0,"turns":5.0},{"damage":0.0,"enemies":"2 Fungi Beasts","floor":14.0,"turns":4.0},{"damage":25.0,"enemies":"Hexaghost","floor":16.0,"turns":11.0},{"damage":27.0,"enemies":"2 Thieves","floor":18.0,"turns":5.0},{"damage":0.0,"enemies":"Spheric Guardian","floor":21.0,"turns":1.0},{"damage":16.0,"enemies":"Snake Plant","floor":22.0,"turns":3.0},{"damage":34,"enemies":"Gremlin Leader","floor":24,"turns":6}],"seed_played":"8017263208402860790","potions_obtained":[{"floor":4.0,"key":"BlessingOfTheForge"},{"floor":14.0,"key":"SkillPotion"}],"is_trial":false,"path_per_floor":["M","?","?","M","M","E","E","R","T","?","R","?","?","M","R","B",null,"M","?","$","M","M","R","E"],"character_chosen":"WATCHER","items_purchased":["Bag of Marbles","ThirdEye"],"campfire_rested":0,"item_purchase_floors":[20,20],"current_hp_per_floor":[72,69,69,69,69,60,26,26,26,31,31,31,31,31,31,6,77,50,50,50,50,34,34,0,0],"gold":109,"neow_bonus":"THREE_ENEMY_KILL","is_daily":false,"chose_seed":false,"campfire_upgraded":4,"win_rate":0.0,"timestamp":1608063515,"path_taken":["M","?","?","?","M","E","E","R","T","?","R","?","?","M","R","BOSS","M","?","$","M","M","R","E"],"items_purchased_type":["Relic","Card"],"build_version":"2020-12-13","purchased_purges":0,"victory":false,"max_hp_per_floor":[72,72,72,72,72,72,72,72,72,77,77,77,77,77,77,77,77,77,77,77,77,77,77,77,77],"card_choices":[{"not_picked":["Prostrate","SashWhip"],"picked":"TalkToTheHand","floor":1.0},{"not_picked":["ClearTheMind","Pray"],"picked":"FearNoEvil","floor":4.0},{"not_picked":["WreathOfFlame","InnerPeace"],"picked":"Halt","floor":5.0},{"not_picked":["DeusExMachina","Wallop"],"picked":"ThirdEye","floor":6.0},{"not_picked":["EmptyFist","ThirdEye"],"picked":"FollowUp","floor":7.0},{"not_picked":["ThirdEye","FollowUp"],"picked":"BowlingBash","floor":14.0},{"not_picked":["DeusExMachina","MasterReality"],"picked":"LessonLearned","floor":16.0},{"not_picked":["Protect","JustLucky"],"picked":"PathToVictory+1","floor":18.0},{"not_picked":["PathToVictory","FollowUp+1"],"picked":"Consecrate+1","floor":21.0},{"not_picked":["TalkToTheHand+1","ClearTheMind","Weave+1"],"picked":"SKIP","floor":22.0}],"player_experience":269145,"relics_obtained":[{"floor":6.0,"key":"WingedGreaves"},{"floor":7.0,"key":"Boot"},{"floor":9.0,"key":"Pocketwatch"}],"event_choices":[{"damage_healed":0.0,"max_hp_gain":0.0,"max_hp_loss":0.0,"gold_gain":0.0,"event_name":"Scrap Ooze","player_choice":"Success","floor":2.0,"gold_loss":0.0,"damage_taken":3.0,"relics_obtained":["The Courier"]},{"damage_healed":0.0,"max_hp_gain":0.0,"max_hp_loss":0.0,"gold_gain":0.0,"event_name":"WeMeetAgain","player_choice":"Paid Gold","floor":3.0,"gold_loss":60.0,"damage_taken":0.0,"relics_obtained":["TungstenRod"]},{"damage_healed":0.0,"max_hp_gain":5.0,"max_hp_loss":0.0,"gold_gain":0.0,"event_name":"Big Fish","player_choice":"Donut","floor":10.0,"gold_loss":0.0,"damage_taken":0.0},{"cards_removed":["Strike_P"],"damage_healed":0.0,"max_hp_gain":0.0,"max_hp_loss":0.0,"gold_gain":0.0,"event_name":"Living Wall","player_choice":"Forget","floor":12.0,"gold_loss":0.0,"damage_taken":0.0},{"cards_removed":["Strike_P"],"damage_healed":0.0,"max_hp_gain":0.0,"max_hp_loss":0.0,"gold_gain":0.0,"event_name":"The Cleric","player_choice":"Card Removal","floor":13.0,"gold_loss":50.0,"damage_taken":0.0},{"damage_healed":0.0,"max_hp_gain":0.0,"max_hp_loss":0.0,"gold_gain":0.0,"event_name":"Match and Keep!","player_choice":"2 cards matched","floor":19.0,"gold_loss":0.0,"damage_taken":0.0,"cards_obtained":["Ragnarok","ThirdEye"]}],"is_beta":false,"boss_relics":[{"not_picked":["Sozu","Ectoplasm"],"picked":"Pandora\u0027s Box"}],"items_purged_floors":[],"is_endless":false,"potions_floor_spawned":[4,14],"killed_by":"Gremlin Leader","ascension_level":0}}