{"host":"7nopzcxpi7o4g3yx","time":1608046661,"event":{"mods":["AchievementEnabler","BaseMod","Colored Powertips","Minty Spire (QoL Compilation)","Quick Restart","StSLib","The Servant 0.9.4"],"gold_per_floor":[113,113,113,113,36,36,64,64,64,76,110,110,127,146,146,250,300,319,319,336,364,364,364,381,381,432,462,488,500,512,555,567,679,691,714,726,194,244,296,296,308,308,335,335,348,348,360,390,390,390],"floor_reached":51,"playtime":4170,"items_purged":[],"score":776,"play_id":"b27c7333-dcfb-4627-8003-20354e416224","local_time":"20201215163741","is_ascension_mode":false,"campfire_choices":[{"data":"Luminosity","floor":6,"key":"SMITH"},{"floor":15,"key":"REST"},{"floor":23,"key":"REST"},{"floor":29,"key":"REST"},{"floor":32,"key":"REST"},{"floor":40,"key":"REST"},{"floor":42,"key":"DIG"},{"floor":44,"key":"REST"},{"floor":49,"key":"DIG"}],"circlet_count":0,"master_deck":["Strike_S","Strike_S+1","Strike_S","Strike_S","Defend_S","Defend_S","Defend_S","KidneyShot+1","Exchange+1","Rearm","Luminosity+1","Initiator","Gouge","SurpressingFire","Defy","Moonlight","BestPractice","Dilation","Potential","Manipulate","Rewind+1","Moondial","MoonPhase+1","Desolation+1","DoubleEdge+1","Spin+1","Contraction","Writhe","WasteNot","SurpressingFire+1","Unruled","Starlight+1","Dilation","TheWorld","Advance+1","BestPractice+1","Sunlight","Dilation","Hightail+1","Spin+1","Revamp+1","SpecialFormula+1","Comet+1","Writhe","BottledTime+1","Defy+1","ShiftingGears+1"],"relics":["Uniform","NeowsBlessing","Du-Vu Doll","Art of War","PocketWatch","Prayer Wheel","Tiny House","Red Mask","Pocketwatch","MawBank","Nloth\u0027s Gift","StoneCalendar","Philosopher\u0027s Stone","TungstenRod","Shovel","Torii","Frozen Egg 2","Bag of Marbles","Strawberry","Happy Flower"],"acts_visited":["Exordium","TheCity","TheBeyond"],"potions_floor_usage":[18,24,33,41,41,45,45],"damage_taken":[{"damage":0,"enemies":"Jaw Worm","floor":1,"turns":1},{"damage":0,"enemies":"3 Sentries","floor":7,"turns":2},{"damage":0,"enemies":"Small Slimes","floor":10,"turns":1},{"damage":9,"enemies":"Lagavulin","floor":11,"turns":6},{"damage":0,"enemies":"2 Louse","floor":13,"turns":2},{"damage":7,"enemies":"Large Slime","floor":14,"turns":8},{"damage":27,"enemies":"Hexaghost","floor":16,"turns":8},{"damage":3,"enemies":"3 Byrds","floor":18,"turns":7},{"damage":2,"enemies":"Spheric Guardian","floor":20,"turns":3},{"damage":12,"enemies":"Masked Bandits","floor":21,"turns":8},{"damage":13,"enemies":"Cultist and Chosen","floor":24,"turns":7},{"damage":2,"enemies":"Snecko","floor":27,"turns":3},{"damage":2,"enemies":"Centurion and Healer","floor":28,"turns":7},{"damage":53,"enemies":"Slavers","floor":31,"turns":4},{"damage":20,"enemies":"Collector","floor":33,"turns":7},{"damage":0,"enemies":"Orb Walker","floor":35,"turns":3},{"damage":23,"enemies":"Mind Bloom Boss Battle","floor":38,"turns":5},{"damage":26,"enemies":"2 Orb Walkers","floor":39,"turns":5},{"damage":3,"enemies":"3 Darklings","floor":41,"turns":5},{"damage":8,"enemies":"Writhing Mass","floor":45,"turns":5},{"damage":25,"enemies":"Spire Growth","floor":47,"turns":4},{"damage":0,"enemies":"Nemesis","floor":48,"turns":5},{"damage":18,"enemies":"Awakened One","floor":50,"turns":13}],"seed_played":"-4703489682415159302","potions_obtained":[{"floor":1,"key":"Swift Potion"},{"floor":11,"key":"GamblersBrew"},{"floor":14,"key":"Regen Potion"},{"floor":16,"key":"DuplicationPotion"},{"floor":17,"key":"EntropicBrew"},{"floor":21,"key":"SpeedPotion"},{"floor":24,"key":"EntropicBrew"},{"floor":27,"key":"Ancient Potion"},{"floor":35,"key":"Strength Potion"},{"floor":48,"key":"FearPotion"}],"is_trial":false,"path_per_floor":["M","?","?","?","$","R","E","$","T","M","E","?","M","M","R","B",null,"M","?","M","?","?","R","M","?","T","M","M","R","?","E","R","B",null,"M","?","$","?","?","R","M","R","T","R","M","?","M","E","R","B",null],"character_chosen":"THE_SERVANT","items_purchased":["Luminosity","TungstenRod","FairyPotion","Sunlight"],"campfire_rested":6,"item_purchase_floors":[5,37,37,37],"current_hp_per_floor":[65,65,62,49,49,49,49,49,49,49,40,40,40,33,52,25,70,67,67,65,53,40,62,58,58,58,56,54,75,75,22,44,24,75,75,75,75,52,26,48,45,45,45,67,59,75,50,65,65,55],"gold":390,"neow_bonus":"THREE_ENEMY_KILL","is_daily":false,"chose_seed":false,"campfire_upgraded":1,"win_rate":0.0,"timestamp":1608046661,"path_taken":["M","?","?","?","?","R","E","$","T","M","E","?","?","M","R","BOSS","M","?","M","?","?","R","M","?","T","M","?","R","?","E","R","BOSS","M","?","$","?","?","R","M","R","T","R","?","?","M","E","R","BOSS"],"items_purchased_type":["Card","Relic","Potion","Card"],"build_version":"2020-12-13","purchased_purges":0,"victory":true,"max_hp_per_floor":[65,65,65,65,65,65,65,65,65,65,65,65,65,65,65,65,70,70,70,70,70,75,75,75,75,75,75,75,75,75,75,75,75,75,75,75,75,75,75,75,75,75,75,75,75,75,75,82,82,82],"card_choices":[{"not_picked":["Misdirection","Contraction"],"picked":"Rearm","floor":1},{"not_picked":["Unruled","Rewind"],"picked":"Initiator","floor":7},{"not_picked":["Spin","BestPractice","DualDimension"],"picked":"SKIP","floor":10},{"not_picked":["FloweringNight","BottledTime"],"picked":"Gouge","floor":11},{"not_picked":["Collapse","ShatteredReality"],"picked":"SurpressingFire","floor":13},{"not_picked":["Revamp","Reset"],"picked":"Defy","floor":13},{"not_picked":["Gouge","Spin"],"picked":"Moonlight","floor":14},{"not_picked":["Unruled","DoubleEdge"],"picked":"BestPractice","floor":14},{"not_picked":["Deny","SoulSculpture"],"picked":"Dilation","floor":16},{"not_picked":["ShatteredReality","BottledTime"],"picked":"Potential","floor":17},{"not_picked":["DualDimension","Defy"],"picked":"Manipulate","floor":18},{"not_picked":["SurpressingFire","Shuttle+1"],"picked":"Rewind+1","floor":18},{"not_picked":["Starlight","Gouge"],"picked":"MoonPhase+1","floor":20},{"not_picked":["GearUp","Revamp+1"],"picked":"Desolation+1","floor":20},{"not_picked":["Snipe+1","Barrier"],"picked":"DoubleEdge+1","floor":21},{"not_picked":["Replace","Unruled"],"picked":"Spin+1","floor":24},{"not_picked":["Rewind+1","Misdirection"],"picked":"Contraction","floor":24},{"not_picked":["Manipulate","Misdirection+1"],"picked":"WasteNot","floor":27},{"not_picked":["Reset+1","TimeWarp"],"picked":"SurpressingFire+1","floor":27},{"not_picked":["Rewind","Comet"],"picked":"Unruled","floor":28},{"not_picked":["ShatteredReality","TimeWarp"],"picked":"Starlight+1","floor":28},{"not_picked":["SoulSculpture","InstantArmor"],"picked":"Dilation","floor":31},{"not_picked":["FloweringNight","Sunlight"],"picked":"TheWorld","floor":33},{"not_picked":["Read","Ricochet"],"picked":"Advance+1","floor":35},{"not_picked":["ShatteredReality","BottledTime+1"],"picked":"BestPractice+1","floor":35},{"not_picked":["FastForward+1","WasteNot"],"picked":"Dilation","floor":38},{"not_picked":["GearUp","Starlight+1"],"picked":"Hightail+1","floor":39},{"not_picked":["Replace","Revamp+1"],"picked":"Spin+1","floor":41},{"not_picked":["BottledTime+1","RealityMarble"],"picked":"Revamp+1","floor":41},{"not_picked":["Snipe","Sunlight"],"picked":"SpecialFormula+1","floor":45},{"not_picked":["Barrier+1","Defy"],"picked":"Comet+1","floor":45},{"not_picked":["Ricochet+1","Potential"],"picked":"BottledTime+1","floor":47},{"not_picked":["Snipe+1","Starlight"],"picked":"Defy+1","floor":47},{"not_picked":["Starlight","Dilation"],"picked":"ShiftingGears+1","floor":48}],"player_experience":258850,"relics_obtained":[{"floor":7,"key":"Art of War"},{"floor":9,"key":"PocketWatch"},{"floor":11,"key":"Prayer Wheel"},{"floor":21,"key":"Red Mask"},{"floor":26,"key":"MawBank"},{"floor":31,"key":"StoneCalendar"},{"floor":38,"key":"Shovel"},{"floor":39,"key":"Torii"},{"floor":42,"key":"Frozen Egg 2"},{"floor":43,"key":"Bag of Marbles"},{"floor":48,"key":"Strawberry"},{"floor":49,"key":"Happy Flower"}],"event_choices":[{"damage_healed":0,"gold_gain":0,"player_choice":"Leave","damage_taken":0,"max_hp_gain":0,"max_hp_loss":0,"event_name":"The Cleric","floor":2,"gold_loss":0},{"damage_healed":0,"gold_gain":0,"player_choice":"Success","damage_taken":3,"relics_obtained":["Du-Vu Doll"],"max_hp_gain":0,"max_hp_loss":0,"event_name":"Scrap Ooze","floor":3,"gold_loss":0},{"damage_healed":0,"gold_gain":0,"player_choice":"Entered Light","damage_taken":13,"max_hp_gain":0,"max_hp_loss":0,"event_name":"Shining Light","floor":4,"gold_loss":0,"cards_upgraded":["Strike_S","Exchange"]},{"damage_healed":0,"gold_gain":0,"player_choice":"Gave Potion","damage_taken":0,"relics_obtained":["Ornamental Fan"],"max_hp_gain":0,"max_hp_loss":0,"event_name":"WeMeetAgain","floor":12,"gold_loss":0},{"damage_healed":0,"gold_gain":0,"player_choice":"Read","damage_taken":0,"max_hp_gain":0,"max_hp_loss":0,"event_name":"The Library","floor":19,"gold_loss":0,"cards_obtained":["Moondial"]},{"damage_healed":0,"gold_gain":0,"player_choice":"Fought Bandits","damage_taken":0,"max_hp_gain":0,"max_hp_loss":0,"event_name":"Masked Bandits","floor":21,"gold_loss":0},{"damage_healed":0,"gold_gain":0,"player_choice":"Shed Blood","damage_taken":18,"max_hp_gain":5,"max_hp_loss":0,"event_name":"Forgotten Altar","floor":22,"gold_loss":0},{"damage_healed":0,"gold_gain":0,"player_choice":"Opened","damage_taken":0,"relics_obtained":["Pocketwatch"],"max_hp_gain":0,"max_hp_loss":0,"event_name":"The Mausoleum","floor":25,"gold_loss":0,"cards_obtained":["Writhe"]},{"damage_healed":0,"gold_gain":0,"player_choice":"Traded Relic","damage_taken":0,"relics_obtained":["Nloth\u0027s Gift"],"max_hp_gain":0,"max_hp_loss":0,"event_name":"N\u0027loth","floor":30,"relics_lost":["Ornamental Fan"],"gold_loss":0},{"cards_removed":["Defend_S"],"damage_healed":0,"gold_gain":0,"player_choice":"Removed Skill","damage_taken":0,"max_hp_gain":0,"max_hp_loss":0,"event_name":"Falling","floor":36,"gold_loss":0},{"damage_healed":0,"gold_gain":0,"player_choice":"Fight","damage_taken":0,"max_hp_gain":0,"max_hp_loss":0,"event_name":"MindBloom","floor":38,"gold_loss":0},{"damage_healed":0,"gold_gain":0,"player_choice":"Fight","damage_taken":0,"max_hp_gain":0,"max_hp_loss":0,"event_name":"Mysterious Sphere","floor":39,"gold_loss":0},{"damage_healed":19,"gold_gain":0,"player_choice":"Writhe","damage_taken":0,"max_hp_gain":0,"max_hp_loss":0,"event_name":"Winding Halls","floor":46,"gold_loss":0,"cards_obtained":["Writhe"]}],"is_beta":false,"boss_relics":[{"not_picked":["Astrolabe","Sozu"],"picked":"Tiny House"},{"not_picked":["Empty Cage","Snecko Eye"],"picked":"Philosopher\u0027s Stone"}],"items_purged_floors":[],"is_endless":false,"potions_floor_spawned":[1,11,14,16,21,24,27,35,38,48],"ascension_level":0}}