{"host":"nmjik3bzoelmmajy","time":1608031008,"event":{"mods":["BaseMod","Better Third Choice","Colored Map","DeckTracker","Minty Spire (QoL Compilation)","Quick Restart","Say the Spire","StSLib","SuperFastMode"],"gold_per_floor":[111,125,140,158,174,174,184,184,233,251,285,285,311,146,146,146,146],"floor_reached":16,"playtime":585,"items_purged":["Strike_G"],"score":250,"play_id":"4493e359-cca4-4e4d-8483-4887d4834300","local_time":"20201215201648","is_ascension_mode":true,"campfire_choices":[{"data":"Dagger Spray","floor":6.0,"key":"SMITH"},{"data":"Catalyst","floor":8.0,"key":"SMITH"},{"data":"Sucker Punch","floor":12.0,"key":"SMITH"},{"floor":15,"key":"REST"}],"circlet_count":0,"master_deck":["AscendersBane","Strike_G","Strike_G","Strike_G","Strike_G","Defend_G","Defend_G","Defend_G","Defend_G","Defend_G","Survivor","Neutralize","All Out Attack","Crippling Poison","Catalyst+1","Dagger Spray+1","Accuracy","A Thousand Cuts","Sucker Punch+1","Well Laid Plans","Bandage Up"],"relics":["Ring of the Snake","Potion Belt","Oddly Smooth Stone","InkBottle"],"acts_visited":["Exordium"],"potions_floor_usage":[13],"damage_taken":[{"damage":0.0,"enemies":"Cultist","floor":1.0,"turns":4.0},{"damage":0.0,"enemies":"2 Louse","floor":2.0,"turns":2.0},{"damage":1.0,"enemies":"Small Slimes","floor":3.0,"turns":3.0},{"damage":1.0,"enemies":"2 Fungi Beasts","floor":4.0,"turns":3.0},{"damage":9.0,"enemies":"Looter","floor":5.0,"turns":5.0},{"damage":0.0,"enemies":"Lots of Slimes","floor":7.0,"turns":1.0},{"damage":18.0,"enemies":"Large Slime","floor":10.0,"turns":5.0},{"damage":0.0,"enemies":"3 Sentries","floor":11.0,"turns":1.0},{"damage":14,"enemies":"Lagavulin","floor":13,"turns":8},{"damage":41,"enemies":"Hexaghost","floor":16,"turns":11}],"seed_played":"4300643644467203455","potions_obtained":[{"floor":5.0,"key":"SteroidPotion"},{"floor":7.0,"key":"Strength Potion"},{"floor":10.0,"key":"Weak Potion"},{"floor":11.0,"key":"SmokeBomb"}],"is_trial":false,"path_per_floor":["M","M","M","M","M","R","M","R","T","M","E","R","E","$","R","B"],"character_chosen":"THE_SILENT","items_purchased":["Bandage Up"],"campfire_rested":1,"item_purchase_floors":[14],"current_hp_per_floor":[59,59,58,57,48,48,48,48,48,30,30,30,16,16,35,0,0],"gold":146,"neow_bonus":"THREE_CARDS","is_daily":false,"chose_seed":false,"campfire_upgraded":3,"win_rate":0.0,"timestamp":1608031008,"path_taken":["M","?","M","M","M","R","M","R","T","M","E","R","E","$","R","BOSS"],"items_purchased_type":["Card"],"build_version":"2020-12-13","purchased_purges":1,"victory":false,"max_hp_per_floor":[66,66,66,66,66,66,66,66,66,66,66,66,66,66,66,66,66],"card_choices":[{"not_picked":["Terror","Acrobatics"],"picked":"All Out Attack","floor":0.0},{"not_picked":["Dodge and Roll","Bane"],"picked":"Crippling Poison","floor":1.0},{"not_picked":["Deadly Poison","Dagger Spray"],"picked":"Catalyst","floor":2.0},{"not_picked":["Setup","Deflect","Dodge and Roll"],"picked":"SKIP","floor":3.0},{"not_picked":["Eviscerate","Flying Knee"],"picked":"Dagger Spray","floor":4.0},{"not_picked":["Bane","Acrobatics"],"picked":"Accuracy","floor":5.0},{"not_picked":["Slice","Dodge and Roll","Poisoned Stab"],"picked":"SKIP","floor":7.0},{"not_picked":["Expertise","Bane"],"picked":"A Thousand Cuts","floor":10.0},{"not_picked":["Accuracy","Crippling Poison"],"picked":"Sucker Punch","floor":11.0},{"not_picked":["Blade Dance","Distraction"],"picked":"Well Laid Plans","floor":13}],"player_experience":807484,"relics_obtained":[{"floor":9.0,"key":"Potion Belt"},{"floor":11.0,"key":"Oddly Smooth Stone"},{"floor":13,"key":"InkBottle"}],"event_choices":[],"is_beta":false,"boss_relics":[],"items_purged_floors":[14],"is_endless":false,"potions_floor_spawned":[5,7,10,11],"killed_by":"Hexaghost","ascension_level":16}}