{"host":"l12hrjjiowxu1z6t","time":1608013262,"event":{"mods":["BaseMod","Colored Map","Downfall","Minty Spire (QoL Compilation)","Relic Stats","StSLib"],"gold_per_floor":[199,199,199,227,227,247,247,247,262,262,91,116,1,18,29,29,29],"floor_reached":16,"playtime":888,"items_purged":["hexamod:Strike","hexamod:Strike"],"score":98,"play_id":"8b854b39-c22a-4c1c-bc28-76172e493da8","local_time":"20201214232102","is_ascension_mode":false,"campfire_choices":[{"data":"hexamod:Float","floor":1.0,"key":"SMITH"},{"floor":5.0,"key":"REST"},{"data":"hexamod:Sear","floor":8.0,"key":"SMITH"},{"floor":10,"key":"REST"}],"circlet_count":0,"master_deck":["hexamod:Strike","hexamod:Strike","hexamod:Defend","hexamod:Defend","hexamod:Defend","hexamod:Defend","hexamod:Sear+1","hexamod:Float+1","hexamod:AdvancingGuard","hexamod:ThirdSeal","hexamod:Firestarter","hexamod:StepThrough","hexamod:SwordOfDarkness","hexamod:ChargedBarrage","hexamod:PhantomCloak","hexamod:HauntingEcho","hexamod:GhostShield"],"relics":["hexamod:SpiritBrand","Mango","Gremlin Horn","Odd Mushroom"],"acts_visited":["Exordium"],"potions_floor_usage":[13,16],"damage_taken":[{"damage":0.0,"enemies":"Cultist","floor":3.0,"turns":1.0},{"damage":69.0,"enemies":"Gremlin Nob","floor":4.0,"turns":6.0},{"damage":0.0,"enemies":"2 Louse","floor":6.0,"turns":3.0},{"damage":1.0,"enemies":"Jaw Worm","floor":9.0,"turns":3.0},{"damage":0,"enemies":"downfall:FleeingMerchant","floor":11,"turns":4},{"damage":23,"enemies":"The Mushroom Lair","floor":12,"turns":5},{"damage":0,"enemies":"downfall:FleeingMerchant","floor":13,"turns":4},{"damage":15,"enemies":"Exordium Thugs","floor":14,"turns":6},{"damage":6,"enemies":"Blue Slaver","floor":15,"turns":4},{"damage":21,"enemies":"downfall:Defect","floor":16,"turns":5}],"seed_played":"2313289248174836750","potions_obtained":[{"floor":4.0,"key":"Guardian:BlockOnCardUsePotion"},{"floor":12,"key":"SkillPotion"},{"floor":14,"key":"BlessingOfTheForge"},{"floor":15,"key":"Block Potion"}],"is_trial":false,"path_per_floor":["R","?","M","E","R","M","T","R","M","R","$","?","$","M","M","B"],"character_chosen":"THE_SPIRIT","items_purchased":["hexamod:PhantomCloak"],"campfire_rested":2,"item_purchase_floors":[11],"current_hp_per_floor":[70,70,70,15,40,40,40,40,39,64,64,41,41,26,20,0,0],"gold":29,"neow_bonus":"HUNDRED_GOLD","is_daily":false,"chose_seed":false,"campfire_upgraded":2,"win_rate":0.0,"timestamp":1608013262,"path_taken":["R","?","M","E","R","M","T","R","M","R","$","?","?","M","M","BOSS"],"items_purchased_type":["Card"],"build_version":"2020-12-13","purchased_purges":2,"victory":false,"max_hp_per_floor":[70,70,70,84,84,84,84,84,84,84,84,84,84,84,84,84,84],"relic_stats":{"Gremlin Horn":[3,3],"counters":[10,41],"obtain_stats":[{"downfall:BrokenWingStatue":2,"Gremlin Horn":7,"Mango":4,"Odd Mushroom":12,"hexamod:SpiritBrand":0},{"downfall:BrokenWingStatue":0,"Gremlin Horn":3,"Mango":2,"Odd Mushroom":6,"hexamod:SpiritBrand":0},{"downfall:BrokenWingStatue":0,"Gremlin Horn":10,"Mango":7,"Odd Mushroom":22,"hexamod:SpiritBrand":0}]},"card_choices":[{"not_picked":["hexamod:NightmareGuise","hexamod:SpectralSpark"],"picked":"hexamod:AdvancingGuard","floor":3.0},{"not_picked":["hexamod:FastForward","hexamod:ThirdSeal","hexamod:AdvancingGuard"],"picked":"SKIP","floor":4.0},{"not_picked":["hexamod:Firestarter","hexamod:GhostLash"],"picked":"hexamod:ThirdSeal","floor":6.0},{"not_picked":["hexamod:AdvancingGuard","hexamod:RecurringNightmare"],"picked":"hexamod:Firestarter","floor":9.0},{"not_picked":["hexamod:RainOfEmbers","hexamod:CrushingStance"],"picked":"hexamod:StepThrough","floor":9.0},{"not_picked":["hexamod:NightmareGuise","hexamod:SixthSeal"],"picked":"hexamod:SwordOfDarkness","floor":11},{"not_picked":["hexamod:GiftsFromTheDead","hexamod:NightmareStrike"],"picked":"hexamod:ChargedBarrage","floor":11},{"not_picked":["hexamod:SwordOfDarkness","hexamod:BurningTouch"],"picked":"hexamod:HauntingEcho","floor":12},{"not_picked":["hexamod:Firestarter","hexamod:SwordOfDarkness","hexamod:GhostShield"],"picked":"SKIP","floor":13},{"not_picked":["hexamod:PhantomCloak","hexamod:ExtraCrispy","hexamod:AdvancingGuard"],"picked":"SKIP","floor":14},{"not_picked":["hexamod:BacktrackSmack","hexamod:ExtraCrispy","hexamod:CrushingStance"],"picked":"SKIP","floor":14},{"not_picked":["hexamod:PhantomFireball","hexamod:HeatShield"],"picked":"hexamod:GhostShield","floor":15},{"not_picked":["hexamod:AdvancingGuard","hexamod:InspiringFlames","hexamod:GhostShield"],"picked":"SKIP","floor":15}],"player_experience":150027,"relics_obtained":[{"floor":4.0,"key":"Mango"},{"floor":7.0,"key":"Gremlin Horn"},{"floor":12,"key":"Odd Mushroom"}],"event_choices":[{"damage_healed":0,"gold_gain":0,"player_choice":"Fought Mushrooms","damage_taken":0,"max_hp_gain":0,"max_hp_loss":0,"event_name":"Mushrooms","floor":12,"gold_loss":0}],"is_beta":false,"boss_relics":[],"items_purged_floors":[11,13],"is_endless":false,"potions_floor_spawned":[4,12,14,15],"killed_by":"downfall:Defect","ascension_level":0}}