{"host":"8a3g9edf69u3epoz","time":1608010272,"event":{"mods":["BaseMod","Minty Spire (QoL Compilation)","MostiFishMod","Relic Stats","Remilia（蕾米莉亚）","StSLib","TestMod","UnlockEverythingMod","WarShipGirlsR/战舰少女R mod"],"gold_per_floor":[118,140,163,182,200,227,164,203,215,227,270,295,336,348,360,450,462,489,501,536,560,587,648,678,720,732,744,794,806,258,282,282,370,370,384,408,808,808,331,374,374,410,480,523,523,564,598,618,618,627,649,649,649,193,229,235],"floor_reached":57,"playtime":2053,"items_purged":["Wrath_TH","Strike_R","Whirlwind"],"score":3714,"play_id":"60654605-6c66-41bf-ac63-eae7692b9093","local_time":"20201215133112","is_ascension_mode":true,"campfire_choices":[{"data":"Sword Boomerang","floor":15.0,"key":"SMITH"},{"data":"Spot Weakness","floor":27.0,"key":"SMITH"},{"data":"EndlessPower","floor":32,"key":"SMITH"},{"floor":41,"key":"RECALL"},{"data":"Apotheosis","floor":45,"key":"SMITH"},{"data":"MostiFishMod:RacingGame","floor":49,"key":"SMITH"},{"data":"Demon Form","floor":53,"key":"SMITH"}],"circlet_count":0,"master_deck":["AscendersBane","Strike_R","Strike_R","Defend_R","Defend_R+1","Defend_R","Defend_R+1","Bash","Iron Wave","Sword Boomerang+1","Cleave","Demon Form+1","Reaper","Spot Weakness+1","Inflame","Bloodletting","EndlessPower+1","testmod-FightingIntention+1","Pummel","MostiFishMod:RacingGame+1","Apotheosis+1","Berserk+1","Evolve+1"],"relics":["Burning Blood","testmod-TestBox","ExusiaiGun","testmod-TheFather","Question Card","MawBank","HornCleat","Question Card","Self Forming Clay","ImportantClient","FeatherPendant","Regal Pillow","CombinedTypeHook","DaCapo","Kunai","testmod-Justice","Frozen Egg 2","Dodecahedron","RhineSuit","Strawberry","Happy Flower","Strange Spoon","testmod-TurbochargingSystem","Pear","Lantern","testmod-CasingShield","testmod-AssaultLearning","TimeFreeze","War Paint"],"acts_visited":["Exordium","TheCity","TheBeyond","TheEnding"],"potions_floor_usage":[48,56],"damage_taken":[{"damage":0.0,"enemies":"Cultist","floor":1.0,"turns":1.0},{"damage":12.0,"enemies":"Jaw Worm","floor":2.0,"turns":2.0},{"damage":0.0,"enemies":"Small Slimes","floor":3.0,"turns":1.0},{"damage":0.0,"enemies":"3 Louse","floor":4.0,"turns":2.0},{"damage":0.0,"enemies":"Exordium Thugs","floor":5.0,"turns":2.0},{"damage":0.0,"enemies":"Lagavulin","floor":6.0,"turns":2.0},{"damage":0.0,"enemies":"Gremlin Nob","floor":8.0,"turns":1.0},{"damage":0.0,"enemies":"Lagavulin","floor":11.0,"turns":2.0},{"damage":0.0,"enemies":"Blue Slaver","floor":12.0,"turns":1.0},{"damage":0.0,"enemies":"Gremlin Nob","floor":13.0,"turns":2.0},{"damage":15.0,"enemies":"Hexaghost","floor":16.0,"turns":5.0},{"damage":0.0,"enemies":"Spheric Guardian","floor":18.0,"turns":1.0},{"damage":0.0,"enemies":"Chosen","floor":20.0,"turns":2.0},{"damage":0.0,"enemies":"Shelled Parasite and Fungi","floor":21.0,"turns":2.0},{"damage":0.0,"enemies":"Snake Plant","floor":22.0,"turns":2.0},{"damage":0.0,"enemies":"Slavers","floor":23.0,"turns":1.0},{"damage":0.0,"enemies":"Snecko","floor":24.0,"turns":2.0},{"damage":4.0,"enemies":"Book of Stabbing","floor":25.0,"turns":2.0},{"damage":0.0,"enemies":"Slavers","floor":28.0,"turns":1.0},{"damage":0,"enemies":"Centurion and Healer","floor":31,"turns":2},{"damage":13,"enemies":"Champ","floor":33,"turns":5},{"damage":0,"enemies":"Orb Walker","floor":35,"turns":1},{"damage":12,"enemies":"3 Shapes","floor":36,"turns":2},{"damage":0,"enemies":"Giant Head","floor":40,"turns":4},{"damage":30,"enemies":"Transient","floor":42,"turns":1},{"damage":0,"enemies":"Reptomancer","floor":44,"turns":1},{"damage":0,"enemies":"Giant Head","floor":46,"turns":1},{"damage":0,"enemies":"Mind Bloom Boss Battle","floor":47,"turns":1},{"damage":30,"enemies":"Writhing Mass","floor":48,"turns":1},{"damage":30,"enemies":"Donu and Deca","floor":50,"turns":2},{"damage":0,"enemies":"Awakened One","floor":51,"turns":2},{"damage":0,"enemies":"Shield and Spear","floor":55,"turns":2},{"damage":62,"enemies":"The Heart","floor":56,"turns":5}],"seed_played":"7058157822114026104","potions_obtained":[{"floor":3.0,"key":"BlessingOfTheForge"},{"floor":5.0,"key":"SteroidPotion"},{"floor":48,"key":"BloodPotion"}],"is_trial":false,"path_per_floor":["M","M","M","M","M","E","?","E","T","?","E","M","E","?","R","B",null,"M","?","M","M","M","E","M","E","T","R","E","?","$","M","R","B",null,"M","M","?","?","$","E","R","M","T","E","R","E","?","M","R","B","B",null,"R","$","E","B",null],"character_chosen":"IRONCLAD","items_purchased":["Frozen Egg 2","testmod-FightingIntention+1","Dodecahedron","Strawberry","Happy Flower","Strange Spoon","testmod-AssaultLearning","HeartOfIron","TimeFreeze"],"campfire_rested":0,"item_purchase_floors":[30,30,30,39,39,39,54,54,54],"current_hp_per_floor":[81,75,81,82,82,82,82,82,82,82,82,82,82,82,82,73,80,82,82,82,82,82,82,82,82,82,82,82,82,82,82,82,75,80,82,76,76,71,78,84,84,60,60,76,76,82,88,83,83,99,99,99,99,99,99,97],"gold":235,"neow_bonus":"TEN_PERCENT_HP_BONUS","is_daily":false,"chose_seed":false,"campfire_upgraded":6,"win_rate":0.0,"timestamp":1608010272,"path_taken":["M","?","M","M","M","E","?","E","T","?","E","?","E","?","R","BOSS","M","?","M","?","M","E","M","E","T","R","E","?","$","M","R","BOSS","M","M","?","?","$","E","R","M","T","E","R","E","?","M","R","BOSS","BOSS","R","$","E","BOSS"],"items_purchased_type":["Relic","Card","Relic","Relic","Relic","Relic","Relic","Potion","Relic"],"build_version":"2020-12-13","purchased_purges":3,"victory":true,"max_hp_per_floor":[82,82,82,82,82,82,82,82,82,82,82,82,82,82,82,82,82,82,82,82,82,82,82,82,82,82,82,82,82,82,82,82,82,82,82,82,82,82,89,89,89,89,89,99,99,99,99,99,99,99,99,99,99,99,99,99],"relic_stats":{"Strange Spoon":[4],"Regal Pillow":0,"Happy Flower":[6],"counters":[33,63],"Self Forming Clay":[99],"Kunai":[46],"War Paint":["Defend_R","Defend_R"],"Question Card":55,"MawBank":288,"obtain_stats":[{"CombinedTypeHook":23,"Regal Pillow":19,"Lantern":46,"DaveBox":0,"RhineSuit":34,"ExusiaiGun":0,"Burning Blood":0,"testmod-CasingShield":47,"HornCleat":9,"Strawberry":39,"testmod-TheFather":0,"DaCapo":25,"Kunai":26,"ImportantClient":16,"testmod-TestBox":0,"Pear":44,"Dodecahedron":30,"Happy Flower":39,"Self Forming Clay":13,"testmod-TurbochargingSystem":40,"testmod-Justice":28,"Frozen Egg 2":30,"War Paint":55,"Question Card":1,"MawBank":6,"TimeFreeze":54,"Strange Spoon":39,"FeatherPendant":17,"testmod-AssaultLearning":54},{"CombinedTypeHook":16,"Regal Pillow":12,"Lantern":27,"DaveBox":0,"RhineSuit":21,"ExusiaiGun":0,"Burning Blood":0,"testmod-CasingShield":28,"HornCleat":7,"Strawberry":23,"testmod-TheFather":0,"DaCapo":18,"Kunai":18,"ImportantClient":11,"testmod-TestBox":0,"Pear":26,"Dodecahedron":19,"Happy Flower":23,"Self Forming Clay":10,"testmod-TurbochargingSystem":24,"testmod-Justice":19,"Frozen Egg 2":19,"War Paint":32,"Question Card":1,"MawBank":6,"TimeFreeze":31,"Strange Spoon":23,"FeatherPendant":11,"testmod-AssaultLearning":31},{"CombinedTypeHook":29,"Regal Pillow":22,"Lantern":50,"DaveBox":0,"RhineSuit":40,"ExusiaiGun":0,"Burning Blood":0,"testmod-CasingShield":51,"HornCleat":11,"Strawberry":43,"testmod-TheFather":0,"DaCapo":32,"Kunai":32,"ImportantClient":21,"testmod-TestBox":0,"Pear":49,"Dodecahedron":33,"Happy Flower":43,"Self Forming Clay":16,"testmod-TurbochargingSystem":47,"testmod-Justice":33,"Frozen Egg 2":33,"War Paint":58,"Question Card":1,"MawBank":10,"TimeFreeze":56,"Strange Spoon":43,"FeatherPendant":21,"testmod-AssaultLearning":56}],"Burning Blood":87},"card_choices":[{"not_picked":["Anger","Bloodletting"],"picked":"Whirlwind","floor":1.0},{"not_picked":["Power Through","Infernal Blade","Wild Strike"],"picked":"Iron Wave","floor":2.0},{"not_picked":["MostiFishMod:BrandingRite","Rage","Seeing Red"],"picked":"Sword Boomerang","floor":3.0},{"not_picked":["Dropkick","Feel No Pain","Dark Embrace","Battle Trance"],"picked":"SKIP","floor":4.0},{"not_picked":["Twin Strike","Perfected Strike","Anger","Reckless Charge"],"picked":"SKIP","floor":5.0},{"not_picked":["Shockwave","Iron Wave","Uppercut"],"picked":"Cleave","floor":6.0},{"not_picked":["Warcry","Hemokinesis","Dropkick","Cleave"],"picked":"SKIP","floor":8.0},{"not_picked":["Iron Wave","Warcry","Double Tap","True Grit"],"picked":"SKIP","floor":11.0},{"not_picked":["Clothesline","Warcry","Sever Soul","Dark Embrace","Sentinel"],"picked":"SKIP","floor":12.0},{"not_picked":["Armaments","Headbutt","Thunderclap","Havoc"],"picked":"Demon Form","floor":13.0},{"not_picked":["Limit Break","Double Tap","MostiFishMod:OrdinaryWorld","Juggernaut"],"picked":"Reaper","floor":16.0},{"not_picked":["Clothesline+1","Sword Boomerang","Clash","Warcry"],"picked":"Armaments","floor":18.0},{"not_picked":["Infernal Blade","Anger","Wild Strike","Iron Wave"],"picked":"Spot Weakness","floor":20.0},{"not_picked":["Rampage","Juggernaut","Pommel Strike","Dropkick"],"picked":"Inflame","floor":21.0},{"not_picked":["Headbutt","Havoc","Clothesline","Reckless Charge","Sword Boomerang"],"picked":"SKIP","floor":22.0},{"not_picked":["Warcry","True Grit","Pommel Strike+1","Hemokinesis"],"picked":"Bloodletting","floor":23.0},{"not_picked":["Sword Boomerang","Clash+1","Whirlwind","Double Tap","Clothesline"],"picked":"SKIP","floor":24.0},{"not_picked":["Whirlwind","Sword Boomerang","Headbutt+1","Combust+1","Sentinel"],"picked":"SKIP","floor":25.0},{"not_picked":["Wild Strike","Clash","Double Tap","Reckless Charge","Heavy Blade"],"picked":"SKIP","floor":28.0},{"not_picked":["Dropkick","Shrug It Off","Clothesline","Carnage+1"],"picked":"Pummel","floor":31},{"not_picked":["MostiFishMod:NewArrival","Limit Break","Feed","MostiFishMod:ChineseTea"],"picked":"MostiFishMod:RacingGame","floor":33},{"not_picked":["Flex","Spot Weakness","Dark Embrace+1","Blood for Blood+1","Warcry"],"picked":"SKIP","floor":35},{"not_picked":["Spot Weakness+1","Pommel Strike+1","Iron Wave","Juggernaut+1","Wild Strike"],"picked":"SKIP","floor":36},{"not_picked":["testmod-WeaknessCounterattack","Bandage Up","Magnetism+1","testmod-AssimilatedRune"],"picked":"Apotheosis","floor":38},{"not_picked":["Armaments","Pommel Strike","Wild Strike","Twin Strike"],"picked":"Berserk+1","floor":40},{"not_picked":["Cleave+1","Hemokinesis","Dark Embrace+1","Clash","Uppercut+1"],"picked":"SKIP","floor":42},{"not_picked":["Heavy Blade+1","Sword Boomerang","Body Slam+1","Burning Pact"],"picked":"Evolve+1","floor":44},{"not_picked":["Entrench+1","MostiFishMod:OrdinaryWorld","Carnage+1","Havoc","Inflame+1"],"picked":"SKIP","floor":46},{"not_picked":["Clothesline","Cleave","Clash","Second Wind","Sword Boomerang"],"picked":"SKIP","floor":48},{"not_picked":["Spot Weakness","Perfected Strike","Anger","Flex","MostiFishMod:BrandingRite"],"picked":"SKIP","floor":55}],"player_experience":56779,"relics_obtained":[{"floor":1.0,"key":"Question Card"},{"floor":6.0,"key":"MawBank"},{"floor":9.0,"key":"HornCleat"},{"floor":11.0,"key":"Question Card"},{"floor":13.0,"key":"Self Forming Clay"},{"floor":16.0,"key":"ImportantClient"},{"floor":23.0,"key":"CombinedTypeHook"},{"floor":25.0,"key":"DaCapo"},{"floor":26.0,"key":"Kunai"},{"floor":28.0,"key":"testmod-Justice"},{"floor":40,"key":"testmod-TurbochargingSystem"},{"floor":44,"key":"Pear"},{"floor":46,"key":"Lantern"},{"floor":47,"key":"testmod-CasingShield"},{"floor":55,"key":"War Paint"}],"event_choices":[{"cards_removed":["Strike_R"],"damage_healed":0.0,"max_hp_gain":0.0,"max_hp_loss":0.0,"gold_gain":0.0,"event_name":"The Cleric","player_choice":"Card Removal","floor":7.0,"gold_loss":75.0,"damage_taken":0.0},{"cards_removed":["Strike_R"],"damage_healed":0.0,"max_hp_gain":0.0,"max_hp_loss":0.0,"gold_gain":0.0,"event_name":"Bonfire Elementals","player_choice":"Offered Basic","floor":14.0,"gold_loss":0.0,"damage_taken":0.0},{"cards_removed":["Armaments"],"damage_healed":0.0,"max_hp_gain":0.0,"max_hp_loss":0.0,"gold_gain":0.0,"event_name":"WeMeetAgain","player_choice":"Gave Card","floor":19.0,"gold_loss":0.0,"damage_taken":0.0,"relics_obtained":["Regal Pillow"]},{"damage_healed":0,"gold_gain":400,"player_choice":"Sell","damage_taken":0,"max_hp_gain":0,"max_hp_loss":0,"event_name":"恩洛斯的盘子","floor":37,"relics_lost":["DaveBox"],"gold_loss":0},{"damage_healed":0,"gold_gain":0,"player_choice":"Memory 2","damage_taken":5,"max_hp_gain":0,"max_hp_loss":0,"event_name":"SensoryStone","floor":38,"gold_loss":0},{"damage_healed":0,"gold_gain":0,"player_choice":"Fight","damage_taken":0,"max_hp_gain":0,"max_hp_loss":0,"event_name":"MindBloom","floor":47,"gold_loss":0}],"is_beta":false,"boss_relics":[{"not_picked":["EE1DDrone","testmod-KeyOfTheVoid"],"picked":"FeatherPendant"},{"not_picked":["Calling Bell","HereWithMe"],"picked":"RhineSuit"}],"items_purged_floors":[30,39,54],"is_endless":false,"potions_floor_spawned":[3,5,11,13,16,20,23,24,31,42,44,47,48,55],"ascension_level":20}}