{"host":"i41n6wh529970c2c","time":1608054182,"event":{"mods":["Act Like it!","BaseMod","BetterRewards","Friendly Minions","Gold Saver","Hermit","Minty Spire (QoL Compilation)","Replay The Spire","Shop Mod","StSLib"],"gold_per_floor":[113,63,79,79,79,79,119,176,203,76,76,76],"floor_reached":11,"playtime":359,"items_purged":["Strike_B"],"score":76,"play_id":"0f11e522-33c0-480f-a1f7-b40258befe13","local_time":"20201215124302","is_ascension_mode":true,"campfire_choices":[{"floor":6,"key":"REST"}],"circlet_count":0,"master_deck":["Strike_B","Strike_B","Strike_B","Defend_B","Defend_B","Defend_B","Zap","Dualcast","All For One","Sweeping Beam","Hologram","Injury","Gash","Conserve Battery","Self Repair"],"relics":["Cracked Core","Ice Cream","Bronze Scales","Girya","Regal Pillow","Golden Idol","Smiling Mask","ReplayTheSpireMod:Lightbulb"],"acts_visited":["Exordium"],"potions_floor_usage":[11],"damage_taken":[{"damage":1,"enemies":"Cultist","floor":1,"turns":3},{"damage":3,"enemies":"Small Slimes","floor":3,"turns":3},{"damage":46,"enemies":"Gremlin Nob","floor":7,"turns":5},{"damage":15,"enemies":"3 Sentries","floor":11,"turns":2}],"seed_played":"9130489377106047247","potions_obtained":[{"floor":1,"key":"Elixir"}],"is_trial":false,"path_per_floor":["M","?","M","?","?","R","E","?","T","$","E"],"character_chosen":"DEFECT","items_purchased":["Ice Cream","Bronze Scales","All For One","Conserve Battery","Self Repair"],"campfire_rested":1,"item_purchase_floors":[0,0,0,10,10],"current_hp_per_floor":[39,39,36,24,24,61,15,15,15,15,0,0],"gold":76,"neow_bonus":"","is_daily":false,"chose_seed":false,"campfire_upgraded":0,"win_rate":0.0,"timestamp":1608054182,"path_taken":["M","?","M","?","?","R","E","?","T","$","E"],"items_purchased_type":["Relic","Relic","Card","Card","Card"],"build_version":"2020-12-13","purchased_purges":1,"victory":false,"max_hp_per_floor":[75,75,75,75,75,75,75,75,75,75,75,75],"card_choices":[{"not_picked":["Blizzard","Panic Button"],"picked":"Sweeping Beam","floor":1},{"not_picked":["Steam","Glacier"],"picked":"Hologram","floor":3},{"not_picked":["Compile Driver","Conserve Battery"],"picked":"Gash","floor":7}],"player_experience":753625,"relics_obtained":[{"floor":7,"key":"Smiling Mask"},{"floor":9,"key":"ReplayTheSpireMod:Lightbulb"}],"event_choices":[{"cards_removed":["Defend_B"],"damage_healed":0,"gold_gain":0,"player_choice":"Card Removal","damage_taken":0,"max_hp_gain":0,"max_hp_loss":0,"event_name":"The Cleric","floor":2,"gold_loss":50},{"damage_healed":0,"gold_gain":0,"player_choice":"Success","damage_taken":12,"relics_obtained":["Regal Pillow"],"max_hp_gain":0,"max_hp_loss":0,"event_name":"Scrap Ooze","floor":4,"gold_loss":0},{"damage_healed":0,"gold_gain":0,"player_choice":"Take Wound","damage_taken":0,"relics_obtained":["Golden Idol"],"max_hp_gain":0,"max_hp_loss":0,"event_name":"Golden Idol","floor":5,"gold_loss":0,"cards_obtained":["Injury"]},{"damage_healed":0,"gold_gain":57,"player_choice":"Gained Gold","damage_taken":0,"max_hp_gain":0,"max_hp_loss":0,"event_name":"Golden Wing","floor":8,"gold_loss":0}],"is_beta":false,"boss_relics":[],"items_purged_floors":[0],"is_endless":false,"potions_floor_spawned":[1],"killed_by":"3 Sentries","ascension_level":2}}