{"host":"dntw6kil9p09eemm","time":1608074560,"event":{"mods":["Aspiration","BaseMod","Become a monster €›?Œ÷","Colored Powertips","Downfall","Hermit","Hubris","Keyboard Shortcuts","Minty Spire (QoL Compilation)","Shop Mod","StSLib","The Runesmith","Waifu the Spire"],"gold_per_floor":[212,222,68,68,93,137,152,234,288,288,288,288],"floor_reached":11,"playtime":1572,"items_purged":[],"score":73,"play_id":"088dc72f-c8a2-42b3-9c9c-36a6d0f2c006","local_time":"20201216082240","is_ascension_mode":false,"campfire_choices":[],"circlet_count":0,"master_deck":["hexamod:Strike","hexamod:Strike","hexamod:Strike","hexamod:Strike","hexamod:Defend","hexamod:Defend","hexamod:Defend","hexamod:Defend","hexamod:Sear","hexamod:Float","hexamod:FastForward","hexamod:ExtraCrispy","hexamod:BurningTouch","hexamod:Firestarter","hexamod:EmpoweredFlame"],"relics":["hexamod:SpiritBrand","MerchantsRug","Golden Idol","Mango","Shuriken","PreservedInsect"],"acts_visited":["Exordium"],"potions_floor_usage":[],"damage_taken":[{"damage":0,"enemies":"Cultist","floor":1,"turns":3},{"damage":0,"enemies":"Jaw Worm","floor":2,"turns":3},{"damage":0,"enemies":"Small Slimes","floor":5,"turns":3},{"damage":50,"enemies":"Gremlin Nob","floor":6,"turns":6},{"damage":1,"enemies":"Blue Slaver","floor":7,"turns":3},{"damage":29,"enemies":"3 Sentries","floor":11,"turns":4}],"seed_played":"257673293893715800","potions_obtained":[{"floor":5,"key":"SmokeBomb"},{"floor":6,"key":"LiquidMemories"}],"is_trial":false,"path_per_floor":["M","M","$","?","M","E","M","T","T","?","E"],"character_chosen":"THE_SPIRIT","items_purchased":["MerchantsRug"],"campfire_rested":0,"item_purchase_floors":[3],"current_hp_per_floor":[70,70,70,65,65,29,28,28,28,28,0,0],"gold":288,"neow_bonus":"HUNDRED_GOLD","is_daily":false,"chose_seed":false,"campfire_upgraded":0,"win_rate":0.0,"timestamp":1608074560,"path_taken":["M","M","$","?","M","E","M","?","T","?","E"],"items_purchased_type":["Relic"],"build_version":"2020-12-13","purchased_purges":0,"victory":false,"max_hp_per_floor":[70,70,70,65,65,79,79,79,79,79,79,79],"card_choices":[{"not_picked":["hexamod:HauntingEcho","hexamod:HeatCrush"],"picked":"hexamod:FastForward","floor":1},{"not_picked":["hexamod:GhostShield","hexamod:RainOfEmbers"],"picked":"hexamod:ExtraCrispy","floor":2},{"not_picked":["hexamod:HauntingEcho","hexamod:PhantomCloak"],"picked":"hexamod:BurningTouch","floor":5},{"not_picked":["hexamod:ShieldOfDarkness","hexamod:SuperheatedStrike","hexamod:EmpoweringStance"],"picked":"SKIP","floor":6},{"not_picked":["hexamod:NightmareGuise","hexamod:GhostShield"],"picked":"hexamod:Firestarter","floor":7}],"player_experience":364672,"relics_obtained":[{"floor":6,"key":"Mango"},{"floor":8,"key":"Shuriken"},{"floor":9,"key":"PreservedInsect"}],"event_choices":[{"damage_healed":0,"gold_gain":0,"player_choice":"Lose Max HP","damage_taken":0,"relics_obtained":["Golden Idol"],"max_hp_gain":0,"max_hp_loss":5,"event_name":"Golden Idol","floor":4,"gold_loss":0}],"is_beta":false,"boss_relics":[],"items_purged_floors":[],"is_endless":false,"potions_floor_spawned":[5,6],"killed_by":"3 Sentries","ascension_level":0}}