{"host":"2461dio7vetlq1z3","time":1608060132,"event":{"mods":["2.2 Compatiblity","AchievementEnabler","BaseMod","Downfall","Hermit","Lobotomy","Marisa????????","Minty Spire (QoL Compilation)","Relic Stats","Spicy Shops","StSLib","Waifu the Spire"],"gold_per_floor":[112,123,123,123,123,137,209,242,252,252,277,277,291,316,316,420,420,437,456,456,456,466,480,504,173,173,173,173,204,204,230,230,335,335,345,358,370,381,381,391,391,391,401,413,448,461,128,128,128,128],"floor_reached":51,"playtime":6321,"items_purged":["Slimebound:Strike_Slimebound"],"score":867,"play_id":"63cc689b-a0dc-4691-841b-f7ad1450460e","local_time":"20201215202212","is_ascension_mode":true,"campfire_choices":[{"data":"Slimebound:Grow","floor":5,"key":"SMITH"},{"data":"Slimebound:DisruptingSlam","floor":12,"key":"SMITH"},{"data":"Slimebound:FlameTackle","floor":15,"key":"SMITH"},{"data":"Slimebound:Chomp","floor":26,"key":"SMITH"},{"data":"Slimebound:MassFeed","floor":28,"key":"SMITH"},{"data":"Slimebound:Grow","floor":30,"key":"SMITH"},{"data":"Slimebound:OozeBath","floor":32,"key":"SMITH"},{"floor":39,"key":"RECALL"},{"data":"Slimebound:DuplicatedForm","floor":49,"key":"SMITH"}],"circlet_count":0,"master_deck":["Slimebound:Tackle","Slimebound:Defend_Slimebound","Slimebound:Defend_Slimebound","Slimebound:Defend_Slimebound","Slimebound:Defend_Slimebound","Slimebound:CorrosiveSpit","Slimebound:Equalize","Slimebound:Grow+1","Slimebound:DisruptingSlam+1","Slimebound:Nibble","Slimebound:OozeBath+1","Slimebound:FlameTackle+1","Slimebound:GrowthPunch+1","Slimebound:GrowthPunch+1","Slimebound:TongueLash","Slimebound:Chomp+1","Slimebound:GrowthPunch","Slimebound:Replication","Slimebound:MassFeed+1","Slimebound:Grow+1","Slimebound:GrowthPunch+1","Slimebound:PrepareCrush+1","Slimebound:SpikyOuterGoop","Slimebound:DuplicatedForm+1","Slimebound:Replication+1"],"relics":["Slimebound:AbsorbEndCombat","Potion Belt","The Courier","Centennial Puzzle","Anchor","Prayer Wheel","Coffee Dripper","Nilry\u0027s Codex","Toxic Egg 2","Mummified Hand","Pocketwatch","Empty Cage","Singing Bowl","Pen Nib"],"acts_visited":["Exordium","TheCity","TheBeyond"],"potions_floor_usage":[25,31,36,37,37,40,44,45,45],"damage_taken":[{"damage":5,"enemies":"2 Louse","floor":1,"turns":3},{"damage":6,"enemies":"Jaw Worm","floor":2,"turns":5},{"damage":14,"enemies":"Small Slimes","floor":6,"turns":3},{"damage":30,"enemies":"Gremlin Nob","floor":8,"turns":4},{"damage":15,"enemies":"Exordium Wildlife","floor":9,"turns":4},{"damage":13,"enemies":"3 Sentries","floor":11,"turns":5},{"damage":4,"enemies":"2 Fungi Beasts","floor":13,"turns":3},{"damage":7,"enemies":"Lagavulin","floor":14,"turns":7},{"damage":51,"enemies":"downfall:Ironclad","floor":16,"turns":9},{"damage":24,"enemies":"Spheric Guardian","floor":18,"turns":5},{"damage":12,"enemies":"Centurion and Healer","floor":19,"turns":5},{"damage":21,"enemies":"Sentry and Sphere","floor":22,"turns":5},{"damage":9,"enemies":"Snake Plant","floor":23,"turns":4},{"damage":4,"enemies":"downfall:FleeingMerchant","floor":25,"turns":4},{"damage":24,"enemies":"Book of Stabbing","floor":29,"turns":6},{"damage":49,"enemies":"Slavers","floor":31,"turns":8},{"damage":22,"enemies":"downfall:Defect","floor":33,"turns":8},{"damage":3,"enemies":"Orb Walker","floor":35,"turns":3},{"damage":10,"enemies":"3 Shapes","floor":36,"turns":5},{"damage":26,"enemies":"3 Darklings","floor":37,"turns":6},{"damage":14,"enemies":"Writhing Mass","floor":38,"turns":7},{"damage":58,"enemies":"Transient","floor":40,"turns":5},{"damage":24,"enemies":"Maw","floor":43,"turns":8},{"damage":19,"enemies":"Spire Growth","floor":44,"turns":5},{"damage":25,"enemies":"Giant Head","floor":45,"turns":8},{"damage":42,"enemies":"Writhing Mass","floor":46,"turns":7},{"damage":30,"enemies":"Writhing Mass","floor":48,"turns":4},{"damage":41,"enemies":"downfall:Watcher","floor":50,"turns":6}],"seed_played":"5345583653059869075","potions_obtained":[{"floor":6,"key":"DistilledChaos"},{"floor":11,"key":"Weak Potion"},{"floor":13,"key":"FearPotion"},{"floor":16,"key":"PowerPotion"},{"floor":19,"key":"ColorlessPotion"},{"floor":29,"key":"SkillPotion"},{"floor":31,"key":"SteroidPotion"},{"floor":40,"key":"SkillPotion"},{"floor":43,"key":"Weak Potion"},{"floor":44,"key":"ColorlessPotion"}],"is_trial":false,"path_per_floor":["M","M","?","?","R","M","T","E","M","?","E","R","M","E","R","B",null,"M","M","?","?","M","M","T","$","R","?","R","E","R","E","R","B",null,"M","M","M","M","R","M","T","?","M","M","E","M","?","?","R","B",null],"character_chosen":"SLIMEBOUND","items_purchased":["Slimebound:Grow","Toxic Egg 2"],"campfire_rested":0,"item_purchase_floors":[25,25],"current_hp_per_floor":[65,66,66,66,66,66,66,45,42,64,63,63,66,66,66,41,66,50,66,66,50,51,52,52,66,66,66,66,56,56,41,41,55,78,78,82,70,66,66,24,24,24,32,27,47,61,117,106,106,116],"gold":128,"neow_bonus":"TEN_PERCENT_HP_BONUS","is_daily":false,"chose_seed":false,"campfire_upgraded":8,"win_rate":0.0,"timestamp":1608060132,"path_taken":["M","M","?","?","R","M","T","E","M","?","E","R","M","E","R","BOSS","M","M","?","?","?","M","T","$","R","?","R","E","R","E","R","BOSS","M","M","M","M","R","M","T","?","M","M","E","M","?","?","R","BOSS"],"items_purchased_type":["Card","Relic"],"build_version":"2020-12-13","purchased_purges":1,"victory":true,"max_hp_per_floor":[66,66,66,66,66,66,66,66,66,66,66,66,66,66,66,66,66,66,66,66,66,66,66,66,66,66,66,66,66,66,74,74,78,78,78,86,86,86,86,86,86,86,94,96,96,104,117,119,119,123],"relic_stats":{"Centennial Puzzle":[72],"Singing Bowl":12,"counters":[28,151],"Mummified Hand":[52],"Prayer Wheel":12,"Pen Nib":[4],"obtain_stats":[{"Potion Belt":3,"Singing Bowl":41,"Nilry\u0027s Codex":21,"The Courier":7,"Pen Nib":45,"Empty Cage":34,"Centennial Puzzle":8,"Anchor":11,"Mummified Hand":29,"Prayer Wheel":14,"Slimebound:AbsorbEndCombat":0,"Coffee Dripper":17,"Toxic Egg 2":25,"Pocketwatch":31},{"Potion Belt":2,"Singing Bowl":22,"Nilry\u0027s Codex":11,"The Courier":3,"Pen Nib":25,"Empty Cage":17,"Centennial Puzzle":4,"Anchor":6,"Mummified Hand":15,"Prayer Wheel":8,"Slimebound:AbsorbEndCombat":0,"Coffee Dripper":9,"Toxic Egg 2":14,"Pocketwatch":16},{"Potion Belt":7,"Singing Bowl":113,"Nilry\u0027s Codex":52,"The Courier":10,"Pen Nib":134,"Empty Cage":87,"Centennial Puzzle":14,"Anchor":23,"Mummified Hand":71,"Prayer Wheel":33,"Slimebound:AbsorbEndCombat":0,"Coffee Dripper":42,"Toxic Egg 2":65,"Pocketwatch":79}],"Pocketwatch":[59]},"card_choices":[{"not_picked":["Slimebound:GoopSpray","Slimebound:SamplingLick"],"picked":"Slimebound:Equalize","floor":1},{"not_picked":["Slimebound:SplitBruiser","Slimebound:AcidTongue"],"picked":"Slimebound:Grow","floor":2},{"not_picked":["Slimebound:LeechLife","Slimebound:FinishingTackle"],"picked":"Slimebound:DisruptingSlam","floor":6},{"not_picked":["Slimebound:FormOfPuddle","Slimebound:PressTheAttack"],"picked":"Slimebound:Schlurp","floor":8},{"not_picked":["Slimebound:ViciousTackle","Slimebound:FinishingTackle"],"picked":"Slimebound:Nibble","floor":9},{"not_picked":["Slimebound:DisruptingSlam","Slimebound:LeechEnergy"],"picked":"Slimebound:OozeBath","floor":11},{"not_picked":["Slimebound:LeechEnergy","Slimebound:ViciousTackle","Slimebound:RainOfGoop"],"picked":"SKIP","floor":13},{"not_picked":["Slimebound:LeechingTouch","Slimebound:GoopSpray"],"picked":"Slimebound:FlameTackle","floor":14},{"not_picked":["Slimebound:SplitAcid","Slimebound:SlimeTap"],"picked":"Slimebound:GrowthPunch+1","floor":18},{"not_picked":["Slimebound:SplitMire","Slimebound:Gluttony"],"picked":"Slimebound:GrowthPunch+1","floor":18},{"not_picked":["Slimebound:RainOfGoop","Slimebound:LeechEnergy"],"picked":"Slimebound:TongueLash","floor":19},{"not_picked":["Slimebound:GoopSpray","Slimebound:PressTheAttack","Slimebound:GrowthPunch"],"picked":"SKIP","floor":19},{"not_picked":["Slimebound:FinishingTackle","Slimebound:SplitAcid+1"],"picked":"Slimebound:GrowthPunch","floor":22},{"not_picked":["Slimebound:SplitAcid","Slimebound:Equalize","Slimebound:LeechingTouch+1"],"picked":"SKIP","floor":22},{"not_picked":["Slimebound:RejuvenatingLick","Slimebound:HungryTackle"],"picked":"Slimebound:Replication","floor":23},{"not_picked":["Slimebound:SplitMire","Slimebound:LeechingTouch","Slimebound:SplitAcid+1"],"picked":"SKIP","floor":23},{"not_picked":["Slimebound:Schlurp+1","Slimebound:Equalize+1"],"picked":"Slimebound:MassFeed","floor":25},{"not_picked":["Slimebound:LeechEnergy+1","Slimebound:SplitAcid+1","Slimebound:GoopSpray+1"],"picked":"SKIP","floor":29},{"not_picked":["Slimebound:LeadByExample","Slimebound:LeechEnergy+1","Slimebound:SplitAcid+1"],"picked":"SKIP","floor":31},{"not_picked":["Slimebound:SpikyOuterGoop","Slimebound:ComboTackle"],"picked":"Slimebound:GrowthPunch+1","floor":35},{"not_picked":["Slimebound:LeechEnergy+1","Slimebound:Equalize+1","Slimebound:GoopSpray+1"],"picked":"SKIP","floor":35},{"not_picked":["Slimebound:SlimeTap+1","Slimebound:TongueLash+1"],"picked":"Slimebound:PrepareCrush+1","floor":36},{"not_picked":["Slimebound:LeadByExample+1","Slimebound:FinishingTackle+1","Slimebound:ViciousTackle"],"picked":"SKIP","floor":36},{"not_picked":["Slimebound:PressTheAttack","Slimebound:Repurpose+1","Slimebound:ViciousTackle"],"picked":"SKIP","floor":37},{"not_picked":["Slimebound:PressTheAttack+1","Slimebound:LeechingTouch","Slimebound:SplitBruiser+1"],"picked":"SKIP","floor":37},{"not_picked":["Slimebound:LeechEnergy","Slimebound:Dissolve+1","Slimebound:SplitLeeching+1"],"picked":"SKIP","floor":38},{"not_picked":["Slimebound:LeadByExample+1","Slimebound:FirmFortitude","Slimebound:Recycling"],"picked":"SKIP","floor":38},{"not_picked":["Slimebound:GoopSpray+1","Slimebound:Gluttony+1"],"picked":"Slimebound:SpikyOuterGoop","floor":40},{"not_picked":["Slimebound:Recollect+1","Slimebound:Nibble+1","Slimebound:ComboTackle"],"picked":"SKIP","floor":40},{"not_picked":["Slimebound:SplitMire+1","Slimebound:FirmFortitude+1","Slimebound:LeechingTouch"],"picked":"Singing Bowl","floor":43},{"not_picked":["Slimebound:GrowthPunch","Slimebound:MegaLick+1","Slimebound:SlimeBarrage+1"],"picked":"Singing Bowl","floor":43},{"not_picked":["Slimebound:SlimeBrawl+1","Slimebound:SlimeBarrage+1","Slimebound:SplitMire+1"],"picked":"Singing Bowl","floor":44},{"not_picked":["Slimebound:FlameTackle+1","Slimebound:SlimeBrawl+1"],"picked":"Slimebound:DuplicatedForm","floor":44},{"not_picked":["Slimebound:LeechEnergy","Slimebound:ForwardTackle+1"],"picked":"Slimebound:Replication+1","floor":45},{"not_picked":["Slimebound:Repurpose+1","Slimebound:SlimeSpikes+1","Slimebound:ComboTackle+1"],"picked":"Singing Bowl","floor":46},{"not_picked":["Slimebound:SlimeBrawl+1","Slimebound:RollThrough+1","Slimebound:SamplingLick+1"],"picked":"Singing Bowl","floor":46},{"not_picked":["Slimebound:RollThrough","Slimebound:SamplingLick+1","Slimebound:HauntingLick+1"],"picked":"Singing Bowl","floor":48}],"player_experience":847028,"relics_obtained":[{"floor":7,"key":"The Courier"},{"floor":8,"key":"Centennial Puzzle"},{"floor":11,"key":"Anchor"},{"floor":14,"key":"Prayer Wheel"},{"floor":21,"key":"Nilry\u0027s Codex"},{"floor":29,"key":"Mummified Hand"},{"floor":31,"key":"Pocketwatch"},{"floor":41,"key":"Singing Bowl"},{"floor":45,"key":"Pen Nib"}],"event_choices":[{"cards_removed":["Slimebound:Strike_Slimebound"],"damage_healed":0,"gold_gain":0,"player_choice":"Card Removal","damage_taken":0,"max_hp_gain":0,"max_hp_loss":0,"event_name":"The Cleric","floor":4,"gold_loss":0},{"damage_healed":22,"gold_gain":0,"player_choice":"Banana","damage_taken":0,"max_hp_gain":0,"max_hp_loss":0,"event_name":"Big Fish","floor":10,"gold_loss":0},{"damage_healed":0,"gold_gain":0,"player_choice":"Read","damage_taken":0,"max_hp_gain":0,"max_hp_loss":0,"event_name":"The Library","floor":20,"gold_loss":0,"cards_obtained":["Slimebound:Chomp"]},{"cards_removed":["Slimebound:Schlurp"],"damage_healed":0,"gold_gain":0,"player_choice":"Removed Skill","damage_taken":0,"max_hp_gain":0,"max_hp_loss":0,"event_name":"Falling","floor":42,"gold_loss":0}],"is_beta":false,"boss_relics":[{"not_picked":["Slimebound:AbsorbEndCombatUpgraded","Fusion Hammer"],"picked":"Coffee Dripper"},{"not_picked":["Pandora\u0027s Box","Tiny House"],"picked":"Empty Cage"}],"items_purged_floors":[25],"is_endless":false,"potions_floor_spawned":[6,11,13,16,19,29,31,33,40,43,44],"ascension_level":3}}