{"host":"Á¤±Û¸µ","time":1608014280,"event":{"mods":["AchievementEnabler","BaseMod","Colored Map","DeckTracker","Highlight Path","Keyboard Shortcuts","Minty Spire (QoL Compilation)","Permanent Neow","Quick Restart","Rare Cards Sparkle","StSLib","SuperFastMode","everything is the same but u backflip on backflip"],"gold_per_floor":[114,189,204,204,204,204,219,69,69,69,69,93,17,41,41,150,150,174,183,183,183,104,143,188,188,188,188,203,218,218,233,233,342,342,357,381,396,16,31,61,61,76,76,76,91,91,106,31,31,31],"floor_reached":51,"playtime":5774,"items_purged":[],"score":887,"play_id":"b09d7277-12a0-4422-84ef-89f90a36a216","local_time":"20201215153800","daily_mods":["Allstar","Hoarder","Night Terrors"],"is_ascension_mode":false,"campfire_choices":[{"data":"Zap","floor":6.0,"key":"SMITH"},{"data":"Dualcast","floor":11.0,"key":"SMITH"},{"data":"Impatience","floor":15.0,"key":"SMITH"},{"data":"Reboot","floor":27.0,"key":"SMITH"},{"data":"Reboot","floor":30.0,"key":"SMITH"},{"data":"Reboot","floor":32.0,"key":"SMITH"},{"data":"Ghostly","floor":41.0,"key":"SMITH"},{"data":"Impatience","floor":46.0,"key":"SMITH"},{"floor":49,"key":"REST"}],"circlet_count":0,"master_deck":["Strike_B","Strike_B","Strike_B","Strike_B","Defend_B","Defend_B","Defend_B","Defend_B","Zap+1","Dualcast+1","Discovery","Discovery","Discovery","Dramatic Entrance","Dramatic Entrance","Dramatic Entrance","Forethought","Jack Of All Trades","Jack Of All Trades","Jack Of All Trades","Forethought+1","Forethought","Forethought","Stack","Stack","Stack+1","Consume","Consume","Consume","Gash","Gash","Gash","Gash","Gash","Gash","Impatience+1","Impatience+1","Impatience","Compile Driver","Compile Driver","Compile Driver","Reboot+1","Reboot+1","Reboot+1","Barrage+1","Barrage+1","Barrage+1","Undo","Undo","Undo","Hologram","Hologram","Hologram","Compile Driver","Compile Driver","Compile Driver","Consume+1","Consume+1","Consume+1","Ghostly+1","Ghostly","Ghostly","Ghostly","Ghostly","Ghostly","Ghostly","Ghostly","Ghostly","Ghostly","Ghostly","Ghostly","Ghostly","Ghostly","Ghostly","Core Surge","Core Surge","Core Surge","Steam Power+1","Steam Power+1","Steam Power+1","Sweeping Beam","Sweeping Beam","Sweeping Beam","Sweeping Beam","Sweeping Beam","Sweeping Beam","Coolheaded+1","Coolheaded+1","Coolheaded+1","Defragment","Defragment","Defragment"],"relics":["Cracked Core","CeramicFish","Shuriken","Inserter","The Courier","Singing Bowl","Busted Crown","Lantern","Bottled Lightning","Toxic Egg 2","Bottled Flame"],"acts_visited":["Exordium","TheCity","TheBeyond"],"potions_floor_usage":[47,50,50],"damage_taken":[{"damage":0.0,"enemies":"Small Slimes","floor":1.0,"turns":1.0},{"damage":11.0,"enemies":"Jaw Worm","floor":3.0,"turns":2.0},{"damage":0.0,"enemies":"2 Louse","floor":7.0,"turns":1.0},{"damage":4.0,"enemies":"Large Slime","floor":12.0,"turns":5.0},{"damage":0.0,"enemies":"2 Fungi Beasts","floor":14.0,"turns":1.0},{"damage":30.0,"enemies":"Hexaghost","floor":16.0,"turns":6.0},{"damage":25.0,"enemies":"Shell Parasite","floor":18.0,"turns":3.0},{"damage":24.0,"enemies":"Book of Stabbing","floor":23.0,"turns":4.0},{"damage":0.0,"enemies":"Spheric Guardian","floor":28.0,"turns":3.0},{"damage":10.0,"enemies":"Chosen and Byrds","floor":29.0,"turns":4.0},{"damage":3.0,"enemies":"Snecko","floor":31.0,"turns":7.0},{"damage":4.0,"enemies":"Champ","floor":33.0,"turns":11.0},{"damage":7.0,"enemies":"3 Darklings","floor":35.0,"turns":6.0},{"damage":5.0,"enemies":"3 Shapes","floor":36.0,"turns":3.0},{"damage":3.0,"enemies":"Jaw Worm Horde","floor":37.0,"turns":4.0},{"damage":0.0,"enemies":"3 Darklings","floor":39.0,"turns":1.0},{"damage":1.0,"enemies":"Reptomancer","floor":40.0,"turns":5.0},{"damage":8.0,"enemies":"4 Shapes","floor":42.0,"turns":3.0},{"damage":0.0,"enemies":"Transient","floor":45.0,"turns":5.0},{"damage":7,"enemies":"Writhing Mass","floor":47,"turns":10},{"damage":0,"enemies":"Awakened One","floor":50,"turns":11}],"seed_played":"8833210206598683822","potions_obtained":[{"floor":3.0,"key":"SpeedPotion"},{"floor":16.0,"key":"Swift Potion"},{"floor":23.0,"key":"SmokeBomb"},{"floor":33.0,"key":"Swift Potion"},{"floor":37.0,"key":"Block Potion"},{"floor":39.0,"key":"LiquidBronze"}],"is_trial":false,"path_per_floor":["M","?","M","?","?","R","M","$","T","?","R","M","$","M","R","B",null,"M","?","?","?","$","E","?","?","T","R","M","M","R","M","R","B",null,"M","M","M","$","M","E","R","M","T","?","M","R","M","$","R","B",null],"character_chosen":"DEFECT","items_purchased":["CeramicFish","Impatience","Hologram","Compile Driver","Sweeping Beam","Lantern","Bottled Lightning","Sweeping Beam","Coolheaded+1","Defragment"],"campfire_rested":1,"item_purchase_floors":[8,13,22,22,38,38,38,38,48,48],"current_hp_per_floor":[75,64,53,53,38,38,38,38,38,38,38,34,34,34,34,4,75,50,50,50,50,50,26,26,37,37,37,39,31,31,30,30,26,43,38,33,32,32,34,35,35,29,29,29,31,31,26,26,52,52],"gold":31,"neow_bonus":"","is_daily":true,"chose_seed":false,"campfire_upgraded":8,"win_rate":0.0,"timestamp":1608014280,"path_taken":["M","?","M","?","?","R","M","$","T","?","R","M","$","M","R","BOSS","M","?","?","?","$","E","?","?","T","R","M","?","R","M","R","BOSS","M","M","M","$","M","E","R","M","T","?","M","R","M","$","R","BOSS"],"items_purchased_type":["Relic","Card","Card","Card","Card","Relic","Relic","Card","Card","Card"],"build_version":"2020-12-07","purchased_purges":0,"victory":true,"max_hp_per_floor":[75,75,75,75,75,75,75,75,75,75,75,75,75,75,75,75,75,75,75,75,75,75,75,37,37,37,37,39,41,41,43,43,43,43,45,45,47,47,49,51,51,53,53,53,55,55,57,57,52,52],"card_choices":[{"not_picked":["Reinforced Body","Cold Snap"],"picked":"Stack","floor":1.0},{"not_picked":["Leap","Redo"],"picked":"Consume","floor":3.0},{"not_picked":["Rebound","Chill"],"picked":"Gash","floor":7.0},{"not_picked":["Barrage","Tempest"],"picked":"Gash","floor":12.0},{"not_picked":["Cold Snap","Genetic Algorithm"],"picked":"Compile Driver","floor":14.0},{"not_picked":["Amplify","Creative AI"],"picked":"Reboot","floor":16.0},{"not_picked":["Chaos","Capacitor+1"],"picked":"Barrage+1","floor":18.0},{"not_picked":["Force Field","Compile Driver"],"picked":"Consume+1","floor":23.0},{"not_picked":["Go for the Eyes","Rebound+1","Glacier"],"picked":"Singing Bowl","floor":28.0},{"not_picked":["Ball Lightning","Genetic Algorithm+1","Compile Driver"],"picked":"Singing Bowl","floor":29.0},{"not_picked":["Steam+1","Redo","Streamline"],"picked":"Singing Bowl","floor":31.0},{"not_picked":["Multi-Cast","Fission"],"picked":"Core Surge","floor":33.0},{"not_picked":["Streamline"],"picked":"Singing Bowl","floor":35.0},{"not_picked":[],"picked":"Steam Power+1","floor":36.0},{"not_picked":["Ball Lightning"],"picked":"Singing Bowl","floor":37.0},{"not_picked":["Self Repair+1"],"picked":"Singing Bowl","floor":39.0},{"not_picked":["Rebound+1"],"picked":"Singing Bowl","floor":40.0},{"not_picked":["Go for the Eyes+1"],"picked":"Singing Bowl","floor":42.0},{"not_picked":["Consume+1"],"picked":"Singing Bowl","floor":45.0},{"not_picked":["Compile Driver"],"picked":"Singing Bowl","floor":47}],"player_experience":470902,"relics_obtained":[{"floor":9.0,"key":"Shuriken"},{"floor":23.0,"key":"The Courier"},{"floor":26.0,"key":"Singing Bowl"},{"floor":40.0,"key":"Toxic Egg 2"},{"floor":43.0,"key":"Bottled Flame"}],"event_choices":[{"damage_healed":0.0,"max_hp_gain":0.0,"max_hp_loss":0.0,"gold_gain":75.0,"event_name":"World of Goop","player_choice":"Gather Gold","floor":2.0,"gold_loss":0.0,"damage_taken":11.0},{"damage_healed":0.0,"max_hp_gain":0.0,"max_hp_loss":0.0,"gold_gain":0.0,"event_name":"Liars Game","player_choice":"Ignored","floor":4.0,"gold_loss":0.0,"damage_taken":0.0},{"damage_healed":0.0,"max_hp_gain":0.0,"max_hp_loss":0.0,"gold_gain":0.0,"event_name":"Shining Light","player_choice":"Entered Light","floor":5.0,"gold_loss":0.0,"damage_taken":15.0,"cards_upgraded":["Forethought","Stack"]},{"cards_removed":["Forethought"],"damage_healed":0.0,"max_hp_gain":0.0,"max_hp_loss":0.0,"gold_gain":0.0,"event_name":"Living Wall","player_choice":"Forget","floor":10.0,"gold_loss":0.0,"damage_taken":0.0},{"damage_healed":0.0,"max_hp_gain":0.0,"max_hp_loss":0.0,"gold_gain":0.0,"event_name":"The Library","player_choice":"Read","floor":19.0,"gold_loss":0.0,"damage_taken":0.0,"cards_obtained":["Undo"]},{"damage_healed":0.0,"max_hp_gain":0.0,"max_hp_loss":0.0,"gold_gain":0.0,"event_name":"The Mausoleum","player_choice":"Ignored","floor":20.0,"gold_loss":0.0,"damage_taken":0.0},{"cards_removed":["Forethought"],"damage_healed":0.0,"max_hp_gain":0.0,"max_hp_loss":0.0,"gold_gain":0.0,"event_name":"Back to Basics","player_choice":"Elegance","floor":21.0,"gold_loss":0.0,"damage_taken":0.0},{"damage_healed":0.0,"max_hp_gain":0.0,"max_hp_loss":38.0,"gold_gain":0.0,"event_name":"Ghosts","player_choice":"Became a Ghost","floor":24.0,"gold_loss":0.0,"damage_taken":0.0,"cards_obtained":["Ghostly","Ghostly","Ghostly","Ghostly","Ghostly"]},{"damage_healed":11.0,"max_hp_gain":0.0,"max_hp_loss":0.0,"gold_gain":0.0,"event_name":"Wheel of Change","player_choice":"Full Heal","floor":25.0,"gold_loss":0.0,"damage_taken":0.0},{"damage_healed":0.0,"max_hp_gain":0.0,"max_hp_loss":0.0,"gold_gain":0.0,"event_name":"Tomb of Lord Red Mask","player_choice":"Ignored","floor":44.0,"gold_loss":0.0,"damage_taken":0.0}],"is_beta":true,"boss_relics":[{"not_picked":["Runic Dome","SlaversCollar"],"picked":"Inserter"},{"not_picked":["SacredBark","Philosopher\u0027s Stone"],"picked":"Busted Crown"}],"items_purged_floors":[],"is_endless":false,"potions_floor_spawned":[3,16,23,33,37,39,42,45],"ascension_level":0}}