{"host":"nsakvi1lye6fk9l5","time":1608062518,"event":{"mods":["AchievementEnabler","BaseMod","Colored Map","Colored Powertips","Highlight Path","Hubris","Infinite Spire","Minty Spire (QoL Compilation)","Quick Restart","Rare Cards Sparkle","Replay The Spire","Shop Mod","StSLib"],"gold_per_floor":[113,38,38,55,3,3,22,34,34,66,66,166,166,183,183,256,256,271,14,14,33,33,64,64,64,64],"floor_reached":25,"playtime":1839,"items_purged":[],"score":542,"play_id":"893e2207-be64-4975-8b72-7980477f6e9c","local_time":"20201215150158","is_ascension_mode":true,"campfire_choices":[{"data":"Warcry","floor":6.0,"key":"SMITH"},{"floor":13.0,"key":"REST"},{"floor":15.0,"key":"REST"},{"floor":24,"key":"REST"},{"data":"Barricade","floor":24,"key":"SMITH"}],"circlet_count":0,"master_deck":["AscendersBane","Strike_R+1","Strike_R+1","Strike_R+1","Strike_R+1","Strike_R+1","Defend_R+1","Defend_R+1","Defend_R+1","Defend_R+1","Bash","Warcry+1","Iron Wave","ReplayTheSpireMod:Muscle Training+1","Cleave","Pummel","Barricade+1","Shrug It Off","Juggernaut","Run Through","Metallicize"],"relics":["Philosopher\u0027s Stone","Replay:Bottled Steam","Pantograph","TungstenRod","SlaversCollar","infinitespire:WardingShard","infinitespire:Magic Flask","Replay:Accelerometer"],"acts_visited":["TheCity"],"potions_floor_usage":[23],"damage_taken":[{"damage":0.0,"enemies":"Small Slimes","floor":1.0,"turns":2.0},{"damage":6.0,"enemies":"Cultist","floor":4.0,"turns":4.0},{"damage":3.0,"enemies":"2 Louse","floor":7.0,"turns":3.0},{"damage":17.0,"enemies":"Lots of Slimes","floor":8.0,"turns":4.0},{"damage":28.0,"enemies":"3 Sentries","floor":10.0,"turns":7.0},{"damage":13.0,"enemies":"Exordium Thugs","floor":14.0,"turns":5.0},{"damage":57.0,"enemies":"Slime Boss","floor":16.0,"turns":13.0},{"damage":30.0,"enemies":"Chosen","floor":18.0,"turns":5.0},{"damage":7.0,"enemies":"3 Byrds","floor":21.0,"turns":4.0},{"damage":18,"enemies":"Gremlin Leader","floor":23,"turns":9},{"damage":27,"enemies":"Slavers","floor":25,"turns":2}],"seed_played":"8559029698754440641","potions_obtained":[{"floor":4.0,"key":"Fire Potion"},{"floor":7.0,"key":"Swift Potion"},{"floor":16.0,"key":"Fire Potion"},{"floor":21.0,"key":"SpeedPotion"}],"is_trial":false,"path_per_floor":["M","?","$","M","$","R","M","M","T","E","?","?","R","M","R","B",null,"M","$","?","M","T","E","R","E"],"character_chosen":"IRONCLAD","items_purchased":["ReplayTheSpireMod:Muscle Training+1","infinitespire:WardingShard"],"campfire_rested":3,"item_purchase_floors":[5,19],"current_hp_per_floor":[68,68,68,62,62,62,59,42,42,14,14,14,36,23,45,13,60,30,30,30,23,23,5,27,0,0],"gold":64,"neow_bonus":"BOSS_RELIC","is_daily":false,"chose_seed":false,"campfire_upgraded":2,"win_rate":0.0,"timestamp":1608062518,"path_taken":["M","?","$","?","$","R","M","M","T","E","?","?","R","M","R","BOSS","M","?","?","M","?","E","R","E"],"items_purchased_type":["Card","Relic"],"build_version":"2020-12-13","purchased_purges":0,"victory":false,"max_hp_per_floor":[75,75,75,75,75,75,75,75,75,75,75,75,75,75,75,75,75,75,75,75,75,75,75,75,75,75],"card_choices":[{"not_picked":["Cleave","Heavy Blade"],"picked":"Warcry","floor":1.0},{"not_picked":["Twin Strike","ReplayTheSpireMod:Strike From Hell"],"picked":"Iron Wave","floor":4.0},{"not_picked":["Defy Death","Disarm"],"picked":"Cleave","floor":7.0},{"not_picked":["hubris:SharpeningStone","Perfected Strike"],"picked":"Pummel","floor":8.0},{"not_picked":["hubris:ReadiedAction","Iron Wave"],"picked":"Barricade","floor":10.0},{"not_picked":["ReplayReversal","Disarm"],"picked":"Shrug It Off","floor":14.0},{"not_picked":["Offering","Feed"],"picked":"Juggernaut","floor":16.0},{"not_picked":["Clothesline","Sword Boomerang","Cleave"],"picked":"SKIP","floor":18.0},{"not_picked":["hubris:SharpeningStone","ReplayTheSpireMod:Limb From Limb"],"picked":"Run Through","floor":21.0},{"not_picked":["Reckless Charge","ReplayTheSpireMod:Stacked"],"picked":"Metallicize","floor":23}],"player_experience":563743,"relics_obtained":[{"floor":9.0,"key":"Pantograph"},{"floor":10.0,"key":"TungstenRod"},{"floor":22.0,"key":"infinitespire:Magic Flask"},{"floor":23,"key":"Replay:Accelerometer"}],"event_choices":[{"damage_healed":0.0,"max_hp_gain":0.0,"max_hp_loss":0.0,"gold_gain":0.0,"event_name":"WeMeetAgain","player_choice":"Paid Gold","floor":2.0,"gold_loss":75.0,"damage_taken":0.0,"relics_obtained":["Replay:Bottled Steam"]},{"damage_healed":0.0,"max_hp_gain":0.0,"max_hp_loss":0.0,"gold_gain":0.0,"event_name":"Scrap Ooze","player_choice":"Fled","floor":11.0,"gold_loss":0.0,"damage_taken":0.0},{"damage_healed":0.0,"max_hp_gain":0.0,"max_hp_loss":0.0,"gold_gain":100.0,"event_name":"Golden Shrine","player_choice":"Pray","floor":12.0,"gold_loss":0.0,"damage_taken":0.0},{"damage_healed":0.0,"max_hp_gain":0.0,"max_hp_loss":0.0,"gold_gain":0.0,"event_name":"Back to Basics","player_choice":"Simplicity","floor":20.0,"gold_loss":0.0,"damage_taken":0.0,"cards_upgraded":["Strike_R","Strike_R","Strike_R","Strike_R","Strike_R","Defend_R","Defend_R","Defend_R","Defend_R"]}],"is_beta":false,"boss_relics":[{"not_picked":["Mark of Pain","Runic Dome"],"picked":"SlaversCollar"}],"items_purged_floors":[],"is_endless":false,"potions_floor_spawned":[4,7,16,21],"killed_by":"Slavers","ascension_level":14}}