{"host":"ryuep8ewa00k39z9","time":1608072898,"event":{"mods":["AchievementEnabler","BaseMod","Best Route Mod","Colored Map","Colored Powertips","Displayed Cursed Tome","Highlight Path","Minty Spire (QoL Compilation)","Quick Restart","SuperFastMode"],"gold_per_floor":[112,112,122,134,144,172,172,191,243,276,276,276,286,298,298,375,375,375,295,295,220,220,220,220,220,220,89,89,89,89,89,89,89,89,89,89,89,89,89,89,89,89,89,89,89],"floor_reached":44,"playtime":13391,"items_purged":[],"score":999,"play_id":"8b5cab27-98d4-42df-8414-8d93f75fadf1","local_time":"20201215165458","is_ascension_mode":true,"campfire_choices":[{"floor":7.0,"key":"REST"},{"data":"Limit Break","floor":12.0,"key":"SMITH"},{"floor":15.0,"key":"REST"},{"floor":28.0,"key":"REST"},{"data":"Fire Breathing","floor":30.0,"key":"SMITH"},{"floor":32.0,"key":"REST"},{"data":"Limit Break","floor":40.0,"key":"SMITH"},{"floor":42,"key":"RECALL"}],"circlet_count":0,"master_deck":["AscendersBane","Defend_R+1","Defend_R+1","Bash+1","Wild Strike","Second Wind","Evolve","Power Through","Limit Break+1","Sentinel","Offering","Limit Break","Inflame","Body Slam+1","Impervious","Clothesline","Uppercut+1","Limit Break+1","Twin Strike","Fire Breathing+1","Twin Strike+1","Juggernaut","Parasite","Sever Soul","Writhe","Dark Embrace"],"relics":["Black Star","PreservedInsect","Blue Candle","Centennial Puzzle","Orichalcum","Pen Nib","Ectoplasm","Pantograph","CeramicFish","Red Skull","Charon\u0027s Ashes","WingedGreaves","War Paint","Empty Cage","Whetstone","Paper Frog"],"acts_visited":["Exordium","TheCity","TheBeyond"],"potions_floor_usage":[41],"damage_taken":[{"damage":11.0,"enemies":"Jaw Worm","floor":1.0,"turns":4.0},{"damage":1.0,"enemies":"Cultist","floor":3.0,"turns":3.0},{"damage":10.0,"enemies":"Small Slimes","floor":4.0,"turns":3.0},{"damage":9.0,"enemies":"Blue Slaver","floor":5.0,"turns":4.0},{"damage":34.0,"enemies":"Lagavulin","floor":6.0,"turns":10.0},{"damage":0.0,"enemies":"Exordium Wildlife","floor":8.0,"turns":3.0},{"damage":5.0,"enemies":"3 Sentries","floor":10.0,"turns":9.0},{"damage":1.0,"enemies":"3 Louse","floor":13.0,"turns":3.0},{"damage":9.0,"enemies":"Large Slime","floor":14.0,"turns":6.0},{"damage":20.0,"enemies":"Hexaghost","floor":16.0,"turns":10.0},{"damage":31.0,"enemies":"3 Byrds","floor":18.0,"turns":6.0},{"damage":14.0,"enemies":"2 Thieves","floor":19.0,"turns":4.0},{"damage":7.0,"enemies":"Gremlin Leader","floor":23.0,"turns":5.0},{"damage":1.0,"enemies":"Cultist and Chosen","floor":24.0,"turns":5.0},{"damage":6.0,"enemies":"Book of Stabbing","floor":25.0,"turns":5.0},{"damage":7.0,"enemies":"Sentry and Sphere","floor":29.0,"turns":2.0},{"damage":12.0,"enemies":"3 Cultists","floor":31.0,"turns":4.0},{"damage":37.0,"enemies":"Champ","floor":33.0,"turns":8.0},{"damage":0.0,"enemies":"3 Shapes","floor":35.0,"turns":1.0},{"damage":9.0,"enemies":"Orb Walker","floor":36.0,"turns":3.0},{"damage":16.0,"enemies":"Writhing Mass","floor":38.0,"turns":5.0},{"damage":20,"enemies":"Giant Head","floor":41,"turns":4},{"damage":35,"enemies":"Spire Growth","floor":44,"turns":3}],"seed_played":"8716731872003420442","potions_obtained":[{"floor":3.0,"key":"SmokeBomb"},{"floor":5.0,"key":"BloodPotion"},{"floor":10.0,"key":"DistilledChaos"},{"floor":13.0,"key":"Swift Potion"},{"floor":19.0,"key":"FearPotion"},{"floor":23.0,"key":"Regen Potion"},{"floor":24.0,"key":"EssenceOfSteel"},{"floor":29.0,"key":"HeartOfIron"},{"floor":36.0,"key":"SkillPotion"}],"is_trial":false,"path_per_floor":["M","?","M","M","M","E","R","M","T","E","?","R","M","M","R","B",null,"M","M","?","?","T","E","M","E","T","$","R","M","R","M","R","B",null,"M","M","?","M","?","R","E","R","T","M"],"character_chosen":"IRONCLAD","items_purchased":["Limit Break","Twin Strike"],"campfire_rested":4,"item_purchase_floors":[27,27],"current_hp_per_floor":[57,57,56,46,37,18,40,40,40,35,35,35,34,25,47,27,63,32,18,18,18,18,11,22,16,16,16,38,31,31,19,41,29,64,64,55,55,39,54,54,34,34,34,0,0],"gold":89,"neow_bonus":"BOSS_RELIC","is_daily":false,"chose_seed":false,"campfire_upgraded":3,"win_rate":0.0,"timestamp":1608072898,"path_taken":["M","?","M","?","M","E","R","M","T","E","?","R","M","M","R","BOSS","M","M","?","?","?","E","M","E","T","$","R","M","R","?","R","BOSS","M","M","?","M","?","R","E","R","T","?"],"items_purchased_type":["Card","Card"],"build_version":"2020-12-13","purchased_purges":0,"victory":false,"max_hp_per_floor":[75,75,75,75,75,75,75,75,75,75,75,75,75,75,75,75,75,75,75,75,75,75,75,75,75,75,75,75,75,75,75,75,75,75,75,75,75,75,75,75,75,75,75,75,75],"card_choices":[{"not_picked":["Headbutt","Thunderclap"],"picked":"Wild Strike","floor":1.0},{"not_picked":["Sword Boomerang","Spot Weakness"],"picked":"Second Wind","floor":3.0},{"not_picked":["True Grit","Cleave"],"picked":"Evolve","floor":4.0},{"not_picked":["Combust","Disarm"],"picked":"Power Through","floor":5.0},{"not_picked":["Sword Boomerang","Headbutt","Dark Embrace"],"picked":"SKIP","floor":6.0},{"not_picked":["Dual Wield","Thunderclap"],"picked":"Limit Break","floor":8.0},{"not_picked":["Clash","Clothesline"],"picked":"Body Slam","floor":10.0},{"not_picked":["Combust","Warcry"],"picked":"Sentinel","floor":13.0},{"not_picked":["Reckless Charge","Searing Blow"],"picked":"Offering","floor":14.0},{"not_picked":["Offering","Bludgeon"],"picked":"Limit Break","floor":16.0},{"not_picked":["Anger","Burning Pact+1"],"picked":"Inflame","floor":18.0},{"not_picked":["Wild Strike","Perfected Strike"],"picked":"Body Slam+1","floor":19.0},{"not_picked":["Brutality","Carnage","Thunderclap"],"picked":"SKIP","floor":23.0},{"not_picked":["Headbutt","Warcry","Inflame"],"picked":"SKIP","floor":24.0},{"not_picked":["Armaments","Iron Wave"],"picked":"Uppercut+1","floor":25.0},{"not_picked":["Rampage","Shrug It Off"],"picked":"Fire Breathing","floor":29.0},{"not_picked":["Cleave","Thunderclap"],"picked":"Twin Strike","floor":31.0},{"not_picked":["Brutality","Fiend Fire"],"picked":"Juggernaut","floor":33.0},{"not_picked":["Shrug It Off","Burning Pact","Combust+1"],"picked":"SKIP","floor":36.0},{"not_picked":["Intimidate","Armaments"],"picked":"Sever Soul","floor":38.0},{"not_picked":["Intimidate","Immolate"],"picked":"Dark Embrace","floor":41}],"player_experience":3168378,"relics_obtained":[{"floor":6.0,"key":"PreservedInsect"},{"floor":6.0,"key":"Blue Candle"},{"floor":9.0,"key":"Centennial Puzzle"},{"floor":10.0,"key":"Orichalcum"},{"floor":10.0,"key":"Pen Nib"},{"floor":22.0,"key":"Pantograph"},{"floor":23.0,"key":"CeramicFish"},{"floor":23.0,"key":"Red Skull"},{"floor":25.0,"key":"Charon\u0027s Ashes"},{"floor":25.0,"key":"WingedGreaves"},{"floor":26.0,"key":"War Paint"},{"floor":41,"key":"Whetstone"},{"floor":41,"key":"Paper Frog"}],"event_choices":[{"cards_removed":["Strike_R"],"damage_healed":0.0,"max_hp_gain":0.0,"max_hp_loss":0.0,"gold_gain":0.0,"event_name":"Bonfire Elementals","player_choice":"Offered Basic","floor":2.0,"gold_loss":0.0,"damage_taken":0.0},{"cards_removed":["Strike_R"],"damage_healed":0.0,"max_hp_gain":0.0,"max_hp_loss":0.0,"gold_gain":0.0,"event_name":"Purifier","player_choice":"Purged","floor":11.0,"gold_loss":0.0,"damage_taken":0.0},{"damage_healed":0.0,"max_hp_gain":0.0,"max_hp_loss":0.0,"gold_gain":0.0,"cards_transformed":["Strike_R","Strike_R"],"event_name":"Drug Dealer","player_choice":"Became Test Subject","floor":20.0,"gold_loss":0.0,"damage_taken":0.0,"cards_obtained":["Impervious","Clothesline"]},{"cards_removed":["Strike_R"],"damage_healed":0.0,"max_hp_gain":0.0,"max_hp_loss":0.0,"gold_gain":0.0,"event_name":"Beggar","player_choice":"Gave Gold","floor":21.0,"gold_loss":75.0,"damage_taken":0.0},{"cards_removed":["Body Slam"],"damage_healed":0.0,"max_hp_gain":0.0,"max_hp_loss":0.0,"gold_gain":0.0,"event_name":"Falling","player_choice":"Removed Attack","floor":37.0,"gold_loss":0.0,"damage_taken":0.0},{"damage_healed":15.0,"max_hp_gain":0.0,"max_hp_loss":0.0,"gold_gain":0.0,"event_name":"Winding Halls","player_choice":"Writhe","floor":39.0,"gold_loss":0.0,"damage_taken":0.0,"cards_obtained":["Writhe"]}],"is_beta":false,"boss_relics":[{"not_picked":["Velvet Choker","SlaversCollar"],"picked":"Ectoplasm"},{"not_picked":["Sozu","Runic Dome"],"picked":"Empty Cage"}],"items_purged_floors":[],"is_endless":false,"potions_floor_spawned":[3,5,10,13,19,23,24,29,36],"killed_by":"Spire Growth","ascension_level":17}}