{"host":"pkysykycfg9bua8p","time":1608038160,"event":{"mods":["AchievementEnabler","BaseMod","Better Third Choice","Filter the Spire","Minty Spire (QoL Compilation)","StSLib"],"gold_per_floor":[17,17,37,212,137,137,156,156,181,181,196,210,235,235,235,331,331,350,179,254,267,279,279,310,324,324,339,339,357,357,370,370,465,465,485,499,181,181,181],"floor_reached":38,"playtime":2122,"items_purged":["Doubt","Strike_B","Strike_B"],"score":398,"play_id":"4b5276bf-4b05-406e-8fe9-5292bb915e0d","local_time":"20201216021600","is_ascension_mode":false,"campfire_choices":[{"data":"Dualcast","floor":6,"key":"SMITH"},{"data":"Loop","floor":8,"key":"SMITH"},{"data":"Rebound","floor":10,"key":"SMITH"},{"floor":15,"key":"REST"},{"floor":23,"key":"REST"},{"floor":28,"key":"REST"},{"floor":32,"key":"REST"}],"circlet_count":0,"master_deck":["Defend_B","Defend_B","Defend_B","Defend_B","Zap+1","Dualcast+1","Rebound+1","Loop+1","Redo","Seek","Redo","Echo Form","Defragment+1","Static Discharge","Reinforced Body","Sunder+1","Steam","Writhe","Stack+1","Creative AI","Leap","Leap","The Bomb"],"relics":["Cracked Core","Regal Pillow","Bag of Preparation","Runic Pyramid","Boot","Pear","Gambling Chip","SlaversCollar"],"acts_visited":["Exordium","TheCity","TheBeyond"],"potions_floor_usage":[13,13,24,24,29,38],"damage_taken":[{"damage":7,"enemies":"Small Slimes","floor":1,"turns":4},{"damage":0,"enemies":"Jaw Worm","floor":3,"turns":3},{"damage":0,"enemies":"2 Louse","floor":7,"turns":2},{"damage":19,"enemies":"Gremlin Gang","floor":11,"turns":3},{"damage":5,"enemies":"Looter","floor":12,"turns":2},{"damage":20,"enemies":"Gremlin Nob","floor":13,"turns":4},{"damage":43,"enemies":"The Guardian","floor":16,"turns":9},{"damage":21,"enemies":"Shell Parasite","floor":18,"turns":5},{"damage":5,"enemies":"Spheric Guardian","floor":21,"turns":3},{"damage":10,"enemies":"Cultist and Chosen","floor":22,"turns":5},{"damage":18,"enemies":"Book of Stabbing","floor":24,"turns":5},{"damage":12,"enemies":"Centurion and Healer","floor":25,"turns":5},{"damage":29,"enemies":"Snake Plant","floor":27,"turns":5},{"damage":0,"enemies":"3 Cultists","floor":29,"turns":5},{"damage":5,"enemies":"Chosen and Byrds","floor":31,"turns":4},{"damage":62,"enemies":"Automaton","floor":33,"turns":11},{"damage":40,"enemies":"Orb Walker","floor":35,"turns":5},{"damage":21,"enemies":"3 Shapes","floor":36,"turns":6},{"damage":27,"enemies":"3 Darklings","floor":38,"turns":3}],"seed_played":"3019401204593597851","potions_obtained":[{"floor":1,"key":"Dexterity Potion"},{"floor":3,"key":"SteroidPotion"},{"floor":7,"key":"PowerPotion"},{"floor":13,"key":"SkillPotion"},{"floor":22,"key":"Weak Potion"},{"floor":25,"key":"SneckoOil"},{"floor":27,"key":"AttackPotion"},{"floor":33,"key":"LiquidBronze"},{"floor":35,"key":"Swift Potion"}],"is_trial":false,"path_per_floor":["M","?","M","?","$","R","M","R","T","R","M","M","E","?","R","B",null,"M","$","?","M","M","R","E","M","T","M","R","M","?","M","R","B",null,"M","M","$","M"],"character_chosen":"DEFECT","items_purchased":["Static Discharge","The Bomb"],"campfire_rested":4,"item_purchase_floors":[19,37],"current_hp_per_floor":[68,68,68,68,68,68,68,68,68,68,49,44,24,24,61,18,75,54,54,47,42,32,69,51,39,49,20,60,60,60,55,85,23,85,45,24,24,0,0],"gold":181,"neow_bonus":"REMOVE_TWO","is_daily":false,"chose_seed":false,"campfire_upgraded":3,"win_rate":0.0,"timestamp":1608038160,"path_taken":["M","?","M","?","?","R","M","R","T","R","?","M","E","?","R","BOSS","M","$","?","M","?","R","E","M","T","M","R","M","?","M","R","BOSS","M","M","$","M"],"items_purchased_type":["Card","Card"],"build_version":"2020-12-13","purchased_purges":3,"victory":false,"max_hp_per_floor":[75,75,75,75,75,75,75,75,75,75,75,75,75,75,75,75,75,75,75,75,75,75,75,75,75,85,85,85,85,85,85,85,85,85,85,85,85,85,85],"card_choices":[{"not_picked":["Beam Cell","Double Energy"],"picked":"Rebound","floor":1},{"not_picked":["Stack","Go for the Eyes","Conserve Battery"],"picked":"SKIP","floor":3},{"not_picked":["Sweeping Beam","Barrage"],"picked":"Loop","floor":7},{"not_picked":["Ball Lightning","Beam Cell"],"picked":"Redo","floor":11},{"not_picked":["Fusion","Gash"],"picked":"Seek","floor":12},{"not_picked":["Gash","Rebound"],"picked":"Redo","floor":13},{"not_picked":["Fission","Buffer"],"picked":"Echo Form","floor":16},{"not_picked":["Heatsinks","Compile Driver"],"picked":"Defragment+1","floor":18},{"not_picked":["Blizzard","Genetic Algorithm","Go for the Eyes"],"picked":"SKIP","floor":21},{"not_picked":["Genetic Algorithm","Barrage"],"picked":"Reinforced Body","floor":22},{"not_picked":["Leap","Gash"],"picked":"Sunder+1","floor":24},{"not_picked":["Streamline","Stack"],"picked":"Steam","floor":25},{"not_picked":["Coolheaded+1","Force Field+1","Gash"],"picked":"SKIP","floor":27},{"not_picked":["Undo","Steam Power","Rebound"],"picked":"SKIP","floor":29},{"not_picked":["Machine Learning","Ball Lightning"],"picked":"Stack+1","floor":31},{"not_picked":["Fission","Rainbow"],"picked":"Creative AI","floor":33},{"not_picked":["Gash+1","Streamline+1"],"picked":"Leap","floor":35},{"not_picked":["Chaos+1","Streamline+1"],"picked":"Leap","floor":36}],"player_experience":48365,"relics_obtained":[{"floor":9,"key":"Regal Pillow"},{"floor":13,"key":"Bag of Preparation"},{"floor":24,"key":"Boot"},{"floor":26,"key":"Pear"}],"event_choices":[{"damage_healed":0,"gold_gain":0,"player_choice":"Grow","damage_taken":0,"max_hp_gain":0,"max_hp_loss":0,"event_name":"Living Wall","floor":2,"gold_loss":0,"cards_upgraded":["Zap"]},{"damage_healed":0,"gold_gain":175,"player_choice":"AGREE","damage_taken":37,"max_hp_gain":0,"max_hp_loss":0,"event_name":"betterThird:BetterSerpent","floor":4,"gold_loss":0},{"damage_healed":0,"gold_gain":0,"player_choice":"LEAVE","damage_taken":0,"max_hp_gain":0,"max_hp_loss":0,"event_name":"betterThird:BetterScrap","floor":14,"gold_loss":0,"cards_obtained":["Malaise"]},{"damage_healed":0,"gold_gain":75,"player_choice":"Touch","damage_taken":7,"max_hp_gain":0,"max_hp_loss":0,"event_name":"FaceTrader","floor":20,"gold_loss":0},{"damage_healed":0,"gold_gain":0,"player_choice":"Opened","damage_taken":0,"relics_obtained":["Gambling Chip"],"max_hp_gain":0,"max_hp_loss":0,"event_name":"The Mausoleum","floor":30,"gold_loss":0,"cards_obtained":["Writhe"]}],"is_beta":false,"boss_relics":[{"not_picked":["Philosopher\u0027s Stone","Astrolabe"],"picked":"Runic Pyramid"},{"not_picked":["Cursed Key","Coffee Dripper"],"picked":"SlaversCollar"}],"items_purged_floors":[5,19,37],"is_endless":false,"potions_floor_spawned":[1,3,7,13,22,25,27,33,35],"killed_by":"3 Darklings","ascension_level":0}}