{"host":"fawhrnsdtsa3msx1","time":1608042019,"event":{"mods":["AchievementEnabler","BaseMod","Colored Map","DeckTracker","Keyboard Shortcuts","Minty Spire (QoL Compilation)","Permanent Neow","Quick Restart","SuperFastMode"],"gold_per_floor":[114,129,54,54,68,68,80,155,237,237,249,274,274,18,18,123,123,137,62,77,88,88,88,88],"floor_reached":23,"playtime":631,"items_purged":["Defend_R","Strike_R"],"score":220,"play_id":"ddd097c5-9eb7-4ed9-9cdb-5f993b0ccad6","local_time":"20201215232019","is_ascension_mode":true,"campfire_choices":[{"floor":10,"key":"REST"},{"floor":13,"key":"REST"},{"data":"Body Slam","floor":15,"key":"SMITH"}],"circlet_count":0,"master_deck":["Strike_R+1","Defend_R+1","Defend_R","Defend_R+1","Bash+1","Pommel Strike","Twin Strike","Battle Trance","Sword Boomerang","Body Slam+1","Fiend Fire","Shrug It Off"],"relics":["Burning Blood","Meat on the Bone","War Paint","Anchor","Cursed Key"],"acts_visited":["Exordium","TheCity"],"potions_floor_usage":[16,16,16,16,16,16],"damage_taken":[{"damage":10,"enemies":"2 Louse","floor":1,"turns":2},{"damage":15,"enemies":"Small Slimes","floor":2,"turns":3},{"damage":6,"enemies":"Cultist","floor":5,"turns":3},{"damage":17,"enemies":"Exordium Thugs","floor":7,"turns":4},{"damage":14,"enemies":"Lots of Slimes","floor":11,"turns":4},{"damage":40,"enemies":"3 Sentries","floor":12,"turns":8},{"damage":36,"enemies":"Hexaghost","floor":16,"turns":8},{"damage":2,"enemies":"Chosen","floor":18,"turns":3},{"damage":0,"enemies":"Spheric Guardian","floor":20,"turns":3},{"damage":31,"enemies":"Cultist and Chosen","floor":21,"turns":5},{"damage":47,"enemies":"Slavers","floor":23,"turns":6}],"seed_played":"-8708463707896617287","potions_obtained":[{"floor":1,"key":"LiquidMemories"},{"floor":2,"key":"CultistPotion"},{"floor":5,"key":"EntropicBrew"},{"floor":12,"key":"LiquidBronze"},{"floor":20,"key":"Ancient Potion"}],"is_trial":false,"path_per_floor":["M","M","$","?","M","?","M","?","T","R","M","E","R","$","R","B",null,"M","?","M","M","?","E"],"character_chosen":"IRONCLAD","items_purchased":["Anchor"],"campfire_rested":2,"item_purchase_floors":[14],"current_hp_per_floor":[68,59,59,59,59,45,34,23,23,44,48,26,47,47,47,29,72,72,72,72,47,47,0,0],"gold":88,"neow_bonus":"REMOVE_TWO","is_daily":false,"chose_seed":false,"campfire_upgraded":1,"win_rate":0.0,"timestamp":1608042019,"path_taken":["M","M","$","?","M","?","M","?","T","R","M","E","R","$","R","BOSS","M","?","M","M","?","E"],"items_purchased_type":["Relic"],"build_version":"2020-12-13","purchased_purges":2,"victory":false,"max_hp_per_floor":[72,72,72,72,72,72,72,72,72,72,72,72,72,72,72,72,72,72,72,72,72,72,72,72],"card_choices":[{"not_picked":["Power Through","Flex"],"picked":"Pommel Strike","floor":1},{"not_picked":["Havoc","Dark Embrace"],"picked":"Twin Strike","floor":2},{"not_picked":["Perfected Strike","Clash","Burning Pact"],"picked":"SKIP","floor":5},{"not_picked":["Heavy Blade","Uppercut"],"picked":"Battle Trance","floor":7},{"not_picked":["Body Slam","Seeing Red"],"picked":"Sword Boomerang","floor":11},{"not_picked":["Uppercut","Heavy Blade"],"picked":"Body Slam","floor":12},{"not_picked":["Corruption","Reaper"],"picked":"Fiend Fire","floor":16},{"not_picked":["Disarm","Anger","Cleave"],"picked":"SKIP","floor":18},{"not_picked":["Armaments","Sword Boomerang","Anger"],"picked":"SKIP","floor":20},{"not_picked":["Iron Wave+1","Dropkick"],"picked":"Shrug It Off","floor":21}],"player_experience":135420,"relics_obtained":[{"floor":9,"key":"Meat on the Bone"},{"floor":12,"key":"War Paint"}],"event_choices":[{"damage_healed":0,"gold_gain":0,"player_choice":"Ignored","damage_taken":0,"max_hp_gain":0,"max_hp_loss":0,"event_name":"Liars Game","floor":4,"gold_loss":0},{"damage_healed":0,"gold_gain":0,"player_choice":"Entered Light","damage_taken":14,"max_hp_gain":0,"max_hp_loss":0,"event_name":"Shining Light","floor":6,"gold_loss":0,"cards_upgraded":["Bash","Strike_R"]},{"damage_healed":0,"gold_gain":75,"player_choice":"Gather Gold","damage_taken":11,"max_hp_gain":0,"max_hp_loss":0,"event_name":"World of Goop","floor":8,"gold_loss":0},{"cards_removed":["Strike_R"],"damage_healed":0,"gold_gain":0,"player_choice":"Gave Gold","damage_taken":0,"max_hp_gain":0,"max_hp_loss":0,"event_name":"Beggar","floor":19,"gold_loss":75},{"damage_healed":0,"gold_gain":0,"player_choice":"Ignored","damage_taken":0,"max_hp_gain":0,"max_hp_loss":0,"event_name":"Ghosts","floor":22,"gold_loss":0}],"is_beta":false,"boss_relics":[{"not_picked":["Coffee Dripper","Tiny House"],"picked":"Cursed Key"}],"items_purged_floors":[3,14],"is_endless":false,"potions_floor_spawned":[1,2,5,12,20],"killed_by":"Slavers","ascension_level":3}}