{"host":"6xsbn6ynqlzwllfm","time":1608074913,"event":{"mods":["2.2 Compatiblity","BaseMod","Bestiary","Colored Map","Colored Powertips","Downfall","Googly Eyes","Highlight Path","Minty Spire (QoL Compilation)","Relic Stats","Slay the Relics Exporter","StSLib"],"gold_per_floor":[114,129,145,4,454,454,481,406,426,32,207,232,62,94,19,115,115,127,140,25,125,155,155,155,182,193,210,210,241,241,241,241,339,339,356,366,379,379,396,396,396,413,424,435,435,485,502,414,339,339,339,364,60,60,60],"floor_reached":56,"playtime":3343,"items_purged":["Guardian:Strike_Guardian","Guardian:Strike_Guardian","Guardian:Strike_Guardian","Guardian:Defend_Guardian"],"score":1909,"play_id":"7b1cee58-b85f-4dd2-b0ec-10342165d627","local_time":"20201215182833","is_ascension_mode":true,"campfire_choices":[{"floor":6,"key":"RECALL"},{"data":"Guardian:Harden","floor":8,"key":"SMITH"},{"data":"Guardian:ShieldSpikes","floor":15,"key":"SMITH"},{"data":"Guardian:SphericShield","floor":23,"key":"SMITH"},{"floor":28,"key":"REST"},{"floor":32,"key":"REST"},{"floor":40,"key":"REST"},{"data":"Guardian:Strike_Guardian","floor":49,"key":"PURGE"},{"data":"Guardian:Defend_Guardian","floor":54,"key":"PURGE"}],"circlet_count":0,"master_deck":["Guardian:Defend_Guardian","Guardian:Defend_Guardian","Guardian:CurlUp","Guardian:WalkerClaw","Guardian:Planning","Guardian:Harden+1","Guardian:Orbwalk","Slimebound:Icky","Slimebound:Icky","Slimebound:Icky","Guardian:WalkerClaw","Guardian:Orbwalk","Doubt","Guardian:Harden","Guardian:ShieldCharger","Guardian:FierceBash","Guardian:ShieldSpikes+1","Guardian:SphericShield+1","CurseOfTheBell","Guardian:TimeBomb","Guardian:Incinerate+1","Guardian:Recover","Guardian:TimeCapacitor","Guardian:MultiBeam","Guardian:DecasProtection","Guardian:FloatingOrbs+1","Guardian:MultiBeam"],"relics":["Snecko Eye","Bronze Scales","downfall:HeartBlessingRed","Du-Vu Doll","Tiny Chest","Lantern","downfall:HeartBlessingGreen","Calling Bell","Mercury Hourglass","Peace Pipe","Dead Branch","Singing Bowl","Torii","Frozen Egg 2","Vajra","Ornamental Fan","Kunai","Busted Crown","Guardian:GemstoneGun","Mango","Nunchaku","downfall:HeartBlessingBlue","Bottled Tornado","Chemical X"],"acts_visited":["TheCity","TheBeyond","TheEnding"],"potions_floor_usage":[12,21,22,25,29,36],"damage_taken":[{"damage":3,"enemies":"Cultist","floor":1,"turns":4},{"damage":0,"enemies":"Jaw Worm","floor":2,"turns":4},{"damage":6,"enemies":"Small Slimes","floor":3,"turns":5},{"damage":0,"enemies":"downfall:FleeingMerchant","floor":4,"turns":4},{"damage":13,"enemies":"Blue Slaver","floor":9,"turns":3},{"damage":2,"enemies":"downfall:FleeingMerchant","floor":10,"turns":4},{"damage":3,"enemies":"3 Sentries","floor":12,"turns":5},{"damage":0,"enemies":"downfall:FleeingMerchant","floor":13,"turns":4},{"damage":16,"enemies":"Lagavulin","floor":14,"turns":6},{"damage":10,"enemies":"downfall:Silent","floor":16,"turns":5},{"damage":0,"enemies":"Spheric Guardian","floor":18,"turns":2},{"damage":0,"enemies":"Chosen","floor":19,"turns":4},{"damage":0,"enemies":"downfall:FleeingMerchant","floor":20,"turns":4},{"damage":12,"enemies":"Colosseum Nobs","floor":21,"turns":5},{"damage":16,"enemies":"Slavers","floor":22,"turns":5},{"damage":17,"enemies":"Book of Stabbing","floor":25,"turns":5},{"damage":0,"enemies":"Snake Plant","floor":26,"turns":3},{"damage":0,"enemies":"3 Cultists","floor":27,"turns":5},{"damage":7,"enemies":"Gremlin Leader","floor":29,"turns":4},{"damage":0,"enemies":"downfall:Defect","floor":33,"turns":5},{"damage":0,"enemies":"3 Shapes","floor":35,"turns":3},{"damage":25,"enemies":"3 Darklings","floor":36,"turns":4},{"damage":7,"enemies":"Writhing Mass","floor":37,"turns":4},{"damage":20,"enemies":"Spire Growth","floor":39,"turns":4},{"damage":0,"enemies":"Maw","floor":42,"turns":6},{"damage":0,"enemies":"Sphere and 2 Shapes","floor":43,"turns":1},{"damage":0,"enemies":"4 Shapes","floor":44,"turns":3},{"damage":0,"enemies":"Mind Bloom Boss Battle","floor":46,"turns":6},{"damage":7,"enemies":"3 Darklings","floor":47,"turns":2},{"damage":0,"enemies":"downfall:FleeingMerchant","floor":48,"turns":1},{"damage":0,"enemies":"downfall:Watcher","floor":50,"turns":9},{"damage":0,"enemies":"downfall:CharBossMerchant","floor":52,"turns":5},{"damage":15,"enemies":"downfall:NeowBoss","floor":55,"turns":14}],"seed_played":"-2534635260900640489","potions_obtained":[{"floor":3,"key":"AttackPotion"},{"floor":9,"key":"SteroidPotion"},{"floor":16,"key":"Swift Potion"},{"floor":21,"key":"PowerPotion"},{"floor":22,"key":"Swift Potion"},{"floor":26,"key":"FearPotion"},{"floor":27,"key":"Energy Potion"},{"floor":33,"key":"champ:CounterPotion"},{"floor":39,"key":"FearPotion"},{"floor":43,"key":"AttackPotion"},{"floor":47,"key":"BlessingOfTheForge"}],"is_trial":false,"path_per_floor":["M","M","M","$","?","R","T","R","M","$","?","E","$","E","R","B",null,"M","M","$","?","E","R","T","E","M","M","R","E","T","?","R","B",null,"M","M","M","T","M","R","T","M","M","M","?","?","M","$","R","B",null,"E","$","R","B",null],"character_chosen":"GUARDIAN","items_purchased":["Guardian:Orbwalk","Guardian:Gem_Cyan","Du-Vu Doll","Guardian:FierceBash","Guardian:FloatingOrbs+1","Nunchaku","Guardian:Gem_Purple","Guardian:MultiBeam","Chemical X"],"campfire_rested":3,"item_purchase_floors":[4,4,10,13,48,48,48,48,53],"current_hp_per_floor":[69,69,63,63,63,63,63,63,50,48,48,45,45,29,29,19,65,65,65,65,53,37,37,37,22,22,24,49,44,44,27,54,56,84,86,63,58,58,40,70,70,72,74,76,76,92,87,89,99,99,128,130,130,130,115],"gold":60,"neow_bonus":"BOSS_RELIC","is_daily":false,"chose_seed":false,"campfire_upgraded":3,"win_rate":0.0,"timestamp":1608074913,"path_taken":["M","M","M","?","?","R","T","R","M","$","?","E","$","E","R","BOSS","M","M","$","?","E","R","T","E","M","M","R","E","?","?","R","BOSS","M","M","M","?","M","R","T","M","M","?","?","?","M","$","R","BOSS","E","$","R","BOSS"],"items_purchased_type":["Card","Card","Relic","Card","Card","Relic","Card","Card","Relic"],"build_version":"2020-12-13","purchased_purges":4,"victory":true,"max_hp_per_floor":[80,80,80,80,80,80,80,80,80,80,80,80,80,80,80,80,80,80,80,80,80,80,80,80,82,82,84,84,86,86,91,91,93,93,95,97,99,99,101,101,101,103,105,107,107,123,125,127,137,137,137,139,139,139,139],"relic_stats":{"Singing Bowl":30,"Torii":10,"counters":[33,146],"Dead Branch":[144],"Mercury Hourglass":[375],"Peace Pipe":2,"Nunchaku":[6],"Busted Crown":22,"Ornamental Fan":[88],"Bronze Scales":[333],"Snecko Eye":[208,253,234,257],"Tiny Chest":1,"Kunai":[22],"Chemical X":[6],"obtain_stats":[{"Lantern":14,"Singing Bowl":21,"Torii":22,"Vajra":25,"downfall:HeartBlessingGreen":15,"Mango":46,"Bottled Tornado":52,"Nunchaku":48,"downfall:HeartBlessingBlue":49,"Tiny Chest":12,"Kunai":30,"Chemical X":53,"downfall:HeartBlessingRed":8,"Dead Branch":21,"Guardian:GemstoneGun":41,"Guardian:ModeShifter":0,"Frozen Egg 2":24,"Mercury Hourglass":17,"Du-Vu Doll":10,"Calling Bell":17,"Peace Pipe":17,"Busted Crown":34,"Ornamental Fan":29,"Bronze Scales":7,"Snecko Eye":0},{"Lantern":9,"Singing Bowl":14,"Torii":15,"Vajra":16,"downfall:HeartBlessingGreen":9,"Mango":28,"Bottled Tornado":32,"Nunchaku":30,"downfall:HeartBlessingBlue":30,"Tiny Chest":7,"Kunai":19,"Chemical X":32,"downfall:HeartBlessingRed":4,"Dead Branch":14,"Guardian:GemstoneGun":24,"Guardian:ModeShifter":0,"Frozen Egg 2":15,"Mercury Hourglass":10,"Du-Vu Doll":6,"Calling Bell":10,"Peace Pipe":10,"Busted Crown":20,"Ornamental Fan":19,"Bronze Scales":4,"Snecko Eye":0},{"Lantern":39,"Singing Bowl":57,"Torii":62,"Vajra":67,"downfall:HeartBlessingGreen":39,"Mango":115,"Bottled Tornado":132,"Nunchaku":118,"downfall:HeartBlessingBlue":118,"Tiny Chest":29,"Kunai":79,"Chemical X":132,"downfall:HeartBlessingRed":17,"Dead Branch":57,"Guardian:GemstoneGun":99,"Guardian:ModeShifter":0,"Frozen Egg 2":62,"Mercury Hourglass":44,"Du-Vu Doll":24,"Calling Bell":44,"Peace Pipe":44,"Busted Crown":84,"Ornamental Fan":79,"Bronze Scales":17,"Snecko Eye":0}]},"card_choices":[{"not_picked":["Guardian:BronzeArmor","Guardian:Gem_Blue"],"picked":"Guardian:WalkerClaw","floor":1},{"not_picked":["Guardian:Planning","Guardian:TemporalShield"],"picked":"Guardian:Gem_Red","floor":2},{"not_picked":["Guardian:CrystalBeam","Guardian:PiercingHide"],"picked":"Guardian:Planning","floor":3},{"not_picked":["Guardian:TemporalShield","Guardian:Gem_White"],"picked":"Guardian:Harden","floor":4},{"not_picked":["Guardian:Gem_Lightblue","Guardian:Planning"],"picked":"Guardian:WalkerClaw","floor":9},{"not_picked":["Guardian:Gem_Red","Guardian:Recover"],"picked":"Guardian:Orbwalk","floor":10},{"not_picked":["Guardian:Preprogram","Guardian:Gem_Blue"],"picked":"Guardian:Harden","floor":12},{"not_picked":["Guardian:EvasiveProtocol","Guardian:ExploitGems"],"picked":"Guardian:ShieldCharger","floor":13},{"not_picked":["Guardian:PrismaticBarrier","Guardian:Gem_Lightblue"],"picked":"Guardian:ShieldSpikes","floor":14},{"not_picked":["Guardian:Gem_Orange","Guardian:GemFire"],"picked":"Guardian:SphericShield","floor":16},{"not_picked":["Guardian:TemporalShield","Guardian:Gem_Crimson"],"picked":"Guardian:TimeBomb","floor":18},{"not_picked":["Guardian:PiercingHide","Guardian:Suspension"],"picked":"Guardian:Incinerate+1","floor":19},{"not_picked":["Guardian:Gem_Crimson","Guardian:ArmoredProtocol+1"],"picked":"Guardian:Recover","floor":20},{"not_picked":["Guardian:ChargeUp+1","Guardian:Gem_Yellow"],"picked":"Guardian:TimeCapacitor","floor":21},{"not_picked":["Guardian:Gem_Lightblue","Guardian:PrimingBeam+1"],"picked":"Guardian:MultiBeam","floor":22},{"not_picked":["Guardian:Emergency+1","Guardian:TemporalStrike","Guardian:VentSteam"],"picked":"Singing Bowl","floor":25},{"not_picked":["Guardian:Gem_Red","Guardian:ShieldCharger"],"picked":"Guardian:DecasProtection","floor":26},{"not_picked":["Guardian:Gem_White","Guardian:Preprogram","Guardian:FloatingOrbs+1"],"picked":"Singing Bowl","floor":27},{"not_picked":["Guardian:TimeBomb","Guardian:TemporalShield+1","Guardian:PrismaticBarrier"],"picked":"Singing Bowl","floor":29},{"not_picked":["Guardian:StasisStrike","Guardian:Gem_Orange","Guardian:ConstructionForm+1"],"picked":"Singing Bowl","floor":33},{"not_picked":["Guardian:SentryBeam"],"picked":"Singing Bowl","floor":35},{"not_picked":["Guardian:VentSteam"],"picked":"Singing Bowl","floor":36},{"not_picked":["Guardian:Gem_Red"],"picked":"Singing Bowl","floor":37},{"not_picked":["Guardian:Planning+1"],"picked":"Singing Bowl","floor":39},{"not_picked":["Guardian:Preprogram"],"picked":"Singing Bowl","floor":42},{"not_picked":["Guardian:PrimingBeam+1"],"picked":"Singing Bowl","floor":43},{"not_picked":["Guardian:Gem_Cyan"],"picked":"Singing Bowl","floor":44},{"not_picked":["Guardian:PrismaticBarrier"],"picked":"Singing Bowl","floor":46},{"not_picked":["Guardian:PiercingHide+1"],"picked":"Singing Bowl","floor":47},{"not_picked":["Guardian:Planning+1"],"picked":"Singing Bowl","floor":48},{"not_picked":["Guardian:Preprogram"],"picked":"Singing Bowl","floor":52}],"player_experience":1184969,"relics_obtained":[{"floor":7,"key":"Bronze Scales"},{"floor":12,"key":"Tiny Chest"},{"floor":14,"key":"Lantern"},{"floor":17,"key":"Mercury Hourglass"},{"floor":17,"key":"Peace Pipe"},{"floor":21,"key":"Dead Branch"},{"floor":21,"key":"Singing Bowl"},{"floor":22,"key":"Torii"},{"floor":24,"key":"Frozen Egg 2"},{"floor":25,"key":"Vajra"},{"floor":29,"key":"Ornamental Fan"},{"floor":30,"key":"Kunai"},{"floor":41,"key":"Guardian:GemstoneGun"},{"floor":46,"key":"Mango"},{"floor":52,"key":"Bottled Tornado"}],"event_choices":[{"cards_removed":["Guardian:TwinSlam"],"damage_healed":0,"gold_gain":0,"player_choice":"Removed Attack","damage_taken":0,"max_hp_gain":0,"max_hp_loss":0,"event_name":"Falling","floor":45,"gold_loss":0}],"is_beta":false,"boss_relics":[{"not_picked":["SlaversCollar","Astrolabe"],"picked":"Calling Bell"},{"not_picked":["Runic Dome","SacredBark"],"picked":"Busted Crown"}],"items_purged_floors":[10,20,48,53],"is_endless":false,"potions_floor_spawned":[3,9,16,21,22,26,27,33,39,43,47],"ascension_level":8}}