{"host":"2bgm6qx4v5n7yply","time":1608067431,"event":{"mods":["A Magickal Journey","AchievementEnabler","BaseMod","Better Third Choice","BetterRewards","ChefMod","Colored Map","Hubris","Minty Spire (QoL Compilation)","Rare Cards Sparkle","Robot Space Explorer","Shade Mod","Shop Mod","Spicy Shops","StSLib","The Alterego","The Dragon Tamer","The Hayseed","vexMod"],"gold_per_floor":[116,9999,9999,10017,10032,10066,10083,10083,10106,10118,8370,8370,8370,8387,8387,8492,8492,8510,8521,7343,7356,7375,7375,7385,7385,7409,7421,7437,7437,6084,6084,6084,6184,6184,6194,6211,4736,4736,4748,4748,3069,3069,3069,3083,3095,3105,3105,3137,3137,3137,3137,3137,764,795,795],"floor_reached":56,"playtime":7090,"items_purged":["alterego_mod:Cycle","alterego_mod:Defend","alterego_mod:Defend","alterego_mod:Defend","alterego_mod:Strike","alterego_mod:DeftHands","alterego_mod:Valentines","alterego_mod:BiFurious","alterego_mod:Strike+1"],"score":1310,"play_id":"df970732-22da-451d-842d-c7173a8b5c98","local_time":"20201215152351","is_ascension_mode":false,"campfire_choices":[{"floor":8.0,"key":"REST"},{"floor":13.0,"key":"RECALL"},{"data":"alterego_mod:BiFurious","floor":15.0,"key":"SMITH"},{"data":"alterego_mod:IndependentAction","floor":23.0,"key":"SMITH"},{"floor":25,"key":"REST"},{"data":"Mayhem","floor":29,"key":"SMITH"},{"data":"Magnetism","floor":32,"key":"SMITH"},{"data":"alterego_mod:Palingenesis","floor":40,"key":"SMITH"},{"data":"alterego_mod:IndependentAction","floor":42,"key":"SMITH"},{"data":"alterego_mod:Tantrum","floor":49,"key":"SMITH"},{"data":"alterego_mod:DiscoLights","floor":52,"key":"SMITH"}],"circlet_count":0,"master_deck":["alterego_mod:Strike+1","alterego_mod:Strike+1","alterego_mod:Defend+1","alterego_mod:Impale","alterego_mod:BigMeatyClaws+1","alterego_mod:BrynhildrsRune","alterego_mod:DiscoLights+1","alterego_mod:Birthday","alterego_mod:BiFurious+1","alterego_mod:BreastValley","alterego_mod:BiFurious+1","alterego_mod:Complex","alterego_mod:TrickOrTreatment","alterego_mod:Jiggle","alterego_mod:Complex","alterego_mod:DiscoLights+1","alterego_mod:Birthday","Panache","Trip","alterego_mod:Pet","alterego_mod:Pet","alterego_mod:Lift","alterego_mod:GoddessCore","alterego_mod:Birthday","alterego_mod:Palingenesis+1","Mayhem+1","alterego_mod:Cooking","alterego_mod:IndependentAction+1","alterego_mod:IndependentAction+1","alterego_mod:Birthday","alterego_mod:Bounce","alterego_mod:MagicResistance+1","alterego_mod:DiscoLights+1","alterego_mod:Nekomimi","alterego_mod:Complex","Magnetism+1","alterego_mod:Tantrum+1","alterego_mod:IndependentAction+1","alterego_mod:Cooking+1","alterego_mod:MagicResistance","Magnetism+1","alterego_mod:Mirror+1","alterego_mod:BiFurious+1","alterego_mod:Smother","Violence","FlurryOfBlows"],"relics":["alterego_mod:MasochisticConstitution","Ancient Tea Set","Happy Flower","MerchantsRug","Calipers","Bag of Marbles","Kunai","Lee\u0027s Waffle","vexMod:MysteryBossChallenge","Black Blood","Strawberry","Nunchaku","Strange Spoon","Whetstone","Meat on the Bone","Sundial","HandDrill","Potion Belt","Orrery","SlaversCollar","HornCleat","Incense Burner","vexMod:RedPlottingStone","Blood Vial","ClockworkSouvenir","Bag of Preparation","Chemical X","Lizard Tail","Sling","hubris:SphereOfDissonance","Shuriken","vexMod:FocusSash","vexMod:PaidLearning","Pen Nib","hubris:Zylophone","PrismaticShard","hubris:MysteriousPyramids"],"acts_visited":["Exordium","TheCity","TheBeyond","TheEnding"],"potions_floor_usage":[33,33,33,33,33,35,44,44,45,46,50,54,54,55],"damage_taken":[{"damage":8.0,"enemies":"Cultist","floor":1.0,"turns":3.0},{"damage":1.0,"enemies":"Small Slimes","floor":2.0,"turns":6.0},{"damage":13.0,"enemies":"Jaw Worm","floor":4.0,"turns":6.0},{"damage":23.0,"enemies":"2 Fungi Beasts","floor":5.0,"turns":3.0},{"damage":52.0,"enemies":"Lagavulin","floor":6.0,"turns":10.0},{"damage":29.0,"enemies":"Red Slaver","floor":7.0,"turns":6.0},{"damage":12.0,"enemies":"Blue Slaver","floor":10.0,"turns":3.0},{"damage":2.0,"enemies":"Exordium Wildlife","floor":14.0,"turns":5.0},{"damage":55.0,"enemies":"The Guardian","floor":16.0,"turns":8.0},{"damage":12.0,"enemies":"Shell Parasite","floor":18.0,"turns":4.0},{"damage":4.0,"enemies":"Chosen","floor":19.0,"turns":3.0},{"damage":30.0,"enemies":"Centurion and Healer","floor":21.0,"turns":7.0},{"damage":14.0,"enemies":"Cultist and Chosen","floor":22.0,"turns":6.0},{"damage":63.0,"enemies":"3 Cultists","floor":24.0,"turns":5.0},{"damage":31,"enemies":"Snecko","floor":27,"turns":6},{"damage":40,"enemies":"Sentry and Sphere","floor":28,"turns":5},{"damage":47,"enemies":"Collector","floor":33,"turns":7},{"damage":58,"enemies":"3 Darklings","floor":35,"turns":5},{"damage":33,"enemies":"Orb Walker","floor":36,"turns":4},{"damage":8,"enemies":"Maw","floor":39,"turns":7},{"damage":2,"enemies":"3 Darklings","floor":44,"turns":3},{"damage":2,"enemies":"Spire Growth","floor":45,"turns":4},{"damage":57,"enemies":"4 Shapes","floor":46,"turns":5},{"damage":0,"enemies":"Giant Head","floor":48,"turns":4},{"damage":82,"enemies":"Donu and Deca","floor":50,"turns":7},{"damage":34,"enemies":"Shield and Spear","floor":54,"turns":3},{"damage":87,"enemies":"The Heart","floor":55,"turns":5}],"seed_played":"3176473947935876763","potions_obtained":[{"floor":4.0,"key":"EntropicBrew"},{"floor":7.0,"key":"Explosive Potion"},{"floor":14.0,"key":"GamblersBrew"},{"floor":16.0,"key":"Energy Potion"},{"floor":18.0,"key":"Fire Potion"},{"floor":24.0,"key":"LiquidMemories"},{"floor":28,"key":"EssenceOfSteel"},{"floor":33,"key":"Regen Potion"},{"floor":39,"key":"Swift Potion"},{"floor":46,"key":"Fire Potion"},{"floor":48,"key":"FairyPotion"}],"is_trial":false,"path_per_floor":["M","M","?","M","M","E","M","R","T","M","$","?","R","M","R","B",null,"M","M","$","M","M","R","M","R","T","M","M","R","$","?","R","B",null,"M","M","$","?","M","R","$","R","T","M","M","M","?","E","R","B",null,"R","$","E","B",null],"character_chosen":"The_Alterego","items_purchased":["MerchantsRug","alterego_mod:DiscoLights","alterego_mod:Birthday","Panache","Calipers","Bag of Marbles","Kunai","Lee\u0027s Waffle","PowerPotion","Energy Potion","DuplicationPotion","Trip","alterego_mod:Pet","alterego_mod:Birthday","alterego_mod:Palingenesis","Mayhem","Strawberry","Nunchaku","Strange Spoon","BlessingOfTheForge","Meat on the Bone","Sundial","HandDrill","Potion Belt","Orrery","BlessingOfTheForge","AttackPotion","PowerPotion","Fire Potion","Magnetism","HornCleat","Incense Burner","vexMod:RedPlottingStone","Blood Vial","ClockworkSouvenir","Explosive Potion","BlessingOfTheForge","Weak Potion","FearPotion","alterego_mod:IndependentAction","alterego_mod:MagicResistance","Bag of Preparation","Chemical X","Lizard Tail","Sling","ColorlessPotion","Fire Potion","Magnetism","Shuriken","vexMod:FocusSash","vexMod:PaidLearning","Pen Nib","hubris:Zylophone","PrismaticShard","Strength Potion","CultistPotion","Violence"],"campfire_rested":2,"item_purchase_floors":[11,11,11,11,11,11,11,11,11,11,11,11,11,20,20,20,20,20,20,20,30,30,30,30,30,30,30,30,30,30,37,37,37,37,37,37,37,37,37,37,41,41,41,41,41,41,41,41,53,53,53,53,53,53,53,53,53],"current_hp_per_floor":[70,77,77,74,54,25,9,34,34,23,94,94,94,95,95,45,96,97,98,105,94,107,107,64,96,96,103,92,92,92,92,92,70,111,89,77,77,77,111,111,111,111,111,115,116,106,106,117,117,68,118,118,118,97,49],"gold":795,"neow_bonus":"TEN_PERCENT_HP_BONUS","is_daily":false,"chose_seed":false,"campfire_upgraded":8,"win_rate":0.0,"timestamp":1608067431,"path_taken":["M","M","?","M","M","E","M","R","T","M","$","?","R","M","R","BOSS","M","M","$","M","M","R","M","R","T","M","M","R","$","?","R","BOSS","M","M","$","?","M","R","$","R","T","M","M","?","?","E","R","BOSS","R","$","E","BOSS"],"items_purchased_type":["Relic","Card","Card","Card","Relic","Relic","Relic","Relic","Potion","Potion","Potion","Card","Card","Card","Card","Card","Relic","Relic","Relic","Potion","Relic","Relic","Relic","Relic","Relic","Potion","Potion","Potion","Potion","Card","Relic","Relic","Relic","Relic","Relic","Potion","Potion","Potion","Potion","Card","Card","Relic","Relic","Relic","Relic","Potion","Potion","Card","Relic","Relic","Relic","Relic","Relic","Relic","Potion","Potion","Card"],"build_version":"2020-12-13","purchased_purges":9,"victory":true,"max_hp_per_floor":[78,79,79,80,81,85,86,86,86,87,94,94,94,95,95,96,96,97,98,105,106,107,107,108,108,108,109,110,110,110,110,110,111,111,112,113,113,113,114,114,114,114,114,115,116,117,117,117,117,118,118,118,118,119,120],"card_choices":[{"not_picked":["alterego_mod:Valentines","alterego_mod:Clap"],"picked":"alterego_mod:DiscoLights","floor":1.0},{"not_picked":["alterego_mod:MagicResistance","alterego_mod:Pet"],"picked":"alterego_mod:Birthday","floor":2.0},{"not_picked":["alterego_mod:Belts","alterego_mod:Clap"],"picked":"alterego_mod:Complex","floor":4.0},{"not_picked":["alterego_mod:Mirror","alterego_mod:Clap"],"picked":"alterego_mod:TrickOrTreatment","floor":5.0},{"not_picked":["alterego_mod:InsideBaseball","alterego_mod:TrashNCrash"],"picked":"alterego_mod:DeftHands","floor":6.0},{"not_picked":["alterego_mod:PresenceConcealment","alterego_mod:Belle"],"picked":"alterego_mod:Jiggle","floor":7.0},{"not_picked":["alterego_mod:PerceptionDisorder","alterego_mod:Bloomers"],"picked":"alterego_mod:Complex","floor":10.0},{"not_picked":["alterego_mod:Bounce","alterego_mod:HighServant"],"picked":"alterego_mod:Pet","floor":14.0},{"not_picked":["alterego_mod:Weigh","alterego_mod:GIGAMILK"],"picked":"alterego_mod:Lift","floor":16.0},{"not_picked":["alterego_mod:BoobPocket","alterego_mod:Bounce"],"picked":"alterego_mod:GoddessCore","floor":18.0},{"not_picked":["alterego_mod:TrashNCrash","alterego_mod:PurpleHair"],"picked":"alterego_mod:Valentines","floor":19.0},{"not_picked":["alterego_mod:Clones","alterego_mod:Undulate"],"picked":"alterego_mod:Cooking","floor":21.0},{"not_picked":["alterego_mod:Maid+1","alterego_mod:Jiggle+1"],"picked":"alterego_mod:IndependentAction","floor":22.0},{"not_picked":["alterego_mod:Cushion","alterego_mod:GoddessCore+1"],"picked":"alterego_mod:IndependentAction+1","floor":24.0},{"not_picked":["alterego_mod:MagicResistance","alterego_mod:Stockings","alterego_mod:DeftHands"],"picked":"SKIP","floor":27},{"not_picked":["alterego_mod:Bounce","alterego_mod:GoddessCore"],"picked":"alterego_mod:Birthday","floor":28},{"not_picked":["alterego_mod:HighServant","alterego_mod:MagicResistance"],"picked":"alterego_mod:Bounce","floor":30},{"not_picked":["alterego_mod:SakuraPetals","alterego_mod:PerceptionDisorder"],"picked":"alterego_mod:MagicResistance+1","floor":30},{"not_picked":["alterego_mod:Rip+1","alterego_mod:Birthday"],"picked":"alterego_mod:DiscoLights+1","floor":30},{"not_picked":["alterego_mod:PurpleHair+1","alterego_mod:Rake"],"picked":"alterego_mod:Nekomimi","floor":30},{"not_picked":["alterego_mod:Tantrum","alterego_mod:Maid"],"picked":"alterego_mod:Complex","floor":30},{"not_picked":["alterego_mod:Palingenesis","alterego_mod:AlterEgo"],"picked":"alterego_mod:Tantrum","floor":33},{"not_picked":["alterego_mod:Clap+1","alterego_mod:Skirt","alterego_mod:HighServant+1"],"picked":"SKIP","floor":35},{"not_picked":["alterego_mod:GoddessCore","alterego_mod:1TonWallop","alterego_mod:Cycle+1"],"picked":"SKIP","floor":36},{"not_picked":["alterego_mod:Maid+1","alterego_mod:Collar"],"picked":"alterego_mod:Cooking+1","floor":39},{"not_picked":["alterego_mod:Jiggle+1","alterego_mod:PerceptionDisorder+1"],"picked":"alterego_mod:Mirror+1","floor":44},{"not_picked":["alterego_mod:Swimsuit+1","alterego_mod:Skirt+1"],"picked":"alterego_mod:BiFurious+1","floor":45},{"not_picked":["alterego_mod:Maid+1","alterego_mod:Skirt+1"],"picked":"alterego_mod:Smother","floor":46},{"not_picked":["alterego_mod:Alter","alterego_mod:SakuraLabyrinth","alterego_mod:Bloomers"],"picked":"SKIP","floor":48},{"not_picked":["RobotSpaceExplorer:ImprovisedAttack+1","Magicka:RainCard"],"picked":"FlurryOfBlows","floor":54}],"player_experience":121263,"relics_obtained":[{"floor":6.0,"key":"Ancient Tea Set"},{"floor":9.0,"key":"Happy Flower"},{"floor":26,"key":"Whetstone"},{"floor":48,"key":"hubris:SphereOfDissonance"},{"floor":54,"key":"hubris:MysteriousPyramids"}],"event_choices":[{"damage_healed":0.0,"max_hp_gain":0.0,"max_hp_loss":0.0,"gold_gain":0.0,"event_name":"Living Wall","player_choice":"Grow","floor":12.0,"gold_loss":0.0,"damage_taken":0.0,"cards_upgraded":["alterego_mod:BigMeatyClaws"]},{"damage_healed":0,"gold_gain":0,"player_choice":"Simplicity","damage_taken":0,"max_hp_gain":0,"max_hp_loss":3,"event_name":"betterThird:BetterWriting","floor":31,"gold_loss":0},{"damage_healed":0,"gold_gain":0,"player_choice":"Bought 0 Potions","damage_taken":0,"max_hp_gain":0,"max_hp_loss":0,"event_name":"The Woman in Blue","floor":38,"gold_loss":0},{"damage_healed":0,"gold_gain":0,"player_choice":"Ignored","damage_taken":0,"max_hp_gain":0,"max_hp_loss":0,"event_name":"Tomb of Lord Red Mask","floor":47,"gold_loss":0}],"is_beta":false,"boss_relics":[{"not_picked":["Snecko Eye","hubris:ScarierMask"],"picked":"vexMod:MysteryBossChallenge"},{"not_picked":["hubris:RunicObelisk","Runic Pyramid"],"picked":"SlaversCollar"}],"items_purged_floors":[11,11,20,20,30,37,41,53,53],"is_endless":false,"potions_floor_spawned":[4,7,14,16,18,21,24,28,33,39,45,46,48],"ascension_level":0}}