{"host":"e1zuqie93klo2ncl","time":1608026912,"event":{"mods":["AchievementEnabler","BaseMod","Minty Spire (QoL Compilation)","Relic Stats","StSLib"],"gold_per_floor":[113,163,177,177,201,201,250,250,276,324,324,324,6,28,28,131,131,156,144,144,168,218,218,246,321,321,321,321],"floor_reached":27,"playtime":1114,"items_purged":["Strike_G"],"score":442,"play_id":"37b7e62e-6589-476a-ba85-8e26dfc43e1d","local_time":"20201215100832","is_ascension_mode":true,"campfire_choices":[{"data":"Neutralize","floor":6.0,"key":"SMITH"},{"data":"Deadly Poison","floor":8.0,"key":"SMITH"},{"floor":12.0,"key":"REST"},{"floor":15.0,"key":"REST"},{"floor":23.0,"key":"REST"}],"circlet_count":0,"master_deck":["AscendersBane","Strike_G","Strike_G","Strike_G","Strike_G","Defend_G","Defend_G","Defend_G","Defend_G","Defend_G","Survivor","Neutralize+1","Catalyst+1","Blade Dance","Deadly Poison+1","Dodge and Roll","Bane","Well Laid Plans","Poisoned Stab","Night Terror+1","Bouncing Flask+1","Catalyst+1","Escape Plan+1"],"relics":["Ring of the Snake","Boot","Pen Nib","Golden Idol","CeramicFish","Art of War","Toxic Egg 2","Strange Spoon","Fusion Hammer","Blue Candle","Bag of Preparation"],"acts_visited":["Exordium","TheCity"],"potions_floor_usage":[],"damage_taken":[{"damage":1.0,"enemies":"Cultist","floor":1.0,"turns":5.0},{"damage":0.0,"enemies":"2 Louse","floor":3.0,"turns":3.0},{"damage":4.0,"enemies":"Jaw Worm","floor":5.0,"turns":3.0},{"damage":22.0,"enemies":"3 Sentries","floor":7.0,"turns":12.0},{"damage":26.0,"enemies":"Gremlin Nob","floor":10.0,"turns":4.0},{"damage":21.0,"enemies":"Exordium Thugs","floor":14.0,"turns":5.0},{"damage":20.0,"enemies":"Hexaghost","floor":16.0,"turns":10.0},{"damage":15.0,"enemies":"Shell Parasite","floor":18.0,"turns":4.0},{"damage":12.0,"enemies":"2 Thieves","floor":19.0,"turns":4.0},{"damage":15.0,"enemies":"3 Cultists","floor":21.0,"turns":5.0},{"damage":13,"enemies":"Snake Plant","floor":24,"turns":3},{"damage":12,"enemies":"Centurion and Healer","floor":27,"turns":3}],"seed_played":"6533769126382571009","potions_obtained":[{"floor":1.0,"key":"Block Potion"},{"floor":5.0,"key":"PowerPotion"},{"floor":7.0,"key":"SteroidPotion"},{"floor":16.0,"key":"Ancient Potion"},{"floor":21.0,"key":"FearPotion"}],"is_trial":false,"path_per_floor":["M","T","M","?","M","R","E","R","T","E","?","R","$","M","R","B",null,"M","M","?","M","?","R","M","T","T","M"],"character_chosen":"THE_SILENT","items_purchased":["Well Laid Plans","Strange Spoon"],"campfire_rested":3,"item_purchase_floors":[13,13],"current_hp_per_floor":[58,58,58,58,54,54,32,32,32,6,6,24,24,3,21,1,45,30,18,18,3,3,21,8,8,8,0,0],"gold":321,"neow_bonus":"RANDOM_COMMON_RELIC","is_daily":false,"chose_seed":false,"campfire_upgraded":2,"win_rate":0.0,"timestamp":1608026912,"path_taken":["M","?","?","?","M","R","E","R","T","E","?","R","$","M","R","BOSS","M","M","?","?","?","R","M","?","T","M"],"items_purchased_type":["Card","Relic"],"build_version":"2020-12-13","purchased_purges":1,"victory":false,"max_hp_per_floor":[66,66,66,60,60,60,60,60,60,60,60,60,60,60,60,60,60,60,60,60,60,60,60,60,60,60,60,60],"relic_stats":{"Strange Spoon":[14],"counters":[12,61],"Golden Idol":59,"CeramicFish":72,"Blue Candle":[0],"Pen Nib":[10],"Art of War":[5],"Bag of Preparation":[2],"Boot":[44],"obtain_stats":[{"Strange Spoon":13,"Golden Idol":4,"CeramicFish":7,"Blue Candle":25,"Pen Nib":2,"Fusion Hammer":17,"Art of War":9,"Bag of Preparation":26,"Toxic Egg 2":10,"Boot":0,"Ring of the Snake":0},{"Strange Spoon":5,"Golden Idol":2,"CeramicFish":4,"Blue Candle":11,"Pen Nib":1,"Fusion Hammer":7,"Art of War":4,"Bag of Preparation":11,"Toxic Egg 2":5,"Boot":0,"Ring of the Snake":0},{"Strange Spoon":27,"Golden Idol":8,"CeramicFish":23,"Blue Candle":58,"Pen Nib":5,"Fusion Hammer":42,"Art of War":23,"Bag of Preparation":58,"Toxic Egg 2":27,"Boot":0,"Ring of the Snake":0}],"Ring of the Snake":[24]},"card_choices":[{"not_picked":["Tactician","Outmaneuver"],"picked":"Catalyst","floor":1.0},{"not_picked":["Heel Hook","Acrobatics"],"picked":"Blade Dance","floor":3.0},{"not_picked":["Flying Knee","Cloak And Dagger"],"picked":"Deadly Poison","floor":5.0},{"not_picked":["Escape Plan","Distraction"],"picked":"Dodge and Roll","floor":7.0},{"not_picked":["Dagger Throw","Choke"],"picked":"Bane","floor":10.0},{"not_picked":["After Image","Concentrate+1"],"picked":"Poisoned Stab","floor":14.0},{"not_picked":["Glass Knife","Unload"],"picked":"Night Terror+1","floor":16.0},{"not_picked":["Well Laid Plans","Eviscerate"],"picked":"Bouncing Flask+1","floor":18.0},{"not_picked":["Flechettes","Dagger Spray"],"picked":"Catalyst+1","floor":19.0},{"not_picked":["Riddle With Holes","Blade Dance+1","Heel Hook"],"picked":"SKIP","floor":21.0},{"not_picked":["Tactician+1","Deflect+1"],"picked":"Escape Plan+1","floor":24}],"player_experience":782614,"relics_obtained":[{"floor":2.0,"key":"Pen Nib"},{"floor":7.0,"key":"CeramicFish"},{"floor":9.0,"key":"Art of War"},{"floor":10.0,"key":"Toxic Egg 2"},{"floor":25,"key":"Blue Candle"},{"floor":26,"key":"Bag of Preparation"}],"event_choices":[{"damage_healed":0.0,"max_hp_gain":0.0,"max_hp_loss":6.0,"gold_gain":0.0,"event_name":"Golden Idol","player_choice":"Lose Max HP","floor":4.0,"gold_loss":0.0,"damage_taken":0.0,"relics_obtained":["Golden Idol"]},{"damage_healed":0.0,"max_hp_gain":0.0,"max_hp_loss":0.0,"gold_gain":0.0,"event_name":"Dead Adventurer","player_choice":"Searched \u00271\u0027 times","floor":11.0,"gold_loss":0.0,"damage_taken":0.0},{"damage_healed":0.0,"max_hp_gain":0.0,"max_hp_loss":0.0,"gold_gain":0.0,"event_name":"Upgrade Shrine","player_choice":"Upgraded","floor":20.0,"gold_loss":0.0,"damage_taken":0.0,"cards_upgraded":["Catalyst"]},{"damage_healed":0.0,"max_hp_gain":0.0,"max_hp_loss":0.0,"gold_gain":50.0,"event_name":"Nest","player_choice":"Stole From Cult","floor":22.0,"gold_loss":0.0,"damage_taken":0.0}],"is_beta":false,"boss_relics":[{"not_picked":["Ectoplasm","Runic Dome"],"picked":"Fusion Hammer"}],"items_purged_floors":[13],"is_endless":false,"potions_floor_spawned":[1,5,7,16,21],"killed_by":"Centurion and Healer","ascension_level":20}}