{"host":"j06fkfseroga8i8e","time":1608044219,"event":{"mods":["BaseMod","Bestiary","Colored Map","Colored Powertips","Minty Spire (QoL Compilation)","Relic Stats","StSLib"],"gold_per_floor":[112,62,137,153,253,253,288,301,301,328,328,346,373,388,388,388,388],"floor_reached":16,"playtime":363,"items_purged":[],"score":239,"play_id":"ed8b0965-6a10-49d3-b118-fba2360b51c4","local_time":"20201215095659","is_ascension_mode":true,"campfire_choices":[{"data":"Bash","floor":6.0,"key":"SMITH"},{"floor":15,"key":"REST"}],"circlet_count":0,"master_deck":["AscendersBane","Strike_R","Strike_R","Strike_R","Strike_R","Defend_R","Defend_R+1","Defend_R","Defend_R+1","Bash+1","Headbutt","Hemokinesis","Pommel Strike","Pommel Strike","Berserk+1","Inflame","Seeing Red"],"relics":["Burning Blood","NeowsBlessing","Bottled Flame","Letter Opener","MealTicket","War Paint"],"acts_visited":["Exordium"],"potions_floor_usage":[10,13,13],"damage_taken":[{"damage":0.0,"enemies":"Jaw Worm","floor":1.0,"turns":1.0},{"damage":0.0,"enemies":"2 Louse","floor":4.0,"turns":1.0},{"damage":0.0,"enemies":"Lagavulin","floor":7.0,"turns":1.0},{"damage":7,"enemies":"Small Slimes","floor":8,"turns":3},{"damage":45,"enemies":"3 Sentries","floor":10,"turns":7},{"damage":16,"enemies":"Red Slaver","floor":12,"turns":2},{"damage":16,"enemies":"Gremlin Nob","floor":13,"turns":3},{"damage":11,"enemies":"Looter","floor":14,"turns":3},{"damage":38,"enemies":"The Guardian","floor":16,"turns":12}],"seed_played":"-8991305349826649807","potions_obtained":[{"floor":7,"key":"SteroidPotion"},{"floor":8,"key":"ColorlessPotion"},{"floor":10,"key":"Explosive Potion"},{"floor":14,"key":"CultistPotion"}],"is_trial":false,"path_per_floor":["M","?","?","M","?","R","E","M","T","E","?","M","E","M","R","B"],"character_chosen":"IRONCLAD","items_purchased":[],"campfire_rested":1,"item_purchase_floors":[],"current_hp_per_floor":[78,78,67,73,73,73,79,78,78,39,39,29,19,14,38,0,0],"gold":388,"neow_bonus":"THREE_ENEMY_KILL","is_daily":false,"chose_seed":false,"campfire_upgraded":1,"win_rate":0.0,"timestamp":1608044219,"path_taken":["M","?","?","M","?","R","E","?","T","E","?","?","E","M","R","BOSS"],"items_purchased_type":[],"build_version":"2020-12-13","purchased_purges":0,"victory":false,"max_hp_per_floor":[80,80,80,80,80,80,80,80,80,80,80,80,80,80,80,80,80],"relic_stats":{"counters":[9,33],"MealTicket":0,"Letter Opener":[5],"War Paint":["Defend_R","Defend_R"],"obtain_stats":[{"Bottled Flame":7,"NeowsBlessing":0,"MealTicket":10,"Letter Opener":9,"War Paint":13,"Burning Blood":0},{"Bottled Flame":3,"NeowsBlessing":0,"MealTicket":5,"Letter Opener":4,"War Paint":7,"Burning Blood":0},{"Bottled Flame":3,"NeowsBlessing":0,"MealTicket":13,"Letter Opener":6,"War Paint":18,"Burning Blood":0}],"Burning Blood":48},"card_choices":[{"not_picked":["Armaments","Sword Boomerang"],"picked":"Headbutt","floor":1.0},{"not_picked":["Entrench","Flame Barrier"],"picked":"Hemokinesis","floor":4.0},{"not_picked":["Intimidate","Iron Wave"],"picked":"Pommel Strike","floor":7},{"not_picked":["Dropkick","True Grit"],"picked":"Pommel Strike","floor":8},{"not_picked":["Flex","Brutality"],"picked":"Berserk","floor":10},{"not_picked":["True Grit","Twin Strike"],"picked":"Inflame","floor":12},{"not_picked":["Havoc","Perfected Strike","Pommel Strike"],"picked":"SKIP","floor":13},{"not_picked":["Heavy Blade","Anger"],"picked":"Seeing Red","floor":14}],"player_experience":521770,"relics_obtained":[{"floor":7,"key":"Bottled Flame"},{"floor":9,"key":"Letter Opener"},{"floor":10,"key":"MealTicket"},{"floor":13,"key":"War Paint"}],"event_choices":[{"cards_removed":["Strike_R"],"damage_healed":0.0,"max_hp_gain":0.0,"max_hp_loss":0.0,"gold_gain":0.0,"event_name":"The Cleric","player_choice":"Card Removal","floor":2.0,"gold_loss":50.0,"damage_taken":0.0},{"damage_healed":0.0,"max_hp_gain":0.0,"max_hp_loss":0.0,"gold_gain":75.0,"event_name":"World of Goop","player_choice":"Gather Gold","floor":3.0,"gold_loss":0.0,"damage_taken":11.0},{"damage_healed":0.0,"max_hp_gain":0.0,"max_hp_loss":0.0,"gold_gain":100.0,"event_name":"Golden Shrine","player_choice":"Pray","floor":5.0,"gold_loss":0.0,"damage_taken":0.0},{"damage_healed":0,"gold_gain":0,"player_choice":"Forge","damage_taken":0,"max_hp_gain":0,"max_hp_loss":0,"event_name":"Accursed Blacksmith","floor":11,"gold_loss":0,"cards_upgraded":["Berserk"]}],"is_beta":false,"boss_relics":[],"items_purged_floors":[],"is_endless":false,"potions_floor_spawned":[7,8,10,14],"killed_by":"The Guardian","ascension_level":13}}