{"host":"6bsan6hkua32tfq7","time":1608023455,"event":{"mods":["BaseMod","Better Third Choice","Colored Map","Downfall","Highlight Path","Minty Spire (QoL Compilation)","StSLib"],"gold_per_floor":[114,132,145,165,3,3,3,3,3,3,28,40,52,80,92,104,104],"floor_reached":16,"playtime":398,"items_purged":["Defend_G"],"score":200,"play_id":"5536f4e8-9b78-44de-a841-4f757248b930","local_time":"20201215101055","is_ascension_mode":true,"campfire_choices":[{"data":"Catalyst","floor":6,"key":"SMITH"},{"data":"Crippling Poison","floor":8,"key":"SMITH"},{"data":"Well Laid Plans","floor":10,"key":"SMITH"},{"floor":13,"key":"REST"},{"data":"Neutralize","floor":15,"key":"SMITH"}],"circlet_count":0,"master_deck":["AscendersBane","Strike_G","Strike_G","Strike_G","Strike_G","Strike_G","Defend_G","Defend_G","Defend_G","Defend_G","Survivor","Neutralize+1","Well Laid Plans+1","Flying Knee","Backstab","Crippling Poison+1","Catalyst+1","Leg Sweep+1","Terror+1"],"relics":["Ring of the Snake","NeowsBlessing","Toxic Egg 2","MawBank","Molten Egg 2"],"acts_visited":["Exordium"],"potions_floor_usage":[16],"damage_taken":[{"damage":0,"enemies":"Small Slimes","floor":1,"turns":1},{"damage":0,"enemies":"2 Louse","floor":2,"turns":1},{"damage":0,"enemies":"Cultist","floor":3,"turns":1},{"damage":18,"enemies":"3 Louse","floor":4,"turns":5},{"damage":34,"enemies":"Lagavulin","floor":11,"turns":7},{"damage":0,"enemies":"2 Fungi Beasts","floor":14,"turns":2},{"damage":56,"enemies":"Slime Boss","floor":16,"turns":8}],"seed_played":"9006004103394156120","potions_obtained":[{"floor":1,"key":"Dexterity Potion"},{"floor":4,"key":"hexamod:EctoCoolerPotion"}],"is_trial":false,"path_per_floor":["M","M","M","M","$","R","?","R","T","R","E","?","R","M","R","B"],"character_chosen":"THE_SILENT","items_purchased":["Catalyst"],"campfire_rested":1,"item_purchase_floors":[5],"current_hp_per_floor":[59,59,59,41,41,41,63,63,63,63,29,29,48,48,48,0,0],"gold":104,"neow_bonus":"THREE_ENEMY_KILL","is_daily":false,"chose_seed":false,"campfire_upgraded":4,"win_rate":0.0,"timestamp":1608023455,"path_taken":["M","M","M","M","$","R","?","R","T","R","E","?","R","M","R","BOSS"],"items_purchased_type":["Card"],"build_version":"2020-12-13","purchased_purges":1,"victory":false,"max_hp_per_floor":[66,66,66,66,66,66,66,66,66,66,66,66,66,66,66,66,66],"card_choices":[{"not_picked":["Flying Knee","PiercingWail"],"picked":"Well Laid Plans","floor":1},{"not_picked":["Flechettes","Dodge and Roll"],"picked":"Flying Knee","floor":2},{"not_picked":["Outmaneuver","Dash"],"picked":"Backstab","floor":3},{"not_picked":["Concentrate","Catalyst"],"picked":"Crippling Poison","floor":4},{"not_picked":["Distraction+1","Predator"],"picked":"Leg Sweep+1","floor":11},{"not_picked":["Deadly Poison+1","Eviscerate+1"],"picked":"Terror+1","floor":14}],"player_experience":5163521,"relics_obtained":[{"floor":9,"key":"Toxic Egg 2"},{"floor":11,"key":"MawBank"}],"event_choices":[{"damage_healed":22,"gold_gain":0,"player_choice":"Banana","damage_taken":0,"max_hp_gain":0,"max_hp_loss":0,"event_name":"Big Fish","floor":7,"gold_loss":0},{"damage_healed":0,"gold_gain":0,"player_choice":"Gave Potion","damage_taken":0,"relics_obtained":["Molten Egg 2"],"max_hp_gain":0,"max_hp_loss":0,"event_name":"WeMeetAgain","floor":12,"gold_loss":0}],"is_beta":false,"boss_relics":[],"items_purged_floors":[5],"is_endless":false,"potions_floor_spawned":[1,4,11],"killed_by":"Slime Boss","ascension_level":20}}