{"host":"7sy3dyg71hje4mzx","time":1608024313,"event":{"mods":["BaseMod","Minty Spire (QoL Compilation)","StSLib"],"gold_per_floor":[117,137,155,168,26,54,66,104,143,170,182,144,182,194,206,317,329,354,376,334,353,367,367,367,378,378,378,378,378,393,403,403,403,403],"floor_reached":33,"playtime":1677,"items_purged":[],"score":322,"play_id":"9cac4959-edf8-4133-94fc-418d1d3034a6","local_time":"20201215202513","is_ascension_mode":true,"campfire_choices":[{"data":"Deadly Poison","floor":7,"key":"SMITH"},{"floor":11,"key":"REST"},{"floor":15,"key":"REST"},{"floor":23,"key":"REST"},{"floor":27,"key":"REST"},{"floor":32,"key":"REST"}],"circlet_count":0,"master_deck":["Strike_G","Strike_G","Strike_G","Defend_G","Defend_G","Defend_G","Defend_G","Defend_G","Survivor","Neutralize+1","Footwork","Deadly Poison","Deadly Poison+1","Blade Dance","Bullet Time","Underhanded Strike","Deadly Poison","Footwork","Corpse Explosion","Catalyst+1","Deadly Poison","Bouncing Flask+1","Choke","Outmaneuver+1"],"relics":["Ring of the Snake","MawBank","Odd Mushroom","Juzu Bracelet","Singing Bowl","Runic Pyramid","InkBottle"],"acts_visited":["Exordium","TheCity"],"potions_floor_usage":[13,13,16,22,22,33],"damage_taken":[{"damage":0,"enemies":"Cultist","floor":1,"turns":4},{"damage":1,"enemies":"Small Slimes","floor":2,"turns":5},{"damage":1,"enemies":"Jaw Worm","floor":3,"turns":5},{"damage":4,"enemies":"Exordium Thugs","floor":4,"turns":5},{"damage":13,"enemies":"Lagavulin","floor":6,"turns":8},{"damage":6,"enemies":"The Mushroom Lair","floor":8,"turns":5},{"damage":3,"enemies":"Large Slime","floor":10,"turns":7},{"damage":27,"enemies":"3 Sentries","floor":13,"turns":12},{"damage":25,"enemies":"Slime Boss","floor":16,"turns":14},{"damage":20,"enemies":"Spheric Guardian","floor":18,"turns":5},{"damage":20,"enemies":"2 Thieves","floor":19,"turns":2},{"damage":1,"enemies":"Snecko","floor":21,"turns":3},{"damage":1,"enemies":"Cultist and Chosen","floor":22,"turns":6},{"damage":33,"enemies":"Sentry and Sphere","floor":25,"turns":6},{"damage":5,"enemies":"Centurion and Healer","floor":30,"turns":3},{"damage":4,"enemies":"3 Cultists","floor":31,"turns":4},{"damage":60,"enemies":"Collector","floor":33,"turns":8}],"seed_played":"-6743720382813353564","potions_obtained":[{"floor":1,"key":"PowerPotion"},{"floor":2,"key":"ColorlessPotion"},{"floor":8,"key":"Strength Potion"},{"floor":13,"key":"PowerPotion"},{"floor":18,"key":"Fruit Juice"},{"floor":19,"key":"SkillPotion"}],"is_trial":false,"path_per_floor":["M","M","M","M","$","E","R","?","T","M","R","?","E","T","R","B",null,"M","M","$","M","M","R","?","M","T","R","?","?","M","M","R","B"],"character_chosen":"THE_SILENT","items_purchased":["Bullet Time","Deadly Poison"],"campfire_rested":5,"item_purchase_floors":[5,20],"current_hp_per_floor":[70,69,68,64,64,51,51,45,45,42,63,63,36,36,57,32,70,50,32,32,33,39,63,48,15,15,40,40,40,35,33,59,0,0],"gold":403,"neow_bonus":"UPGRADE_CARD","is_daily":false,"chose_seed":false,"campfire_upgraded":1,"win_rate":0.0,"timestamp":1608024313,"path_taken":["M","M","M","M","$","E","R","?","T","M","R","?","E","?","R","BOSS","M","M","$","M","M","R","?","M","T","R","?","?","M","M","R","BOSS"],"items_purchased_type":["Card","Card"],"build_version":"2020-12-13","purchased_purges":0,"victory":false,"max_hp_per_floor":[70,70,70,70,70,70,70,70,70,70,70,70,70,70,70,70,70,70,72,72,74,81,81,86,86,86,86,86,86,86,88,88,88,88],"card_choices":[{"not_picked":["Blade Dance","PiercingWail"],"picked":"Footwork","floor":1},{"not_picked":["Backflip","Caltrops"],"picked":"Deadly Poison","floor":2},{"not_picked":["Sucker Punch","Bane"],"picked":"Deadly Poison","floor":3},{"not_picked":["Dodge and Roll","Acrobatics"],"picked":"Blade Dance","floor":4},{"not_picked":["Backflip","Sucker Punch","Dash"],"picked":"SKIP","floor":6},{"not_picked":["Quick Slash","Die Die Die"],"picked":"Underhanded Strike","floor":8},{"not_picked":["Escape Plan","Footwork"],"picked":"Deadly Poison","floor":10},{"not_picked":["Acrobatics","Dagger Spray"],"picked":"Footwork","floor":13},{"not_picked":["Storm of Steel","Malaise"],"picked":"Corpse Explosion","floor":16},{"not_picked":["Prepared","Slice"],"picked":"Catalyst","floor":18},{"not_picked":["Expertise","Deflect","Dodge and Roll+1"],"picked":"Singing Bowl","floor":19},{"not_picked":["Masterful Stab","Deflect","Escape Plan"],"picked":"Singing Bowl","floor":21},{"not_picked":["Backstab","Masterful Stab","Deflect"],"picked":"Singing Bowl","floor":22},{"not_picked":["Blur","Leg Sweep+1"],"picked":"Bouncing Flask+1","floor":25},{"not_picked":["Skewer","Slice"],"picked":"Outmaneuver+1","floor":30},{"not_picked":["Slice","Infinite Blades","Storm of Steel"],"picked":"Singing Bowl","floor":31}],"player_experience":124885,"relics_obtained":[{"floor":6,"key":"MawBank"},{"floor":8,"key":"Odd Mushroom"},{"floor":13,"key":"Juzu Bracelet"},{"floor":14,"key":"Singing Bowl"},{"floor":26,"key":"InkBottle"}],"event_choices":[{"damage_healed":0,"gold_gain":0,"player_choice":"Fought Mushrooms","damage_taken":0,"max_hp_gain":0,"max_hp_loss":0,"event_name":"Mushrooms","floor":8,"gold_loss":0},{"cards_removed":["Strike_G"],"damage_healed":0,"gold_gain":0,"player_choice":"Card Removal","damage_taken":0,"max_hp_gain":0,"max_hp_loss":0,"event_name":"The Cleric","floor":12,"gold_loss":50},{"damage_healed":0,"gold_gain":0,"player_choice":"Shed Blood","damage_taken":20,"max_hp_gain":5,"max_hp_loss":0,"event_name":"Forgotten Altar","floor":24,"gold_loss":0},{"damage_healed":0,"gold_gain":0,"player_choice":"Upgraded","damage_taken":0,"max_hp_gain":0,"max_hp_loss":0,"event_name":"Upgrade Shrine","floor":28,"gold_loss":0,"cards_upgraded":["Catalyst"]},{"damage_healed":0,"gold_gain":0,"cards_transformed":["Strike_G"],"player_choice":"Transformed","damage_taken":0,"max_hp_gain":0,"max_hp_loss":0,"event_name":"Transmorgrifier","floor":29,"gold_loss":0,"cards_obtained":["Choke"]}],"is_beta":false,"boss_relics":[{"not_picked":["SlaversCollar","Sozu"],"picked":"Runic Pyramid"}],"items_purged_floors":[],"is_endless":false,"potions_floor_spawned":[1,2,8,13,18,19],"killed_by":"Collector","ascension_level":1}}