{"host":"z6c1sol8rulx2ubz","time":1608066901,"event":{"mods":["AchievementEnabler","Act Like it!","BaseMod","Better Note","Better Third Choice","Downfall","Elementarium","Gold Saver","Hallownest","Hermit","Hubris","Infinite Spire","Jorbs\u0027s Wanderer Trilogy","Minty Spire (QoL Compilation)","Potionbrewer","Quick Restart","Rare Cards Sparkle","Reorder Act Four","StSLib","The Animator","The Bug Knight","The Cursed","The Necromancer","Wandering Minibosses"],"gold_per_floor":[347,361,361,376,376,420,420,445,445,458,497,522,545,327,327,447,447,472,472,461,461,437,370,390,412,412,427,466,466,519,535,535,651,651,678,678,678,678,698,688,723,723,792,792,792,792,832,862,862,847,847,573,573,626,663],"floor_reached":56,"playtime":3604,"items_purged":[],"score":1334,"play_id":"96d94765-178f-4c0e-b091-b68c799821e9","local_time":"20201215211501","is_ascension_mode":false,"campfire_choices":[{"floor":7,"key":"REST"},{"floor":15,"key":"REST"},{"floor":32,"key":"REST"},{"floor":42,"key":"RECALL"},{"data":"hubris:DuctTapeCard","floor":45,"key":"SMITH"},{"data":"potionbrewer:PotentialEnergy","floor":49,"key":"SMITH"},{"data":"hubris:InfiniteBlow+5","floor":53,"key":"SMITH"}],"circlet_count":0,"master_deck":["potionbrewer:PotionbrewerStrike","potionbrewer:PotionbrewerStrike","potionbrewer:PotionbrewerDefend","potionbrewer:PotionbrewerDefend","potionbrewer:PotionbrewerDefend","potionbrewer:Collect","potionbrewer:ChemicalSpill","potionbrewer:FlareUp","potionbrewer:MicrobeSpray","potionbrewer:Refill","potionbrewer:TestFormula","potionbrewer:Smack","potionbrewer:Contingency","potionbrewer:Fuel","potionbrewer:Shovel","potionbrewer:ResearchResults","potionbrewer:PrivateReserves","potionbrewer:ChemicalShroud","potionbrewer:ResearchResults","CurseOfTheBell","potionbrewer:Smack","infinitespire:SevenWalls","potionbrewer:FlareUp","potionbrewer:Prototype","potionbrewer:CrossReference","potionbrewer:FlareUp","potionbrewer:ChemicalWeapons","potionbrewer:Experimentation+1","infinitespire:Punishment","hubris:InfiniteBlow+6","potionbrewer:ChokingPowder+1","potionbrewer:ChemicalWeapons","hubris:DuctTapeCard+2","potionbrewer:EmptyBottle+1","potionbrewer:PotentialEnergy+1","potionbrewer:ChemicalRage","potionbrewer:Smack","potionbrewer:SpecialFormula"],"relics":["potionbrewer:PotionKit","Golden Idol","Membership Card","Matryoshka","Meat on the Bone","White Beast Statue","Pantograph","Tiny Chest","infinitespire:Lucky Rock","Strange Spoon","Calling Bell","Nunchaku","infinitespire:BottledMercury","hubris:Potato","hubris:RunicObelisk","infinitespire:ShieldingShard","MealTicket","hubris:Reverence","PreservedInsect","Anchor","SlaversCollar","Pen Nib","Juzu Bracelet","hubris:DuctTape","infinitespire:Midas Blood","potionbrewer:BunsenBurner","Incense Burner","Orichalcum","potionbrewer:BottledElixir"],"acts_visited":["Exordium","TheCity","TheBeyond","TheEnding"],"potions_floor_usage":[4,6,6,6,6,8,8,11,11,13,16,16,16,18,18,20,22,22,22,22,23,23,23,23,23,23,23,23,24,24,25,25,27,27,27,28,28,28,31,33,33,33,35,35,35,39,40,40,40,40,41,47,47,48,48,50,50,50,54,54,54,54,55,55,55,55,55,55,55,55],"damage_taken":[{"damage":9,"enemies":"infinitespire:Voidling","floor":1,"turns":4},{"damage":0,"enemies":"Jaw Worm","floor":2,"turns":4},{"damage":1,"enemies":"Cultist","floor":4,"turns":5},{"damage":12,"enemies":"Gremlin Nob","floor":6,"turns":5},{"damage":2,"enemies":"Gremlin Gang","floor":8,"turns":5},{"damage":4,"enemies":"Exordium Wildlife","floor":10,"turns":5},{"damage":22,"enemies":"HollowMod:MossKnight","floor":11,"turns":7},{"damage":4,"enemies":"Large Slime","floor":13,"turns":6},{"damage":9,"enemies":"Hexaghost","floor":16,"turns":11},{"damage":0,"enemies":"Spheric Guardian","floor":18,"turns":3},{"damage":16,"enemies":"2 Thieves","floor":20,"turns":4},{"damage":0,"enemies":"Snecko","floor":22,"turns":7},{"damage":0,"enemies":"Nightmare","floor":23,"turns":8},{"damage":13,"enemies":"Sentry and Sphere","floor":24,"turns":6},{"damage":8,"enemies":"Snake Plant","floor":25,"turns":7},{"damage":0,"enemies":"Cultist and Chosen","floor":27,"turns":8},{"damage":44,"enemies":"Gremlin Leader","floor":28,"turns":7},{"damage":0,"enemies":"Shelled Parasite and Fungi","floor":31,"turns":3},{"damage":43,"enemies":"Champ","floor":33,"turns":15},{"damage":6,"enemies":"Orb Walker","floor":35,"turns":6},{"damage":0,"enemies":"3 Shapes","floor":39,"turns":3},{"damage":15,"enemies":"Nightmare","floor":40,"turns":4},{"damage":0,"enemies":"Jaw Worm Horde","floor":41,"turns":3},{"damage":21,"enemies":"Reptomancer","floor":47,"turns":5},{"damage":0,"enemies":"Spire Growth","floor":48,"turns":4},{"damage":9,"enemies":"Donu and Deca","floor":50,"turns":6},{"damage":36,"enemies":"Shield and Spear","floor":54,"turns":5},{"damage":41,"enemies":"The Heart","floor":55,"turns":8}],"seed_played":"-3220954441363026539","potions_obtained":[{"floor":2,"key":"sneckomod:MuddlingPotion"},{"floor":10,"key":"LiquidMemories"},{"floor":11,"key":"Dexterity Potion"},{"floor":13,"key":"FairyPotion"},{"floor":16,"key":"Block Potion"},{"floor":18,"key":"EssenceOfSteel"},{"floor":20,"key":"PowerPotion"},{"floor":22,"key":"sneckomod:MuddlingPotion"},{"floor":23,"key":"Regen Potion"},{"floor":24,"key":"Energy Potion"},{"floor":25,"key":"Swift Potion"},{"floor":27,"key":"Regen Potion"},{"floor":28,"key":"potionbrewer:HastePotion"},{"floor":31,"key":"Explosive Potion"},{"floor":33,"key":"potionbrewer:MidasPotion"},{"floor":35,"key":"champ:CounterPotion"},{"floor":39,"key":"Guardian:BlockOnCardUsePotion"},{"floor":40,"key":"Fire Potion"},{"floor":41,"key":"ColorlessPotion"},{"floor":47,"key":"potionbrewer:AcidPotion"},{"floor":48,"key":"LiquidMemories"},{"floor":54,"key":"FearPotion"},{"floor":55,"key":"Explosive Potion"}],"is_trial":false,"path_per_floor":["M","M","?","M","$","E","R","M","T","M","E","T","M","$","R","B",null,"M","?","M","AVR","M","NM","M","M","T","M","E","?","T","M","R","B",null,"M","?","?","AVR","M","NM","M","R","T","?","R","T","E","M","R","B",null,"$","R","E","B",null],"character_chosen":"POTIONBREWER","items_purchased":["Membership Card","Matryoshka","Strange Spoon","potionbrewer:ResearchResults","potionbrewer:PrivateReserves","potionbrewer:ChemicalShroud","Incense Burner","Orichalcum","potionbrewer:ChemicalRage","potionbrewer:Smack"],"campfire_rested":3,"item_purchase_floors":[5,5,14,14,14,14,52,52,52,52],"current_hp_per_floor":[59,59,42,41,15,3,23,33,33,41,31,31,39,39,59,59,68,68,68,52,52,52,52,54,46,46,46,29,29,29,41,61,37,68,62,45,45,45,45,42,42,42,42,78,78,78,57,57,57,69,78,78,78,42,38],"gold":663,"neow_bonus":"TRANSFORM_TWO_CARDS","is_daily":false,"chose_seed":false,"campfire_upgraded":3,"win_rate":0.0,"timestamp":1608066901,"path_taken":["M","?","?","M","?","E","R","M","T","M","E","?","?","$","R","BOSS","M","?","M","AVR","M","NM","M","M","T","M","E","?","?","M","R","BOSS","M","?","?","AVR","M","NM","M","R","T","?","R","?","E","M","R","BOSS","$","R","E","BOSS"],"items_purchased_type":["Relic","Relic","Relic","Card","Card","Card","Relic","Relic","Card","Card"],"build_version":"2020-12-13","purchased_purges":0,"victory":true,"max_hp_per_floor":[68,68,68,68,68,68,68,68,68,68,68,68,68,68,68,68,68,68,68,68,68,68,68,68,68,68,68,68,68,68,68,68,68,68,68,68,68,68,68,68,68,68,68,78,78,78,78,78,78,78,78,78,78,78,78],"card_choices":[{"not_picked":["potionbrewer:FortifiedSerum","potionbrewer:Backhand"],"picked":"potionbrewer:Refill","floor":1},{"not_picked":["potionbrewer:AcidCloud","potionbrewer:Spark"],"picked":"potionbrewer:TestFormula","floor":2},{"not_picked":["potionbrewer:OneTwoPunch","potionbrewer:FlashPowder"],"picked":"potionbrewer:Smack","floor":4},{"not_picked":["potionbrewer:IronHeart","potionbrewer:DigDeep"],"picked":"potionbrewer:Contingency","floor":6},{"not_picked":["potionbrewer:IronFist","potionbrewer:FlashPowder","potionbrewer:Contingency"],"picked":"SKIP","floor":8},{"not_picked":["potionbrewer:Refill","potionbrewer:BlindingSpray"],"picked":"potionbrewer:Fuel","floor":10},{"not_picked":["potionbrewer:FlashPowder","potionbrewer:CausticBarrier"],"picked":"potionbrewer:Hoarder","floor":11},{"not_picked":["potionbrewer:Discombobulate","potionbrewer:WizBang","potionbrewer:Prototype"],"picked":"potionbrewer:Shovel","floor":13},{"not_picked":["potionbrewer:EquivalentExchange","potionbrewer:Hoarder","potionbrewer:Prototype"],"picked":"potionbrewer:ResearchResults","floor":16},{"not_picked":["potionbrewer:Fuel","potionbrewer:ExothermicReaction+1","potionbrewer:Prototype"],"picked":"potionbrewer:Smack","floor":18},{"not_picked":["potionbrewer:BlindingMist","potionbrewer:Contingency","potionbrewer:Prototype"],"picked":"potionbrewer:Bribery","floor":20},{"not_picked":["potionbrewer:PortableLab","potionbrewer:FortifiedSerum","potionbrewer:IronHeart","potionbrewer:Prototype"],"picked":"SKIP","floor":22},{"not_picked":["potionbrewer:Brandish+1","potionbrewer:DigDeep","potionbrewer:Biohazard","potionbrewer:Prototype"],"picked":"SKIP","floor":23},{"not_picked":["potionbrewer:OneTwoPunch","potionbrewer:CausticBarrier","potionbrewer:Prototype"],"picked":"potionbrewer:FlareUp","floor":24},{"not_picked":["potionbrewer:DigDeep","potionbrewer:ExothermicReaction","potionbrewer:FortifiedSerum+1"],"picked":"potionbrewer:Prototype","floor":25},{"not_picked":["potionbrewer:FortifiedSerum","potionbrewer:MicrobeSpray","potionbrewer:Biohazard+1","potionbrewer:Prototype"],"picked":"SKIP","floor":27},{"not_picked":["potionbrewer:ChemicalShroud","potionbrewer:Contingency","potionbrewer:Prototype"],"picked":"potionbrewer:CrossReference","floor":28},{"not_picked":["potionbrewer:Refill+1","potionbrewer:Shovel","potionbrewer:Prototype"],"picked":"potionbrewer:ChemicalWeapons","floor":31},{"not_picked":["potionbrewer:ResearchResults","potionbrewer:EquivalentExchange","potionbrewer:Prototype"],"picked":"potionbrewer:AlchemistForm","floor":33},{"not_picked":["potionbrewer:ExothermicReaction","potionbrewer:Refill+1","potionbrewer:Prototype"],"picked":"potionbrewer:Experimentation+1","floor":35},{"not_picked":["infinitespire:Execution","infinitespire:Fortify"],"picked":"infinitespire:Punishment","floor":36},{"not_picked":["potionbrewer:UnstableFormula","potionbrewer:Smokescreen","potionbrewer:Prototype"],"picked":"potionbrewer:ChokingPowder+1","floor":39},{"not_picked":["potionbrewer:ExothermicReaction","potionbrewer:IronFist","potionbrewer:IronHeart","potionbrewer:Prototype"],"picked":"SKIP","floor":40},{"not_picked":["potionbrewer:Brandish+1","potionbrewer:Spark","potionbrewer:Prototype"],"picked":"potionbrewer:ChemicalWeapons","floor":41},{"not_picked":["potionbrewer:IronFist","potionbrewer:MicrobeSpray+1","potionbrewer:Prototype"],"picked":"potionbrewer:EmptyBottle+1","floor":47},{"not_picked":["potionbrewer:FuelCell+1","potionbrewer:IronFist+1","potionbrewer:Prototype"],"picked":"potionbrewer:PotentialEnergy","floor":48},{"not_picked":["potionbrewer:FuelCell+1","potionbrewer:ExothermicReaction+1","potionbrewer:Smokescreen+1","potionbrewer:Prototype"],"picked":"SKIP","floor":54},{"not_picked":["potionbrewer:RefinedProcess","potionbrewer:AlchemistForm"],"picked":"potionbrewer:SpecialFormula","floor":55}],"player_experience":240334,"relics_obtained":[{"floor":6,"key":"Meat on the Bone"},{"floor":9,"key":"White Beast Statue"},{"floor":11,"key":"Pantograph"},{"floor":12,"key":"Tiny Chest"},{"floor":12,"key":"infinitespire:Lucky Rock"},{"floor":17,"key":"Nunchaku"},{"floor":17,"key":"infinitespire:BottledMercury"},{"floor":17,"key":"hubris:Potato"},{"floor":23,"key":"MealTicket"},{"floor":26,"key":"hubris:Reverence"},{"floor":28,"key":"PreservedInsect"},{"floor":30,"key":"Anchor"},{"floor":40,"key":"Juzu Bracelet"},{"floor":43,"key":"hubris:DuctTape"},{"floor":46,"key":"infinitespire:Midas Blood"},{"floor":47,"key":"potionbrewer:BunsenBurner"},{"floor":54,"key":"potionbrewer:BottledElixir"}],"event_choices":[{"damage_healed":0,"gold_gain":0,"player_choice":"Take Damage","damage_taken":17,"relics_obtained":["Golden Idol"],"max_hp_gain":0,"max_hp_loss":0,"event_name":"Golden Idol","floor":3,"gold_loss":0},{"cards_removed":["potionbrewer:PotionbrewerStrike"],"damage_healed":0,"gold_gain":0,"player_choice":"Purged","damage_taken":0,"max_hp_gain":0,"max_hp_loss":0,"event_name":"Purifier","floor":19,"gold_loss":0},{"damage_healed":0,"gold_gain":0,"player_choice":"Copied","damage_taken":0,"max_hp_gain":0,"max_hp_loss":0,"event_name":"Duplicator","floor":29,"gold_loss":0,"cards_obtained":["potionbrewer:FlareUp"]},{"damage_healed":0,"gold_gain":0,"player_choice":"Ignored","damage_taken":0,"max_hp_gain":0,"max_hp_loss":0,"event_name":"Tomb of Lord Red Mask","floor":37,"gold_loss":0},{"cards_removed":["potionbrewer:Hoarder"],"damage_healed":26,"gold_gain":0,"player_choice":"Offered Rare","damage_taken":0,"max_hp_gain":10,"max_hp_loss":0,"event_name":"Bonfire Elementals","floor":44,"gold_loss":0}],"is_beta":false,"boss_relics":[{"not_picked":["hubris:Backtick","Tiny House"],"picked":"Calling Bell"},{"not_picked":["hubris:Stopwatch","Runic Dome"],"picked":"SlaversCollar"}],"items_purged_floors":[],"is_endless":true,"potions_floor_spawned":[2,10,11,13,16,18,20,22,23,24,25,27,28,31,33,35,39,40,41,47,48,54,55],"ascension_level":0}}