{"host":"jm9833yuloeli2yd","time":1608076009,"event":{"mods":["AchievementEnabler","BaseMod","Better Altar","Better Match","Better Note","Better Sensory Stone","Better Skull","Better Vampires","Colored Map","Colored Powertips","DeckTracker","Minty Spire (QoL Compilation)","Permanent Neow","Quick Restart","Replay The Spire","StSLib","SuperFastMode"],"gold_per_floor":[212,225,18,18,31,31,63,63,63,82,82,82,82,113,113,190,190,209,38,38,40,40,40,40],"floor_reached":23,"playtime":664,"items_purged":[],"score":394,"play_id":"352f68be-5d57-40db-b2a6-5ffcd3662f1e","local_time":"20201215184649","is_ascension_mode":true,"campfire_choices":[{"data":"Loop","floor":6.0,"key":"SMITH"},{"data":"Zap","floor":11.0,"key":"SMITH"},{"floor":13.0,"key":"REST"},{"data":"Barrage","floor":15.0,"key":"SMITH"}],"circlet_count":0,"master_deck":["AscendersBane","Strike_B","Strike_B","Defend_B","Defend_B","Defend_B","Defend_B","Zap+1","Dualcast","Streamline","Barrage+1","Electrodynamics","Loop+1","Panic Button","Conserve Battery","Double Energy","Meteor Strike","Panic Button","Capacitor","Flash of Steel","Mirror Shield","Recycle","Capacitor+1"],"relics":["Cracked Core","Mirror","Garlic","Replay:Bottled Flurry","Boot","Gremlin Horn","Nuclear Battery"],"acts_visited":["Exordium","TheCity"],"potions_floor_usage":[],"damage_taken":[{"damage":1.0,"enemies":"Cultist","floor":1.0,"turns":3.0},{"damage":7.0,"enemies":"Jaw Worm","floor":2.0,"turns":3.0},{"damage":0.0,"enemies":"Small Slimes","floor":5.0,"turns":2.0},{"damage":14.0,"enemies":"Lagavulin","floor":7.0,"turns":7.0},{"damage":0.0,"enemies":"2 Fungi Beasts","floor":10.0,"turns":2.0},{"damage":2.0,"enemies":"3 Sentries","floor":14.0,"turns":2.0},{"damage":18.0,"enemies":"Fading Forest","floor":16.0,"turns":13.0},{"damage":4.0,"enemies":"Spheric Guardian","floor":18.0,"turns":3.0},{"damage":30.0,"enemies":"2 Thieves","floor":21.0,"turns":4.0},{"damage":39,"enemies":"Gremlin Leader","floor":23,"turns":4}],"seed_played":"1457701837626252750","potions_obtained":[{"floor":2.0,"key":"SkillPotion"},{"floor":7.0,"key":"FocusPotion"},{"floor":16.0,"key":"Ancient Potion"}],"is_trial":false,"path_per_floor":["M","M","$","$","M","R","E","T","T","M","R","?","R","E","R","B",null,"M","$","?","M","$","E"],"character_chosen":"DEFECT","items_purchased":["Electrodynamics","Fire Potion","Capacitor","Flash of Steel"],"campfire_rested":1,"item_purchase_floors":[3,3,19,19],"current_hp_per_floor":[63,56,56,56,56,56,42,42,42,42,42,24,45,43,43,33,62,58,58,58,28,28,0,0],"gold":40,"neow_bonus":"HUNDRED_GOLD","is_daily":false,"chose_seed":false,"campfire_upgraded":3,"win_rate":0.0,"timestamp":1608076009,"path_taken":["M","M","?","$","M","R","E","?","T","?","R","?","R","E","R","BOSS","M","?","?","M","$","E"],"items_purchased_type":["Card","Potion","Card","Card"],"build_version":"2020-12-13","purchased_purges":0,"victory":false,"max_hp_per_floor":[71,71,71,71,71,71,71,71,71,71,71,71,71,71,71,71,71,71,71,71,71,71,71,71],"card_choices":[{"not_picked":["ReplayTheSpireMod:Calculation Training","Hologram"],"picked":"Streamline","floor":1.0},{"not_picked":["Tempest","ReplaySolidLightProjector"],"picked":"Barrage","floor":2.0},{"not_picked":["Stack","Steam"],"picked":"Loop","floor":5.0},{"not_picked":["Streamline","Doom and Gloom"],"picked":"Panic Button","floor":7.0},{"not_picked":["Gash","Coolheaded"],"picked":"Conserve Battery","floor":10.0},{"not_picked":["Undo","Doom and Gloom"],"picked":"Double Energy","floor":14.0},{"not_picked":["Amplify","Seek"],"picked":"Meteor Strike","floor":16.0},{"not_picked":["Reprogram","Sweeping Beam"],"picked":"Panic Button","floor":18.0},{"not_picked":["Cold Snap","Chaos"],"picked":"Capacitor+1","floor":21.0}],"player_experience":1088051,"relics_obtained":[{"floor":7.0,"key":"Mirror"},{"floor":8.0,"key":"Garlic"},{"floor":9.0,"key":"Replay:Bottled Flurry"},{"floor":14.0,"key":"Gremlin Horn"}],"event_choices":[{"damage_healed":0.0,"max_hp_gain":0.0,"max_hp_loss":0.0,"gold_gain":0.0,"event_name":"betterSkull:BetterSkull","player_choice":"RE ","floor":12.0,"gold_loss":0.0,"damage_taken":20.0,"cards_upgraded":[],"relics_obtained":["Boot"]},{"damage_healed":0.0,"max_hp_gain":0.0,"max_hp_loss":0.0,"gold_gain":0.0,"cards_transformed":["Strike_B","Strike_B"],"event_name":"Drug Dealer","player_choice":"Became Test Subject","floor":20.0,"gold_loss":0.0,"damage_taken":0.0,"cards_obtained":["Mirror Shield","Recycle"]}],"is_beta":false,"boss_relics":[{"not_picked":["Pandora\u0027s Box","Painkiller Herb"],"picked":"Nuclear Battery"}],"items_purged_floors":[],"is_endless":false,"potions_floor_spawned":[2,5,7,16],"killed_by":"Gremlin Leader","ascension_level":20}}