{"host":"5gc11emcm5chfr5t","time":1608054499,"event":{"mods":["2.2 Compatiblity","AchievementEnabler","BaseMod","Bestiary","Better Note","Colored Map","Colored Powertips","Downfall","Googly Eyes","Minty Spire (QoL Compilation)","Rare Cards Sparkle","StSLib"],"gold_per_floor":[99,99,24,57,57,57,57,57,57,87,87,104,122,122,142,237,237,162,262,291,130,158,176,176,176,176,176,176,176,176,186,204,300,300,225,249,249,281,281,281,281,281,316,316,335,351,351,370,388,388],"floor_reached":51,"playtime":1829,"items_purged":[],"score":1086,"play_id":"ab0f662c-8b15-4a40-8a12-b498a92ac4ab","local_time":"20201215124819","is_ascension_mode":true,"campfire_choices":[{"floor":1,"key":"RECALL"},{"data":"sneckomod:Unknown","floor":3,"key":"SMITH"},{"data":"sneckomod:TailWhip","floor":5,"key":"SMITH"},{"data":"sneckomod:UnknownClassRED","floor":8,"key":"SMITH"},{"data":"sneckomod:UnknownRareSkill","floor":18,"key":"SMITH"},{"data":"sneckomod:DiceBoulder","floor":25,"key":"SMITH"},{"floor":27,"key":"REST"},{"data":"sneckomod:DiceBoulder+1","floor":35,"key":"SMITH"},{"data":"sneckomod:DiceBoulder+2","floor":37,"key":"SMITH"},{"floor":40,"key":"REST"},{"floor":44,"key":"REST"}],"circlet_count":0,"master_deck":["sneckomod:Strike","sneckomod:Defend","sneckomod:Defend+1","sneckomod:TailWhip+1","sneckomod:SnekBite+1","sneckomod:Unknown+1","sneckomod:Unknown+1","sneckomod:SoulCleanse","sneckomod:UnknownClassRED+1","sneckomod:UnknownWeak","sneckomod:DiceBoulder+3","sneckomod:QuickMove","sneckomod:UnknownCommonSkill","sneckomod:UnknownRareSkill+1","sneckomod:IronFang+1","sneckomod:UnknownX+1","sneckomod:UnknownVulnerable+1","sneckomod:UnknownWeak","sneckomod:SoulDraw+1","sneckomod:UnknownBlock","RitualDagger+1","sneckomod:UnknownWeak+1","sneckomod:UnknownStrike","sneckomod:UnknownRareSkill","sneckomod:UnknownClassTHE_CHAMP_GRAY+1","sneckomod:SnakeSap","sneckomod:UnknownClassRED","sneckomod:UnknownExhaust","sneckomod:SoulRoll+1","sneckomod:UnknownStrike+1"],"relics":["sneckomod:SneckoSoul","downfall:HeartsMalice","downfall:HeartBlessingRed","Mummified Hand","Omamori","Letter Opener","Astrolabe","downfall:HeartBlessingGreen","PreservedInsect","sneckomod:LoadedDie","Kunai","Frozen Egg 2","Black Star","downfall:HeartBlessingBlue","MealTicket","Centennial Puzzle","White Beast Statue","Red Mask","downfall:RedIOUUpgrade","Ancient Tea Set","Pen Nib","Gremlin Horn"],"acts_visited":["Exordium","TheCity","TheBeyond"],"potions_floor_usage":[10,15,15,16,31,33,33,42,43,46,48,49,49,50,50],"damage_taken":[{"damage":0,"enemies":"downfall:FleeingMerchant","floor":2,"turns":1},{"damage":0,"enemies":"Lagavulin","floor":4,"turns":1},{"damage":0,"enemies":"Cultist","floor":9,"turns":1},{"damage":14,"enemies":"3 Sentries","floor":10,"turns":6},{"damage":0,"enemies":"Jaw Worm","floor":12,"turns":1},{"damage":0,"enemies":"Small Slimes","floor":13,"turns":3},{"damage":0,"enemies":"2 Fungi Beasts","floor":15,"turns":2},{"damage":14,"enemies":"downfall:Silent","floor":16,"turns":6},{"damage":0,"enemies":"Gremlin Leader","floor":20,"turns":6},{"damage":1,"enemies":"downfall:FleeingMerchant","floor":21,"turns":4},{"damage":29,"enemies":"Slavers","floor":22,"turns":3},{"damage":11,"enemies":"Spheric Guardian","floor":23,"turns":3},{"damage":0,"enemies":"3 Byrds","floor":31,"turns":3},{"damage":4,"enemies":"3 Cultists","floor":32,"turns":4},{"damage":43,"enemies":"downfall:Watcher","floor":33,"turns":5},{"damage":49,"enemies":"Giant Head","floor":38,"turns":7},{"damage":0,"enemies":"3 Darklings","floor":42,"turns":2},{"damage":25,"enemies":"Reptomancer","floor":43,"turns":4},{"damage":0,"enemies":"3 Shapes","floor":45,"turns":1},{"damage":8,"enemies":"Sphere and 2 Shapes","floor":46,"turns":5},{"damage":19,"enemies":"Transient","floor":48,"turns":5},{"damage":22,"enemies":"Maw","floor":49,"turns":7},{"damage":0,"enemies":"downfall:Defect","floor":50,"turns":3}],"seed_played":"7236916128072048818","potions_obtained":[{"floor":4,"key":"sneckomod:OffclassReductionPotion"},{"floor":12,"key":"Explosive Potion"},{"floor":13,"key":"sneckomod:MuddlingPotion"},{"floor":15,"key":"Block Potion"},{"floor":16,"key":"Dexterity Potion"},{"floor":23,"key":"SkillPotion"},{"floor":28,"key":"CultistPotion"},{"floor":31,"key":"SkillPotion"},{"floor":33,"key":"SmokeBomb"},{"floor":38,"key":"Fire Potion"},{"floor":43,"key":"DistilledChaos"},{"floor":45,"key":"Guardian:BlockOnCardUsePotion"},{"floor":46,"key":"DistilledChaos"},{"floor":48,"key":"BlessingOfTheForge"},{"floor":49,"key":"Ancient Potion"}],"is_trial":false,"path_per_floor":["R","$","R","E","R","?","T","R","M","E","?","M","M","?","M","B",null,"R","?","E","$","E","M","T","R","?","R","?","?","T","M","M","B",null,"R","?","R","E","?","R","T","M","E","R","M","M","?","M","M","B",null],"character_chosen":"THE_SNECKO","items_purchased":["sneckomod:LoadedDie"],"campfire_rested":3,"item_purchase_floors":[21],"current_hp_per_floor":[90,90,90,91,91,88,88,88,89,75,75,75,75,75,76,63,96,96,96,97,97,68,58,58,58,38,69,69,69,69,70,67,25,107,117,117,117,69,69,104,104,104,79,114,115,108,108,89,68,68],"gold":388,"neow_bonus":"THREE_ENEMY_KILL","is_daily":false,"chose_seed":false,"campfire_upgraded":7,"win_rate":0.0,"timestamp":1608054499,"path_taken":["R","$","R","E","R","?","T","R","M","E","?","M","M","?","M","BOSS","R","?","E","$","E","M","T","R","?","R","?","?","?","?","M","BOSS","R","?","R","E","?","R","T","M","E","R","M","M","?","M","M","BOSS"],"items_purchased_type":["Relic"],"build_version":"2020-12-13","purchased_purges":0,"victory":true,"max_hp_per_floor":[90,90,90,91,91,91,91,91,92,92,92,92,92,92,93,94,96,96,96,97,98,98,99,99,99,104,104,104,104,104,105,106,107,107,117,117,117,118,118,118,118,118,118,118,119,120,120,120,121,121],"card_choices":[{"not_picked":["sneckomod:DefensiveFlair","sneckomod:RainOfDice"],"picked":"sneckomod:SoulCleanse","floor":2},{"not_picked":["sneckomod:DiceCrush","sneckomod:RainOfDice"],"picked":"sneckomod:UnknownClassRED","floor":4},{"not_picked":["sneckomod:UnknownCommonAttack","sneckomod:QuickMove"],"picked":"sneckomod:UnknownWeak","floor":9},{"not_picked":["sneckomod:UnknownVulnerable","sneckomod:UnknownCommonSkill"],"picked":"sneckomod:DiceBoulder","floor":10},{"not_picked":["sneckomod:Rotation","sneckomod:DiceCrush"],"picked":"sneckomod:QuickMove","floor":12},{"not_picked":["sneckomod:WideSting","sneckomod:UnknownWeak"],"picked":"sneckomod:ImprovisedAttack","floor":13},{"not_picked":["sneckomod:UnknownBlock","sneckomod:DefensiveFlair"],"picked":"sneckomod:UnknownCommonSkill","floor":15},{"not_picked":["sneckomod:DangerNoodle","sneckomod:MorePower"],"picked":"sneckomod:UnknownRareSkill","floor":16},{"not_picked":["sneckomod:UnknownBlock","sneckomod:SnakeSap+1"],"picked":"sneckomod:UnknownVulnerable+1","floor":20},{"not_picked":["sneckomod:QuickMove","sneckomod:UnknownBlock"],"picked":"sneckomod:UnknownWeak","floor":21},{"not_picked":["sneckomod:UnknownWeak+1","sneckomod:RainOfDice"],"picked":"sneckomod:SoulDraw+1","floor":22},{"not_picked":["sneckomod:UnknownCommonSkill","sneckomod:DiceCrush"],"picked":"sneckomod:UnknownBlock","floor":23},{"not_picked":["sneckomod:RainOfDice","sneckomod:TrashToTreasure"],"picked":"sneckomod:UnknownWeak+1","floor":31},{"not_picked":["sneckomod:UnknownWeak","sneckomod:WideSting"],"picked":"sneckomod:UnknownStrike","floor":32},{"not_picked":["sneckomod:GlitteringGambit","sneckomod:Cheat"],"picked":"sneckomod:UnknownRareSkill","floor":33},{"not_picked":["sneckomod:UnknownStrike","sneckomod:SoulCleanse+1"],"picked":"sneckomod:UnknownClassTHE_CHAMP_GRAY+1","floor":38},{"not_picked":["sneckomod:MixItUp+1","sneckomod:SoulRoll"],"picked":"sneckomod:SnakeSap","floor":43},{"not_picked":["sneckomod:UnknownCommonSkill","sneckomod:SoulDraw"],"picked":"sneckomod:UnknownClassRED","floor":45},{"not_picked":["sneckomod:UnknownClassBLUE","sneckomod:UnknownBlock"],"picked":"sneckomod:UnknownExhaust","floor":46},{"not_picked":["sneckomod:UnknownWeak","sneckomod:UnknownCommonSkill"],"picked":"sneckomod:SoulRoll+1","floor":48},{"not_picked":["sneckomod:WideSting","sneckomod:DefensiveFlair"],"picked":"sneckomod:UnknownStrike+1","floor":49}],"player_experience":380603,"relics_obtained":[{"floor":4,"key":"Mummified Hand"},{"floor":7,"key":"Letter Opener"},{"floor":10,"key":"Happy Flower"},{"floor":20,"key":"PreservedInsect"},{"floor":22,"key":"Kunai"},{"floor":24,"key":"Frozen Egg 2"},{"floor":36,"key":"MealTicket"},{"floor":38,"key":"Centennial Puzzle"},{"floor":38,"key":"White Beast Statue"},{"floor":41,"key":"Ancient Tea Set"},{"floor":43,"key":"Pen Nib"},{"floor":43,"key":"Gremlin Horn"}],"event_choices":[{"damage_healed":0,"gold_gain":0,"player_choice":"Success","damage_taken":3,"relics_obtained":["Omamori"],"max_hp_gain":0,"max_hp_loss":0,"event_name":"Scrap Ooze","floor":6,"gold_loss":0},{"cards_removed":["sneckomod:UnknownColorless"],"damage_healed":0,"gold_gain":0,"player_choice":"Removed Skill","damage_taken":0,"max_hp_gain":0,"max_hp_loss":0,"event_name":"Falling","floor":47,"gold_loss":0}],"is_beta":false,"boss_relics":[{"not_picked":["Coffee Dripper","Pandora\u0027s Box"],"picked":"Astrolabe"},{"not_picked":["SacredBark","Fusion Hammer"],"picked":"Black Star"}],"items_purged_floors":[],"is_endless":false,"potions_floor_spawned":[4,12,13,15,16,23,31,33,38,42,43,45,46,48,49],"ascension_level":4}}