{"host":"qw1m3zcvi888b4j7","time":1608071958,"event":{"mods":["BaseMod","Block Reminder","Colored Map","Colored Powertips","DeckTracker","Highlight Path","Hubris","Minty Spire (QoL Compilation)","Quick Restart","Rare Cards Sparkle","Relic Sorter","Relic Stats","Replay The Spire","StSLib","The Blue Laboratory","The Cursed"],"gold_per_floor":[111,75,75,3,3,3,3,3,3,3,26,43,63,83,114,126,138,248,260,289,314,338,350,377,389,401,413,541,585,650,662,691,703,740,752,752],"floor_reached":35,"playtime":2585,"items_purged":[],"score":361,"play_id":"c7f336a9-a0cc-4578-bfdd-e12c21f76127","local_time":"20201215233918","is_ascension_mode":true,"campfire_choices":[{"floor":8,"key":"RECALL"},{"floor":10,"key":"REST"},{"floor":17,"key":"REST"},{"data":"Armaments","floor":27,"key":"SMITH"},{"data":"ReplayTheSpireMod:Corrosion Curse","floor":31,"key":"SMITH"}],"circlet_count":0,"master_deck":["Defend_R","Defend_R+1","Defend_R+1","Bash","ReplayTheSpireMod:Stacked","Flex","Flex","Twin Strike","Replay:Undeath\u0027s Touch","Heavy Blade","ReplayTheSpireMod:Muscle Training","Run Through","Fire Breathing","Feed","ReplayTheSpireMod:Strike From Hell+1","Armaments+1","ReplayTheSpireMod:Corrosion Curse+1","Bite","Bite","Bite","Bite","Bite","Inflame","Abandon","Power Through","Rupture","Run Through+1"],"relics":["Burning Blood","hubris:Icosahedron","NeowsBlessing","hubris:EvacipatedBox","hubris:FruitBowl","Orichalcum","Potion Belt","King of Hearts","MawBank","Honey Jar","Replay:Bottled Flurry","Vajra","Simple Rune"],"acts_visited":["Exordium","TheCity"],"potions_floor_usage":[14,14,18,18,24,29,29,29,34,35],"damage_taken":[{"damage":0,"enemies":"Cultist","floor":1,"turns":1},{"damage":0,"enemies":"2 Louse","floor":12,"turns":1},{"damage":0,"enemies":"Jaw Worm","floor":13,"turns":1},{"damage":9,"enemies":"Gremlin Gang","floor":14,"turns":4},{"damage":11,"enemies":"Gremlin Nob","floor":15,"turns":3},{"damage":21,"enemies":"Slime Boss","floor":18,"turns":10},{"damage":7,"enemies":"3 Byrds","floor":20,"turns":5},{"damage":19,"enemies":"Chosen","floor":21,"turns":5},{"damage":43,"enemies":"Sentry and Sphere","floor":22,"turns":6},{"damage":22,"enemies":"Snecko","floor":24,"turns":5},{"damage":14,"enemies":"Chosen and Byrds","floor":28,"turns":5},{"damage":0,"enemies":"Gremlin Leader","floor":29,"turns":4},{"damage":19,"enemies":"Centurion and Healer","floor":32,"turns":6},{"damage":65,"enemies":"Book of Stabbing","floor":34,"turns":7},{"damage":12,"enemies":"Colosseum Slavers","floor":35,"turns":5},{"damage":31,"enemies":"Colosseum Nobs","floor":35,"turns":3}],"seed_played":"-53559584890281230","potions_obtained":[{"floor":1,"key":"SpeedPotion"},{"floor":12,"key":"Energy Potion"},{"floor":18,"key":"Ancient Potion"},{"floor":21,"key":"blueLaboratory:BottleOfRum"},{"floor":24,"key":"Toxic Potion"},{"floor":28,"key":"Explosive Potion"},{"floor":32,"key":"blueLaboratory:FrostheartPotion"},{"floor":34,"key":"blueLaboratory:StoneskinPotion"}],"is_trial":false,"path_per_floor":["M","$","?","$","?","PTL","PTL","R","$","R","T","M","M","M","E","?","R","B",null,"M","M","M","?","M","PTL","PTL","R","M","E","T","R","M","?","E","?"],"character_chosen":"IRONCLAD","items_purchased":["Flex","blueLaboratory:FruitPunch","Twin Strike","hubris:EvacipatedBox","hubris:FruitBowl","Orichalcum","Potion Belt","blueLaboratory:FruitPunch"],"campfire_rested":2,"item_purchase_floors":[2,4,4,9,9,9,9,9],"current_hp_per_floor":[80,80,64,64,64,64,64,64,3,27,27,33,39,42,37,37,62,47,86,89,76,43,43,43,43,43,43,48,61,61,61,54,58,8,0,0],"gold":752,"neow_bonus":"THREE_ENEMY_KILL","is_daily":false,"chose_seed":false,"campfire_upgraded":2,"win_rate":0.0,"timestamp":1608071958,"path_taken":["M","$","?","$","?","PTL","PTL","R","?","R","T","M","M","?","E","?","R","BOSS","M","M","M","?","M","PTL","PTL","R","M","E","T","R","M","?","E","?"],"items_purchased_type":["Card","Potion","Card","Relic","Relic","Relic","Relic","Potion"],"build_version":"2020-12-13","purchased_purges":0,"victory":false,"max_hp_per_floor":[80,80,80,80,80,80,80,80,80,80,80,80,80,86,86,86,86,86,86,90,90,94,51,57,57,57,57,61,61,61,61,61,65,65,69,69],"relic_stats":{"counters":[16,71],"Orichalcum":[150],"MawBank":240,"obtain_stats":[{"Potion Belt":9,"NeowsBlessing":0,"Vajra":30,"hubris:FruitBowl":9,"King of Hearts":11,"Orichalcum":9,"MawBank":15,"Burning Blood":0,"hubris:EvacipatedBox":9,"hubris:Icosahedron":5,"Honey Jar":19,"Simple Rune":34,"Replay:Bottled Flurry":29},{"Potion Belt":1,"NeowsBlessing":0,"Vajra":12,"hubris:FruitBowl":1,"King of Hearts":1,"Orichalcum":1,"MawBank":5,"Burning Blood":0,"hubris:EvacipatedBox":1,"hubris:Icosahedron":1,"Honey Jar":6,"Simple Rune":14,"Replay:Bottled Flurry":12},{"Potion Belt":1,"NeowsBlessing":0,"Vajra":50,"hubris:FruitBowl":1,"King of Hearts":1,"Orichalcum":1,"MawBank":10,"Burning Blood":0,"hubris:EvacipatedBox":1,"hubris:Icosahedron":1,"Honey Jar":20,"Simple Rune":63,"Replay:Bottled Flurry":50}],"Burning Blood":83},"card_choices":[{"not_picked":["Clothesline","Defy Death"],"picked":"ReplayTheSpireMod:Stacked","floor":1},{"not_picked":["Headbutt","Pummel"],"picked":"Replay:Undeath\u0027s Touch","floor":12},{"not_picked":["Clash","Wild Strike"],"picked":"Heavy Blade","floor":13},{"not_picked":["Second Wind","Uppercut"],"picked":"ReplayTheSpireMod:Muscle Training","floor":14},{"not_picked":["Abandon","Rupture"],"picked":"Run Through","floor":15},{"not_picked":["Fiend Fire","hubris:StunningStrike"],"picked":"Feed","floor":18},{"not_picked":["True Grit","Cleave","Headbutt"],"picked":"ReplayTheSpireMod:Strike From Hell+1","floor":20},{"not_picked":["Clash","ReplayTheSpireMod:Strike From Hell","Pummel"],"picked":"Armaments","floor":21},{"not_picked":["ReplayTheSpireMod:Strike From Hell","Flex","Shrug It Off"],"picked":"ReplayTheSpireMod:Corrosion Curse","floor":22},{"not_picked":["Warcry","Wild Strike","Shrug It Off"],"picked":"Inflame","floor":24},{"not_picked":["Ghostly Armor","Clothesline+1","Perfected Strike"],"picked":"Abandon","floor":28},{"not_picked":["Thunderclap","Run Through+1","Clash"],"picked":"Power Through","floor":29},{"not_picked":["Headbutt","Warcry+1","Clothesline+1"],"picked":"Rupture","floor":32},{"not_picked":["Pommel Strike","True Grit","Clash+1"],"picked":"Run Through+1","floor":34}],"player_experience":81936,"relics_obtained":[{"floor":11,"key":"King of Hearts"},{"floor":15,"key":"MawBank"},{"floor":29,"key":"Replay:Bottled Flurry"},{"floor":30,"key":"Vajra"},{"floor":34,"key":"Simple Rune"}],"event_choices":[{"damage_healed":0,"gold_gain":0,"player_choice":"Entered Light","damage_taken":16,"max_hp_gain":0,"max_hp_loss":0,"event_name":"Shining Light","floor":3,"gold_loss":0,"cards_upgraded":["Strike_R","Strike_R"]},{"damage_healed":0,"gold_gain":0,"cards_transformed":["Defend_R"],"player_choice":"Change","damage_taken":0,"max_hp_gain":0,"max_hp_loss":0,"event_name":"Living Wall","floor":16,"gold_loss":0,"cards_obtained":["Fire Breathing"]},{"damage_healed":0,"gold_gain":0,"player_choice":"Became a vampire","damage_taken":0,"max_hp_gain":0,"max_hp_loss":29,"event_name":"Vampires","floor":23,"gold_loss":0,"cards_obtained":["Bite","Bite","Bite","Bite","Bite"]},{"damage_healed":0,"gold_gain":0,"player_choice":"Fight","damage_taken":0,"max_hp_gain":0,"max_hp_loss":0,"event_name":"Colosseum","floor":35,"gold_loss":0},{"damage_healed":0,"gold_gain":0,"player_choice":"Fought Nobs","damage_taken":0,"max_hp_gain":0,"max_hp_loss":0,"event_name":"Colosseum","floor":35,"gold_loss":0}],"is_beta":false,"boss_relics":[{"not_picked":["Philosopher\u0027s Stone","Ooze Armor","Electric Blood"],"picked":"Honey Jar"}],"items_purged_floors":[],"is_endless":false,"potions_floor_spawned":[1,12,18,21,24,28,32,34],"killed_by":"Colosseum Nobs","ascension_level":1}}