{"host":"63jn9lre6xij8k68","time":1608015099,"event":{"mods":["AchievementEnabler","BaseMod","Colored Map","DeckTracker","Minty Spire (QoL Compilation)","StSLib","SuperFastMode"],"gold_per_floor":[112,131,206,221,171,171,184,204,229,37,66,92,106,121,121,226,226,242,260,260,280,280,280,334,334,334],"floor_reached":25,"playtime":633,"items_purged":["Pain"],"score":276,"play_id":"996f7983-1053-4066-96d6-144ae401532f","local_time":"20201215155139","is_ascension_mode":true,"campfire_choices":[{"data":"Hyperbeam","floor":6,"key":"SMITH"},{"data":"Hello World","floor":15,"key":"SMITH"},{"floor":23,"key":"REST"}],"circlet_count":0,"master_deck":["Strike_B","Strike_B","Strike_B","Defend_B","Defend_B","Defend_B","Defend_B","Zap","Dualcast","Reinforced Body","Conserve Battery","Hyperbeam+1","Genetic Algorithm","Skim","Coolheaded","Hello World+1","Turbo","Creative AI","Beam Cell","All For One","CurseOfTheBell","Hologram","Loop","Barrage+1","Clumsy"],"relics":["Cursed Key","Toy Ornithopter","Odd Mushroom","Bag of Preparation","Calling Bell","Tiny Chest","Molten Egg 2","Unceasing Top","Happy Flower"],"acts_visited":["Exordium","TheCity"],"potions_floor_usage":[18,25],"damage_taken":[{"damage":6,"enemies":"2 Louse","floor":1,"turns":3},{"damage":7,"enemies":"Small Slimes","floor":2,"turns":3},{"damage":0,"enemies":"Cultist","floor":4,"turns":4},{"damage":0,"enemies":"2 Fungi Beasts","floor":7,"turns":2},{"damage":1,"enemies":"Red Slaver","floor":8,"turns":5},{"damage":0,"enemies":"The Mushroom Lair","floor":11,"turns":2},{"damage":0,"enemies":"3 Sentries","floor":12,"turns":3},{"damage":0,"enemies":"Looter","floor":13,"turns":2},{"damage":0,"enemies":"Exordium Wildlife","floor":14,"turns":2},{"damage":39,"enemies":"Slime Boss","floor":16,"turns":11},{"damage":17,"enemies":"Chosen","floor":18,"turns":6},{"damage":35,"enemies":"3 Byrds","floor":19,"turns":6},{"damage":7,"enemies":"Snake Plant","floor":21,"turns":3},{"damage":46,"enemies":"Gremlin Leader","floor":25,"turns":4}],"seed_played":"2302011727131321821","potions_obtained":[{"floor":4,"key":"Weak Potion"},{"floor":7,"key":"AttackPotion"},{"floor":8,"key":"Explosive Potion"},{"floor":14,"key":"GamblersBrew"},{"floor":18,"key":"EssenceOfDarkness"},{"floor":22,"key":"PotionOfCapacity"},{"floor":22,"key":"Fire Potion"}],"is_trial":false,"path_per_floor":["M","M","?","M","?","R","M","M","T","$","?","E","M","M","R","B",null,"M","M","?","M","?","R","T","E"],"character_chosen":"DEFECT","items_purchased":["Coolheaded","Hello World"],"campfire_rested":1,"item_purchase_floors":[10,10],"current_hp_per_floor":[69,62,51,51,51,51,51,50,50,50,50,50,50,50,50,11,75,63,28,22,15,15,37,37,0,0],"gold":334,"neow_bonus":"BOSS_RELIC","is_daily":false,"chose_seed":false,"campfire_upgraded":2,"win_rate":0.0,"timestamp":1608015099,"path_taken":["M","M","?","M","?","R","M","M","T","$","?","E","M","M","R","BOSS","M","M","?","?","?","R","?","E"],"items_purchased_type":["Card","Card"],"build_version":"2020-12-13","purchased_purges":1,"victory":false,"max_hp_per_floor":[75,75,75,75,75,75,75,75,75,75,75,75,75,75,75,75,75,75,75,75,75,75,75,75,75,75],"card_choices":[{"not_picked":["Redo","Turbo"],"picked":"Reinforced Body","floor":1},{"not_picked":["Chaos","Gash"],"picked":"Conserve Battery","floor":2},{"not_picked":["Undo","Lockon"],"picked":"Hyperbeam","floor":4},{"not_picked":["Auto Shields","Recycle"],"picked":"Genetic Algorithm","floor":7},{"not_picked":["Compile Driver","Redo"],"picked":"Skim","floor":8},{"not_picked":["Leap","Darkness"],"picked":"Turbo","floor":11},{"not_picked":["Rebound","Sweeping Beam"],"picked":"Creative AI","floor":12},{"not_picked":["Steam","Gash"],"picked":"Beam Cell","floor":13},{"not_picked":["Coolheaded","Ball Lightning","Cold Snap"],"picked":"SKIP","floor":14},{"not_picked":["Multi-Cast","Seek"],"picked":"All For One","floor":16},{"not_picked":["Undo","Conserve Battery"],"picked":"Hologram","floor":18},{"not_picked":["Cold Snap+1","Rebound+1"],"picked":"Loop","floor":19},{"not_picked":["Cold Snap+1","Steam Power"],"picked":"Barrage+1","floor":21}],"player_experience":97490,"relics_obtained":[{"floor":9,"key":"Toy Ornithopter"},{"floor":11,"key":"Odd Mushroom"},{"floor":12,"key":"Bag of Preparation"},{"floor":17,"key":"Tiny Chest"},{"floor":17,"key":"Molten Egg 2"},{"floor":17,"key":"Unceasing Top"},{"floor":24,"key":"Happy Flower"}],"event_choices":[{"damage_healed":0,"gold_gain":75,"player_choice":"Gather Gold","damage_taken":11,"max_hp_gain":0,"max_hp_loss":0,"event_name":"World of Goop","floor":3,"gold_loss":0},{"cards_removed":["Strike_B"],"damage_healed":0,"gold_gain":0,"player_choice":"Card Removal","damage_taken":0,"max_hp_gain":0,"max_hp_loss":0,"event_name":"The Cleric","floor":5,"gold_loss":50},{"damage_healed":0,"gold_gain":0,"player_choice":"Fought Mushrooms","damage_taken":0,"max_hp_gain":0,"max_hp_loss":0,"event_name":"Mushrooms","floor":11,"gold_loss":0},{"damage_healed":0,"gold_gain":0,"player_choice":"","damage_taken":6,"max_hp_gain":0,"max_hp_loss":0,"event_name":"Knowing Skull","floor":20,"potions_obtained":[],"gold_loss":0,"cards_obtained":[]},{"damage_healed":0,"gold_gain":0,"player_choice":"Got Potions","damage_taken":0,"max_hp_gain":0,"max_hp_loss":0,"event_name":"Lab","floor":22,"gold_loss":0}],"is_beta":false,"boss_relics":[{"not_picked":["Busted Crown","Runic Pyramid"],"picked":"Calling Bell"}],"items_purged_floors":[10],"is_endless":false,"potions_floor_spawned":[4,7,8,12,14,18],"killed_by":"Gremlin Leader","ascension_level":4}}