{"host":"y30n8hbqlqxhztg8","time":1608021768,"event":{"mods":["A Magickal Journey","AchievementEnabler","BaseMod","BetterRewards","Block Reminder","Colored Map","Conspire","Downfall","GifTheSpireLib","Glutton Mod","Hubris","Infinite Spire","Koishi","Lobotomy","LobotomyExtend","Marisa????????","Minty Spire (QoL Compilation)","Prisma Mod","Replay The Spire","Shop Mod","Somnambulant","StSLib","Stuff the Spire","The Factory","The Forsaken","The Jungle","[IsaacMod]????"],"gold_per_floor":[114,114,129,129,129,141,141,161,161,11,41,51,64,78,78,180,180,193,118,118,129,146,179,198,216,216,239,239,21,21,33,33,131,131,151,167,167,90,15,15,44,44,69,69,82,82,82,94,94,94,94],"floor_reached":50,"playtime":1881,"items_purged":[],"score":621,"play_id":"56cd36e8-8125-4ad4-9f24-810dbb6d376d","local_time":"20201215004248","is_ascension_mode":true,"campfire_choices":[{"data":"PrismaMod:ChloeCommonAttack","floor":7,"key":"SMITH"},{"data":"PrismaMod:ChloeCommonAttack","floor":15,"key":"SMITH"},{"data":"PrismaMod:ChloeCommonDefend","floor":28,"key":"SMITH"},{"data":"PrismaMod:ChloeRitsuka","floor":30,"key":"SMITH"},{"data":"PrismaMod:ChloeCheapAttack","floor":32,"key":"SMITH"},{"data":"PrismaMod:ChloeUncommonAttack","floor":40,"key":"SMITH"},{"data":"PrismaMod:ChloeUncommonAOEAttack","floor":42,"key":"SMITH"},{"data":"PrismaMod:ChloeUncommonAttack","floor":44,"key":"SMITH"},{"data":"PrismaMod:ChloeCommonDefend","floor":47,"key":"SMITH"},{"floor":49,"key":"DIG"}],"circlet_count":0,"master_deck":["PrismaMod:ChloeCommonAttack+1","PrismaMod:ChloeCommonAttack+1","PrismaMod:ChloeCommonAttack+1","PrismaMod:ChloeCommonAttack+1","PrismaMod:ChloeCommonAttack+1","PrismaMod:ChloeCommonDefend+1","PrismaMod:ChloeCommonDefend+1","PrismaMod:ChloeCommonDefend","PrismaMod:ChloeCommonDefend+1","PrismaMod:ChloeCommonDefend+1","PrismaMod:ChloeCheapAttack+1","PrismaMod:ChloeCheapDefend","PrismaMod:ChloeCommonAOEAttack","PrismaMod:ChloeUncommonAOEAttack+1","PrismaMod:ChloeCommonAOEAttack","PrismaMod:ChloeCheapAttack","PrismaMod:ChloeCommonAOEAttack+1","PrismaMod:ChloeCheapDefend","PrismaMod:ChloeUncommonAttack+1","PrismaMod:ChloeRitsuka+1","PrismaMod:ChloeEyeOfTheEuryale","PrismaMod:ChloeEyeOfTheEuryale","PrismaMod:ChloeUncommonAttack+1","PrismaMod:ChloeDemonicTutor","PrismaMod:ChloeExcalibur+1","PrismaMod:ChloeRuleBreaker","PrismaMod:ChloeCheapAttack+1","PrismaMod:ChloeExcalibur+1"],"relics":["PrismaMod:PrismaTraceOn","HushsDoor","BookofShadows","NeowsBlessing","LetterFromLob","HonorFeather","Heaven_r","Moonlight_r","infinitespire:BottledMercury","Membership Card","hubris:SlimyHat","MagicMushroom","TheBean","hubris:FunFungus","MealTicket","Replay:Baseball","Lantern","DollysMirror","hubris:ScarierMask","hubris:Towel","BFFS","Sling","Vajra","War Paint","TheBible"],"acts_visited":["Exordium","TheCity","TheBeyond"],"potions_floor_usage":[16,16,24,33,33,50,50],"damage_taken":[{"damage":0,"enemies":"Small Slimes","floor":1,"turns":2},{"damage":0,"enemies":"Small Slimes","floor":2,"turns":1},{"damage":0,"enemies":"Small Slimes","floor":2,"turns":1},{"damage":0,"enemies":"Cultist","floor":3,"turns":4},{"damage":6,"enemies":"Jaw Worm","floor":6,"turns":3},{"damage":13,"enemies":"3 Louse","floor":8,"turns":2},{"damage":0,"enemies":"Gremlin Nob","floor":11,"turns":3},{"damage":0,"enemies":"Exordium Wildlife","floor":12,"turns":1},{"damage":0,"enemies":"Red Slaver","floor":13,"turns":2},{"damage":0,"enemies":"Exordium Thugs","floor":14,"turns":2},{"damage":60,"enemies":"The Guardian","floor":16,"turns":12},{"damage":6,"enemies":"2 Thieves","floor":18,"turns":3},{"damage":0,"enemies":"3 Byrds","floor":21,"turns":3},{"damage":26,"enemies":"Cultist and Chosen","floor":22,"turns":5},{"damage":0,"enemies":"Gremlin Leader","floor":23,"turns":5},{"damage":15,"enemies":"Centurion and Healer","floor":24,"turns":3},{"damage":8,"enemies":"Chosen and Byrds","floor":25,"turns":4},{"damage":0,"enemies":"Sentry and Sphere","floor":31,"turns":2},{"damage":44,"enemies":"Champ","floor":33,"turns":11},{"damage":7,"enemies":"3 Shapes","floor":35,"turns":4},{"damage":10,"enemies":"Orb Walker","floor":36,"turns":3},{"damage":40,"enemies":"Reptomancer","floor":41,"turns":4},{"damage":1,"enemies":"Jaw Worm Horde","floor":45,"turns":3},{"damage":7,"enemies":"4 Shapes","floor":48,"turns":3},{"damage":91,"enemies":"hubris:GrandSnecko","floor":50,"turns":6}],"seed_played":"-2818426988087610583","potions_obtained":[{"floor":1,"key":"Dexterity Potion"},{"floor":8,"key":"Dexterity Potion"},{"floor":11,"key":"EssenceOfSteel"},{"floor":16,"key":"AttackPotion"},{"floor":18,"key":"Swift Potion"},{"floor":21,"key":"Slimebound:ThreeZeroPotion"},{"floor":33,"key":"SpeedPotion"},{"floor":36,"key":"SkillPotion"},{"floor":48,"key":"Toxic Potion"}],"is_trial":false,"path_per_floor":["M","?","M","?","T","M","R","M","T","$","E","M","M","M","R_BF","B",null,"M","?","?","M","M","E","M","M","T","T","R","$","R","M","R","B",null,"M","M","?","$","$","R","E","R","T","R","M","?","R","M","R_BF","B"],"character_chosen":"CHLOE","items_purchased":["Membership Card","Replay:Baseball","Lantern","DollysMirror","BFFS","Sling"],"campfire_rested":0,"item_purchase_floors":[10,29,29,29,38,39],"current_hp_per_floor":[75,46,46,46,46,40,75,62,62,62,62,62,62,62,75,15,82,76,76,76,77,52,53,39,32,32,32,82,82,82,82,82,40,82,75,68,68,82,82,82,42,82,82,82,81,81,82,75,82,0,0],"gold":94,"neow_bonus":"THREE_ENEMY_KILL","is_daily":false,"chose_seed":false,"campfire_upgraded":9,"win_rate":0.0,"timestamp":1608021768,"path_taken":["M","?","?","?","?","M","R","?","T","?","E","M","?","M","R_BF","BOSS","M","?","?","M","?","E","M","M","T","?","R","$","R","M","R","BOSS","M","M","?","?","$","R","E","R","T","R","M","?","R","M","R_BF","BOSS"],"items_purchased_type":["Relic","Relic","Card","Relic","Relic","Relic"],"build_version":"2020-12-13","purchased_purges":0,"victory":false,"max_hp_per_floor":[75,75,75,75,75,75,75,75,75,75,75,75,75,75,75,75,82,82,82,82,82,82,82,82,82,82,82,82,82,82,82,82,82,82,82,82,82,82,82,82,82,82,82,82,82,82,82,82,82,82,82],"card_choices":[{"not_picked":[],"picked":"Bomb","floor":0},{"not_picked":["PrismaMod:ChloeCheapAttackTwo","PrismaMod:ChloeCheapDefendTwo"],"picked":"PrismaMod:ChloeCaladbolg","floor":1},{"not_picked":["PrismaMod:ChloeCheapDefend","PrismaMod:ChloeExhaustOne"],"picked":"PrismaMod:ChloeCommonAOEAttack","floor":3},{"not_picked":["PrismaMod:ChloeCommonAOEAttack","PrismaMod:ChloeCheapDefend"],"picked":"PrismaMod:ChloeUncommonAOEAttack","floor":6},{"not_picked":["PrismaMod:ChloeDiscardRecovery","PrismaMod:ChloeMaid"],"picked":"PrismaMod:ChloeCommonAOEAttack","floor":8},{"not_picked":["PrismaMod:ChloeDiscardRecovery","PrismaMod:ChloeCheapDefend"],"picked":"PrismaMod:ChloeCheapAttack","floor":11},{"not_picked":["PrismaMod:ChloeDemonicTutor","PrismaMod:ChloeAnyAttackTrace"],"picked":"Bomb","floor":12},{"not_picked":["PrismaMod:ChloeExhaustOne","PrismaMod:ChloeUncommonDefend"],"picked":"PrismaMod:ChloeCommonAOEAttack","floor":13},{"not_picked":["PrismaMod:ChloeCaladbolg","PrismaMod:ChloeEyeOfTheEuryale"],"picked":"Bomb","floor":14},{"not_picked":["PrismaMod:ChloeCheapAttack","PrismaMod:ChloeUncommonDefend"],"picked":"PrismaMod:ChloeCommonAOEAttack+1","floor":18},{"not_picked":["PrismaMod:ChloeCommonAOEAttack","PrismaMod:ChloeExhaustTwo"],"picked":"PrismaMod:ChloeCheapDefend","floor":21},{"not_picked":["PrismaMod:ChloeCheapAttack","PrismaMod:ChloeCommonAOEAttack"],"picked":"PrismaMod:ChloeUncommonAttack","floor":22},{"not_picked":["PrismaMod:ChloeCommonAOEAttack","PrismaMod:ChloeAnyCommonTrace"],"picked":"PrismaMod:ChloeRitsuka","floor":23},{"not_picked":["PrismaMod:ChloeDiscardRecovery","PrismaMod:ChloeExhaustOne+1"],"picked":"PrismaMod:ChloeEyeOfTheEuryale","floor":24},{"not_picked":["PrismaMod:ChloeUncommonAOEAttack","PrismaMod:ChloeMordred"],"picked":"PrismaMod:ChloeEyeOfTheEuryale","floor":25},{"not_picked":["PrismaMod:ChloeMordred","PrismaMod:ChloeUncommonAttack"],"picked":"PrismaMod:ChloeDemonicTutor","floor":31},{"not_picked":["PrismaMod:ChloeExhaustOne+1","PrismaMod:ChloeCheapAttackTwo+1"],"picked":"PrismaMod:ChloeExcalibur+1","floor":35},{"not_picked":["PrismaMod:ChloeChristmas","PrismaMod:ChloeBetterTracePools","PrismaMod:ChloeExhaustOne"],"picked":"SKIP","floor":36},{"not_picked":["PrismaMod:ChloeDiscardRecovery","PrismaMod:ChloeCheapAttackTwo"],"picked":"PrismaMod:ChloeRuleBreaker","floor":41},{"not_picked":["PrismaMod:ChloeExcalibur","PrismaMod:ChloeEyeOfTheEuryale+1"],"picked":"PrismaMod:ChloeCheapAttack+1","floor":45},{"not_picked":["PrismaMod:ChloeCheapAttack","PrismaMod:ChloeUncommonAOEAttack+1"],"picked":"PrismaMod:ChloeExcalibur+1","floor":48}],"player_experience":54852,"relics_obtained":[{"floor":1,"key":"LetterFromLob"},{"floor":9,"key":"infinitespire:BottledMercury"},{"floor":11,"key":"hubris:SlimyHat"},{"floor":23,"key":"TheBean"},{"floor":26,"key":"hubris:FunFungus"},{"floor":27,"key":"MealTicket"},{"floor":41,"key":"Vajra"},{"floor":43,"key":"War Paint"},{"floor":49,"key":"TheBible"}],"event_choices":[{"damage_healed":0,"gold_gain":0,"player_choice":"Grow","damage_taken":0,"max_hp_gain":0,"max_hp_loss":0,"event_name":"Living Wall","floor":4,"gold_loss":0,"cards_upgraded":["PrismaMod:ChloeCommonAttack"]},{"cards_removed":["PrismaMod:ChloeCommonAOEAttack"],"damage_healed":0,"gold_gain":0,"player_choice":"Gave Gold","damage_taken":0,"max_hp_gain":0,"max_hp_loss":0,"event_name":"Beggar","floor":19,"gold_loss":75}],"is_beta":false,"boss_relics":[{"not_picked":["Replay:Cursed D8","Runic Pyramid"],"picked":"MagicMushroom"},{"not_picked":[]},{"not_picked":["hubris:Stopwatch","Replay:Drink Me"],"picked":"hubris:ScarierMask"},{"not_picked":[]}],"items_purged_floors":[],"is_endless":false,"potions_floor_spawned":[1,2,8,11,16,18,21,33,36,48],"killed_by":"hubris:GrandSnecko","ascension_level":1}}