{"host":"p6y17sixyu8q9v1f","time":1608063792,"event":{"mods":["BaseMod","Colored Map","Minty Spire (QoL Compilation)"],"gold_per_floor":[117,133,133,32,32,71,71,109,184,184,211,211,211,211,211,340,340,365,356,381,414,123,123,123,123],"floor_reached":24,"playtime":989,"items_purged":["Defend_B","Strike_B"],"score":245,"play_id":"7e633c00-43aa-4efe-bbef-92302a6b6af5","local_time":"20201215142312","is_ascension_mode":true,"campfire_choices":[{"data":"Redo","floor":7,"key":"SMITH"},{"data":"Redo","floor":10,"key":"SMITH"},{"data":"Dualcast","floor":12,"key":"SMITH"},{"floor":15,"key":"REST"},{"data":"All For One","floor":23,"key":"SMITH"}],"circlet_count":0,"master_deck":["Strike_B","Strike_B+1","Strike_B","Defend_B+1","Defend_B","Defend_B","Zap+1","Dualcast+1","Chill","Redo+1","Hologram","Redo+1","Sweeping Beam","All For One+1","Coolheaded","Reboot","Streamline","Aggregate","Gash","Beam Cell"],"relics":["Cracked Core","CeramicFish","Strawberry","White Beast Statue","Golden Idol","Cursed Key","Bronze Scales"],"acts_visited":["Exordium","TheCity"],"potions_floor_usage":[8,16,16,21,24,24,24],"damage_taken":[{"damage":0,"enemies":"Small Slimes","floor":1,"turns":3},{"damage":0,"enemies":"Cultist","floor":2,"turns":3},{"damage":11,"enemies":"3 Sentries","floor":6,"turns":8},{"damage":24,"enemies":"Lagavulin","floor":8,"turns":7},{"damage":1,"enemies":"2 Louse","floor":11,"turns":2},{"damage":11,"enemies":"Slime Boss","floor":16,"turns":9},{"damage":7,"enemies":"Chosen","floor":18,"turns":3},{"damage":7,"enemies":"2 Thieves","floor":19,"turns":4},{"damage":16,"enemies":"3 Cultists","floor":20,"turns":5},{"damage":11,"enemies":"Snake Plant","floor":21,"turns":3},{"damage":44,"enemies":"Gremlin Leader","floor":24,"turns":7}],"seed_played":"-4219190270740077007","potions_obtained":[{"floor":2,"key":"Dexterity Potion"},{"floor":6,"key":"Swift Potion"},{"floor":11,"key":"FocusPotion"},{"floor":14,"key":"Fire Potion"},{"floor":14,"key":"ColorlessPotion"},{"floor":16,"key":"BlessingOfTheForge"},{"floor":18,"key":"DuplicationPotion"},{"floor":20,"key":"SkillPotion"},{"floor":21,"key":"Energy Potion"}],"is_trial":false,"path_per_floor":["M","M","?","$","?","E","R","E","T","R","M","R","?","?","R","B",null,"M","M","M","M","$","R","E"],"character_chosen":"DEFECT","items_purchased":["Redo","Beam Cell","Bronze Scales"],"campfire_rested":1,"item_purchase_floors":[4,22,22],"current_hp_per_floor":[75,75,60,60,60,49,49,32,32,32,31,31,11,11,35,24,82,75,68,52,41,41,41,0,0],"gold":123,"neow_bonus":"THREE_CARDS","is_daily":false,"chose_seed":false,"campfire_upgraded":4,"win_rate":0.0,"timestamp":1608063792,"path_taken":["M","M","?","$","?","E","R","E","T","R","M","R","?","?","R","BOSS","M","M","M","?","$","R","E"],"items_purchased_type":["Card","Card","Relic"],"build_version":"2020-11-30","purchased_purges":2,"victory":false,"max_hp_per_floor":[75,75,75,75,75,75,75,82,82,82,82,82,82,82,82,82,82,82,82,82,82,82,82,82,82],"card_choices":[{"not_picked":["Rip and Tear","Barrage"],"picked":"Chill","floor":0},{"not_picked":["Sunder","Beam Cell"],"picked":"Redo","floor":1},{"not_picked":["Heatsinks","Scrape"],"picked":"Hologram","floor":2},{"not_picked":["Skim","Gash"],"picked":"Sweeping Beam","floor":6},{"not_picked":["Steam","Barrage"],"picked":"All For One","floor":8},{"not_picked":["Doom and Gloom","Streamline"],"picked":"Coolheaded","floor":11},{"not_picked":["Hyperbeam","Multi-Cast"],"picked":"Reboot","floor":16},{"not_picked":["Compile Driver","Cold Snap"],"picked":"Streamline","floor":18},{"not_picked":["Reinforced Body","Sweeping Beam+1","Fusion"],"picked":"SKIP","floor":19},{"not_picked":["Coolheaded","Barrage"],"picked":"Aggregate","floor":20},{"not_picked":["Chill","Conserve Battery"],"picked":"Gash","floor":21}],"player_experience":745761,"relics_obtained":[{"floor":6,"key":"CeramicFish"},{"floor":8,"key":"Strawberry"},{"floor":9,"key":"White Beast Statue"}],"event_choices":[{"damage_healed":0,"gold_gain":0,"player_choice":"Entered Light","damage_taken":15,"max_hp_gain":0,"max_hp_loss":0,"event_name":"Shining Light","floor":3,"gold_loss":0,"cards_upgraded":["Defend_B","Strike_B"]},{"damage_healed":0,"gold_gain":0,"player_choice":"Grow","damage_taken":0,"max_hp_gain":0,"max_hp_loss":0,"event_name":"Living Wall","floor":5,"gold_loss":0,"cards_upgraded":["Zap"]},{"damage_healed":0,"gold_gain":0,"player_choice":"Take Damage","damage_taken":20,"relics_obtained":["Golden Idol"],"max_hp_gain":0,"max_hp_loss":0,"event_name":"Golden Idol","floor":13,"gold_loss":0},{"damage_healed":0,"gold_gain":0,"player_choice":"Got Potions","damage_taken":0,"max_hp_gain":0,"max_hp_loss":0,"event_name":"Lab","floor":14,"gold_loss":0}],"is_beta":false,"boss_relics":[{"not_picked":["Pandora\u0027s Box","Coffee Dripper"],"picked":"Cursed Key"}],"items_purged_floors":[4,22],"is_endless":false,"potions_floor_spawned":[2,6,11,16,18,19,20,21],"killed_by":"Gremlin Leader","ascension_level":4}}