{"host":"npubv26u89aif4fa","time":1608005002,"event":{"mods":["BaseMod","Better Vampires","Colored Powertips","GifTheSpireLib","GungeonMod","Hubris","Koishi","Minty Spire (QoL Compilation)","Quick Restart","Remilia£®¿Ÿ√◊¿Ú—«£©","Replay The Spire","StSLib","Td1madao Mod","The Administrix","The Bug Knight","The Cursed","The Gatherer","The Runesmith","Yuri Mod","Yuyuko"],"gold_per_floor":[117,117,117,131,131,157,332,332,332,332,332,332],"floor_reached":10,"playtime":307,"items_purged":[],"score":89,"play_id":"56e21186-77e0-47f3-afcb-99c16dd2b976","local_time":"20201215120322","is_ascension_mode":false,"metric_token":1301,"campfire_choices":[],"circlet_count":0,"master_deck":["Gatherer:Strike_Gatherer","Gatherer:Strike_Gatherer","Gatherer:Strike_Gatherer","Gatherer:Strike_Gatherer","Gatherer:Strike_Gatherer","Gatherer:Defend_Gatherer","Gatherer:Defend_Gatherer","Gatherer:Defend_Gatherer+1","Gatherer:Defend_Gatherer","Gatherer:Defend_Gatherer","Gatherer:Centralize","Gatherer:FlowerWhip","Gatherer:BigPouch+1","Gatherer:Liquidism+1","Gatherer:EnergyBasket","Doubt"],"relics":["Gatherer:AlchemyBag","NeowsBlessing","Shuriken","Gremlin Food","ReplayTheSpireMod:Lightbulb"],"acts_visited":[],"potions_floor_usage":[],"damage_taken":[{"damage":0,"enemies":"Jaw Worm","floor":1,"turns":1},{"damage":0,"enemies":"Small Slimes","floor":4,"turns":1},{"damage":0,"enemies":"3 Sentries","floor":6,"turns":1},{"damage":71,"enemies":"Gremlin Nob","floor":10,"turns":5}],"seed_played":"-6067163533131647989","potions_obtained":[{"floor":4,"key":"Dexterity Potion"},{"floor":6,"key":"Toxic Potion"}],"is_trial":false,"path_per_floor":["M","?","?","M","T","E","?","?","T","E"],"character_chosen":"THE_GATHERER","items_purchased":[],"campfire_rested":0,"item_purchase_floors":[],"current_hp_per_floor":[72,58,46,46,46,46,46,46,46,0,0,0],"gold":332,"neow_bonus":"THREE_ENEMY_KILL","is_daily":false,"chose_seed":false,"campfire_upgraded":0,"win_rate":0.0,"timestamp":1608005002,"path_taken":["M","?","?","M","?","E","?","?","T","E"],"items_purchased_type":[],"build_version":"2020-12-13","purchased_purges":0,"victory":false,"max_hp_per_floor":[72,72,72,72,72,72,72,72,72,72,72,72],"card_choices":[{"not_picked":["Gatherer:FlowerFalling","Gatherer:FeelingFine"],"picked":"Gatherer:BigPouch","floor":1},{"not_picked":["Gatherer:Convert","Gatherer:Frenzy"],"picked":"Gatherer:Liquidism","floor":4},{"not_picked":["Gatherer:FlowerShield","Gatherer:DrugPower"],"picked":"Gatherer:EnergyBasket","floor":6}],"player_experience":62777,"relics_obtained":[{"floor":5,"key":"Gremlin Food"},{"floor":6,"key":"ReplayTheSpireMod:Lightbulb"}],"event_choices":[{"damage_healed":0,"gold_gain":0,"player_choice":"Entered Light","damage_taken":14,"max_hp_gain":0,"max_hp_loss":0,"event_name":"Shining Light","floor":2,"gold_loss":0,"cards_upgraded":["Gatherer:Defend_Gatherer","Gatherer:BigPouch"]},{"damage_healed":0,"gold_gain":0,"player_choice":"Success","damage_taken":12,"relics_obtained":["Shuriken"],"max_hp_gain":0,"max_hp_loss":0,"event_name":"Scrap Ooze","floor":3,"gold_loss":0},{"damage_healed":0,"gold_gain":175,"player_choice":"AGREE","damage_taken":0,"max_hp_gain":0,"max_hp_loss":0,"event_name":"Liars Game","floor":7,"gold_loss":0,"cards_obtained":["Doubt"]},{"damage_healed":0,"gold_gain":0,"player_choice":"Forge","damage_taken":0,"max_hp_gain":0,"max_hp_loss":0,"event_name":"Accursed Blacksmith","floor":8,"gold_loss":0,"cards_upgraded":["Gatherer:Liquidism"]}],"is_beta":false,"boss_relics":[],"items_purged_floors":[],"is_endless":false,"potions_floor_spawned":[4,6],"killed_by":"Gremlin Nob","ascension_level":0}}