{"host":"51f0ad793vly1w6u","time":1608033446,"event":{"mods":["BaseMod","Colored Map","DeckTracker","Minty Spire (QoL Compilation)","StSLib","SuperFastMode"],"gold_per_floor":[116,128,145,165,165,165,200,275,275,300,300,316,132,159,159,231,231,250,250,250,263,283,283,312,312,336,386,336,354,354,354],"floor_reached":30,"playtime":412,"items_purged":["Strike_P"],"score":786,"play_id":"cf67345a-1bda-4251-a679-95a5f13b5c16","local_time":"20201215205726","is_ascension_mode":true,"campfire_choices":[{"data":"Eruption","floor":6.0,"key":"SMITH"},{"data":"Tantrum","floor":11.0,"key":"SMITH"},{"data":"Blasphemy","floor":15.0,"key":"SMITH"},{"data":"SandsOfTime","floor":23,"key":"SMITH"},{"floor":25,"key":"REST"}],"circlet_count":0,"master_deck":["AscendersBane","Strike_P","Strike_P","Strike_P+1","Defend_P","Defend_P","Defend_P","Eruption+1","Vigilance","Tantrum+1","BattleHymn","BowlingBash","Halt","FlurryOfBlows","EmptyBody","FearNoEvil","Blasphemy+1","LessonLearned","SandsOfTime+1","Evaluate","Adaptation","ClearTheMind+1"],"relics":["PureWater","Calipers","Matryoshka","Nunchaku","Turnip","Pen Nib","Orichalcum","VioletLotus","Toxic Egg 2","Bag of Marbles","Bottled Flame"],"acts_visited":["Exordium","TheCity"],"potions_floor_usage":[18,18],"damage_taken":[{"damage":8.0,"enemies":"Small Slimes","floor":1.0,"turns":3.0},{"damage":0.0,"enemies":"2 Louse","floor":2.0,"turns":3.0},{"damage":9.0,"enemies":"Jaw Worm","floor":3.0,"turns":3.0},{"damage":12.0,"enemies":"3 Louse","floor":4.0,"turns":3.0},{"damage":0.0,"enemies":"Gremlin Nob","floor":7.0,"turns":2.0},{"damage":0.0,"enemies":"3 Sentries","floor":10.0,"turns":3.0},{"damage":0.0,"enemies":"Looter","floor":12.0,"turns":2.0},{"damage":0.0,"enemies":"Gremlin Nob","floor":14.0,"turns":2.0},{"damage":0.0,"enemies":"Slime Boss","floor":16.0,"turns":3.0},{"damage":3,"enemies":"Shell Parasite","floor":18,"turns":5},{"damage":3,"enemies":"Spheric Guardian","floor":21,"turns":3},{"damage":17,"enemies":"Snake Plant","floor":22,"turns":3},{"damage":19,"enemies":"Book of Stabbing","floor":24,"turns":4},{"damage":26,"enemies":"Shelled Parasite and Fungi","floor":29,"turns":3},{"damage":10,"enemies":"Cultist and Chosen","floor":30,"turns":2}],"seed_played":"-5575390956344788568","potions_obtained":[{"floor":1.0,"key":"EntropicBrew"},{"floor":4.0,"key":"Weak Potion"},{"floor":29,"key":"LiquidMemories"}],"is_trial":false,"path_per_floor":["M","M","M","M","?","R","E","?","T","E","R","M","$","E","R","B",null,"M","?","?","M","M","R","E","R","T","?","?","M","M"],"character_chosen":"WATCHER","items_purchased":["EmptyBody","FearNoEvil"],"campfire_rested":1,"item_purchase_floors":[13,13],"current_hp_per_floor":[53,53,44,32,52,52,52,41,41,41,41,41,41,41,41,41,57,54,54,54,51,34,34,15,33,33,33,33,7,0,0],"gold":354,"neow_bonus":"ONE_RARE_RELIC","is_daily":false,"chose_seed":false,"campfire_upgraded":4,"win_rate":0.0,"timestamp":1608033446,"path_taken":["M","M","M","M","?","R","E","?","T","E","R","M","$","E","R","BOSS","M","?","?","M","M","R","E","R","T","?","?","M","?"],"items_purchased_type":["Card","Card"],"build_version":"2020-12-13","purchased_purges":1,"victory":false,"max_hp_per_floor":[62,62,62,62,62,62,62,62,62,62,62,62,62,62,62,62,62,62,62,62,62,62,62,62,62,62,62,62,62,62,62],"card_choices":[{"not_picked":["CutThroughFate","EmptyFist"],"picked":"Tantrum","floor":1.0},{"not_picked":["Protect","Nirvana","Pray"],"picked":"SKIP","floor":2.0},{"not_picked":["JustLucky","Fasting2"],"picked":"BattleHymn","floor":3.0},{"not_picked":["BattleHymn","Crescendo","JustLucky"],"picked":"SKIP","floor":4.0},{"not_picked":["SashWhip","Pray"],"picked":"BowlingBash","floor":7.0},{"not_picked":["Worship","ClearTheMind"],"picked":"Halt","floor":10.0},{"not_picked":["CrushJoints","Consecrate"],"picked":"FlurryOfBlows","floor":12.0},{"not_picked":["FlyingSleeves","SashWhip"],"picked":"Blasphemy","floor":14.0},{"not_picked":["Blasphemy","Vault"],"picked":"LessonLearned","floor":16.0},{"not_picked":["BowlingBash","PathToVictory","Crescendo"],"picked":"SKIP","floor":18},{"not_picked":["FollowUp","DevaForm"],"picked":"SandsOfTime","floor":21},{"not_picked":["Crescendo","JustLucky"],"picked":"Evaluate","floor":22},{"not_picked":["Conclude","Prostrate+1"],"picked":"Adaptation","floor":24},{"not_picked":["Consecrate","Devotion"],"picked":"ClearTheMind+1","floor":29}],"player_experience":1365919,"relics_obtained":[{"floor":7.0,"key":"Matryoshka"},{"floor":9.0,"key":"Nunchaku"},{"floor":9.0,"key":"Turnip"},{"floor":10.0,"key":"Pen Nib"},{"floor":14.0,"key":"Orichalcum"},{"floor":24,"key":"Toxic Egg 2"},{"floor":26,"key":"Bag of Marbles"},{"floor":26,"key":"Bottled Flame"}],"event_choices":[{"damage_healed":20.0,"max_hp_gain":0.0,"max_hp_loss":0.0,"gold_gain":0.0,"event_name":"Big Fish","player_choice":"Banana","floor":5.0,"gold_loss":0.0,"damage_taken":0.0},{"damage_healed":0.0,"max_hp_gain":0.0,"max_hp_loss":0.0,"gold_gain":75.0,"event_name":"World of Goop","player_choice":"Gather Gold","floor":8.0,"gold_loss":0.0,"damage_taken":11.0},{"damage_healed":0,"gold_gain":0,"player_choice":"Ignored","damage_taken":0,"max_hp_gain":0,"max_hp_loss":0,"event_name":"Ghosts","floor":19,"gold_loss":0},{"cards_removed":["Defend_P"],"damage_healed":0,"gold_gain":0,"player_choice":"Elegance","damage_taken":0,"max_hp_gain":0,"max_hp_loss":0,"event_name":"Back to Basics","floor":20,"gold_loss":0},{"damage_healed":0,"gold_gain":50,"player_choice":"Stole From Cult","damage_taken":0,"max_hp_gain":0,"max_hp_loss":0,"event_name":"Nest","floor":27,"gold_loss":0},{"damage_healed":0,"gold_gain":0,"player_choice":"Bet on Murderer","damage_taken":0,"max_hp_gain":0,"max_hp_loss":0,"event_name":"The Joust","floor":28,"gold_loss":50}],"is_beta":false,"boss_relics":[{"not_picked":["Pandora\u0027s Box","Astrolabe"],"picked":"VioletLotus"}],"items_purged_floors":[13],"is_endless":false,"potions_floor_spawned":[1,4,12,16,29],"killed_by":"Cultist and Chosen","ascension_level":20}}