{"host":"lxihx0b6awoz2w1j","time":1608008688,"event":{"mods":["Aspiration","BaseMod","Better Third Choice","CapriCore","Colored Powertips","Downfall","Hermit","HololiveMod","Hubris","Infinite Spire","JesterMod","Luminous","Marisa????????","Melee Mod","Minty Spire (QoL Compilation)","Prisma Mod","Relic Stats","Shade Mod","Spicy Shops","StSLib","The Alterego","The Blue Laboratory","The Cursed","The Disciple","The Forsaken","The Immortal","The Jungle","The Runesmith","The Senshi","The Servant 0.9.4","Waifu the Spire"],"gold_per_floor":[112,112,132,151,165,191,156,156,156,156,171,187,4,4,4,109,109,126,137,156,169,186,186,215,215,215,230,250,250,250,250],"floor_reached":30,"playtime":2167,"items_purged":[],"score":281,"play_id":"087fabb5-c4fc-4114-bed7-142e3347d59e","local_time":"20201215060448","is_ascension_mode":false,"campfire_choices":[{"data":"alterego_mod:Impale","floor":10.0,"key":"SMITH"},{"data":"alterego_mod:GoddessCore","floor":15.0,"key":"SMITH"},{"floor":23.0,"key":"REST"},{"floor":25,"key":"REST"}],"circlet_count":0,"master_deck":["alterego_mod:Strike","alterego_mod:Strike","alterego_mod:Strike","alterego_mod:Strike","alterego_mod:Defend","alterego_mod:Defend","alterego_mod:Defend+1","alterego_mod:Defend","alterego_mod:Impale+1","alterego_mod:BigMeatyClaws+1","alterego_mod:BrynhildrsRune","alterego_mod:BiFurious","alterego_mod:Exercise","alterego_mod:GoddessCore+1","alterego_mod:DeftHands+1","alterego_mod:BiFurious","alterego_mod:DiscoLights+1","alterego_mod:Swimsuit","alterego_mod:Vow","alterego_mod:IndependentAction","alterego_mod:DeftHands+1","alterego_mod:ChallengeComplete+1","alterego_mod:Mirror+1","alterego_mod:Lift","alterego_mod:RocketPunch","expansioncontent:Torchfire"],"relics":["alterego_mod:MasochisticConstitution","Regal Pillow","The Courier","hubris:MedicalManual","Black Star","Matryoshka","hubris:DisguiseKit","Question Card","aspiration:StickyExplosives_weak"],"acts_visited":["Exordium","TheCity"],"potions_floor_usage":[28,30],"damage_taken":[{"damage":0.0,"enemies":"Jaw Worm","floor":1.0,"turns":6.0},{"damage":4.0,"enemies":"2 Louse","floor":3.0,"turns":3.0},{"damage":0.0,"enemies":"Small Slimes","floor":4.0,"turns":3.0},{"damage":14.0,"enemies":"Looter","floor":5.0,"turns":3.0},{"damage":14.0,"enemies":"3 Sentries","floor":6.0,"turns":10.0},{"damage":0.0,"enemies":"Exordium Wildlife","floor":11.0,"turns":3.0},{"damage":7.0,"enemies":"3 Louse","floor":12.0,"turns":5.0},{"damage":25.0,"enemies":"Slime Boss","floor":16.0,"turns":8.0},{"damage":22.0,"enemies":"Spheric Guardian","floor":18.0,"turns":5.0},{"damage":6.0,"enemies":"3 Byrds","floor":19.0,"turns":6.0},{"damage":24.0,"enemies":"Snecko","floor":20.0,"turns":7.0},{"damage":3.0,"enemies":"Centurion and Healer","floor":21.0,"turns":15.0},{"damage":17.0,"enemies":"Snake Plant","floor":22.0,"turns":9.0},{"damage":70.0,"enemies":"Slavers","floor":24.0,"turns":9.0},{"damage":7,"enemies":"Snecko","floor":27,"turns":5},{"damage":22,"enemies":"Centurion and Healer","floor":28,"turns":5},{"damage":21,"enemies":"Snake Plant","floor":30,"turns":2}],"seed_played":"2067035317573421668","potions_obtained":[{"floor":1.0,"key":"blueLaboratory:FrostheartPotion"},{"floor":4.0,"key":"Weak Potion"},{"floor":6.0,"key":"Fire Potion"},{"floor":19.0,"key":"Weak Potion"},{"floor":21.0,"key":"blueLaboratory:TrueEctoplasm"},{"floor":24,"key":"blueLaboratory:StoneskinPotion"},{"floor":27,"key":"Block Potion"},{"floor":28,"key":"AttackPotion"}],"is_trial":false,"path_per_floor":["M","?","M","M","M","E","?","?","T","R","M","M","$","?","R","B",null,"M","M","M","M","M","R","E","R","T","M","M","?","M"],"character_chosen":"The_Alterego","items_purchased":["hubris:MedicalManual","alterego_mod:Swimsuit"],"campfire_rested":2,"item_purchase_floors":[13,13],"current_hp_per_floor":[77,77,74,74,68,55,75,59,59,59,59,60,60,60,60,36,82,61,63,47,59,43,84,22,63,63,57,43,31,10,10],"gold":250,"neow_bonus":"TEN_PERCENT_HP_BONUS","is_daily":false,"chose_seed":false,"campfire_upgraded":2,"win_rate":0.0,"timestamp":1608008688,"path_taken":["M","?","M","M","M","E","?","?","T","R","M","M","$","?","R","BOSS","M","M","M","M","M","R","E","R","T","M","M","?","M"],"items_purchased_type":["Relic","Card"],"build_version":"2020-12-13","purchased_purges":0,"victory":false,"max_hp_per_floor":[77,77,78,78,79,80,80,80,80,80,80,81,81,81,81,82,82,83,84,85,86,87,87,88,88,88,89,90,90,90,90],"relic_stats":{"Regal Pillow":30,"counters":[17,104],"Black Star":1,"Question Card":2,"obtain_stats":[{"hubris:DisguiseKit":24,"alterego_mod:MasochisticConstitution":0,"Regal Pillow":6,"Matryoshka":24,"The Courier":9,"hubris:MedicalManual":13,"Black Star":17,"Question Card":26,"aspiration:StickyExplosives_weak":26},{"hubris:DisguiseKit":14,"alterego_mod:MasochisticConstitution":0,"Regal Pillow":5,"Matryoshka":14,"The Courier":5,"hubris:MedicalManual":7,"Black Star":8,"Question Card":14,"aspiration:StickyExplosives_weak":14},{"hubris:DisguiseKit":92,"alterego_mod:MasochisticConstitution":0,"Regal Pillow":25,"Matryoshka":92,"The Courier":25,"hubris:MedicalManual":33,"Black Star":41,"Question Card":92,"aspiration:StickyExplosives_weak":92}]},"card_choices":[{"not_picked":["alterego_mod:Mirror","alterego_mod:MagicResistance"],"picked":"alterego_mod:BiFurious","floor":1.0},{"not_picked":["alterego_mod:PresenceConcealment","alterego_mod:Schoolgirl"],"picked":"alterego_mod:Exercise","floor":3.0},{"not_picked":["alterego_mod:IndependentAction","alterego_mod:MaintainEyeContact"],"picked":"alterego_mod:GoddessCore","floor":4.0},{"not_picked":["alterego_mod:1TonWallop","alterego_mod:HighServant"],"picked":"alterego_mod:DeftHands","floor":5.0},{"not_picked":["alterego_mod:Collar","alterego_mod:Bloomers"],"picked":"alterego_mod:BiFurious","floor":6.0},{"not_picked":["alterego_mod:Bloomers","alterego_mod:Cooking","alterego_mod:Schoolgirl"],"picked":"SKIP","floor":11.0},{"not_picked":["alterego_mod:DustData","alterego_mod:Nekomimi"],"picked":"alterego_mod:DiscoLights","floor":12.0},{"not_picked":["alterego_mod:RingBreak","alterego_mod:AlterEgo"],"picked":"alterego_mod:Vow","floor":16.0},{"not_picked":["alterego_mod:PurpleHair","alterego_mod:Lingerie"],"picked":"alterego_mod:IndependentAction","floor":18.0},{"not_picked":["alterego_mod:BiFurious+1","alterego_mod:GoddessCore+1"],"picked":"alterego_mod:DeftHands+1","floor":19.0},{"not_picked":["alterego_mod:Cycle","alterego_mod:BusterCard"],"picked":"alterego_mod:ChallengeComplete+1","floor":20.0},{"not_picked":["alterego_mod:Bunnysuit","alterego_mod:PurpleHair","alterego_mod:Skirt"],"picked":"SKIP","floor":21.0},{"not_picked":["alterego_mod:PurpleHair","alterego_mod:BusterCard"],"picked":"alterego_mod:Mirror+1","floor":22.0},{"not_picked":["alterego_mod:Pet","alterego_mod:Lingerie"],"picked":"alterego_mod:Lift","floor":24},{"not_picked":["alterego_mod:TrashNCrash","alterego_mod:Cooking","alterego_mod:BusterCard","Deadly Poison"],"picked":"alterego_mod:RocketPunch","floor":27},{"not_picked":["alterego_mod:Complex","alterego_mod:Skirt","alterego_mod:Punishment","alterego_mod:DustData","Slice"],"picked":"SKIP","floor":28}],"player_experience":521678,"relics_obtained":[{"floor":6.0,"key":"Regal Pillow"},{"floor":9.0,"key":"The Courier"},{"floor":24,"key":"Matryoshka"},{"floor":24,"key":"hubris:DisguiseKit"},{"floor":26,"key":"Question Card"},{"floor":26,"key":"aspiration:StickyExplosives_weak"}],"event_choices":[{"damage_healed":0.0,"max_hp_gain":0.0,"max_hp_loss":0.0,"gold_gain":0.0,"event_name":"Living Wall","player_choice":"Grow","floor":2.0,"gold_loss":0.0,"damage_taken":0.0,"cards_upgraded":["alterego_mod:BigMeatyClaws"]},{"damage_healed":20.0,"max_hp_gain":0.0,"max_hp_loss":0.0,"gold_gain":0.0,"event_name":"The Cleric","player_choice":"Healed","floor":7.0,"gold_loss":35.0,"damage_taken":0.0},{"damage_healed":75.0,"max_hp_gain":0.0,"max_hp_loss":80.0,"gold_gain":0.0,"event_name":"betterThird:BetterShining","player_choice":"Upgrade","floor":8.0,"gold_loss":0.0,"damage_taken":16.0,"cards_upgraded":["alterego_mod:DeftHands","alterego_mod:Defend"]},{"damage_healed":0,"gold_gain":0,"player_choice":"CARD ","damage_taken":12,"max_hp_gain":0,"max_hp_loss":0,"event_name":"Knowing Skull","floor":29,"potions_obtained":[],"gold_loss":0,"cards_obtained":["expansioncontent:Torchfire"]}],"is_beta":false,"boss_relics":[{"not_picked":["Runesmith:UraniumAnvil","jesterMod:MachoBrace"],"picked":"Black Star"}],"items_purged_floors":[],"is_endless":false,"potions_floor_spawned":[1,4,6,11,19,21,24,27,28],"killed_by":"Snake Plant","ascension_level":0}}