{"host":"58syw52hqfl22t9m","time":1608010601,"event":{"mods":["2.2 Compatiblity","AchievementEnabler","BaseMod","Better Altar","Better Match","Better Note","Better Sensory Stone","Better Skull","Better Third Choice","BetterRewards","Block Reminder","Colored Map","Colored Powertips","DeckTracker","GifTheSpireLib","Highlight Path","Hubris","Minty Spire (QoL Compilation)","Permanent Neow","Random Character Button","Rare Cards Sparkle","Relic Stats","Replay The Spire","Shop Mod","Spicy Shops","StSLib","The Blue Laboratory"],"gold_per_floor":[110,126,136,136,152,186,186,186,213,213,227,237,237,237,198,49,49,150,150,160,177,197,197,197,197,197,197,122,140,190,190,217,217,249,269,269,269,269],"floor_reached":37,"playtime":2117,"items_purged":["Decay"],"score":314,"play_id":"9ddc91f2-9595-4f2a-9935-82a473d29fa9","local_time":"20201214213641","is_ascension_mode":false,"campfire_choices":[{"floor":7,"key":"REST"},{"floor":10,"key":"REST"},{"floor":17,"key":"REST"},{"floor":27,"key":"REST"},{"floor":31,"key":"REST"},{"floor":36,"key":"REST"}],"circlet_count":0,"master_deck":["Strike_P+1","Strike_P+1","Strike_P","Strike_P","Defend_P","Defend_P","Defend_P","Defend_P","Eruption","Vigilance","ClearTheMind","Consecrate","Crescendo","FlurryOfBlows","FlyingSleeves","InnerPeace","Sanctity","Establishment","Replay:AllIn","EmptyBody+1","WindmillStrike+1","Protect","FearNoEvil+1","Alpha","FlurryOfBlows","MentalFortress+1","Tantrum","FlurryOfBlows","WindmillStrike","FlurryOfBlows"],"relics":["PureWater","Iron Hammer","hubris:GlazedTorus","Oddly Smooth Stone","Prayer Wheel","hubris:OldNail","Replay:Arrowhead","Lantern","CeramicFish"],"acts_visited":["Exordium","TheCity"],"potions_floor_usage":[6,18,29,29,37],"damage_taken":[{"damage":0,"enemies":"Cultist","floor":1,"turns":3},{"damage":0,"enemies":"Jaw Worm","floor":2,"turns":2},{"damage":0,"enemies":"Small Slimes","floor":3,"turns":2},{"damage":0,"enemies":"Looter","floor":5,"turns":1},{"damage":33,"enemies":"Lagavulin","floor":6,"turns":4},{"damage":0,"enemies":"Blue Slaver","floor":11,"turns":2},{"damage":8,"enemies":"Exordium Thugs","floor":12,"turns":3},{"damage":48,"enemies":"Hexaghost","floor":18,"turns":12},{"damage":19,"enemies":"Shell Parasite","floor":20,"turns":5},{"damage":21,"enemies":"2 Thieves","floor":21,"turns":3},{"damage":8,"enemies":"Centurion and Healer","floor":22,"turns":5},{"damage":17,"enemies":"Snecko","floor":29,"turns":6},{"damage":18,"enemies":"Replay:Snechameleon","floor":32,"turns":6},{"damage":0,"enemies":"Cultist and Chosen","floor":34,"turns":4},{"damage":0,"enemies":"Centurion and Healer","floor":35,"turns":3},{"damage":65,"enemies":"Champ","floor":37,"turns":6}],"seed_played":"-8013680869772920912","potions_obtained":[{"floor":2,"key":"PowerPotion"},{"floor":3,"key":"Ancient Potion"},{"floor":11,"key":"blueLaboratory:FaithlessPotion"},{"floor":20,"key":"EntropicBrew"},{"floor":29,"key":"SkillPotion"}],"is_trial":false,"path_per_floor":["M","M","M","?","M","E","R","?","T","R","M","M","PTL","PTL","?","$","R","B",null,"M","M","M","?","?","PTL","PTL","R","$","M","T","R","E","?","M","M","R","B"],"character_chosen":"WATCHER","items_purchased":["Iron Hammer","ClearTheMind","hubris:GlazedTorus","Consecrate","Oddly Smooth Stone","hubris:OldNail","Replay:Arrowhead"],"campfire_rested":6,"item_purchase_floors":[0,0,0,0,0,16,28],"current_hp_per_floor":[72,72,72,72,72,39,60,46,46,67,67,59,59,59,59,59,72,24,72,53,32,24,24,24,24,24,45,45,28,28,49,31,31,31,31,52,0,0],"gold":269,"neow_bonus":"","is_daily":false,"chose_seed":false,"campfire_upgraded":0,"win_rate":0.0,"timestamp":1608010601,"path_taken":["M","?","M","?","M","E","R","?","T","R","M","M","PTL","PTL","?","?","R","BOSS","M","M","?","?","?","PTL","PTL","R","$","M","T","R","E","?","M","M","R","BOSS"],"items_purchased_type":["Relic","Card","Relic","Card","Relic","Relic","Relic"],"build_version":"2020-12-13","purchased_purges":1,"victory":false,"max_hp_per_floor":[72,72,72,72,72,72,72,72,72,72,72,72,72,72,72,72,72,72,72,72,72,72,72,72,72,72,72,72,72,72,72,72,72,72,72,72,72,72],"relic_stats":{"counters":[66,255],"CeramicFish":27,"Prayer Wheel":8,"obtain_stats":[{"Lantern":14,"CeramicFish":32,"Vajra":14,"Juzu Bracelet":21,"Ancient Tea Set":0,"Smiling Mask":6,"Sozu":17,"Tiny Chest":9,"Prayer Wheel":6,"Iron Hammer":0,"Toxic Egg 2":0,"Replay:Bottled Eggs":26,"hubris:GlazedTorus":0,"Happy Flower":9,"Golden Idol":12,"Guide Book":0,"Oddly Smooth Stone":0,"PreservedInsect":7,"hubris:MedicalManual":12,"hubris:Towel":3,"Question Card":0,"Replay:Arrowhead":28,"Mercury Hourglass":0,"Molten Egg 2":0,"Membership Card":0,"PureWater":0,"hubris:OldNail":11,"hubris:BottledRain":26},{"Lantern":43,"CeramicFish":63,"Vajra":26,"Juzu Bracelet":46,"Ancient Tea Set":34,"Smiling Mask":39,"Sozu":44,"Tiny Chest":5,"Prayer Wheel":55,"Iron Hammer":34,"Toxic Egg 2":9,"Replay:Bottled Eggs":47,"hubris:GlazedTorus":50,"Happy Flower":12,"Golden Idol":6,"Guide Book":34,"Oddly Smooth Stone":50,"PreservedInsect":5,"hubris:MedicalManual":43,"hubris:Towel":22,"Question Card":20,"Replay:Arrowhead":61,"Mercury Hourglass":9,"Molten Egg 2":34,"Membership Card":9,"PureWater":0,"hubris:OldNail":25,"hubris:BottledRain":31},{"Lantern":152,"CeramicFish":242,"Vajra":89,"Juzu Bracelet":169,"Ancient Tea Set":124,"Smiling Mask":140,"Sozu":163,"Tiny Chest":16,"Prayer Wheel":200,"Iron Hammer":124,"Toxic Egg 2":41,"Replay:Bottled Eggs":173,"hubris:GlazedTorus":188,"Happy Flower":50,"Golden Idol":18,"Guide Book":124,"Oddly Smooth Stone":188,"PreservedInsect":16,"hubris:MedicalManual":152,"hubris:Towel":82,"Question Card":79,"Replay:Arrowhead":230,"Mercury Hourglass":41,"Molten Egg 2":124,"Membership Card":41,"PureWater":0,"hubris:OldNail":87,"hubris:BottledRain":115}]},"card_choices":[{"not_picked":["Replay:AtTheReady","Replay:Hum","Replay:ManipulateFuture"],"picked":"SKIP","floor":1},{"not_picked":["EmptyFist","Evaluate"],"picked":"Crescendo","floor":2},{"not_picked":["CutThroughFate","WindmillStrike"],"picked":"FlurryOfBlows","floor":3},{"not_picked":["Replay:BluntJabs","Replay:AtTheReady","ThirdEye"],"picked":"SKIP","floor":5},{"not_picked":["CrushJoints","JustLucky"],"picked":"FlyingSleeves","floor":6},{"not_picked":["Replay:ManipulateFuture","Prostrate"],"picked":"InnerPeace","floor":11},{"not_picked":["JustLucky","BowlingBash","Replay:Cycle"],"picked":"SKIP","floor":11},{"not_picked":["JustLucky","EmptyMind"],"picked":"Sanctity","floor":12},{"not_picked":["WheelKick","CutThroughFate"],"picked":"Establishment","floor":12},{"not_picked":["Brilliance","Scrawl"],"picked":"Replay:AllIn","floor":18},{"not_picked":["Nirvana","Evaluate"],"picked":"EmptyBody+1","floor":20},{"not_picked":["BowlingBash","Halt"],"picked":"WindmillStrike+1","floor":20},{"not_picked":["MentalFortress","PathToVictory"],"picked":"Protect","floor":21},{"not_picked":["Vengeance","SashWhip"],"picked":"FearNoEvil+1","floor":21},{"not_picked":["EmptyBody+1","Replay:AtTheReady"],"picked":"Alpha","floor":22},{"not_picked":["CrushJoints","CutThroughFate","Replay:ManipulateFuture"],"picked":"SKIP","floor":22},{"not_picked":["CarveReality","Protect"],"picked":"Tantrum","floor":29},{"not_picked":["Replay:ManipulateFuture","JustLucky","CarveReality"],"picked":"SKIP","floor":29},{"not_picked":["Omniscience","WreathOfFlame","ConjureBlade"],"picked":"SKIP","floor":32},{"not_picked":["CutThroughFate","PathToVictory"],"picked":"FlurryOfBlows","floor":34},{"not_picked":["Consecrate","Perseverance"],"picked":"WindmillStrike","floor":34},{"not_picked":["Nirvana+1","BowlingBash"],"picked":"FlurryOfBlows","floor":35},{"not_picked":["Tantrum+1","ReachHeaven+1","Evaluate"],"picked":"SKIP","floor":35}],"player_experience":407061,"relics_obtained":[{"floor":6,"key":"Prayer Wheel"},{"floor":30,"key":"Lantern"},{"floor":32,"key":"CeramicFish"}],"event_choices":[{"damage_healed":0,"gold_gain":0,"player_choice":"Ignored","damage_taken":136,"max_hp_gain":0,"max_hp_loss":0,"event_name":"betterThird:BetterSerpent","floor":4,"gold_loss":0},{"damage_healed":60,"gold_gain":0,"player_choice":"Upgrade","damage_taken":14,"max_hp_gain":0,"max_hp_loss":72,"event_name":"betterThird:BetterShining","floor":8,"gold_loss":0,"cards_upgraded":["Strike_P","Strike_P"]},{"damage_healed":0,"gold_gain":0,"player_choice":"Left","damage_taken":0,"max_hp_gain":0,"max_hp_loss":0,"event_name":"betterThird:BetterGoop","floor":15,"gold_loss":39},{"damage_healed":0,"gold_gain":0,"player_choice":"Copied","damage_taken":0,"max_hp_gain":0,"max_hp_loss":0,"event_name":"Duplicator","floor":23,"gold_loss":0,"cards_obtained":["FlurryOfBlows"]},{"cards_removed":["Establishment"],"damage_healed":0,"gold_gain":0,"player_choice":"Take \u0026 Give","damage_taken":0,"max_hp_gain":0,"max_hp_loss":0,"event_name":"betterNote:BetterNote","floor":24,"gold_loss":0,"cards_obtained":["MentalFortress"]},{"damage_healed":0,"gold_gain":0,"player_choice":"Ignored","damage_taken":0,"max_hp_gain":0,"max_hp_loss":0,"event_name":"Ghosts","floor":33,"gold_loss":0}],"is_beta":false,"boss_relics":[{"not_picked":["Runic Dome","Replay:Wanted Poster","Busted Crown"]}],"items_purged_floors":[0],"is_endless":false,"potions_floor_spawned":[2,3,11,20,29,34],"killed_by":"Champ","ascension_level":0}}