{"host":"sc0o2qwpf9j16a4i","time":1608041035,"event":{"mods":["AchievementEnabler","BaseMod","BetterRewards","Block Reminder","Colored Map","Colored Powertips","Custom Start","Highlight Path","Minty Spire (QoL Compilation)","Relic Stats"],"gold_per_floor":[112,112,112,122,132,132,157,170,219,238,268,286,286,297,297,369,369,386,402,402,66,66,66,26,37,37,37,55,67,96,0,0,0,0],"floor_reached":33,"playtime":1152,"items_purged":[],"score":558,"play_id":"91b37f12-905a-4303-8974-6a62b4158e25","local_time":"20201215160355","is_ascension_mode":true,"campfire_choices":[{"floor":6,"key":"REST"},{"floor":13,"key":"REST"},{"data":"True Grit","floor":15,"key":"SMITH"},{"floor":23,"key":"REST"},{"floor":32,"key":"REST"}],"circlet_count":0,"master_deck":["AscendersBane","Strike_R","Strike_R+1","Strike_R","Defend_R+1","Defend_R","Defend_R","Bash+1","Uppercut+1","Heavy Blade+1","Dual Wield+1","Headbutt","Metallicize","True Grit+1","Carnage","Iron Wave","Fiend Fire","Whirlwind","Shrug It Off","Flame Barrier","Shockwave","Bludgeon","Corruption"],"relics":["Astrolabe","InkBottle","Ancient Tea Set","Happy Flower","Snecko Eye","Nilry\u0027s Codex","Singing Bowl","White Beast Statue","MealTicket"],"acts_visited":["Exordium","TheCity"],"potions_floor_usage":[7,16,28,30,30],"damage_taken":[{"damage":12,"enemies":"Jaw Worm","floor":1,"turns":2},{"damage":7,"enemies":"Small Slimes","floor":4,"turns":2},{"damage":0,"enemies":"Cultist","floor":5,"turns":2},{"damage":12,"enemies":"Gremlin Nob","floor":7,"turns":4},{"damage":3,"enemies":"Looter","floor":8,"turns":3},{"damage":6,"enemies":"Exordium Wildlife","floor":10,"turns":3},{"damage":4,"enemies":"Lagavulin","floor":11,"turns":9},{"damage":10,"enemies":"Large Slime","floor":12,"turns":3},{"damage":0,"enemies":"Blue Slaver","floor":14,"turns":3},{"damage":17,"enemies":"Hexaghost","floor":16,"turns":12},{"damage":0,"enemies":"Spheric Guardian","floor":18,"turns":2},{"damage":8,"enemies":"2 Thieves","floor":19,"turns":4},{"damage":8,"enemies":"Chosen and Byrds","floor":25,"turns":4},{"damage":0,"enemies":"Shelled Parasite and Fungi","floor":28,"turns":4},{"damage":0,"enemies":"Centurion and Healer","floor":29,"turns":3},{"damage":17,"enemies":"Book of Stabbing","floor":30,"turns":7},{"damage":66,"enemies":"Collector","floor":33,"turns":7}],"seed_played":"-6120652893269250056","potions_obtained":[{"floor":4,"key":"Block Potion"},{"floor":7,"key":"SteroidPotion"},{"floor":11,"key":"EssenceOfSteel"},{"floor":14,"key":"SkillPotion"},{"floor":16,"key":"Swift Potion"},{"floor":28,"key":"FearPotion"},{"floor":29,"key":"Block Potion"},{"floor":30,"key":"SmokeBomb"}],"is_trial":false,"path_per_floor":["M","?","?","M","M","R","E","M","T","M","E","M","R","M","R","B",null,"M","M","?","$","?","R","$","M","T","?","M","M","E","?","R","B"],"character_chosen":"IRONCLAD","items_purchased":["Singing Bowl","Shrug It Off","Flame Barrier"],"campfire_rested":4,"item_purchase_floors":[21,21,24],"current_hp_per_floor":[56,33,33,26,26,48,36,33,33,27,23,13,35,35,35,18,61,61,53,32,32,11,35,35,27,27,27,29,29,12,12,36,0,0],"gold":0,"neow_bonus":"BOSS_RELIC","is_daily":false,"chose_seed":false,"campfire_upgraded":1,"win_rate":0.0,"timestamp":1608041035,"path_taken":["M","?","?","M","M","R","E","M","T","?","E","M","R","M","R","BOSS","M","M","?","$","?","R","$","M","T","?","M","?","E","?","R","BOSS"],"items_purchased_type":["Relic","Card","Card"],"build_version":"2020-12-13","purchased_purges":0,"victory":false,"max_hp_per_floor":[75,75,75,75,75,75,75,75,75,75,75,75,75,75,75,75,75,75,75,75,75,80,80,80,80,80,80,82,82,82,82,82,82,82],"relic_stats":{"Happy Flower":[16],"Singing Bowl":2,"counters":[17,74],"Astrolabe":["Uppercut","Heavy Blade","Dual Wield"],"Snecko Eye":[58,61,45,55],"MealTicket":0,"obtain_stats":[{"Happy Flower":11,"Singing Bowl":21,"Nilry\u0027s Codex":20,"Astrolabe":0,"Snecko Eye":17,"MealTicket":30,"Ancient Tea Set":9,"Burning Blood":0,"InkBottle":7,"White Beast Statue":26},{"Happy Flower":7,"Singing Bowl":12,"Nilry\u0027s Codex":12,"Astrolabe":0,"Snecko Eye":10,"MealTicket":16,"Ancient Tea Set":5,"Burning Blood":0,"InkBottle":4,"White Beast Statue":13},{"Happy Flower":25,"Singing Bowl":49,"Nilry\u0027s Codex":49,"Astrolabe":0,"Snecko Eye":43,"MealTicket":67,"Ancient Tea Set":13,"Burning Blood":0,"InkBottle":10,"White Beast Statue":53}],"InkBottle":[18]},"card_choices":[{"not_picked":["Thunderclap","Wild Strike"],"picked":"Headbutt","floor":1},{"not_picked":["Dark Embrace","Warcry","Thunderclap"],"picked":"SKIP","floor":4},{"not_picked":["Sentinel","Clash"],"picked":"Metallicize","floor":5},{"not_picked":["Headbutt","Sentinel","Heavy Blade"],"picked":"SKIP","floor":7},{"not_picked":["Reckless Charge","Cleave","Burning Pact"],"picked":"SKIP","floor":8},{"not_picked":["Reckless Charge","Cleave","Burning Pact"],"picked":"SKIP","floor":8},{"not_picked":["Double Tap","Pommel Strike"],"picked":"True Grit","floor":10},{"not_picked":["Dual Wield","Pommel Strike"],"picked":"Carnage","floor":11},{"not_picked":["Bludgeon","Clothesline"],"picked":"Iron Wave","floor":12},{"not_picked":["Dropkick","Fire Breathing","Heavy Blade"],"picked":"SKIP","floor":14},{"not_picked":["Bludgeon","Berserk"],"picked":"Fiend Fire","floor":16},{"not_picked":["Havoc","Perfected Strike","Sword Boomerang"],"picked":"SKIP","floor":18},{"not_picked":["Battle Trance","Armaments"],"picked":"Whirlwind","floor":19},{"not_picked":["Havoc","Perfected Strike"],"picked":"Shockwave","floor":25},{"not_picked":["Cleave","Twin Strike+1","Dropkick+1"],"picked":"Singing Bowl","floor":28},{"not_picked":["True Grit","Pommel Strike"],"picked":"Bludgeon","floor":29},{"not_picked":["Body Slam","Rampage"],"picked":"Corruption","floor":30}],"player_experience":330582,"relics_obtained":[{"floor":7,"key":"InkBottle"},{"floor":9,"key":"Ancient Tea Set"},{"floor":11,"key":"Happy Flower"},{"floor":20,"key":"Nilry\u0027s Codex"},{"floor":26,"key":"White Beast Statue"},{"floor":30,"key":"MealTicket"}],"event_choices":[{"damage_healed":0,"gold_gain":0,"player_choice":"Entered Light","damage_taken":23,"max_hp_gain":0,"max_hp_loss":0,"event_name":"Shining Light","floor":2,"gold_loss":0,"cards_upgraded":["Strike_R","Defend_R"]},{"damage_healed":0,"gold_gain":0,"player_choice":"Upgraded","damage_taken":0,"max_hp_gain":0,"max_hp_loss":0,"event_name":"Upgrade Shrine","floor":3,"gold_loss":0,"cards_upgraded":["Bash"]},{"damage_healed":0,"gold_gain":0,"player_choice":"Obtained Book","damage_taken":21,"max_hp_gain":0,"max_hp_loss":0,"event_name":"Cursed Tome","floor":20,"gold_loss":0},{"damage_healed":0,"gold_gain":0,"player_choice":"Shed Blood","damage_taken":26,"max_hp_gain":5,"max_hp_loss":0,"event_name":"Forgotten Altar","floor":22,"gold_loss":0},{"damage_healed":0,"gold_gain":0,"player_choice":"Paid Fearfully","damage_taken":0,"max_hp_gain":0,"max_hp_loss":0,"event_name":"Masked Bandits","floor":31,"gold_loss":96}],"is_beta":false,"boss_relics":[{"not_picked":["Calling Bell","Ectoplasm"],"picked":"Snecko Eye"}],"items_purged_floors":[],"is_endless":false,"potions_floor_spawned":[4,7,11,14,16,19,28,29,30],"killed_by":"Collector","ascension_level":20}}