{"host":"cijwx898anu8dehj","time":1608051821,"event":{"mods":["AchievementEnabler","AlwaysNeverKeys","BaseMod","Colored Map","Colored Powertips","Highlight Path","Minty Spire (QoL Compilation)","Rare Cards Sparkle","Relic Stats","Slay-I"],"gold_per_floor":[99,99,99,99,99,99,39,39,39,39,39,39,39,39,39,39,39,39,0,0,0,0,0,0,0,0,0,0,0,0,0,0,0,0],"floor_reached":33,"playtime":1578,"items_purged":[],"score":663,"play_id":"78bd9397-cc8f-4708-8e19-2468c8c153e3","local_time":"20201215150341","is_ascension_mode":true,"campfire_choices":[{"data":"Wild Strike","floor":6,"key":"SMITH"},{"floor":8,"key":"REST"},{"data":"Uppercut","floor":15,"key":"SMITH"},{"floor":23,"key":"REST"},{"data":"Immolate","floor":27,"key":"SMITH"},{"floor":30,"key":"REST"},{"floor":32,"key":"REST"}],"circlet_count":0,"master_deck":["AscendersBane","Defend_R","Defend_R","Defend_R","Defend_R","Bash","Metallicize","Wild Strike+1","Metallicize","Uppercut+1","Anger","Clothesline","Evolve","Immolate+1","Iron Wave","Carnage","RitualDagger","Bite","Bite","Bite","Bite","Bite","Whirlwind","Second Wind+1","Evolve+1"],"relics":["Ectoplasm","Bloody Idol","Mango","Champion Belt","Kunai","Mark of Pain","Enchiridion","Dream Catcher","Potion Belt","Toxic Egg 2","Frozen Egg 2"],"acts_visited":["Exordium","TheCity"],"potions_floor_usage":[10,16,24,29,29],"damage_taken":[{"damage":0,"enemies":"Small Slimes","floor":1,"turns":3},{"damage":0,"enemies":"Cultist","floor":2,"turns":4},{"damage":3,"enemies":"2 Louse","floor":5,"turns":3},{"damage":4,"enemies":"Looter","floor":7,"turns":4},{"damage":5,"enemies":"Gremlin Nob","floor":10,"turns":3},{"damage":1,"enemies":"3 Louse","floor":12,"turns":5},{"damage":0,"enemies":"Large Slime","floor":13,"turns":5},{"damage":4,"enemies":"Lagavulin","floor":14,"turns":5},{"damage":22,"enemies":"Slime Boss","floor":16,"turns":7},{"damage":12,"enemies":"Shell Parasite","floor":18,"turns":4},{"damage":24,"enemies":"2 Thieves","floor":19,"turns":4},{"damage":0,"enemies":"Gremlin Leader","floor":24,"turns":5},{"damage":24,"enemies":"Book of Stabbing","floor":29,"turns":4},{"damage":19,"enemies":"Gremlin Leader","floor":31,"turns":5},{"damage":87,"enemies":"Champ","floor":33,"turns":8}],"seed_played":"4404065574014148735","potions_obtained":[{"floor":2,"key":"AttackPotion"},{"floor":12,"key":"SteroidPotion"},{"floor":13,"key":"BloodPotion"},{"floor":14,"key":"BlessingOfTheForge"},{"floor":16,"key":"ElixirPotion"},{"floor":19,"key":"Strength Potion"},{"floor":24,"key":"AttackPotion"}],"is_trial":false,"path_per_floor":["M","M","?","?","M","R","M","R","T","E","?","M","M","E","R","B",null,"M","M","?","?","?","R","E","?","T","R","?","E","R","E","R","B"],"character_chosen":"IRONCLAD","items_purchased":[],"campfire_rested":4,"item_purchase_floors":[],"current_hp_per_floor":[68,68,42,42,39,39,35,57,71,66,66,65,65,61,61,39,77,65,41,20,14,14,32,42,42,42,42,36,32,50,37,55,0,0],"gold":0,"neow_bonus":"BOSS_RELIC","is_daily":false,"chose_seed":false,"campfire_upgraded":3,"win_rate":0.0,"timestamp":1608051821,"path_taken":["M","M","?","?","M","R","M","R","T","E","?","M","?","E","R","BOSS","M","M","?","?","?","R","E","?","T","R","?","E","R","E","R","BOSS"],"items_purchased_type":[],"build_version":"2020-12-13","purchased_purges":0,"victory":false,"max_hp_per_floor":[75,75,75,75,75,75,75,75,89,89,89,89,89,89,89,89,89,89,89,89,89,62,62,62,62,62,62,62,62,62,62,62,62,62],"relic_stats":{"Dream Catcher":2,"counters":[15,69],"Bloody Idol":0,"Ectoplasm":525,"Champion Belt":[21],"Kunai":[18],"obtain_stats":[{"Potion Belt":26,"Golden Idol":3,"Enchiridion":20,"Mango":9,"Frozen Egg 2":31,"Burning Blood":0,"Dream Catcher":24,"Bloody Idol":25,"Ectoplasm":0,"Mark of Pain":17,"Champion Belt":10,"Kunai":14,"Toxic Egg 2":29},{"Potion Belt":12,"Golden Idol":2,"Enchiridion":11,"Mango":4,"Frozen Egg 2":14,"Burning Blood":0,"Dream Catcher":12,"Bloody Idol":12,"Ectoplasm":0,"Mark of Pain":9,"Champion Belt":5,"Kunai":8,"Toxic Egg 2":13},{"Potion Belt":52,"Golden Idol":7,"Enchiridion":47,"Mango":14,"Frozen Egg 2":61,"Burning Blood":0,"Dream Catcher":52,"Bloody Idol":52,"Ectoplasm":0,"Mark of Pain":39,"Champion Belt":17,"Kunai":32,"Toxic Egg 2":56}]},"card_choices":[{"not_picked":["Clothesline","Sword Boomerang"],"picked":"Metallicize","floor":1},{"not_picked":["Havoc","Feel No Pain"],"picked":"Wild Strike","floor":2},{"not_picked":["Dropkick","Clash"],"picked":"Metallicize","floor":5},{"not_picked":["Armaments","Anger"],"picked":"Uppercut","floor":7},{"not_picked":["Ghostly Armor","Sever Soul","Power Through"],"picked":"SKIP","floor":10},{"not_picked":["Combust","Warcry"],"picked":"Anger","floor":12},{"not_picked":["Dark Embrace","Twin Strike"],"picked":"Clothesline","floor":13},{"not_picked":["Wild Strike","Warcry"],"picked":"Evolve","floor":14},{"not_picked":["Limit Break","Feed"],"picked":"Immolate","floor":16},{"not_picked":["Infernal Blade","Anger"],"picked":"Iron Wave","floor":18},{"not_picked":["Body Slam","Dual Wield"],"picked":"Carnage","floor":19},{"not_picked":["Reckless Charge","Clash+1","Sever Soul"],"picked":"SKIP","floor":24},{"not_picked":["Searing Blow","Reckless Charge"],"picked":"Whirlwind","floor":29},{"not_picked":["Corruption+1","Entrench+1"],"picked":"Second Wind+1","floor":31},{"not_picked":["Anger+1","Heavy Blade+1"],"picked":"Evolve+1","floor":32}],"player_experience":900413,"relics_obtained":[{"floor":9,"key":"Mango"},{"floor":10,"key":"Champion Belt"},{"floor":14,"key":"Kunai"},{"floor":20,"key":"Enchiridion"},{"floor":24,"key":"Dream Catcher"},{"floor":26,"key":"Potion Belt"},{"floor":29,"key":"Toxic Egg 2"},{"floor":31,"key":"Frozen Egg 2"}],"event_choices":[{"damage_healed":0,"gold_gain":0,"player_choice":"Take Damage","damage_taken":26,"relics_obtained":["Golden Idol"],"max_hp_gain":0,"max_hp_loss":0,"event_name":"Golden Idol","floor":3,"gold_loss":0},{"damage_healed":0,"gold_gain":0,"player_choice":"Ignored","damage_taken":0,"max_hp_gain":0,"max_hp_loss":0,"event_name":"Liars Game","floor":4,"gold_loss":0},{"cards_removed":["Strike_R"],"damage_healed":0,"gold_gain":0,"player_choice":"Purged","damage_taken":0,"max_hp_gain":0,"max_hp_loss":0,"event_name":"Purifier","floor":11,"gold_loss":0},{"damage_healed":0,"gold_gain":0,"player_choice":"Obtained Book","damage_taken":21,"max_hp_gain":0,"max_hp_loss":0,"event_name":"Cursed Tome","floor":20,"gold_loss":0},{"damage_healed":0,"gold_gain":0,"player_choice":"Joined the Cult","damage_taken":6,"max_hp_gain":0,"max_hp_loss":0,"event_name":"Nest","floor":21,"gold_loss":0,"cards_obtained":["RitualDagger"]},{"damage_healed":0,"gold_gain":0,"player_choice":"Became a vampire","damage_taken":0,"max_hp_gain":0,"max_hp_loss":27,"event_name":"Vampires","floor":22,"gold_loss":0,"cards_obtained":["Bite","Bite","Bite","Bite","Bite"]},{"damage_healed":0,"gold_gain":0,"player_choice":"Gave Idol","damage_taken":0,"relics_obtained":["Bloody Idol"],"max_hp_gain":0,"max_hp_loss":0,"event_name":"Forgotten Altar","floor":25,"relics_lost":["Golden Idol"],"gold_loss":0},{"damage_healed":0,"gold_gain":0,"player_choice":"","damage_taken":6,"max_hp_gain":0,"max_hp_loss":0,"event_name":"Knowing Skull","floor":28,"potions_obtained":[],"gold_loss":0,"cards_obtained":[]}],"is_beta":false,"boss_relics":[{"not_picked":["Fusion Hammer","SacredBark"],"picked":"Mark of Pain"}],"items_purged_floors":[],"is_endless":false,"potions_floor_spawned":[2,12,13,14,16,19,24],"killed_by":"Champ","ascension_level":18}}