{"host":"85dtmvttrcbdj5h5","time":1608071421,"event":{"mods":["AchievementEnabler","BaseMod","Bestiary","Colored Map","Colored Powertips","Filter the Spire","Minty Spire (QoL Compilation)","RNG Fix","Relic Stats"],"gold_per_floor":[118,118,46,46,63,95,95,105,152,227,227,242,242,242,242,346,346,356,356,369,95,105,105,136,151,151,151,162,180,191,225,225,325,325,345,44,58,58,77,77,108,121,121,121,121,121,22,40,40,40,40,40,40,73,73,73],"floor_reached":55,"playtime":8609,"items_purged":["Strike_P+1"],"score":812,"play_id":"b6e7a4f9-b0e5-4695-b61f-6e0e498389d2","local_time":"20201215173021","is_ascension_mode":false,"campfire_choices":[{"data":"Eruption","floor":7.0,"key":"SMITH"},{"data":"Protect","floor":11.0,"key":"SMITH"},{"data":"Wallop","floor":13.0,"key":"SMITH"},{"data":"CrushJoints","floor":15.0,"key":"SMITH"},{"data":"Blasphemy","floor":23.0,"key":"SMITH"},{"data":"Vigilance","floor":27.0,"key":"SMITH"},{"data":"WheelKick","floor":32.0,"key":"SMITH"},{"data":"Adaptation","floor":40.0,"key":"SMITH"},{"data":"Crescendo","floor":44.0,"key":"SMITH"},{"floor":46.0,"key":"RECALL"},{"data":"LikeWater","floor":49.0,"key":"SMITH"},{"data":"Madness","floor":52.0,"key":"SMITH"}],"circlet_count":0,"master_deck":["Strike_P+1","Strike_P+1","Strike_P+1","Defend_P+1","Defend_P+1","Defend_P+1","Defend_P+1","Eruption+1","Vigilance+1","FollowUp+1","WheelKick+1","CrushJoints+1","Protect+1","Wallop+1","Blasphemy+1","Consecrate+1","CutThroughFate+1","Perseverance+1","Conclude+1","JustLucky+1","BowlingBash+1","CutThroughFate+1","InnerPeace","CurseOfTheBell","SashWhip+1","LikeWater+1","Adaptation+1","Thinking Ahead","Master of Strategy","Purity","TalkToTheHand+1","Crescendo+1","Madness","Madness+1","TalkToTheHand+1"],"relics":["PureWater","Dream Catcher","Strawberry","Sundial","SacredBark","Lantern","Pantograph","Gambling Chip","Happy Flower","Calling Bell","White Beast Statue","Vajra","GoldenEye","Bronze Scales","Whetstone","Pen Nib","InkBottle"],"acts_visited":["Exordium","TheCity","TheBeyond","TheEnding"],"potions_floor_usage":[55],"damage_taken":[{"damage":1.0,"enemies":"Jaw Worm","floor":1.0,"turns":4.0},{"damage":0.0,"enemies":"Cultist","floor":5.0,"turns":2.0},{"damage":4.0,"enemies":"3 Sentries","floor":6.0,"turns":5.0},{"damage":0.0,"enemies":"2 Louse","floor":8.0,"turns":1.0},{"damage":0.0,"enemies":"Exordium Wildlife","floor":12.0,"turns":3.0},{"damage":13.0,"enemies":"Hexaghost","floor":16.0,"turns":8.0},{"damage":0.0,"enemies":"Chosen","floor":18.0,"turns":3.0},{"damage":2.0,"enemies":"Shell Parasite","floor":20.0,"turns":2.0},{"damage":5.0,"enemies":"Snake Plant","floor":22.0,"turns":3.0},{"damage":0.0,"enemies":"Gremlin Leader","floor":24.0,"turns":4.0},{"damage":0.0,"enemies":"Sentry and Sphere","floor":25.0,"turns":3.0},{"damage":0.0,"enemies":"Shelled Parasite and Fungi","floor":28.0,"turns":4.0},{"damage":0.0,"enemies":"Cultist and Chosen","floor":29.0,"turns":2.0},{"damage":0.0,"enemies":"Snake Plant","floor":30.0,"turns":2.0},{"damage":0.0,"enemies":"Book of Stabbing","floor":31.0,"turns":2.0},{"damage":8.0,"enemies":"Collector","floor":33.0,"turns":9.0},{"damage":0.0,"enemies":"3 Darklings","floor":35.0,"turns":3.0},{"damage":0.0,"enemies":"Orb Walker","floor":37.0,"turns":1.0},{"damage":0.0,"enemies":"Spire Growth","floor":39.0,"turns":3.0},{"damage":0.0,"enemies":"Giant Head","floor":41.0,"turns":7.0},{"damage":0.0,"enemies":"3 Darklings","floor":42.0,"turns":2.0},{"damage":0.0,"enemies":"Maw","floor":48.0,"turns":4.0},{"damage":33.0,"enemies":"Awakened One","floor":50.0,"turns":11.0},{"damage":50.0,"enemies":"Shield and Spear","floor":54.0,"turns":5.0},{"damage":104,"enemies":"The Heart","floor":55,"turns":6}],"seed_played":"-7903338530689224097","potions_obtained":[{"floor":0.0,"key":"LiquidMemories"},{"floor":0.0,"key":"Block Potion"},{"floor":0.0,"key":"BlessingOfTheForge"},{"floor":22.0,"key":"Weak Potion"},{"floor":24.0,"key":"SkillPotion"},{"floor":30.0,"key":"ColorlessPotion"},{"floor":31.0,"key":"BlessingOfTheForge"},{"floor":35.0,"key":"Strength Potion"},{"floor":41.0,"key":"Swift Potion"},{"floor":54.0,"key":"Regen Potion"}],"is_trial":false,"path_per_floor":["M","?","$","?","M","E","R","M","T","?","R","M","R","T","R","B",null,"M","?","M","$","M","R","E","M","T","R","M","M","M","E","R","B",null,"M","$","M","?","M","R","E","M","T","R","?","R","?","M","R","B",null,"R","$","E","B"],"character_chosen":"WATCHER","items_purchased":["WheelKick","Lantern","Strength Potion","Bronze Scales","LikeWater","LiquidMemories"],"campfire_rested":0,"item_purchase_floors":[3,21,21,36,36,36],"current_hp_per_floor":[71,76,76,61,61,57,57,57,64,53,53,53,53,53,53,40,84,84,84,82,82,77,77,77,77,77,77,77,77,77,77,77,76,84,84,84,84,74,74,74,74,74,74,74,63,63,63,63,63,51,84,84,84,34,0,0],"gold":73,"neow_bonus":"THREE_SMALL_POTIONS","is_daily":false,"chose_seed":false,"campfire_upgraded":11,"win_rate":0.0,"timestamp":1608071421,"path_taken":["M","?","?","?","?","E","R","M","T","?","R","M","R","?","R","BOSS","M","?","M","?","M","R","E","M","T","R","M","M","M","E","R","BOSS","M","$","M","?","M","R","E","M","T","R","?","R","?","M","R","BOSS","R","$","E","BOSS"],"items_purchased_type":["Card","Relic","Potion","Relic","Card","Potion"],"build_version":"2020-12-13","purchased_purges":1,"victory":false,"max_hp_per_floor":[72,77,77,77,77,77,77,77,84,84,84,84,84,84,84,84,84,84,84,84,84,84,84,84,84,84,84,84,84,84,84,84,84,84,84,84,84,84,84,84,84,84,84,84,84,84,84,84,84,84,84,84,84,84,84,84],"relic_stats":{"Dream Catcher":0,"Happy Flower":[17],"counters":[25,99],"Sundial":[10],"Pantograph":53,"Gambling Chip":[24],"Bronze Scales":[174],"Pen Nib":[6],"Whetstone":["JustLucky","Conclude"],"GoldenEye":[56],"obtain_stats":[{"Lantern":21,"Happy Flower":31,"SacredBark":17,"Vajra":34,"Pen Nib":47,"Whetstone":41,"GoldenEye":34,"White Beast Statue":34,"Calling Bell":34,"Dream Catcher":6,"Sundial":14,"Strawberry":9,"Pantograph":24,"Gambling Chip":26,"Bronze Scales":36,"PureWater":0,"InkBottle":54},{"Lantern":8,"Happy Flower":15,"SacredBark":6,"Vajra":16,"Pen Nib":21,"Whetstone":20,"GoldenEye":16,"White Beast Statue":16,"Calling Bell":16,"Dream Catcher":3,"Sundial":5,"Strawberry":4,"Pantograph":10,"Gambling Chip":11,"Bronze Scales":17,"PureWater":0,"InkBottle":24},{"Lantern":28,"Happy Flower":48,"SacredBark":23,"Vajra":57,"Pen Nib":73,"Whetstone":71,"GoldenEye":57,"White Beast Statue":57,"Calling Bell":57,"Dream Catcher":11,"Sundial":15,"Strawberry":12,"Pantograph":35,"Gambling Chip":38,"Bronze Scales":60,"PureWater":0,"InkBottle":93}],"InkBottle":[2]},"card_choices":[{"not_picked":["Swivel","JustLucky"],"picked":"FollowUp","floor":1.0},{"not_picked":["WheelKick","Sanctity"],"picked":"CrushJoints","floor":5.0},{"not_picked":["MasterReality","InnerPeace","BowlingBash"],"picked":"SKIP","floor":6.0},{"not_picked":["Consecrate","CutThroughFate"],"picked":"Protect","floor":8.0},{"not_picked":["ClearTheMind","Study"],"picked":"Wallop","floor":12.0},{"not_picked":["Ragnarok","Scrawl"],"picked":"Blasphemy","floor":16.0},{"not_picked":["Worship","Swivel+1"],"picked":"Consecrate+1","floor":18.0},{"not_picked":["ClearTheMind","WaveOfTheHand"],"picked":"CutThroughFate+1","floor":20.0},{"not_picked":["Prostrate+1","ReachHeaven"],"picked":"Perseverance+1","floor":22.0},{"not_picked":["SandsOfTime","Sanctity"],"picked":"Conclude","floor":24.0},{"not_picked":["FlurryOfBlows","Consecrate","BattleHymn"],"picked":"SKIP","floor":25.0},{"not_picked":["Fasting2+1","EmptyBody"],"picked":"JustLucky","floor":28.0},{"not_picked":["Pray","Brilliance"],"picked":"BowlingBash+1","floor":29.0},{"not_picked":["Wallop","Collect"],"picked":"CutThroughFate+1","floor":30.0},{"not_picked":["CutThroughFate","WheelKick"],"picked":"InnerPeace","floor":31.0},{"not_picked":["Halt","FearNoEvil+1"],"picked":"SashWhip+1","floor":35.0},{"not_picked":["CrushJoints","Swivel+1"],"picked":"Adaptation","floor":37.0},{"not_picked":["Purity","Blind"],"picked":"Thinking Ahead","floor":38.0},{"not_picked":["Flash of Steel","Finesse"],"picked":"Master of Strategy","floor":38.0},{"not_picked":["Bandage Up","Trip"],"picked":"Purity","floor":38.0},{"not_picked":["EmptyFist+1","Prostrate"],"picked":"TalkToTheHand+1","floor":39.0},{"not_picked":["EmptyBody","BowlingBash+1"],"picked":"Crescendo","floor":41.0},{"not_picked":["CarveReality+1","Collect","SignatureMove+1"],"picked":"SKIP","floor":42.0},{"not_picked":["FlyingSleeves","Fasting2","SashWhip"],"picked":"SKIP","floor":48.0},{"not_picked":["Weave+1","Consecrate+1"],"picked":"TalkToTheHand+1","floor":54.0}],"player_experience":42376,"relics_obtained":[{"floor":6.0,"key":"Dream Catcher"},{"floor":9.0,"key":"Strawberry"},{"floor":14.0,"key":"Sundial"},{"floor":24.0,"key":"Pantograph"},{"floor":26.0,"key":"Gambling Chip"},{"floor":31.0,"key":"Happy Flower"},{"floor":34.0,"key":"White Beast Statue"},{"floor":34.0,"key":"Vajra"},{"floor":34.0,"key":"GoldenEye"},{"floor":41.0,"key":"Whetstone"},{"floor":54.0,"key":"InkBottle"}],"event_choices":[{"damage_healed":0.0,"max_hp_gain":5.0,"max_hp_loss":0.0,"gold_gain":0.0,"event_name":"Big Fish","player_choice":"Donut","floor":2.0,"gold_loss":0.0,"damage_taken":0.0},{"damage_healed":0.0,"max_hp_gain":0.0,"max_hp_loss":0.0,"gold_gain":0.0,"event_name":"Shining Light","player_choice":"Entered Light","floor":4.0,"gold_loss":0.0,"damage_taken":15.0,"cards_upgraded":["Strike_P","FollowUp"]},{"damage_healed":0.0,"max_hp_gain":0.0,"max_hp_loss":0.0,"gold_gain":75.0,"event_name":"World of Goop","player_choice":"Gather Gold","floor":10.0,"gold_loss":0.0,"damage_taken":11.0},{"damage_healed":0.0,"max_hp_gain":0.0,"max_hp_loss":0.0,"gold_gain":0.0,"event_name":"Back to Basics","player_choice":"Simplicity","floor":19.0,"gold_loss":0.0,"damage_taken":0.0,"cards_upgraded":["Strike_P","Strike_P","Strike_P","Defend_P","Defend_P","Defend_P","Defend_P"]},{"damage_healed":0.0,"max_hp_gain":0.0,"max_hp_loss":0.0,"gold_gain":0.0,"event_name":"SensoryStone","player_choice":"Memory 3","floor":38.0,"gold_loss":0.0,"damage_taken":10.0},{"damage_healed":0.0,"max_hp_gain":0.0,"max_hp_loss":0.0,"gold_gain":0.0,"event_name":"Winding Halls","player_choice":"Embrace Madness","floor":45.0,"gold_loss":0.0,"damage_taken":11.0,"cards_obtained":["Madness","Madness"]},{"damage_healed":0.0,"max_hp_gain":0.0,"max_hp_loss":0.0,"gold_gain":0.0,"event_name":"WeMeetAgain","player_choice":"Paid Gold","floor":47.0,"gold_loss":99.0,"damage_taken":0.0,"relics_obtained":["Pen Nib"]}],"is_beta":false,"boss_relics":[{"not_picked":["Busted Crown","Runic Pyramid"],"picked":"SacredBark"},{"not_picked":["Runic Dome","Coffee Dripper"],"picked":"Calling Bell"}],"items_purged_floors":[21],"is_endless":false,"potions_floor_spawned":[5,22,24,25,29,30,31,35,37,39,41,42,48,54],"killed_by":"The Heart","ascension_level":0}}