{"host":"wha9hktbkslqvblg","time":1608038954,"event":{"mods":["BaseMod","Colored Map","Minty Spire (QoL Compilation)","Relic Stats","SuperFastMode","everything is the same but u backflip on backflip"],"gold_per_floor":[110,110,35,35,55,55,85,85,164,194,212,223,240,267,267,267,267],"floor_reached":16,"playtime":195,"items_purged":["Strike_R"],"score":270,"play_id":"637c35ff-f5a2-45f8-acf1-20d1651ea79c","local_time":"20201215222914","is_ascension_mode":true,"campfire_choices":[{"data":"Bash","floor":6.0,"key":"SMITH"},{"floor":8,"key":"RECALL"},{"data":"Inflame","floor":15,"key":"SMITH"}],"circlet_count":0,"master_deck":["AscendersBane","Strike_R","Strike_R","Strike_R","Defend_R","Defend_R+1","Defend_R+1","Defend_R","Bash+1","Disarm","Inflame+1"],"relics":["Burning Blood","NeowsBlessing","White Beast Statue","StrikeDummy","Toy Ornithopter"],"acts_visited":["Exordium"],"potions_floor_usage":[11,14],"damage_taken":[{"damage":0.0,"enemies":"2 Louse","floor":1.0,"turns":1.0},{"damage":0.0,"enemies":"Jaw Worm","floor":5.0,"turns":1.0},{"damage":0,"enemies":"Gremlin Nob","floor":10,"turns":1},{"damage":4,"enemies":"Small Slimes","floor":11,"turns":3},{"damage":4,"enemies":"Blue Slaver","floor":12,"turns":5},{"damage":10,"enemies":"Red Slaver","floor":13,"turns":3},{"damage":10,"enemies":"Lagavulin","floor":14,"turns":5},{"damage":0,"enemies":"The Guardian","floor":16,"turns":1}],"seed_played":"-1688681605441524662","potions_obtained":[{"floor":1.0,"key":"SpeedPotion"},{"floor":5.0,"key":"Explosive Potion"},{"floor":10,"key":"BloodPotion"},{"floor":11,"key":"DistilledChaos"},{"floor":14,"key":"SmokeBomb"}],"is_trial":false,"path_per_floor":["M","?","$","?","M","R","?","R","T","E","M","M","M","E","R","B"],"character_chosen":"IRONCLAD","items_purchased":[],"campfire_rested":0,"item_purchase_floors":[],"current_hp_per_floor":[74,67,67,44,50,50,50,50,50,56,73,75,71,67,67,67,67],"gold":267,"neow_bonus":"THREE_ENEMY_KILL","is_daily":false,"chose_seed":false,"campfire_upgraded":2,"win_rate":0.0,"timestamp":1608038954,"path_taken":["M","?","$","?","M","R","?","R","T","E","M","M","M","E","R","BOSS"],"items_purchased_type":[],"build_version":"2020-12-13","purchased_purges":1,"victory":false,"max_hp_per_floor":[75,75,75,75,75,75,75,75,75,75,75,75,75,75,75,75,75],"relic_stats":{"counters":[8,20],"obtain_stats":[{"NeowsBlessing":0,"StrikeDummy":10,"Burning Blood":0,"White Beast Statue":9,"Toy Ornithopter":14},{"NeowsBlessing":0,"StrikeDummy":3,"Burning Blood":0,"White Beast Statue":2,"Toy Ornithopter":7},{"NeowsBlessing":0,"StrikeDummy":3,"Burning Blood":0,"White Beast Statue":2,"Toy Ornithopter":19}],"Burning Blood":42,"Toy Ornithopter":0},"card_choices":[{"not_picked":["Rage","Twin Strike","Thunderclap"],"picked":"SKIP","floor":1.0},{"not_picked":["Feel No Pain","Searing Blow","Armaments"],"picked":"SKIP","floor":5.0},{"not_picked":["Double Tap","True Grit"],"picked":"Disarm","floor":10},{"not_picked":["Clash","Clothesline"],"picked":"Inflame","floor":11},{"not_picked":["Cleave","Iron Wave","Flex"],"picked":"SKIP","floor":12},{"not_picked":["Power Through","Intimidate","Perfected Strike"],"picked":"SKIP","floor":13},{"not_picked":["Headbutt","Anger","Intimidate"],"picked":"SKIP","floor":14}],"player_experience":848083,"relics_obtained":[{"floor":9,"key":"White Beast Statue"},{"floor":10,"key":"StrikeDummy"},{"floor":14,"key":"Toy Ornithopter"}],"event_choices":[{"cards_removed":["Strike_R"],"damage_healed":0.0,"max_hp_gain":0.0,"max_hp_loss":0.0,"gold_gain":0.0,"event_name":"Golden Wing","player_choice":"Card Removal","floor":2.0,"gold_loss":0.0,"damage_taken":7.0},{"damage_healed":0.0,"max_hp_gain":0.0,"max_hp_loss":0.0,"gold_gain":0.0,"event_name":"Shining Light","player_choice":"Entered Light","floor":4.0,"gold_loss":0.0,"damage_taken":23.0,"cards_upgraded":["Defend_R","Defend_R"]},{"damage_healed":0,"gold_gain":30,"player_choice":"Searched \u00271\u0027 times","damage_taken":0,"max_hp_gain":0,"max_hp_loss":0,"event_name":"Dead Adventurer","floor":7,"gold_loss":0}],"is_beta":false,"boss_relics":[],"items_purged_floors":[3],"is_endless":false,"potions_floor_spawned":[1,5,10,11,12,13,14],"killed_by":"The Guardian","ascension_level":20}}