{"host":"usewcu4ohw2wtmxk","time":1608002609,"event":{"mods":["AchievementEnabler","BaseMod","BetterRewards","Colored Powertips","Minty Spire (QoL Compilation)","Permanent Neow","Quick Restart","Relic Sorter","Relic Stats","Shop Mod","StSLib"],"gold_per_floor":[16,16,33,50,50,50,78,96,96,96,129,139,214,230,230,230,230],"floor_reached":16,"playtime":1168,"items_purged":[],"score":224,"play_id":"79d9f2c6-f0ec-4ef0-9c4e-25a9fabb36d0","local_time":"20201215112329","is_ascension_mode":true,"campfire_choices":[{"data":"Apotheosis","floor":6,"key":"SMITH"},{"floor":10,"key":"REST"},{"data":"Coolheaded","floor":15,"key":"SMITH"}],"circlet_count":0,"master_deck":["AscendersBane","Strike_B","Strike_B","Strike_B","Defend_B","Defend_B","Defend_B","Defend_B","Zap","Dualcast","Apotheosis+1","Glacier","Ball Lightning","Coolheaded+1","Turbo","Recycle"],"relics":["Cracked Core","Bronze Scales","Blue Candle","Potion Belt","Blood Vial"],"acts_visited":["Exordium"],"potions_floor_usage":[7,16,16,16],"damage_taken":[{"damage":0.0,"enemies":"Small Slimes","floor":1.0,"turns":2.0},{"damage":0,"enemies":"Jaw Worm","floor":3,"turns":5},{"damage":0,"enemies":"Cultist","floor":4,"turns":3},{"damage":10,"enemies":"Gremlin Nob","floor":7,"turns":4},{"damage":15,"enemies":"3 Louse","floor":8,"turns":3},{"damage":4,"enemies":"Lagavulin","floor":11,"turns":7},{"damage":5,"enemies":"2 Fungi Beasts","floor":12,"turns":3},{"damage":3,"enemies":"Blue Slaver","floor":14,"turns":3},{"damage":36,"enemies":"Slime Boss","floor":16,"turns":11}],"seed_played":"-5529099250477919476","potions_obtained":[{"floor":3,"key":"Block Potion"},{"floor":7,"key":"GamblersBrew"},{"floor":8,"key":"ColorlessPotion"},{"floor":14,"key":"Explosive Potion"}],"is_trial":false,"path_per_floor":["M","?","M","M","?","R","E","M","T","R","E","M","?","M","R","B"],"character_chosen":"DEFECT","items_purchased":[],"campfire_rested":1,"item_purchase_floors":[],"current_hp_per_floor":[64,64,64,64,53,53,43,28,28,49,45,42,31,30,30,0,0],"gold":230,"neow_bonus":"RANDOM_COLORLESS_2","is_daily":false,"chose_seed":false,"campfire_upgraded":2,"win_rate":0.0,"timestamp":1608002609,"path_taken":["M","?","M","M","?","R","E","M","T","R","E","M","?","M","R","BOSS"],"items_purchased_type":[],"build_version":"2020-12-13","purchased_purges":0,"victory":false,"max_hp_per_floor":[71,71,71,71,71,71,71,71,71,71,71,71,71,71,71,71,71],"relic_stats":{"Blood Vial":6,"counters":[9,41],"Bronze Scales":[66],"Blue Candle":[0],"obtain_stats":[{"Potion Belt":9,"Blood Vial":11,"Bronze Scales":5,"Blue Candle":7,"Cracked Core":0},{"Potion Belt":5,"Blood Vial":6,"Bronze Scales":3,"Blue Candle":4,"Cracked Core":0},{"Potion Belt":17,"Blood Vial":24,"Bronze Scales":10,"Blue Candle":14,"Cracked Core":0}]},"card_choices":[{"not_picked":["The Bomb","Thinking Ahead"],"picked":"Apotheosis","floor":0.0},{"not_picked":["Barrage","Beam Cell"],"picked":"Glacier","floor":1.0},{"not_picked":["Darkness","White Noise"],"picked":"Ball Lightning","floor":3},{"not_picked":["Redo","Darkness","Stack"],"picked":"SKIP","floor":4},{"not_picked":["Genetic Algorithm","Gash"],"picked":"Coolheaded","floor":7},{"not_picked":["Rebound","Barrage"],"picked":"Turbo","floor":8},{"not_picked":["Streamline","Darkness","Fusion"],"picked":"SKIP","floor":11},{"not_picked":["Reprogram","Steam","Gash"],"picked":"SKIP","floor":12},{"not_picked":["Rainbow","Steam"],"picked":"Recycle","floor":14}],"player_experience":257755,"relics_obtained":[{"floor":7,"key":"Blue Candle"},{"floor":9,"key":"Potion Belt"},{"floor":11,"key":"Blood Vial"}],"event_choices":[{"cards_removed":["Strike_B"],"damage_healed":0,"gold_gain":0,"player_choice":"Forget","damage_taken":0,"max_hp_gain":0,"max_hp_loss":0,"event_name":"Living Wall","floor":2,"gold_loss":0},{"damage_healed":0,"gold_gain":0,"player_choice":"Success","damage_taken":11,"relics_obtained":["Bronze Scales"],"max_hp_gain":0,"max_hp_loss":0,"event_name":"Scrap Ooze","floor":5,"gold_loss":0},{"damage_healed":0,"gold_gain":75,"player_choice":"Gather Gold","damage_taken":11,"max_hp_gain":0,"max_hp_loss":0,"event_name":"World of Goop","floor":13,"gold_loss":0}],"is_beta":false,"boss_relics":[],"items_purged_floors":[],"is_endless":false,"potions_floor_spawned":[3,7,8,14],"killed_by":"Slime Boss","ascension_level":20}}