{"host":"bux1pdxjwq4dkad9","time":1608024935,"event":{"mods":["BaseMod","Colored Map","Minty Spire (QoL Compilation)","Quick Restart","Shop Mod","Spicy Shops","StSLib","SuperFastMode","The Fake Hero","Thieving Mod","Uncapped","【人物mod】游戏王New YuGiOh mod","【遗物Mod】简单游戏"],"gold_per_floor":[309,517,517,517,535,552,577,589,614,614,614,624,655,428,457,457,555,555,567,578,598,598,697,726,726,757,757,788,788,817,827,837,837,936,936,949,963,975,1027,1042,1042,1059,1089,1089,1123,1142,1158,1188,1208,1208,1208,1208,1208,5,34,34],"floor_reached":56,"playtime":1998,"items_purged":["luka_mod:Surrender","luka_mod:Guard"],"score":2055,"play_id":"b8c6f78d-b56f-49b3-8206-255b72c9802a","local_time":"20201215173535","is_ascension_mode":true,"campfire_choices":[{"data":"luka_mod:Edging","floor":10.0,"key":"SMITH"},{"data":"luka_mod:Salamander","floor":15.0,"key":"SMITH"},{"data":"Writhe","floor":24,"key":"PURGE"},{"data":"luka_mod:TouchFluffyTail","floor":32,"key":"SMITH"},{"floor":40,"key":"RECALL"},{"data":"luka_mod:Ilias","floor":49,"key":"SMITH"},{"data":"luka_mod:NotVerySharp","floor":52,"key":"SMITH"}],"circlet_count":0,"master_deck":["luka_mod:StrikeLukaOne","luka_mod:StrikeLukaTwo+1","luka_mod:StrikeLukaThree","luka_mod:StrikeLukaFour","luka_mod:StrikeLukaFive","luka_mod:StrikeLukaSix+1","luka_mod:Salt","luka_mod:Edging+1","luka_mod:FlailWildly+1","luka_mod:Meditation","luka_mod:NotVerySharp+1","luka_mod:Salamander+1","luka_mod:NinefoldRakshasa","luka_mod:NotVerySharp","luka_mod:Erubetie","CurseOfTheBell","luka_mod:PeacePreach","luka_mod:TouchFluffyTail+1","luka_mod:AngryLuka+1","luka_mod:Gnome","luka_mod:Ilias+1","luka_mod:Optimistic+1","luka_mod:PrayToIlias+1","luka_mod:Sylph+1","luka_mod:Calm+1"],"relics":["luka_mod:KeepsakeRing","EasyRelic","Mango","Pantograph","Pen Nib","PreservedInsect","HornCleat","ClockworkSouvenir","Blood Vial","Calling Bell","Omamori","Kunai","Lizard Tail","Mummified Hand","Centennial Puzzle","Smiling Mask","The Courier","Peace Pipe","Potion Belt","SacredBark","Du-Vu Doll","Art of War","Whetstone","Eternal Feather","OrangePellets","Bag of Preparation","Vajra","Happy Flower","Bird Faced Urn","Akabeko","Bag of Marbles","Gremlin Horn","Sundial"],"acts_visited":["Exordium","TheCity","TheBeyond","TheEnding"],"potions_floor_usage":[50,55,55,55],"damage_taken":[{"damage":0.0,"enemies":"2 Louse","floor":1.0,"turns":2.0},{"damage":0.0,"enemies":"Small Slimes","floor":4.0,"turns":2.0},{"damage":0.0,"enemies":"Cultist","floor":5.0,"turns":2.0},{"damage":0.0,"enemies":"Gremlin Nob","floor":6.0,"turns":2.0},{"damage":0.0,"enemies":"Blue Slaver","floor":7.0,"turns":2.0},{"damage":0.0,"enemies":"Lagavulin","floor":8.0,"turns":2.0},{"damage":0.0,"enemies":"3 Louse","floor":11.0,"turns":1.0},{"damage":0.0,"enemies":"3 Sentries","floor":12.0,"turns":2.0},{"damage":0.0,"enemies":"Lagavulin","floor":14.0,"turns":2.0},{"damage":0.0,"enemies":"Slime Boss","floor":16.0,"turns":1.0},{"damage":0.0,"enemies":"Chosen","floor":18.0,"turns":2.0},{"damage":0.0,"enemies":"3 Byrds","floor":19.0,"turns":2.0},{"damage":0.0,"enemies":"Sentry and Sphere","floor":20.0,"turns":2.0},{"damage":0.0,"enemies":"Book of Stabbing","floor":23.0,"turns":2.0},{"damage":0,"enemies":"Slavers","floor":25,"turns":1},{"damage":0,"enemies":"Book of Stabbing","floor":27,"turns":3},{"damage":0,"enemies":"Slavers","floor":29,"turns":2},{"damage":0,"enemies":"Centurion and Healer","floor":30,"turns":1},{"damage":0,"enemies":"Snake Plant","floor":31,"turns":2},{"damage":0,"enemies":"Champ","floor":33,"turns":4},{"damage":0,"enemies":"3 Darklings","floor":35,"turns":2},{"damage":0,"enemies":"3 Shapes","floor":36,"turns":1},{"damage":0,"enemies":"Sphere and 2 Shapes","floor":37,"turns":1},{"damage":0,"enemies":"2 Orb Walkers","floor":38,"turns":2},{"damage":0,"enemies":"Jaw Worm Horde","floor":39,"turns":3},{"damage":0,"enemies":"4 Shapes","floor":41,"turns":1},{"damage":0,"enemies":"Giant Head","floor":42,"turns":1},{"damage":0,"enemies":"Nemesis","floor":44,"turns":2},{"damage":0,"enemies":"Sphere and 2 Shapes","floor":45,"turns":1},{"damage":0,"enemies":"Jaw Worm Horde","floor":46,"turns":2},{"damage":0,"enemies":"Giant Head","floor":47,"turns":2},{"damage":0,"enemies":"Maw","floor":48,"turns":1},{"damage":0,"enemies":"Donu and Deca","floor":50,"turns":1},{"damage":0,"enemies":"Shield and Spear","floor":54,"turns":1},{"damage":0,"enemies":"The Heart","floor":55,"turns":3}],"seed_played":"-9174029162037722695","potions_obtained":[{"floor":4.0,"key":"AttackPotion"},{"floor":6.0,"key":"Dexterity Potion"},{"floor":7.0,"key":"Block Potion"},{"floor":29,"key":"FearPotion"},{"floor":31,"key":"BlessingOfTheForge"},{"floor":37,"key":"Swift Potion"},{"floor":41,"key":"DistilledChaos"},{"floor":46,"key":"PowerPotion"}],"is_trial":false,"path_per_floor":["M","?","?","M","M","E","M","E","T","R","M","E","$","E","R","B",null,"M","M","M","?","?","E","R","E","T","E","?","E","M","M","R","B",null,"M","M","M","?","M","R","M","E","T","E","M","M","E","M","R","B",null,"R","$","E","B",null],"character_chosen":"LUKA_CLASS","items_purchased":["ClockworkSouvenir","OrangePellets","Bag of Preparation","Vajra","Happy Flower","Bird Faced Urn","Akabeko","Bag of Marbles","Gremlin Horn"],"campfire_rested":0,"item_purchase_floors":[13,53,53,53,53,53,53,53,53],"current_hp_per_floor":[32,54,43,43,44,45,54,54,54,54,54,3,3,3,3,3,3,62,3,3,3,3,3,3,3,3,3,3,3,3,3,3,3,3,82,3,3,3,3,3,3,3,3,3,51,3,3,6,3,18,3,106,106,106,5,7],"gold":34,"neow_bonus":"ONE_RARE_RELIC","is_daily":false,"chose_seed":false,"campfire_upgraded":5,"win_rate":0.0,"timestamp":1608024935,"path_taken":["M","?","?","M","M","E","M","E","T","R","?","E","$","E","R","BOSS","M","M","M","?","?","E","R","E","T","E","?","E","M","M","R","BOSS","M","M","M","?","M","R","M","E","T","E","M","M","E","M","R","BOSS","R","$","E","BOSS"],"items_purchased_type":["Relic","Relic","Relic","Relic","Relic","Relic","Relic","Relic","Relic"],"build_version":"2020-12-13","purchased_purges":2,"victory":true,"max_hp_per_floor":[49,54,54,54,54,54,54,54,54,54,54,56,58,58,60,60,62,62,64,66,68,68,68,70,70,72,72,74,74,76,78,80,80,82,82,84,86,88,90,92,92,94,96,96,98,100,102,102,104,104,106,106,106,106,108,110],"card_choices":[{"not_picked":["luka_mod:Overexert","luka_mod:EarthSlash","luka_mod:WaterSlash"],"picked":"SKIP","floor":1.0},{"not_picked":["luka_mod:HeavenlyDemonRevival","luka_mod:Intense","luka_mod:UnusedPoison"],"picked":"SKIP","floor":4.0},{"not_picked":["luka_mod:StressRelief","luka_mod:FireSlash"],"picked":"luka_mod:Salamander","floor":5.0},{"not_picked":["luka_mod:SpoilerDance","luka_mod:GuardTraining","luka_mod:GuardedStrike"],"picked":"SKIP","floor":6.0},{"not_picked":["luka_mod:Feel","luka_mod:WaterSlash","luka_mod:EarthSlash"],"picked":"SKIP","floor":7.0},{"not_picked":["luka_mod:Sara","luka_mod:ThunderThrust","luka_mod:IliasesJudgement"],"picked":"SKIP","floor":8.0},{"not_picked":["luka_mod:StrikeLuka","luka_mod:RestrictedStrike"],"picked":"luka_mod:NinefoldRakshasa","floor":11.0},{"not_picked":["luka_mod:EndlessGuard","luka_mod:Calm"],"picked":"luka_mod:NotVerySharp","floor":12.0},{"not_picked":["luka_mod:RestrictedStrike","luka_mod:Salamander","luka_mod:Overexert"],"picked":"SKIP","floor":14.0},{"not_picked":["luka_mod:SpoilerForm","luka_mod:Daystar"],"picked":"luka_mod:Erubetie","floor":16.0},{"not_picked":["luka_mod:Calm","luka_mod:Overexert","luka_mod:Feel"],"picked":"SKIP","floor":18.0},{"not_picked":["luka_mod:NeverSurrender+1","luka_mod:Intense","luka_mod:NoDebuffs"],"picked":"SKIP","floor":19.0},{"not_picked":["luka_mod:StrikeLuka+1","luka_mod:LightningSwordFlash","luka_mod:RestrictedStrike"],"picked":"SKIP","floor":20.0},{"not_picked":["luka_mod:Salamander+1","luka_mod:DeathSwordChaosStar"],"picked":"luka_mod:PeacePreach","floor":23},{"not_picked":["luka_mod:Overexert","luka_mod:WaterSlash+1","luka_mod:EarthSlash"],"picked":"SKIP","floor":25},{"not_picked":["luka_mod:UnusedPoison","luka_mod:Cutscene","luka_mod:Overexert"],"picked":"SKIP","floor":27},{"not_picked":["luka_mod:GuardTraining","luka_mod:NeverSurrender"],"picked":"luka_mod:AngryLuka+1","floor":29},{"not_picked":["luka_mod:Struggle","luka_mod:BegIlias"],"picked":"luka_mod:Gnome","floor":30},{"not_picked":["luka_mod:Undine","luka_mod:Overexert+1","luka_mod:RestrictedStrike"],"picked":"SKIP","floor":31},{"not_picked":["luka_mod:AlicesFist","luka_mod:Daystar"],"picked":"luka_mod:Ilias","floor":33},{"not_picked":["luka_mod:PrayToIlias","luka_mod:Overexert+1","luka_mod:PerfectTiming+1"],"picked":"SKIP","floor":35},{"not_picked":["luka_mod:FireSlash","luka_mod:StrikeLuka","luka_mod:Request+1"],"picked":"SKIP","floor":36},{"not_picked":["luka_mod:OiAlice","luka_mod:EarthSlash","luka_mod:SereneDemonSword+1"],"picked":"SKIP","floor":37},{"not_picked":["luka_mod:PeacePreach","luka_mod:Overexert+1","luka_mod:EarthSlash"],"picked":"SKIP","floor":39},{"not_picked":["luka_mod:EarthSlash","luka_mod:Sara"],"picked":"luka_mod:Optimistic+1","floor":41},{"not_picked":["luka_mod:BladeOfSolidEarth","luka_mod:PrayToIlias","luka_mod:WindSlash"],"picked":"SKIP","floor":42},{"not_picked":["luka_mod:PeacePreach","luka_mod:DeathSwordChaosStar"],"picked":"luka_mod:PrayToIlias+1","floor":44},{"not_picked":["luka_mod:StressRelief","luka_mod:IliasesJudgement"],"picked":"luka_mod:Sylph+1","floor":45},{"not_picked":["luka_mod:AngryLuka+1","luka_mod:BladeOfSolidEarth"],"picked":"luka_mod:Calm+1","floor":46},{"not_picked":["luka_mod:EarthRumblingDecapitation","luka_mod:Salamander+1","luka_mod:StrikeLuka"],"picked":"SKIP","floor":47},{"not_picked":["luka_mod:SereneDemonSword","luka_mod:HeroicStrike+1","luka_mod:Feel+1"],"picked":"SKIP","floor":48},{"not_picked":["luka_mod:GuardTraining","luka_mod:TouchFluffyTail","luka_mod:BladeOfHowlingWind+1"],"picked":"SKIP","floor":54}],"player_experience":2343638,"relics_obtained":[{"floor":6.0,"key":"Pantograph"},{"floor":8.0,"key":"Pen Nib"},{"floor":9.0,"key":"PreservedInsect"},{"floor":12.0,"key":"HornCleat"},{"floor":14.0,"key":"Blood Vial"},{"floor":17.0,"key":"Omamori"},{"floor":17.0,"key":"Kunai"},{"floor":17.0,"key":"Lizard Tail"},{"floor":23,"key":"Centennial Puzzle"},{"floor":25,"key":"Smiling Mask"},{"floor":26,"key":"The Courier"},{"floor":27,"key":"Peace Pipe"},{"floor":29,"key":"Potion Belt"},{"floor":38,"key":"Du-Vu Doll"},{"floor":42,"key":"Art of War"},{"floor":44,"key":"Whetstone"},{"floor":47,"key":"Eternal Feather"},{"floor":54,"key":"Sundial"}],"event_choices":[{"damage_healed":0.0,"max_hp_gain":0.0,"max_hp_loss":0.0,"gold_gain":0.0,"event_name":"Shining Light","player_choice":"Entered Light","floor":2.0,"gold_loss":0.0,"damage_taken":11.0,"cards_upgraded":["luka_mod:FlailWildly","luka_mod:Wait"]},{"damage_healed":0.0,"max_hp_gain":0.0,"max_hp_loss":0.0,"gold_gain":0.0,"cards_transformed":["luka_mod:Wait"],"event_name":"Transmorgrifier","player_choice":"Transformed","floor":3.0,"gold_loss":0.0,"damage_taken":0.0,"cards_obtained":["luka_mod:NotVerySharp"]},{"damage_healed":0.0,"max_hp_gain":0.0,"max_hp_loss":0.0,"gold_gain":0.0,"event_name":"The Mausoleum","player_choice":"Opened","floor":21.0,"gold_loss":0.0,"damage_taken":0.0,"relics_obtained":["Mummified Hand"]},{"damage_healed":0.0,"max_hp_gain":0.0,"max_hp_loss":0.0,"gold_gain":99.0,"event_name":"Nest","player_choice":"Stole From Cult","floor":22.0,"gold_loss":0.0,"damage_taken":0.0},{"damage_healed":0,"gold_gain":0,"player_choice":"Read","damage_taken":0,"max_hp_gain":0,"max_hp_loss":0,"event_name":"The Library","floor":28,"gold_loss":0,"cards_obtained":["luka_mod:TouchFluffyTail"]},{"damage_healed":0,"gold_gain":0,"player_choice":"Fight","damage_taken":0,"max_hp_gain":0,"max_hp_loss":0,"event_name":"Mysterious Sphere","floor":38,"gold_loss":0}],"is_beta":false,"boss_relics":[{"not_picked":["Tiny House","SlaversCollar"],"picked":"Calling Bell"},{"not_picked":["Cursed Key","Sozu"],"picked":"SacredBark"}],"items_purged_floors":[13,53],"is_endless":false,"potions_floor_spawned":[4,6,7,14,16,19,23,29,31,37,41,44,45,46],"ascension_level":1}}