{"host":"vsssrh9c5j56q07s","time":1608013850,"event":{"mods":["AchievementEnabler","BaseMod","Colored Map","Colored Powertips","Custom Start","DeckTracker","Highlight Path","Minty Spire (QoL Compilation)","Relic Sorter","StSLib"],"gold_per_floor":[18,31,31,41,57,57,74,74,74,149,183,183,198,226,226,322,322,340,351,365,379,393,393,26,36,36,36,68,68,68,80,80,183,183,199,28,83,34,34,34,63,63,63,413,413,432,448,448,448],"floor_reached":48,"playtime":4248,"items_purged":["Strike_R","Strike_R"],"score":519,"play_id":"194d91c5-1c47-47e3-804a-e40e4a9a3bd1","local_time":"20201214223050","is_ascension_mode":false,"campfire_choices":[{"floor":6,"key":"RECALL"},{"floor":12,"key":"REST"},{"data":"Juggernaut","floor":15,"key":"SMITH"},{"floor":23,"key":"REST"},{"floor":27,"key":"REST"},{"floor":29,"key":"REST"},{"data":"Demon Form","floor":32,"key":"SMITH"},{"floor":40,"key":"REST"},{"floor":42,"key":"REST"}],"circlet_count":0,"master_deck":["Strike_R","Strike_R","Strike_R","Defend_R","Defend_R","Defend_R","Defend_R","Bash","Armaments+1","Rampage","Headbutt","Flame Barrier","Juggernaut+1","Clothesline","Immolate","Iron Wave","Reaper","Twin Strike+1","Demon Form+1","Twin Strike","Feed","Metallicize","Heavy Blade","Shrug It Off+1","Fire Breathing+1"],"relics":["Burning Blood","Pocketwatch","Mercury Hourglass","Mummified Hand","Blue Candle","Runic Cube","Happy Flower","Brimstone","Dream Catcher","Bag of Preparation","SlaversCollar","Girya","PreservedInsect","Old Coin"],"acts_visited":["Exordium","TheCity","TheBeyond"],"potions_floor_usage":[21,39],"damage_taken":[{"damage":3,"enemies":"Jaw Worm","floor":1,"turns":4},{"damage":0,"enemies":"2 Louse","floor":2,"turns":2},{"damage":6,"enemies":"Cultist","floor":4,"turns":3},{"damage":11,"enemies":"Lots of Slimes","floor":5,"turns":4},{"damage":11,"enemies":"Exordium Thugs","floor":7,"turns":3},{"damage":20,"enemies":"Gremlin Nob","floor":11,"turns":4},{"damage":7,"enemies":"Blue Slaver","floor":13,"turns":2},{"damage":6,"enemies":"3 Sentries","floor":14,"turns":5},{"damage":27,"enemies":"Slime Boss","floor":16,"turns":8},{"damage":20,"enemies":"Shell Parasite","floor":18,"turns":7},{"damage":0,"enemies":"Chosen","floor":19,"turns":4},{"damage":33,"enemies":"Snake Plant","floor":20,"turns":5},{"damage":20,"enemies":"3 Cultists","floor":21,"turns":5},{"damage":14,"enemies":"Cultist and Chosen","floor":22,"turns":5},{"damage":17,"enemies":"Centurion and Healer","floor":25,"turns":4},{"damage":42,"enemies":"Slavers","floor":28,"turns":4},{"damage":0,"enemies":"Snecko","floor":31,"turns":2},{"damage":88,"enemies":"Automaton","floor":33,"turns":8},{"damage":3,"enemies":"3 Shapes","floor":35,"turns":3},{"damage":102,"enemies":"2 Orb Walkers","floor":37,"turns":5},{"damage":0,"enemies":"3 Darklings","floor":39,"turns":1},{"damage":57,"enemies":"Giant Head","floor":41,"turns":7},{"damage":17,"enemies":"Mind Bloom Boss Battle","floor":44,"turns":5},{"damage":14,"enemies":"Sphere and 2 Shapes","floor":46,"turns":3},{"damage":12,"enemies":"Spire Growth","floor":47,"turns":4},{"damage":41,"enemies":"Maw","floor":48,"turns":5}],"seed_played":"-2065685777281989764","potions_obtained":[{"floor":4,"key":"FairyPotion"},{"floor":5,"key":"ColorlessPotion"},{"floor":11,"key":"Weak Potion"},{"floor":13,"key":"GamblersBrew"},{"floor":14,"key":"FairyPotion"},{"floor":21,"key":"SmokeBomb"},{"floor":37,"key":"ElixirPotion"},{"floor":46,"key":"ElixirPotion"}],"is_trial":false,"path_per_floor":["M","M","?","M","M","R","M","?","T","?","E","R","M","E","R","B",null,"M","M","M","M","M","R","$","M","T","R","E","R","?","M","R","B",null,"M","$","?","$","M","R","E","R","T","?","?","M","M","M"],"character_chosen":"IRONCLAD","items_purchased":["Happy Flower","Brimstone","Metallicize","Heavy Blade"],"campfire_rested":6,"item_purchase_floors":[24,24,36,38],"current_hp_per_floor":[80,80,80,80,75,75,70,70,70,62,48,72,71,71,71,50,80,66,72,45,31,23,47,47,36,36,60,24,48,48,54,54,30,80,83,83,13,13,19,43,7,31,31,32,32,39,33,0,0],"gold":448,"neow_bonus":"ONE_RARE_RELIC","is_daily":false,"chose_seed":false,"campfire_upgraded":2,"win_rate":0.0,"timestamp":1608013850,"path_taken":["M","M","?","M","M","R","M","?","T","?","E","R","M","E","R","BOSS","M","M","M","M","M","R","$","M","T","R","E","R","?","?","R","BOSS","M","$","?","$","M","R","E","R","T","?","?","?","M","M"],"items_purchased_type":["Relic","Relic","Card","Card"],"build_version":"2020-12-13","purchased_purges":2,"victory":false,"max_hp_per_floor":[80,80,80,80,80,80,80,80,80,80,80,80,80,80,80,80,80,80,80,80,80,80,80,80,80,80,80,80,80,80,80,80,80,80,83,83,83,83,83,83,83,83,83,83,83,86,86,86,86],"card_choices":[{"not_picked":["Clothesline","Disarm","Whirlwind"],"picked":"SKIP","floor":1},{"not_picked":["Sword Boomerang","Burning Pact"],"picked":"Armaments","floor":2},{"not_picked":["Flame Barrier","Sword Boomerang"],"picked":"Rampage","floor":4},{"not_picked":["Evolve","Second Wind"],"picked":"Headbutt","floor":5},{"not_picked":["True Grit","Body Slam"],"picked":"Flame Barrier","floor":7},{"not_picked":["Twin Strike","Dark Embrace","Whirlwind"],"picked":"SKIP","floor":11},{"not_picked":["Body Slam","Cleave"],"picked":"Juggernaut","floor":13},{"not_picked":["Bloodletting","Dark Embrace"],"picked":"Clothesline","floor":14},{"not_picked":["Feed","Corruption"],"picked":"Immolate","floor":16},{"not_picked":["True Grit","Perfected Strike","Power Through"],"picked":"SKIP","floor":18},{"not_picked":["Body Slam","Clothesline"],"picked":"Iron Wave","floor":19},{"not_picked":["Thunderclap","Clash","Uppercut"],"picked":"SKIP","floor":20},{"not_picked":["Iron Wave","True Grit","Hemokinesis"],"picked":"SKIP","floor":21},{"not_picked":["Carnage+1","Thunderclap","Iron Wave"],"picked":"SKIP","floor":22},{"not_picked":["Pommel Strike","Bloodletting+1"],"picked":"Reaper","floor":25},{"not_picked":["Rupture","Dual Wield"],"picked":"Twin Strike+1","floor":28},{"not_picked":["Shockwave","Headbutt"],"picked":"Twin Strike","floor":31},{"not_picked":["Brutality","Immolate"],"picked":"Feed","floor":33},{"not_picked":["Perfected Strike+1","Flex","Second Wind+1"],"picked":"SKIP","floor":35},{"not_picked":["True Grit","Sword Boomerang+1","Wild Strike+1"],"picked":"SKIP","floor":41},{"not_picked":["Headbutt+1","Barricade"],"picked":"Shrug It Off+1","floor":42},{"not_picked":["Anger+1","Entrench+1"],"picked":"Fire Breathing+1","floor":46},{"not_picked":["Thunderclap+1","True Grit","Clothesline+1"],"picked":"SKIP","floor":47}],"player_experience":385852,"relics_obtained":[{"floor":9,"key":"Mercury Hourglass"},{"floor":11,"key":"Mummified Hand"},{"floor":14,"key":"Blue Candle"},{"floor":26,"key":"Dream Catcher"},{"floor":28,"key":"Bag of Preparation"},{"floor":37,"key":"Girya"},{"floor":41,"key":"PreservedInsect"},{"floor":44,"key":"Old Coin"}],"event_choices":[{"damage_healed":0,"gold_gain":0,"player_choice":"Grow","damage_taken":0,"max_hp_gain":0,"max_hp_loss":0,"event_name":"Living Wall","floor":3,"gold_loss":0,"cards_upgraded":["Armaments"]},{"damage_healed":0,"gold_gain":0,"player_choice":"Ignored","damage_taken":0,"max_hp_gain":0,"max_hp_loss":0,"event_name":"Liars Game","floor":8,"gold_loss":0},{"damage_healed":0,"gold_gain":75,"player_choice":"Touch","damage_taken":8,"max_hp_gain":0,"max_hp_loss":0,"event_name":"FaceTrader","floor":10,"gold_loss":0},{"damage_healed":0,"gold_gain":0,"player_choice":"1 cards matched","damage_taken":0,"max_hp_gain":0,"max_hp_loss":0,"event_name":"Match and Keep!","floor":30,"gold_loss":0,"cards_obtained":["Demon Form"]},{"damage_healed":0,"gold_gain":0,"player_choice":"Fight","damage_taken":0,"max_hp_gain":0,"max_hp_loss":0,"event_name":"Mysterious Sphere","floor":37,"gold_loss":0},{"damage_healed":0,"gold_gain":0,"player_choice":"Fight","damage_taken":0,"max_hp_gain":0,"max_hp_loss":0,"event_name":"MindBloom","floor":44,"gold_loss":0},{"damage_healed":0,"gold_gain":0,"player_choice":"Ignored","damage_taken":0,"max_hp_gain":0,"max_hp_loss":0,"event_name":"Tomb of Lord Red Mask","floor":45,"gold_loss":0}],"is_beta":false,"boss_relics":[{"not_picked":["Mark of Pain","Astrolabe"],"picked":"Runic Cube"},{"not_picked":["Pandora\u0027s Box","Empty Cage"],"picked":"SlaversCollar"}],"items_purged_floors":[24,36],"is_endless":false,"potions_floor_spawned":[4,5,11,13,14,21,22,28,31,37,39,46],"killed_by":"Maw","ascension_level":0}}