{"host":"4agyp7e20ejnk5oq","time":1608034607,"event":{"mods":["BaseMod","Colored Map","Friendly Minions","Infinite Spire","Minty Spire (QoL Compilation)","Relic Sorter","Replay The Spire","StSLib"],"gold_per_floor":[115,129,129,129,204,204,262,41,41,41,68,113,131,153,153,261,261,285,311,319,319],"floor_reached":20,"playtime":697,"items_purged":[],"score":207,"play_id":"017874df-1a65-4f2a-a011-2e5a1efc9c8f","local_time":"20201215131647","is_ascension_mode":true,"campfire_choices":[{"data":"Ball Lightning","floor":6,"key":"SMITH"},{"floor":10,"key":"REST"},{"floor":15,"key":"REST"}],"circlet_count":0,"master_deck":["Strike_B","Strike_B","Strike_B+1","Strike_B","Defend_B","Defend_B","Defend_B","Defend_B","Zap+1","Dualcast","Ball Lightning+1","Crystallizer","Loop","Beam Cell","Lockon","Ball Lightning","Echo Form","White Noise"],"relics":["Cracked Core","Happy Flower","infinitespire:Golems Mask","Replay:Bandana","Toy Ornithopter","SlaversCollar"],"acts_visited":["Exordium","TheCity"],"potions_floor_usage":[12,16,16,16],"damage_taken":[{"damage":6,"enemies":"Cultist","floor":1,"turns":3},{"damage":0,"enemies":"Small Slimes","floor":2,"turns":2},{"damage":0,"enemies":"Replay:BlueRogue","floor":12,"turns":4},{"damage":0,"enemies":"2 Louse","floor":13,"turns":2},{"damage":4,"enemies":"Blue Slaver","floor":14,"turns":3},{"damage":3,"enemies":"Slime Boss","floor":16,"turns":5},{"damage":22,"enemies":"Shell Parasite","floor":18,"turns":4},{"damage":22,"enemies":"Spheric Guardian","floor":19,"turns":4},{"damage":36,"enemies":"Snake Plant","floor":20,"turns":3}],"seed_played":"-7167836478095797975","potions_obtained":[{"floor":1,"key":"DuplicationPotion"},{"floor":2,"key":"Weak Potion"},{"floor":7,"key":"DistilledChaos"},{"floor":7,"key":"Explosive Potion"},{"floor":12,"key":"FocusPotion"}],"is_trial":false,"path_per_floor":["M","M","$","?","?","R","?","$","T","R","T","E","M","M","R","B",null,"M","M","M"],"character_chosen":"DEFECT","items_purchased":["Loop","Happy Flower"],"campfire_rested":2,"item_purchase_floors":[8,8],"current_hp_per_floor":[69,69,69,69,58,58,28,28,28,50,50,50,50,46,68,72,75,53,31,0,0],"gold":319,"neow_bonus":"UPGRADE_CARD","is_daily":false,"chose_seed":false,"campfire_upgraded":1,"win_rate":0.0,"timestamp":1608034607,"path_taken":["M","M","$","?","?","R","?","$","T","R","?","E","?","M","R","BOSS","M","M","M"],"items_purchased_type":["Card","Relic"],"build_version":"2020-12-13","purchased_purges":0,"victory":false,"max_hp_per_floor":[75,75,75,75,75,75,75,75,75,75,75,75,75,75,75,75,75,75,75,75,75],"card_choices":[{"not_picked":["Rebound","ReplayTheSpireMod:Repulse"],"picked":"Ball Lightning","floor":1},{"not_picked":["Panic Button","Stack","Steam Power"],"picked":"SKIP","floor":2},{"not_picked":["Turbo","Gash"],"picked":"Crystallizer","floor":7},{"not_picked":["Glacier","Biased Cognition"],"picked":"Beam Cell","floor":12},{"not_picked":["Reprogram","Consume"],"picked":"Lockon","floor":13},{"not_picked":["Turbo","Coolheaded"],"picked":"Ball Lightning","floor":14},{"not_picked":["Hyperbeam","Fission"],"picked":"Echo Form","floor":16},{"not_picked":["Hello World+1","Reinforced Body","Ball Lightning"],"picked":"SKIP","floor":18},{"not_picked":["Skim+1","Undo"],"picked":"White Noise","floor":19}],"player_experience":331511,"relics_obtained":[{"floor":9,"key":"infinitespire:Golems Mask"},{"floor":11,"key":"Replay:Bandana"},{"floor":12,"key":"Toy Ornithopter"}],"event_choices":[{"damage_healed":0,"gold_gain":75,"player_choice":"Gather Gold","damage_taken":11,"max_hp_gain":0,"max_hp_loss":0,"event_name":"World of Goop","floor":5,"gold_loss":0}],"is_beta":false,"boss_relics":[{"not_picked":["Calling Bell","Pandora\u0027s Box"],"picked":"SlaversCollar"}],"items_purged_floors":[],"is_endless":false,"potions_floor_spawned":[1,2,12],"killed_by":"Snake Plant","ascension_level":1}}