{"host":"5mo0809oo9tcrmpl","time":1608002932,"event":{"mods":["BaseMod","Highlight Path","Minty Spire (QoL Compilation)","Relic Stats","Slay the Relics Exporter"],"gold_per_floor":[219,231,66,29,29,63,83,83,83,97,110,110,143,158,158,158,158],"floor_reached":16,"playtime":687,"items_purged":[],"score":224,"play_id":"2403b0da-be22-419f-b372-2090a5cf9326","local_time":"20201214212852","is_ascension_mode":true,"campfire_choices":[{"data":"Bash","floor":8,"key":"SMITH"},{"floor":12,"key":"REST"},{"data":"Havoc","floor":15,"key":"SMITH"}],"circlet_count":0,"master_deck":["AscendersBane","Strike_R","Strike_R","Strike_R","Strike_R","Strike_R","Defend_R","Defend_R","Defend_R","Defend_R","Bash+1","Headbutt","Dropkick","Injury","Clothesline","Iron Wave","Pommel Strike","Cleave","Havoc+1","Fiend Fire"],"relics":["Burning Blood","Potion Belt","Golden Idol","Du-Vu Doll","Unceasing Top","Toy Ornithopter"],"acts_visited":["Exordium"],"potions_floor_usage":[6,13,16,16],"damage_taken":[{"damage":14.0,"enemies":"Jaw Worm","floor":1.0,"turns":5.0},{"damage":9.0,"enemies":"2 Louse","floor":2.0,"turns":3.0},{"damage":35,"enemies":"Lagavulin","floor":6,"turns":6},{"damage":0,"enemies":"Cultist","floor":7,"turns":2},{"damage":16,"enemies":"Lots of Slimes","floor":10,"turns":5},{"damage":9,"enemies":"3 Louse","floor":11,"turns":3},{"damage":3,"enemies":"Gremlin Nob","floor":13,"turns":3},{"damage":0,"enemies":"Large Slime","floor":14,"turns":4},{"damage":77,"enemies":"The Guardian","floor":16,"turns":14}],"seed_played":"-7054585784597261335","potions_obtained":[{"floor":1.0,"key":"SkillPotion"},{"floor":6,"key":"DuplicationPotion"},{"floor":10,"key":"BloodPotion"},{"floor":13,"key":"SpeedPotion"}],"is_trial":false,"path_per_floor":["M","M","$","?","?","E","M","R","T","M","M","R","E","M","R","B"],"character_chosen":"IRONCLAD","items_purchased":["Potion Belt"],"campfire_rested":1,"item_purchase_floors":[3],"current_hp_per_floor":[60,57,57,57,57,28,34,34,34,24,21,43,46,52,52,0,0],"gold":158,"neow_bonus":"HUNDRED_GOLD","is_daily":false,"chose_seed":false,"campfire_upgraded":2,"win_rate":0.0,"timestamp":1608002932,"path_taken":["M","M","$","?","?","E","?","R","T","M","M","R","E","M","R","BOSS"],"items_purchased_type":["Relic"],"build_version":"2020-12-13","purchased_purges":0,"victory":false,"max_hp_per_floor":[75,75,75,75,75,75,75,75,75,75,75,75,75,75,75,75,75],"relic_stats":{"counters":[9,45],"Golden Idol":27,"obtain_stats":[{"Potion Belt":3,"Du-Vu Doll":6,"Golden Idol":5,"Burning Blood":0,"Unceasing Top":9,"Toy Ornithopter":13},{"Potion Belt":2,"Du-Vu Doll":3,"Golden Idol":2,"Burning Blood":0,"Unceasing Top":4,"Toy Ornithopter":7},{"Potion Belt":8,"Du-Vu Doll":14,"Golden Idol":8,"Burning Blood":0,"Unceasing Top":16,"Toy Ornithopter":27}],"Burning Blood":48,"Unceasing Top":[1],"Toy Ornithopter":10},"card_choices":[{"not_picked":["Spot Weakness","Thunderclap"],"picked":"Headbutt","floor":1.0},{"not_picked":["Clash","True Grit"],"picked":"Dropkick","floor":2.0},{"not_picked":["Power Through","Havoc"],"picked":"Clothesline","floor":6},{"not_picked":["Infernal Blade","Pommel Strike"],"picked":"Iron Wave","floor":7},{"not_picked":["Infernal Blade","Sword Boomerang"],"picked":"Pommel Strike","floor":10},{"not_picked":["Heavy Blade","Armaments"],"picked":"Cleave","floor":11},{"not_picked":["Sword Boomerang","Clash"],"picked":"Havoc","floor":13},{"not_picked":["Sentinel","Headbutt"],"picked":"Fiend Fire","floor":14}],"player_experience":1259933,"relics_obtained":[{"floor":6,"key":"Du-Vu Doll"},{"floor":9,"key":"Unceasing Top"},{"floor":13,"key":"Toy Ornithopter"}],"event_choices":[{"damage_healed":0.0,"max_hp_gain":0.0,"max_hp_loss":0.0,"gold_gain":0.0,"event_name":"World of Goop","player_choice":"Left Gold","floor":4.0,"gold_loss":37.0,"damage_taken":0.0},{"damage_healed":0.0,"max_hp_gain":0.0,"max_hp_loss":0.0,"gold_gain":0.0,"event_name":"Golden Idol","player_choice":"Take Wound","floor":5.0,"gold_loss":0.0,"damage_taken":0.0,"relics_obtained":["Golden Idol"],"cards_obtained":["Injury"]}],"is_beta":false,"boss_relics":[],"items_purged_floors":[],"is_endless":false,"potions_floor_spawned":[1,6,10,13],"killed_by":"The Guardian","ascension_level":20}}