{"host":"is2s59edl8twrhoj","time":1608035204,"event":{"mods":["BaseMod","Colored Map","Colored Powertips","DeckTracker","Minty Spire (QoL Compilation)","StSLib"],"gold_per_floor":[112,6,6,6,6,39,39,62,85,105,121,121,46,7,7,96,96,116,141,155,155,155],"floor_reached":21,"playtime":765,"items_purged":[],"score":361,"play_id":"e016765b-afab-4adf-b99b-8e9c33fe36b0","local_time":"20201215122644","is_ascension_mode":true,"campfire_choices":[{"data":"Infinite Blades","floor":7,"key":"SMITH"},{"floor":15,"key":"REST"}],"circlet_count":0,"master_deck":["AscendersBane","Strike_G","Strike_G","Strike_G","Strike_G","Defend_G","Defend_G","Defend_G","Defend_G","Defend_G","Survivor","Neutralize","Accuracy","Infinite Blades+1","Finisher","Finisher","Blur","Footwork","Adrenaline","Flying Knee"],"relics":["Ring of the Snake","NeowsBlessing","Golden Idol","Bronze Scales","Potion Belt","SlaversCollar"],"acts_visited":["Exordium","TheCity"],"potions_floor_usage":[11,12,16,19,20],"damage_taken":[{"damage":0,"enemies":"Cultist","floor":1,"turns":1},{"damage":0,"enemies":"Gremlin Nob","floor":6,"turns":1},{"damage":0,"enemies":"Small Slimes","floor":8,"turns":1},{"damage":0,"enemies":"Jaw Worm","floor":10,"turns":2},{"damage":18,"enemies":"Exordium Thugs","floor":11,"turns":5},{"damage":0,"enemies":"Gremlin Gang","floor":12,"turns":1},{"damage":29,"enemies":"The Guardian","floor":16,"turns":15},{"damage":10,"enemies":"Shell Parasite","floor":18,"turns":9},{"damage":6,"enemies":"Chosen","floor":19,"turns":4},{"damage":14,"enemies":"Centurion and Healer","floor":20,"turns":7},{"damage":15,"enemies":"3 Cultists","floor":21,"turns":4}],"seed_played":"4635426998674362120","potions_obtained":[{"floor":1,"key":"FearPotion"},{"floor":6,"key":"SmokeBomb"},{"floor":11,"key":"DistilledChaos"},{"floor":16,"key":"CunningPotion"},{"floor":19,"key":"DuplicationPotion"}],"is_trial":false,"path_per_floor":["M","$","?","?","$","E","R","M","T","M","M","M","?","$","R","B",null,"M","M","M","M"],"character_chosen":"THE_SILENT","items_purchased":["Infinite Blades","Finisher","Footwork"],"campfire_rested":1,"item_purchase_floors":[2,2,14],"current_hp_per_floor":[59,59,36,36,36,36,36,36,36,36,18,18,18,18,37,8,52,42,36,22,7,7],"gold":155,"neow_bonus":"THREE_ENEMY_KILL","is_daily":false,"chose_seed":false,"campfire_upgraded":1,"win_rate":0.0,"timestamp":1608035204,"path_taken":["M","$","?","?","$","E","R","M","T","M","?","M","?","?","R","BOSS","M","M","?","M"],"items_purchased_type":["Card","Card","Card"],"build_version":"2020-12-13","purchased_purges":0,"victory":false,"max_hp_per_floor":[66,66,66,66,66,66,66,66,66,66,66,66,66,66,66,66,66,66,66,66,66,66],"card_choices":[{"not_picked":["Backstab","PiercingWail"],"picked":"Accuracy","floor":1},{"not_picked":["Skewer","Distraction","Masterful Stab"],"picked":"SKIP","floor":6},{"not_picked":["Finisher","Dagger Spray","Deflect"],"picked":"SKIP","floor":8},{"not_picked":["Dagger Spray","Deflect"],"picked":"Finisher","floor":8},{"not_picked":["Leg Sweep","Quick Slash"],"picked":"Blur","floor":10},{"not_picked":["Acrobatics","Quick Slash","Setup"],"picked":"SKIP","floor":11},{"not_picked":["Malaise","Unload"],"picked":"Adrenaline","floor":16},{"not_picked":["Crippling Poison","Reflex"],"picked":"Flying Knee","floor":18},{"not_picked":["Footwork","PiercingWail","Underhanded Strike"],"picked":"SKIP","floor":19},{"not_picked":["Slice","Sucker Punch","Dodge and Roll+1"],"picked":"SKIP","floor":20}],"player_experience":620593,"relics_obtained":[{"floor":6,"key":"Bronze Scales"},{"floor":9,"key":"Potion Belt"}],"event_choices":[{"damage_healed":0,"gold_gain":0,"player_choice":"Take Damage","damage_taken":23,"relics_obtained":["Golden Idol"],"max_hp_gain":0,"max_hp_loss":0,"event_name":"Golden Idol","floor":3,"gold_loss":0},{"damage_healed":0,"gold_gain":0,"player_choice":"0 cards matched","damage_taken":0,"max_hp_gain":0,"max_hp_loss":0,"event_name":"Match and Keep!","floor":4,"gold_loss":0,"cards_obtained":[]},{"cards_removed":["Strike_G"],"damage_healed":0,"gold_gain":0,"player_choice":"Card Removal","damage_taken":0,"max_hp_gain":0,"max_hp_loss":0,"event_name":"The Cleric","floor":13,"gold_loss":75}],"is_beta":false,"boss_relics":[{"not_picked":["Snecko Eye","Runic Dome"],"picked":"SlaversCollar"}],"items_purged_floors":[],"is_endless":false,"potions_floor_spawned":[1,6,11,16,19],"killed_by":"3 Cultists","ascension_level":15}}