{"host":"h792lphzw6wlba86","time":1608008363,"event":{"mods":["AchievementEnabler","Aspiration","Bard","BaseMod","Beaked The Cultist","Better Altar","Better Match","Better Note","Better Sensory Stone","Better Skull","Better Third Choice","BetterRewards","CCEM","Clawfect","Colored Map","Conspire","Downfall","GifTheSpireLib","Googly Eyes","Halation","Hermit","Highlight Path","Hubris","Hunter ??","Jedi Mod","Jorbs\u0027s Wanderer Trilogy","Mad Scientist","Marisa????????","Mimic Mod","Minty Spire (QoL Compilation)","Permanent Neow","Replay The Spire","Shade Mod","Shop Mod","Spicy Shops","StSLib","Stuff the Spire","The Administrix","The Blackbeard","The Bug Knight","The Construct","The Cursed","The Disciple","The Gatherer","The Hierophant","The IronCluck","The Jungle","The Mystic","The Necromancer","The Problem Sleuth","The Runesmith","The Servant 0.9.4","The Spell Scribe","The Witch","Unceasing Turn Reminder","everything is the same but u backflip on backflip","slay the spire mod where everything is the same but ironclad has a cowboy hat"],"gold_per_floor":[99,115,40,50,50,85,164,182,182,208,223,284,299,317,333,431,431,431,431,462,462,462,462],"floor_reached":22,"playtime":1994,"items_purged":[],"score":239,"play_id":"15f28eee-f65e-4c23-9a3d-b5e12ebe9f70","local_time":"20201214225923","is_ascension_mode":false,"campfire_choices":[{"floor":1,"key":"RECALL"},{"data":"hexamod:Sear","floor":3,"key":"SMITH"},{"data":"hexamod:SoulSteal","floor":5,"key":"SMITH"},{"data":"hexamod:TimeOfNeed","floor":18,"key":"SMITH"},{"floor":21,"key":"REST"}],"circlet_count":0,"master_deck":["hexamod:Strike","hexamod:Strike","hexamod:Defend","hexamod:Defend","hexamod:Defend","hexamod:Defend","hexamod:Sear+1","hexamod:Float","hexamod:ThirdSeal","hexamod:SoulSteal+1","hexamod:FastForward","hexamod:BurningTouch","hexamod:FirstSeal","hexamod:PhantomCloak","hexamod:TimeOfNeed+1","hexamod:BurningTouch","hexamod:FastForward","hexamod:RecurringNightmare","hexamod:ThirdSeal","hexamod:FastForward","hexamod:GhostShield","hexamod:FastForward","hexamod:HexaLevel","hexamod:FifthSeal"],"relics":["hexamod:SpiritBrand","downfall:HeartBlessingRed","Blood Vial","CCEMRelics:CocoNut","hexamod:SoulConsumer","StuffTheSpire:GrapeVine","beaked:MawFillet","Darkstone Periapt"],"acts_visited":["Exordium","TheCity"],"potions_floor_usage":[10,12,16,20,20],"damage_taken":[{"damage":0,"enemies":"2 Louse","floor":2,"turns":3},{"damage":0,"enemies":"Small Slimes","floor":4,"turns":4},{"damage":10,"enemies":"Lagavulin","floor":6,"turns":6},{"damage":0,"enemies":"Cultist","floor":8,"turns":3},{"damage":20,"enemies":"3 Sentries","floor":10,"turns":5},{"damage":16,"enemies":"Large Slime","floor":11,"turns":6},{"damage":8,"enemies":"Lagavulin Event","floor":12,"turns":5},{"damage":7,"enemies":"Red Slaver","floor":13,"turns":3},{"damage":7,"enemies":"2 Fungi Beasts","floor":14,"turns":3},{"damage":1,"enemies":"Blue Slaver","floor":15,"turns":4},{"damage":33,"enemies":"downfall:Ironclad","floor":16,"turns":11},{"damage":44,"enemies":"Slavers","floor":20,"turns":5},{"damage":75,"enemies":"Gremlin Leader","floor":22,"turns":7}],"seed_played":"-3102966139077936663","potions_obtained":[{"floor":2,"key":"Energy Potion"},{"floor":4,"key":"DistilledChaos"},{"floor":11,"key":"Strength Potion"},{"floor":13,"key":"Swift Potion"},{"floor":14,"key":"EssenceOfSteel"},{"floor":16,"key":"Block Potion"}],"is_trial":false,"path_per_floor":["R","M","R","M","R","E","T","M","?","E","M","?","M","M","M","B",null,"R","?","E","R","E"],"character_chosen":"THE_SPIRIT","items_purchased":[],"campfire_rested":1,"item_purchase_floors":[],"current_hp_per_floor":[70,70,70,70,70,60,65,67,67,56,49,50,52,54,62,31,75,75,75,38,60,0,0],"gold":462,"neow_bonus":"REMOVE_CARD","is_daily":false,"chose_seed":false,"campfire_upgraded":3,"win_rate":0.0,"timestamp":1608008363,"path_taken":["R","M","R","M","R","E","T","M","?","E","M","?","M","M","M","BOSS","R","?","E","R","E"],"items_purchased_type":[],"build_version":"2020-12-13","purchased_purges":0,"victory":false,"max_hp_per_floor":[70,70,70,70,70,70,75,75,75,75,75,75,75,75,75,75,75,75,75,75,75,75,75],"card_choices":[{"not_picked":["hexamod:Firestarter","hexamod:GhostflameBarrier"],"picked":"hexamod:ThirdSeal","floor":2},{"not_picked":["hexamod:SwordOfDarkness","hexamod:RecurringNightmare"],"picked":"hexamod:SoulSteal","floor":4},{"not_picked":["hexamod:GhostLash","hexamod:GhostflameBarrier"],"picked":"hexamod:FastForward","floor":4},{"not_picked":["hexamod:GhostOfSpirePast","hexamod:Firestarter"],"picked":"hexamod:BurningTouch","floor":6},{"not_picked":["hexamod:PhantomFireball","hexamod:UnleashSpirits","hexamod:Incineration"],"picked":"SKIP","floor":6},{"not_picked":["hexamod:SwordOfDarkness","hexamod:DynamicBlow"],"picked":"hexamod:FirstSeal","floor":8},{"not_picked":["hexamod:GhostShield","hexamod:AdvancingGuard"],"picked":"hexamod:PhantomCloak","floor":8},{"not_picked":["hexamod:Haunt","hexamod:HeatMetal"],"picked":"hexamod:BurningTouch","floor":10},{"not_picked":["hexamod:HauntingEcho","hexamod:HeatMetal","hexamod:GhostOfSpireFuture"],"picked":"SKIP","floor":10},{"not_picked":["hexamod:GhostShield","hexamod:NightmareStrike"],"picked":"hexamod:FastForward","floor":11},{"not_picked":["hexamod:HauntingEcho","hexamod:RetreatToShadows","hexamod:RadiantFlame"],"picked":"SKIP","floor":11},{"not_picked":["hexamod:RainOfEmbers","hexamod:TimeOfNeed"],"picked":"hexamod:RecurringNightmare","floor":12},{"not_picked":["hexamod:HeatShield","hexamod:HauntingEcho"],"picked":"hexamod:ThirdSeal","floor":12},{"not_picked":["hexamod:NightmareGuise","hexamod:AdvancingGuard","hexamod:HauntingEcho"],"picked":"SKIP","floor":13},{"not_picked":["hexamod:HauntingEcho","hexamod:BurningTouch","hexamod:ExtraCrispy"],"picked":"SKIP","floor":13},{"not_picked":["hexamod:TurnItUp","hexamod:NightmareGuise"],"picked":"hexamod:FastForward","floor":14},{"not_picked":["hexamod:HauntingEcho","hexamod:RetreatToShadows","hexamod:BurningTouch"],"picked":"SKIP","floor":14},{"not_picked":["hexamod:SwordOfDarkness","hexamod:NightmareGuise","hexamod:RainOfEmbers"],"picked":"SKIP","floor":14},{"not_picked":["hexamod:BacktrackSmack","hexamod:TimeOfNeed"],"picked":"hexamod:GhostShield","floor":15},{"not_picked":["hexamod:InspiringFlames","hexamod:SpectersWail"],"picked":"hexamod:FastForward","floor":15},{"not_picked":["hexamod:NightmareGuise","hexamod:RadiantFlame","hexamod:HauntingEcho"],"picked":"SKIP","floor":15},{"not_picked":["hexamod:EmpoweringStance","hexamod:SearingWound"],"picked":"hexamod:HexaLevel","floor":16},{"not_picked":["hexamod:TimeWarp","hexamod:UnleashSpirits"],"picked":"hexamod:FifthSeal","floor":16},{"not_picked":["hexamod:BurningTouch","hexamod:SwordOfDarkness","hexamod:GhostOfSpirePast"],"picked":"SKIP","floor":20},{"not_picked":["hexamod:AdvancingGuard+1","hexamod:NightmareStrike","hexamod:SwordOfDarkness"],"picked":"SKIP","floor":20},{"not_picked":["hexamod:RetreatToShadows+1","hexamod:NightmareStrike","hexamod:UnleashSpirits"],"picked":"SKIP","floor":20}],"player_experience":620134,"relics_obtained":[{"floor":6,"key":"Blood Vial"},{"floor":7,"key":"CCEMRelics:CocoNut"},{"floor":10,"key":"hexamod:SoulConsumer"},{"floor":12,"key":"StuffTheSpire:GrapeVine"},{"floor":20,"key":"Darkstone Periapt"}],"event_choices":[{"damage_healed":0,"gold_gain":0,"cards_transformed":["hexamod:Strike"],"player_choice":"Change","damage_taken":0,"max_hp_gain":0,"max_hp_loss":0,"event_name":"Living Wall","floor":9,"gold_loss":0,"cards_obtained":["hexamod:TimeOfNeed"]},{"damage_healed":0,"gold_gain":0,"player_choice":"Ignored","damage_taken":0,"max_hp_gain":0,"max_hp_loss":0,"event_name":"betterNote:BetterNote","floor":19,"gold_loss":0,"cards_obtained":["Bludgeon"]}],"is_beta":false,"boss_relics":[{"not_picked":["hubris:Backtick","halation:PinkAlligatorPlush"],"picked":"beaked:MawFillet"}],"items_purged_floors":[],"is_endless":false,"potions_floor_spawned":[2,4,11,13,14,16],"killed_by":"Gremlin Leader","ascension_level":0}}