{"host":"jm9833yuloeli2yd","time":1608072989,"event":{"mods":["AchievementEnabler","BaseMod","Better Altar","Better Match","Better Note","Better Sensory Stone","Better Skull","Better Vampires","Colored Map","Colored Powertips","DeckTracker","Minty Spire (QoL Compilation)","Permanent Neow","Quick Restart","Replay The Spire","StSLib","SuperFastMode"],"gold_per_floor":[119,44,44,44,56,56,56,56,86,86,86,115,131,131,141,159,159,234,234,252,177,177,189,189,189,209,209,209,225,235,235,76,76,76],"floor_reached":33,"playtime":987,"items_purged":["Overencumbered","Strike_B"],"score":510,"play_id":"c49240c6-f879-4264-b8e1-9816c49839c6","local_time":"20201215175629","is_ascension_mode":true,"campfire_choices":[{"data":"Apotheosis","floor":8,"key":"SMITH"},{"data":"Sweeping Beam","floor":10,"key":"SMITH"},{"floor":14,"key":"REST"},{"data":"Hologram","floor":17,"key":"SMITH"},{"data":"Coolheaded","floor":25,"key":"SMITH"},{"data":"Gash","floor":27,"key":"SMITH"}],"circlet_count":0,"master_deck":["AscendersBane","Strike_B","Strike_B+1","Defend_B","Defend_B","Defend_B+1","Defend_B","Zap","Dualcast","Apotheosis+1","Beam Cell","Sweeping Beam+1","Coolheaded+1","Streamline","Hologram+1","Turbo","Hologram","Double Energy","Gash+1","Scrape","Genetic Algorithm","Scrape","Coolheaded"],"relics":["Ancient Tea Set","Nunchaku","Replay:Rubber Ducky","Simple Rune","Sozu","Eternal Feather","Nloth\u0027s Gift"],"acts_visited":["Exordium","TheCity"],"potions_floor_usage":[9,18],"damage_taken":[{"damage":2,"enemies":"Jaw Worm","floor":1,"turns":4},{"damage":10,"enemies":"2 Louse","floor":5,"turns":3},{"damage":24,"enemies":"3 Sentries","floor":9,"turns":6},{"damage":8,"enemies":"Lagavulin","floor":12,"turns":5},{"damage":1,"enemies":"Cultist","floor":13,"turns":3},{"damage":0,"enemies":"3 Louse","floor":15,"turns":2},{"damage":0,"enemies":"2 Fungi Beasts","floor":16,"turns":3},{"damage":37,"enemies":"Fading Forest","floor":18,"turns":13},{"damage":8,"enemies":"Shell Parasite","floor":20,"turns":3},{"damage":39,"enemies":"3 Byrds","floor":23,"turns":4},{"damage":3,"enemies":"Snecko","floor":26,"turns":6},{"damage":23,"enemies":"Shelled Parasite and Fungi","floor":29,"turns":4},{"damage":23,"enemies":"Centurion and Healer","floor":30,"turns":5},{"damage":32,"enemies":"Replay:Snechameleon","floor":33,"turns":3}],"seed_played":"4991962228002832912","potions_obtained":[{"floor":4,"key":"ColorlessPotion"},{"floor":4,"key":"LifebloodPotion"},{"floor":12,"key":"Adrenaline Potion"},{"floor":16,"key":"SteroidPotion"},{"floor":18,"key":"BlessingOfTheForge"}],"is_trial":false,"path_per_floor":["M","$","?","?","M","PTL","PTL","R","E","R","T","E","M","R","M","M","R","B",null,"M","?","?","M","?","R","M","R","T","M","M","?","$","E"],"character_chosen":"DEFECT","items_purchased":["Coolheaded"],"campfire_rested":1,"item_purchase_floors":[32],"current_hp_per_floor":[62,62,51,51,41,41,41,41,17,17,17,9,8,29,29,29,29,18,58,50,50,50,11,81,81,78,78,78,55,32,32,32,0,0],"gold":76,"neow_bonus":"RANDOM_COLORLESS_2","is_daily":false,"chose_seed":false,"campfire_upgraded":5,"win_rate":0.0,"timestamp":1608072989,"path_taken":["M","$","?","?","M","PTL","PTL","R","E","R","T","E","M","R","?","M","R","BOSS","M","?","?","M","?","R","?","R","T","M","M","?","$","E"],"items_purchased_type":["Card"],"build_version":"2020-12-13","purchased_purges":2,"victory":false,"max_hp_per_floor":[71,71,71,71,71,71,71,71,71,71,71,71,71,71,71,71,71,71,71,71,71,71,71,81,81,81,81,81,81,81,81,81,81,81],"card_choices":[{"not_picked":["Mayhem","Metamorphosis"],"picked":"Apotheosis","floor":0},{"not_picked":["ReplaySort","Rebound"],"picked":"Beam Cell","floor":1},{"not_picked":["ReplayTheSpireMod:GoodbyeWorld","Chaos"],"picked":"Sweeping Beam","floor":5},{"not_picked":["Hello World","Redo"],"picked":"Coolheaded","floor":9},{"not_picked":["ReplaySolidLightProjector","Redo"],"picked":"Streamline","floor":12},{"not_picked":["Go for the Eyes","ReplayGash"],"picked":"Hologram","floor":13},{"not_picked":["Streamline","Aggregate"],"picked":"Turbo","floor":15},{"not_picked":["Go for the Eyes","Hello World"],"picked":"Hologram","floor":16},{"not_picked":["Multi-Cast","Machine Learning"],"picked":"Core Surge","floor":18},{"not_picked":["Rip and Tear","Rebound"],"picked":"Double Energy","floor":20},{"not_picked":["Cold Snap","Barrage+1"],"picked":"Gash","floor":23},{"not_picked":["Beam Cell","Steam"],"picked":"Scrape","floor":26},{"not_picked":["Barrage","Gash"],"picked":"Genetic Algorithm","floor":29},{"not_picked":["Fission","Rebound"],"picked":"Scrape","floor":30}],"player_experience":1088051,"relics_obtained":[{"floor":9,"key":"Nunchaku"},{"floor":11,"key":"Replay:Rubber Ducky"},{"floor":12,"key":"Simple Rune"},{"floor":28,"key":"Eternal Feather"}],"event_choices":[{"damage_healed":0,"gold_gain":0,"player_choice":"Success","damage_taken":11,"relics_obtained":["Ancient Tea Set"],"max_hp_gain":0,"max_hp_loss":0,"event_name":"Scrap Ooze","floor":3,"gold_loss":0},{"damage_healed":0,"gold_gain":0,"player_choice":"Got Potions","damage_taken":0,"max_hp_gain":0,"max_hp_loss":0,"event_name":"Lab","floor":4,"gold_loss":0},{"cards_removed":["Strike_B"],"damage_healed":0,"gold_gain":0,"player_choice":"Gave Gold","damage_taken":0,"max_hp_gain":0,"max_hp_loss":0,"event_name":"Beggar","floor":21,"gold_loss":75},{"cards_removed":["Core Surge"],"damage_healed":60,"gold_gain":0,"player_choice":"Offered Rare","damage_taken":0,"max_hp_gain":10,"max_hp_loss":0,"event_name":"Bonfire Elementals","floor":24,"gold_loss":0},{"damage_healed":0,"gold_gain":0,"player_choice":"Traded Relic","damage_taken":0,"relics_obtained":["Nloth\u0027s Gift"],"max_hp_gain":0,"max_hp_loss":0,"event_name":"N\u0027loth","floor":31,"relics_lost":["Cracked Core"],"gold_loss":0}],"is_beta":false,"boss_relics":[{"not_picked":["Astrolabe","Tiny House"],"picked":"Sozu"}],"items_purged_floors":[2,32],"is_endless":false,"potions_floor_spawned":[12,13,16,18,23,30],"killed_by":"Replay:Snechameleon","ascension_level":20}}