{"host":"5kadl7uu83y136u3","time":1608051848,"event":{"mods":["2.2 Compatiblity","BaseMod","Better Match","Better Note","Better Sensory Stone","Better Third Choice","BetterRewards","Colored Map","Colored Powertips","DeckTracker","Defuse TimeMaze Blight","Gold Saver","Googly Eyes","Highlight Path","Hubris","Infinite Spire","Luminous","Minty Spire (QoL Compilation)","Replay The Spire","Shop Mod","Spicy Shops","Spikes Relics","StSLib","The Necromancer","Uncapped"],"gold_per_floor":[2146,2106,928,939,939,939,966,978,978,1005,18,9,9,213,213,326,326,338,347,365,29,29,29,29,29,102,102,119,149,172,172,172,272,272,283,302,302,315,315,367,386,406,460,460,483,540,540,574,574,581,581],"floor_reached":50,"playtime":2399,"items_purged":["Defend_B"],"score":590,"play_id":"cdcc2aaf-7a21-447d-84b9-8c9977a04cf8","local_time":"20201215120408","is_ascension_mode":false,"campfire_choices":[{"data":"Zap","floor":6,"key":"SMITH"},{"floor":13,"key":"REST"},{"data":"Fission","floor":15,"key":"SMITH"},{"data":"Electrodynamics","floor":23,"key":"SMITH"},{"data":"Enlightenment","floor":25,"key":"SMITH"},{"data":"Defend_B","floor":27,"key":"SMITH"},{"floor":32,"key":"REST"},{"floor":44,"key":"REST"},{"floor":47,"key":"REST"},{"floor":49,"key":"RECALL"}],"circlet_count":0,"master_deck":["Strike_B+1","Strike_B+1","Strike_B+1","Strike_B+1","Defend_B+1","Defend_B+1","Defend_B+1","Zap+1","Dualcast+1","BasicCrystalCard+1","Streamline+1","Electrodynamics+1","Enlightenment+1","Fission+1","Mirror Shield+1","Mirror Shield+1","Loop+1","infinitespire:NeuralNetwork+1","Panic Button+1","Parasite","Conserve Battery+1","Static Discharge+1"],"relics":["Cracked Core","Ginger","Geode","Replay:Lucky Slots","CeramicFish","StoneCalendar","Molten Egg 2","RollingBoulder","DataDisk","Bronze Scales","Orichalcum","Carrot","ExplosiveVial","Busted Crown","Frozen Egg 2","Darkstone Periapt","Unceasing Top","Ring of Chaos","hubris:Icosahedron","hubris:FunFungus","Bag of Preparation","Pocketwatch"],"acts_visited":["Exordium","TheCity","TheBeyond"],"potions_floor_usage":[7,7,16,29,30,40,40,42,46,50,50],"damage_taken":[{"damage":10,"enemies":"Small Slimes","floor":1,"turns":2},{"damage":1,"enemies":"Cultist","floor":4,"turns":3},{"damage":39,"enemies":"3 Sentries","floor":7,"turns":7},{"damage":0,"enemies":"2 Louse","floor":8,"turns":2},{"damage":1,"enemies":"Exordium Thugs","floor":10,"turns":5},{"damage":0,"enemies":"Slime Boss","floor":16,"turns":5},{"damage":0,"enemies":"Chosen","floor":18,"turns":2},{"damage":10,"enemies":"2 Thieves","floor":20,"turns":2},{"damage":0,"enemies":"Snecko","floor":28,"turns":2},{"damage":0,"enemies":"Gremlin Leader","floor":29,"turns":3},{"damage":4,"enemies":"Snake Plant","floor":30,"turns":2},{"damage":1,"enemies":"Collector","floor":33,"turns":6},{"damage":0,"enemies":"Orb Walker","floor":35,"turns":3},{"damage":2,"enemies":"3 Darklings","floor":36,"turns":2},{"damage":0,"enemies":"Jaw Worm Horde","floor":38,"turns":1},{"damage":27,"enemies":"Nightmare","floor":40,"turns":5},{"damage":9,"enemies":"4 Shapes","floor":41,"turns":3},{"damage":7,"enemies":"Writhing Mass","floor":42,"turns":3},{"damage":0,"enemies":"Transient","floor":45,"turns":5},{"damage":2,"enemies":"2 Orb Walkers","floor":46,"turns":2},{"damage":0,"enemies":"4 Shapes","floor":48,"turns":2},{"damage":129,"enemies":"hubris:GrandSnecko","floor":50,"turns":13}],"seed_played":"-6970305015087518087","potions_obtained":[{"floor":2,"key":"Flashbang"},{"floor":2,"key":"Adrenaline Potion"},{"floor":2,"key":"PowerPotion"},{"floor":8,"key":"Dexterity Potion"},{"floor":28,"key":"Block Potion"},{"floor":29,"key":"LiquidMemories"},{"floor":35,"key":"PotionOfCapacity"},{"floor":36,"key":"Block Potion"},{"floor":42,"key":"EssenceOfSteel"},{"floor":46,"key":"SkillPotion"},{"floor":48,"key":"Adrenaline Potion"}],"is_trial":false,"path_per_floor":["M","?","$","M","?","R","E","M","T","M","$","?","R","?","R","B",null,"M","?","M","$","?","R","$","R","T","R","M","E","M","?","R","B",null,"M","M","?","M","?","NM","M","M","T","R","M","?","R","M","R","B"],"character_chosen":"DEFECT","items_purchased":["Ginger","Geode","Replay:Lucky Slots","CeramicFish","StoneCalendar","Electrodynamics","DataDisk","Bronze Scales","Orichalcum","Carrot","ExplosiveVial","Frozen Egg 2","Loop+1"],"campfire_rested":4,"item_purchase_floors":[3,3,3,3,3,11,11,11,11,11,11,21,21],"current_hp_per_floor":[65,65,65,64,64,64,25,25,25,24,24,30,54,54,54,54,81,81,81,71,71,71,71,71,71,71,71,71,71,67,67,81,80,81,81,79,79,79,77,50,41,41,41,65,66,64,83,83,83,0,0],"gold":581,"neow_bonus":"UPGRADE_CARD","is_daily":false,"chose_seed":false,"campfire_upgraded":5,"win_rate":0.0,"timestamp":1608051848,"path_taken":["M","?","$","?","?","R","E","?","T","M","$","?","R","?","R","BOSS","M","?","M","$","?","R","$","R","T","R","M","E","M","?","R","BOSS","M","M","?","M","?","NM","M","M","T","R","M","?","R","M","R","BOSS"],"items_purchased_type":["Relic","Relic","Relic","Relic","Relic","Card","Relic","Relic","Relic","Relic","Relic","Relic","Card"],"build_version":"2020-12-13","purchased_purges":1,"victory":false,"max_hp_per_floor":[75,75,75,75,75,75,75,75,75,75,75,81,81,81,81,81,81,81,81,81,81,81,81,81,81,81,81,81,81,81,81,81,81,81,81,81,81,81,77,77,77,83,83,83,83,83,83,83,83,83,83],"card_choices":[{"not_picked":["Conserve Battery","Ball Lightning"],"picked":"BasicCrystalCard","floor":1},{"not_picked":["Hologram","Rebound","Blizzard"],"picked":"SKIP","floor":4},{"not_picked":["Steam","Rebound+1","Go for the Eyes+1"],"picked":"SKIP","floor":7},{"not_picked":["Time Bomb","Ball Lightning+1","ReplayTheSpireMod:Reroute Power"],"picked":"SKIP","floor":8},{"not_picked":["Aggregate","DiskWipe"],"picked":"Streamline+1","floor":10},{"not_picked":["Melter+1","Barrage+1"],"picked":"Fission","floor":14},{"not_picked":["Electrodynamics","Seek"],"picked":"Mirror Shield","floor":16},{"not_picked":["Hologram"],"picked":"SKIP","floor":18},{"not_picked":["Steam"],"picked":"SKIP","floor":20},{"not_picked":["Self Repair+1"],"picked":"SKIP","floor":28},{"not_picked":["ReplaySort+1"],"picked":"SKIP","floor":29},{"not_picked":["Blizzard+1"],"picked":"SKIP","floor":30},{"not_picked":["Leap+1"],"picked":"SKIP","floor":35},{"not_picked":["Compile Driver+1"],"picked":"SKIP","floor":36},{"not_picked":["Tempest+1"],"picked":"SKIP","floor":38},{"not_picked":["infinitespire:FinalStrike","infinitespire:FutureSight"],"picked":"infinitespire:NeuralNetwork","floor":40},{"not_picked":[],"picked":"Panic Button+1","floor":40},{"not_picked":["Genetic Algorithm+1"],"picked":"SKIP","floor":41},{"not_picked":["Rebound+1"],"picked":"SKIP","floor":42},{"not_picked":["Go for the Eyes+1"],"picked":"SKIP","floor":45},{"not_picked":[],"picked":"Conserve Battery+1","floor":46},{"not_picked":[],"picked":"Static Discharge+1","floor":48}],"player_experience":1600172,"relics_obtained":[{"floor":7,"key":"Molten Egg 2"},{"floor":9,"key":"RollingBoulder"},{"floor":26,"key":"Darkstone Periapt"},{"floor":29,"key":"Unceasing Top"},{"floor":40,"key":"hubris:FunFungus"},{"floor":43,"key":"Bag of Preparation"},{"floor":46,"key":"Pocketwatch"}],"event_choices":[{"damage_healed":0,"gold_gain":0,"player_choice":"Bought 3 Potions","damage_taken":0,"max_hp_gain":0,"max_hp_loss":0,"event_name":"The Woman in Blue","floor":2,"gold_loss":0},{"damage_healed":0,"gold_gain":0,"player_choice":"Upgraded","damage_taken":0,"max_hp_gain":0,"max_hp_loss":0,"event_name":"Upgrade Shrine","floor":5,"gold_loss":0,"cards_upgraded":["BasicCrystalCard"]},{"damage_healed":0,"gold_gain":0,"player_choice":"RENOUNCE","damage_taken":18,"max_hp_gain":0,"max_hp_loss":0,"event_name":"betterThird:BetterSerpent","floor":12,"gold_loss":18,"cards_obtained":["Enlightenment"]},{"cards_removed":["Electrodynamics"],"damage_healed":0,"gold_gain":0,"player_choice":"Take \u0026 Give","damage_taken":0,"max_hp_gain":0,"max_hp_loss":0,"event_name":"betterNote:BetterNote","floor":19,"gold_loss":0,"cards_obtained":["Mirror Shield"]},{"damage_healed":0,"gold_gain":0,"player_choice":"Simplicity","damage_taken":0,"max_hp_gain":0,"max_hp_loss":6,"event_name":"betterThird:BetterWriting","floor":31,"gold_loss":0},{"damage_healed":0,"gold_gain":0,"player_choice":"Max HP","damage_taken":0,"max_hp_gain":0,"max_hp_loss":4,"event_name":"Winding Halls","floor":39,"gold_loss":0},{"damage_healed":0,"gold_gain":0,"player_choice":"Fight","damage_taken":0,"max_hp_gain":0,"max_hp_loss":0,"event_name":"Mysterious Sphere","floor":46,"gold_loss":0}],"is_beta":false,"boss_relics":[{"not_picked":["hubris:BlackHole","hubris:GrandSneckoEye"],"picked":"Busted Crown"},{"not_picked":["SlaversCollar","Honey Jar"],"picked":"Ring of Chaos"}],"items_purged_floors":[3],"is_endless":true,"potions_floor_spawned":[4,8,28,29,35,36,42,46,48],"killed_by":"hubris:GrandSnecko","ascension_level":0}}