{"host":"y087t2reloz9bi43","time":1608035383,"event":{"mods":["2.2 Compatiblity","AchievementEnabler","Aspiration","BaseMod","Beaked The Cultist","Better Vampires","BetterRewards","Colored Map","Colored Powertips","Conspire","Downfall","Ekko","Fireblade Mod","Friendly Minions","GifTheSpireLib","Halation","Hermit","Hubris","Infinite Spire","Jedi Mod","Mad Scientist","Marisa????????","Mimic Mod","Minty Spire (QoL Compilation)","Permanent Neow","Rare Cards Sparkle","Relic Stats","Replay The Spire","Robot Space Explorer","Shade Mod","Shop Mod","StSLib","The Blackbeard","The Bug Knight","The Construct","The Cursed","The Hierophant","The Jungle","The Necromancer","The Runesmith","The Servant 0.9.4","TheHero","TheVacant","Uncapped","everything is the same but u backflip on backflip","vexMod"],"gold_per_floor":[99,114,124,34,59,59,59,91,16,50,67,52,52,52,69,171,171,171,201,201,201,331,331,368,380,380,413,448,463,463,463,107,107,125,229,229,79,92,92,125,100,125,160,194,194,220,236,386,73,93,112,112,112,142,41,41,41],"floor_reached":58,"playtime":4676,"items_purged":["Guardian:Strike_Guardian","Guardian:Defend_Guardian","Guardian:Defend_Guardian","vexMod:UltimateCard","Guardian:Defend_Guardian"],"score":1587,"play_id":"dee3f769-4a3a-4df8-be28-09d34e8502ca","local_time":"20201215122943","is_ascension_mode":true,"campfire_choices":[{"floor":1,"key":"RECALL"},{"data":"Guardian:PrismaticBeam","floor":6,"key":"SMITH"},{"data":"Guardian:TwinSlam","floor":9,"key":"SMITH"},{"data":"Guardian:RefractedBeam","floor":18,"key":"SMITH"},{"data":"Guardian:RefractedBeam+1","floor":20,"key":"SMITH"},{"data":"Guardian:FloatingOrbs","floor":23,"key":"SMITH"},{"data":"Guardian:WalkerClaw","floor":37,"key":"SMITH"},{"data":"Guardian:RefractedBeam+2","floor":39,"key":"SMITH"},{"data":"Guardian:DonusPower","floor":45,"key":"SMITH"},{"data":"Guardian:PolyBeam","floor":56,"key":"SMITH"}],"circlet_count":0,"master_deck":["Guardian:Strike_Guardian","Guardian:Strike_Guardian","Guardian:Strike_Guardian","Guardian:CurlUp+1","Guardian:TwinSlam+1","Guardian:PrismaticBeam+1","Guardian:RefractedBeam+3","Guardian:Repulse","Guardian:SentryBeam","Guardian:ChargeUp","Guardian:GemFinder","Guardian:PiercingHide","Guardian:FloatingOrbs+1","Guardian:PolyBeam+1","Guardian:SpikerProtocol+1","Guardian:Suspension+1","Guardian:WalkerClaw+1","Guardian:ExploitGems","Guardian:DonusPower+1","Guardian:FloatingOrbs+1","Guardian:ChargeCore","Guardian:BronzeOrb+1","hubris:Fate","Guardian:PolyBeam+1","Guardian:CrystalBeam+1"],"relics":["Guardian:ModeShifter","halation:PromiseList","Lantern","Replay:Baseball","downfall:HeartBlessingRed","conspire:DeflatedDodgeball","aspiration:BabyByrd","infinitespire:Lychee Nut","aspiration:SecretTechniqueScroll","halation:PrussianBluePaint","halation:RedSoulGem","Bronze Scales","conspire:Dentures","Bag of Marbles","Anchor","Ring of Chaos","downfall:HeartBlessingBlue","downfall:HeartBlessingGreen","Dream Catcher","Orichalcum","jedi:kaleidoscope","Ancient Tea Set","ReplayTheSpireMod:TigerMarble","ReplayTheSpireMod:CursedCoin","halation:LettersToHer"],"acts_visited":["Exordium","TheCity","TheBeyond","TheEnding"],"potions_floor_usage":[5,10,12,19,27,35,46,52,57,57],"damage_taken":[{"damage":0,"enemies":"conspire:RoseBush","floor":2,"turns":3},{"damage":0,"enemies":"Small Slimes","floor":3,"turns":3},{"damage":5,"enemies":"downfall:FleeingMerchant","floor":4,"turns":4},{"damage":28,"enemies":"Gremlin Nob","floor":5,"turns":5},{"damage":1,"enemies":"HollowMod:MossKnight","floor":8,"turns":6},{"damage":0,"enemies":"3 Sentries","floor":10,"turns":4},{"damage":0,"enemies":"Jaw Worm","floor":11,"turns":1},{"damage":7,"enemies":"downfall:FleeingMerchant","floor":12,"turns":4},{"damage":0,"enemies":"Exordium Thugs","floor":15,"turns":1},{"damage":0,"enemies":"downfall:Watcher","floor":16,"turns":4},{"damage":6,"enemies":"Slavers","floor":19,"turns":3},{"damage":11,"enemies":"downfall:FleeingMerchant","floor":22,"turns":4},{"damage":0,"enemies":"Chosen","floor":24,"turns":3},{"damage":0,"enemies":"Chosen","floor":25,"turns":2},{"damage":15,"enemies":"Nightmare","floor":27,"turns":3},{"damage":0,"enemies":"Snecko","floor":28,"turns":3},{"damage":0,"enemies":"Snecko","floor":29,"turns":2},{"damage":0,"enemies":"Shelled Parasite and Fungi","floor":34,"turns":1},{"damage":15,"enemies":"downfall:Ironclad","floor":35,"turns":3},{"damage":0,"enemies":"Orb Walker","floor":38,"turns":2},{"damage":0,"enemies":"Giant Head","floor":40,"turns":2},{"damage":28,"enemies":"Reptomancer","floor":42,"turns":2},{"damage":0,"enemies":"3 Shapes","floor":43,"turns":3},{"damage":0,"enemies":"R_Hoarder","floor":44,"turns":2},{"damage":4,"enemies":"Nightmare","floor":46,"turns":2},{"damage":0,"enemies":"3 Shapes","floor":47,"turns":1},{"damage":0,"enemies":"Jaw Worm Horde","floor":50,"turns":2},{"damage":0,"enemies":"4 Shapes","floor":51,"turns":1},{"damage":0,"enemies":"downfall:Defect","floor":52,"turns":2},{"damage":0,"enemies":"downfall:CharBossMerchant","floor":54,"turns":1},{"damage":14,"enemies":"downfall:NeowBoss","floor":57,"turns":11}],"seed_played":"-108053041692563445","potions_obtained":[{"floor":2,"key":"Regen Potion"},{"floor":3,"key":"SteroidPotion"},{"floor":10,"key":"Fire Potion"},{"floor":16,"key":"Adrenaline Potion"},{"floor":25,"key":"Swift Potion"},{"floor":29,"key":"SkillPotion"},{"floor":35,"key":"champ:CounterPotion"},{"floor":38,"key":"Elixir"},{"floor":44,"key":"jedi:StrikingPotion"},{"floor":47,"key":"DistilledChaos"},{"floor":50,"key":"Strength Potion"}],"is_trial":false,"path_per_floor":["R","M","M","$","E","R","T","E","R","E","M","$","?","?","M","B",null,"R","E","R","?","$","R","MIM","M","?","NM","MIM","M","PTL","PTL","$","?","M","B",null,"R","M","R","E","?","E","MIM","E","R","NM","M","AVR","$","M","M","B",null,"E","$","R","B",null],"character_chosen":"GUARDIAN","items_purchased":["Guardian:Gem_Cyan","Guardian:FloatingOrbs","Bag of Marbles","Guardian:Suspension+1","Guardian:WalkerClaw","Guardian:Gem_Orange","Adrenaline Potion","ColorlessPotion"],"campfire_rested":0,"item_purchase_floors":[22,22,32,32,32,49,55,55],"current_hp_per_floor":[80,80,80,75,47,47,47,46,46,58,58,51,51,48,48,54,60,60,56,56,56,50,50,55,58,58,45,50,53,53,53,53,47,47,37,60,70,70,70,70,70,42,47,50,50,51,51,51,51,54,54,57,70,70,70,70,57],"gold":41,"neow_bonus":"UPGRADE_CARD","is_daily":false,"chose_seed":false,"campfire_upgraded":9,"win_rate":0.0,"timestamp":1608035383,"path_taken":["R","M","M","$","E","R","T","E","R","E","M","$","?","?","M","BOSS","R","E","R","?","?","R","MIM","?","?","NM","?","M","PTL","PTL","$","?","M","BOSS","R","M","R","E","?","E","MIM","E","R","NM","M","AVR","$","M","M","BOSS","E","$","R","BOSS"],"items_purchased_type":["Card","Card","Relic","Card","Card","Card","Potion","Potion"],"build_version":"2020-12-13","purchased_purges":5,"victory":true,"max_hp_per_floor":[80,80,80,80,80,80,80,80,80,80,80,80,80,60,60,60,60,60,60,60,60,60,60,60,60,60,60,60,60,60,60,60,60,60,60,60,70,70,70,70,70,70,70,70,70,70,70,70,70,70,70,70,70,70,70,70,70],"relic_stats":{"Dream Catcher":0,"counters":[31,90],"Bronze Scales":[68],"Orichalcum":[18],"obtain_stats":[{"Lantern":7,"downfall:HeartBlessingGreen":37,"Ancient Tea Set":44,"halation:RedSoulGem":26,"Dream Catcher":40,"aspiration:BabyByrd":13,"halation:PrussianBluePaint":19,"downfall:HeartBlessingBlue":37,"halation:PromiseList":5,"halation:LettersToHer":54,"conspire:Dentures":28,"downfall:HeartBlessingRed":9,"ReplayTheSpireMod:CursedCoin":48,"Guardian:ModeShifter":0,"Ring of Chaos":36,"aspiration:SecretTechniqueScroll":17,"Orichalcum":42,"Replay:Baseball":8,"Anchor":33,"jedi:kaleidoscope":43,"infinitespire:Lychee Nut":14,"Bronze Scales":27,"Bag of Marbles":32,"ReplayTheSpireMod:TigerMarble":46,"conspire:DeflatedDodgeball":10},{"Lantern":4,"downfall:HeartBlessingGreen":19,"Ancient Tea Set":24,"halation:RedSoulGem":14,"Dream Catcher":21,"aspiration:BabyByrd":8,"halation:PrussianBluePaint":11,"downfall:HeartBlessingBlue":19,"halation:PromiseList":4,"halation:LettersToHer":30,"conspire:Dentures":16,"downfall:HeartBlessingRed":5,"ReplayTheSpireMod:CursedCoin":26,"Guardian:ModeShifter":0,"Ring of Chaos":19,"aspiration:SecretTechniqueScroll":10,"Orichalcum":22,"Replay:Baseball":5,"Anchor":17,"jedi:kaleidoscope":23,"infinitespire:Lychee Nut":8,"Bronze Scales":15,"Bag of Marbles":17,"ReplayTheSpireMod:TigerMarble":25,"conspire:DeflatedDodgeball":6},{"Lantern":15,"downfall:HeartBlessingGreen":59,"Ancient Tea Set":70,"halation:RedSoulGem":47,"Dream Catcher":63,"aspiration:BabyByrd":30,"halation:PrussianBluePaint":38,"downfall:HeartBlessingBlue":59,"halation:PromiseList":15,"halation:LettersToHer":79,"conspire:Dentures":53,"downfall:HeartBlessingRed":21,"ReplayTheSpireMod:CursedCoin":73,"Guardian:ModeShifter":0,"Ring of Chaos":59,"aspiration:SecretTechniqueScroll":35,"Orichalcum":65,"Replay:Baseball":21,"Anchor":55,"jedi:kaleidoscope":68,"infinitespire:Lychee Nut":30,"Bronze Scales":50,"Bag of Marbles":55,"ReplayTheSpireMod:TigerMarble":72,"conspire:DeflatedDodgeball":25}]},"card_choices":[{"not_picked":["Guardian:TemporalStrike","Guardian:TemporalShield"],"picked":"Guardian:Gem_Red","floor":2},{"not_picked":["Guardian:Suspension","Guardian:ShieldCharger"],"picked":"Guardian:PrismaticBeam","floor":3},{"not_picked":["Guardian:Incinerate","Guardian:Recover"],"picked":"Guardian:Gem_Cyan","floor":4},{"not_picked":["Guardian:Incinerate","Guardian:MultiBeam"],"picked":"Guardian:Gem_Red","floor":5},{"not_picked":["Guardian:Incinerate","Guardian:TemporalStrike"],"picked":"Guardian:Gem_Cyan","floor":8},{"not_picked":["Guardian:TemporalStrike","Guardian:PrimingBeam"],"picked":"Guardian:RefractedBeam","floor":10},{"not_picked":["Guardian:VentSteam","Guardian:Incinerate"],"picked":"Guardian:Repulse","floor":11},{"not_picked":["Guardian:TimeBomb","Guardian:RollAttack"],"picked":"Guardian:SentryBeam","floor":12},{"not_picked":["Guardian:PrismaticBarrier","Guardian:ShieldCharger"],"picked":"Guardian:ChargeUp","floor":15},{"not_picked":["Guardian:GatlingBeam","Guardian:TimeSifter"],"picked":"Guardian:GemFinder","floor":16},{"not_picked":["Guardian:Gem_Red","Guardian:Gem_Green"],"picked":"Guardian:Gem_Cyan","floor":19},{"not_picked":["Guardian:Gem_Purple","Guardian:Incinerate"],"picked":"Guardian:Gem_Cyan","floor":19},{"not_picked":["Guardian:Gem_Cyan","Guardian:PrimingBeam+1"],"picked":"Guardian:PiercingHide","floor":22},{"not_picked":["Guardian:Gem_Lightblue","Guardian:RollAttack+1"],"picked":"Guardian:PolyBeam+1","floor":25},{"not_picked":["Guardian:TemporalStrike","Guardian:Gem_Red","Guardian:TimeCapacitor"],"picked":"SKIP","floor":27},{"not_picked":["Guardian:PrismaticBarrier","Guardian:StasisField"],"picked":"Guardian:SpikerProtocol+1","floor":28},{"not_picked":["Guardian:GuardianWhirl","Guardian:ChargeCore","Guardian:Recover"],"picked":"SKIP","floor":29},{"not_picked":["Guardian:VentSteam","Guardian:Gem_Cyan"],"picked":"Guardian:Gem_Red","floor":34},{"not_picked":["Guardian:SphericShield","Guardian:RevengeProtocol"],"picked":"Guardian:ExploitGems","floor":35},{"not_picked":["Guardian:Gem_Lightblue","Guardian:Gem_Green"],"picked":"Guardian:Gem_Cyan","floor":35},{"not_picked":["Guardian:Gem_Red","Guardian:GuardianWhirl+1","Guardian:StasisStrike"],"picked":"SKIP","floor":38},{"not_picked":["Guardian:Incinerate","Guardian:Suspension"],"picked":"Guardian:DonusPower","floor":40},{"not_picked":["Guardian:Incinerate","Guardian:Reroute+1"],"picked":"Guardian:FloatingOrbs+1","floor":42},{"not_picked":["Guardian:Reroute","Guardian:Planning+1"],"picked":"Guardian:ChargeCore","floor":43},{"not_picked":["Guardian:BaubleBeam","Guardian:Gem_Green"],"picked":"Guardian:BronzeOrb+1","floor":44},{"not_picked":["ReplayTheSpireMod:Haul","ReplayTheSpireMod:Chaos Vortex"],"picked":"hubris:Fate","floor":46},{"not_picked":["Guardian:Repulse","Guardian:FierceBash","Guardian:Clone+1"],"picked":"SKIP","floor":46},{"not_picked":["Guardian:Harden+1","Guardian:ChargeCore+1","Guardian:Planning+1"],"picked":"SKIP","floor":47},{"not_picked":["Guardian:Harden+1","Guardian:ChargeCore+1","Guardian:Planning+1"],"picked":"SKIP","floor":47},{"not_picked":["Guardian:TemporalStrike","Guardian:SentryBeam+1"],"picked":"Guardian:PolyBeam","floor":50},{"not_picked":["Guardian:WalkerClaw","Guardian:Gem_Purple"],"picked":"Guardian:CrystalBeam+1","floor":51},{"not_picked":["Guardian:SentryBeam+1","Guardian:Gem_Red","Guardian:PolyBeam"],"picked":"SKIP","floor":54}],"player_experience":322940,"relics_obtained":[{"floor":5,"key":"halation:PromiseList"},{"floor":7,"key":"Lantern"},{"floor":8,"key":"Replay:Baseball"},{"floor":10,"key":"conspire:DeflatedDodgeball"},{"floor":19,"key":"halation:PrussianBluePaint"},{"floor":27,"key":"Bronze Scales"},{"floor":28,"key":"conspire:Dentures"},{"floor":40,"key":"Dream Catcher"},{"floor":42,"key":"Orichalcum"},{"floor":43,"key":"jedi:kaleidoscope"},{"floor":44,"key":"Ancient Tea Set"},{"floor":46,"key":"ReplayTheSpireMod:TigerMarble"},{"floor":54,"key":"halation:LettersToHer"}],"event_choices":[{"damage_healed":0,"gold_gain":0,"player_choice":"Success","damage_taken":3,"relics_obtained":["infinitespire:Lychee Nut"],"max_hp_gain":0,"max_hp_loss":0,"event_name":"Scrap Ooze","floor":14,"gold_loss":0},{"damage_healed":0,"gold_gain":0,"player_choice":"Anchor","damage_taken":0,"relics_obtained":["Anchor"],"max_hp_gain":0,"max_hp_loss":0,"event_name":"blackbeard:ShipwreckEvent","floor":33,"gold_loss":0}],"is_beta":false,"boss_relics":[{"not_picked":["aspiration:FutureDiary","conspire:RunicOctahedron"],"picked":"aspiration:SecretTechniqueScroll"},{"not_picked":["jedi:battlestandard","hubris:Stopwatch"],"picked":"Ring of Chaos"}],"items_purged_floors":[4,22,32,48,49],"is_endless":false,"potions_floor_spawned":[2,3,10,16,25,29,35,38,44,47,50,51],"ascension_level":1}}