{"host":"sc0o2qwpf9j16a4i","time":1608048704,"event":{"mods":["AchievementEnabler","BaseMod","BetterRewards","Block Reminder","Colored Map","Colored Powertips","Custom Start","Highlight Path","Minty Spire (QoL Compilation)","Relic Stats"],"gold_per_floor":[118,118,193,204,74,74,101,118,118,128,128,128,158,175,175,249,249,259,259,22,22,34,59,77,77,77,107,7,7,34,48,48,123,123,141,141,160,35,81,81,92,92,92,92,105,139,85,85,85,85,85,85,85,31,64,64],"floor_reached":57,"playtime":1944,"items_purged":["Strike_G","Strike_G","Strike_G"],"score":3792,"play_id":"7a97416b-08a4-46da-8136-46022bd6aef6","local_time":"20201215181144","is_ascension_mode":true,"campfire_choices":[{"data":"Noxious Fumes","floor":6,"key":"SMITH"},{"data":"Dagger Spray","floor":11,"key":"SMITH"},{"data":"Neutralize","floor":15,"key":"SMITH"},{"data":"Wraith Form v2","floor":25,"key":"SMITH"},{"data":"Footwork","floor":29,"key":"SMITH"},{"data":"Well Laid Plans","floor":32,"key":"SMITH"},{"floor":40,"key":"RECALL"},{"data":"Panache","floor":42,"key":"SMITH"},{"data":"Survivor","floor":44,"key":"SMITH"},{"data":"Footwork","floor":49,"key":"SMITH"},{"data":"Defend_G","floor":53,"key":"SMITH"}],"circlet_count":0,"master_deck":["AscendersBane","Strike_G","Defend_G+1","Defend_G","Defend_G","Defend_G","Defend_G","Survivor+1","Neutralize+1","Noxious Fumes+1","Panache+1","Leg Sweep+1","Catalyst+1","Dagger Spray+1","Deadly Poison+1","Well Laid Plans+1","Catalyst+1","Dodge and Roll+1","Dagger Throw","Prepared+1","Adrenaline+1","Footwork+1","Apotheosis+1","Wraith Form v2+1","Deadly Poison+1","Corpse Explosion+1","PiercingWail+1","Leg Sweep+1","Venomology+1","Backflip+1","Wraith Form v2+1","Catalyst+1","Dodge and Roll+1","Footwork+1"],"relics":["Ring of the Snake","Bird Faced Urn","Letter Opener","TwistedFunnel","Toxic Egg 2","PreservedInsect","Lee\u0027s Waffle","Matryoshka","Juzu Bracelet","Bottled Lightning","Paper Crane","HornCleat","Velvet Choker","Nloth\u0027s Gift","Art of War","Anchor","Mummified Hand","Pantograph","Coffee Dripper","Calipers","Ninja Scroll","Ornamental Fan","Pen Nib"],"acts_visited":["Exordium","TheCity","TheBeyond","TheEnding"],"potions_floor_usage":[13,16,30,39,45,45,46,50,51,55,56],"damage_taken":[{"damage":0,"enemies":"2 Louse","floor":1,"turns":3},{"damage":0,"enemies":"Cultist","floor":4,"turns":3},{"damage":11,"enemies":"Gremlin Nob","floor":7,"turns":3},{"damage":0,"enemies":"Small Slimes","floor":8,"turns":3},{"damage":0,"enemies":"Exordium Thugs","floor":10,"turns":2},{"damage":15,"enemies":"3 Sentries","floor":13,"turns":3},{"damage":0,"enemies":"Exordium Wildlife","floor":14,"turns":5},{"damage":0,"enemies":"Slime Boss","floor":16,"turns":3},{"damage":0,"enemies":"Chosen","floor":18,"turns":1},{"damage":0,"enemies":"Shell Parasite","floor":22,"turns":3},{"damage":23,"enemies":"Slavers","floor":23,"turns":3},{"damage":11,"enemies":"Snake Plant","floor":24,"turns":4},{"damage":0,"enemies":"Gremlin Leader","floor":27,"turns":3},{"damage":2,"enemies":"Slavers","floor":30,"turns":3},{"damage":0,"enemies":"Snecko","floor":31,"turns":3},{"damage":0,"enemies":"Champ","floor":33,"turns":6},{"damage":0,"enemies":"3 Darklings","floor":35,"turns":3},{"damage":0,"enemies":"3 Shapes","floor":37,"turns":2},{"damage":0,"enemies":"2 Orb Walkers","floor":39,"turns":2},{"damage":0,"enemies":"Jaw Worm Horde","floor":41,"turns":2},{"damage":0,"enemies":"Writhing Mass","floor":45,"turns":2},{"damage":0,"enemies":"Giant Head","floor":46,"turns":5},{"damage":0,"enemies":"Time Eater","floor":50,"turns":8},{"damage":12,"enemies":"Awakened One","floor":51,"turns":16},{"damage":31,"enemies":"Shield and Spear","floor":55,"turns":7},{"damage":46,"enemies":"The Heart","floor":56,"turns":9}],"seed_played":"-3669535458651076880","potions_obtained":[{"floor":1,"key":"Explosive Potion"},{"floor":13,"key":"ColorlessPotion"},{"floor":16,"key":"ColorlessPotion"},{"floor":30,"key":"Fire Potion"},{"floor":33,"key":"Poison Potion"},{"floor":41,"key":"Swift Potion"},{"floor":45,"key":"Swift Potion"},{"floor":55,"key":"AttackPotion"}],"is_trial":false,"path_per_floor":["M","?","?","M","$","R","E","M","T","M","R","?","E","M","R","B",null,"M","?","$","?","M","E","M","R","T","E","$","R","E","M","R","B",null,"M","?","M","$","?","R","M","R","T","R","M","E","$","?","R","B","B",null,"R","$","E","B",null],"character_chosen":"THE_SILENT","items_purchased":["Bird Faced Urn","Letter Opener","Noxious Fumes","TwistedFunnel","Toxic Egg 2","Panache","PreservedInsect","Lee\u0027s Waffle","Matryoshka","Explosive Potion","Leg Sweep+1","Deadly Poison+1","Apotheosis+1","Fire Potion","PowerPotion","PowerPotion"],"campfire_rested":0,"item_purchase_floors":[0,0,0,0,0,0,0,0,0,0,0,5,20,20,47,54],"current_hp_per_floor":[73,73,62,66,66,66,59,59,59,63,63,56,47,53,53,59,70,72,72,72,72,73,52,47,47,47,49,49,49,53,61,61,73,73,73,73,73,73,73,73,73,73,73,73,73,73,73,69,69,69,63,68,68,68,38,31],"gold":64,"neow_bonus":"","is_daily":false,"chose_seed":false,"campfire_upgraded":10,"win_rate":0.0,"timestamp":1608048704,"path_taken":["M","?","?","M","$","R","E","M","T","M","R","?","E","M","R","BOSS","M","?","$","?","M","E","M","R","T","E","$","R","E","M","R","BOSS","M","?","M","?","?","R","M","R","T","R","M","E","$","?","R","BOSS","BOSS","R","$","E","BOSS"],"items_purchased_type":["Relic","Relic","Card","Relic","Relic","Card","Relic","Relic","Relic","Potion","Card","Card","Card","Potion","Potion","Potion"],"build_version":"2020-12-13","purchased_purges":3,"victory":true,"max_hp_per_floor":[73,73,73,73,73,73,73,73,73,73,73,73,73,73,73,73,73,73,73,73,73,73,73,73,73,73,73,73,73,73,73,73,73,73,73,73,73,73,73,73,73,73,73,73,73,73,73,69,69,69,69,69,69,69,69,69],"relic_stats":{"Lee\u0027s Waffle":96,"counters":[57,243],"PreservedInsect":395,"Pen Nib":[0],"Juzu Bracelet":3,"Letter Opener":[597],"Mummified Hand":[67],"Ornamental Fan":[8],"Bird Faced Urn":[78],"Pantograph":37,"Nloth\u0027s Gift":6,"Art of War":[32],"obtain_stats":[{"TwistedFunnel":0,"Regal Pillow":41,"Calipers":39,"CeramicFish":23,"Vajra":9,"Juzu Bracelet":2,"Whetstone":26,"ClockworkSouvenir":22,"Lizard Tail":14,"Matryoshka":0,"HornCleat":13,"Sundial":30,"Mummified Hand":55,"Ninja Scroll":43,"Pantograph":30,"Philosopher\u0027s Stone":34,"Toxic Egg 2":0,"InkBottle":45,"Ring of the Snake":0,"Lee\u0027s Waffle":0,"Dead Branch":0,"Oddly Smooth Stone":54,"Velvet Choker":17,"PreservedInsect":0,"Pen Nib":55,"Letter Opener":13,"Paper Crane":9,"Anchor":26,"Busted Crown":17,"Shuriken":9,"Ornamental Fan":46,"Bird Faced Urn":0,"Nloth\u0027s Gift":19,"Art of War":23,"Coffee Dripper":34,"Bottled Lightning":6},{"TwistedFunnel":31,"Regal Pillow":22,"Calipers":50,"CeramicFish":12,"Vajra":35,"Juzu Bracelet":32,"Whetstone":14,"ClockworkSouvenir":11,"Lizard Tail":8,"Matryoshka":31,"HornCleat":37,"Sundial":16,"Mummified Hand":30,"Ninja Scroll":51,"Pantograph":45,"Philosopher\u0027s Stone":18,"Toxic Egg 2":31,"InkBottle":25,"Ring of the Snake":0,"Lee\u0027s Waffle":31,"Dead Branch":0,"Oddly Smooth Stone":29,"Velvet Choker":39,"PreservedInsect":31,"Pen Nib":56,"Letter Opener":7,"Paper Crane":35,"Anchor":43,"Busted Crown":9,"Shuriken":5,"Ornamental Fan":53,"Bird Faced Urn":31,"Nloth\u0027s Gift":40,"Art of War":42,"Coffee Dripper":47,"Bottled Lightning":5},{"TwistedFunnel":136,"Regal Pillow":88,"Calipers":194,"CeramicFish":50,"Vajra":148,"Juzu Bracelet":139,"Whetstone":56,"ClockworkSouvenir":47,"Lizard Tail":35,"Matryoshka":136,"HornCleat":153,"Sundial":63,"Mummified Hand":133,"Ninja Scroll":196,"Pantograph":178,"Philosopher\u0027s Stone":72,"Toxic Egg 2":136,"InkBottle":99,"Ring of the Snake":0,"Lee\u0027s Waffle":136,"Dead Branch":0,"Oddly Smooth Stone":128,"Velvet Choker":161,"PreservedInsect":136,"Pen Nib":234,"Letter Opener":28,"Paper Crane":148,"Anchor":172,"Busted Crown":42,"Shuriken":19,"Ornamental Fan":203,"Bird Faced Urn":136,"Nloth\u0027s Gift":162,"Art of War":168,"Coffee Dripper":187,"Bottled Lightning":19}],"Ring of the Snake":[117]},"card_choices":[{"not_picked":["Slice","Expertise+1"],"picked":"Catalyst+1","floor":1},{"not_picked":["Dodge and Roll+1","Outmaneuver+1"],"picked":"Dagger Spray","floor":4},{"not_picked":["Underhanded Strike","Slice"],"picked":"Well Laid Plans","floor":7},{"not_picked":["Acrobatics+1","Dagger Spray"],"picked":"Catalyst+1","floor":8},{"not_picked":["Outmaneuver+1","Terror+1"],"picked":"Dodge and Roll+1","floor":10},{"not_picked":["Tactician+1","Doppelganger+1"],"picked":"Dagger Throw","floor":13},{"not_picked":["Backflip+1","Sucker Punch"],"picked":"Prepared+1","floor":14},{"not_picked":["Phantasmal Killer+1","Bullet Time+1"],"picked":"Adrenaline+1","floor":16},{"not_picked":["Caltrops","Accuracy"],"picked":"Footwork","floor":18},{"not_picked":["Endless Agony","Prepared+1","Expertise+1"],"picked":"SKIP","floor":22},{"not_picked":["After Image","Concentrate+1"],"picked":"Wraith Form v2","floor":23},{"not_picked":["Cloak And Dagger+1","Outmaneuver+1"],"picked":"Deadly Poison+1","floor":24},{"not_picked":["Dash","Acrobatics+1"],"picked":"Corpse Explosion+1","floor":27},{"not_picked":["Distraction+1","Grand Finale"],"picked":"PiercingWail+1","floor":30},{"not_picked":["Dodge and Roll+1","Poisoned Stab"],"picked":"Leg Sweep+1","floor":31},{"not_picked":["After Image","Doppelganger+1"],"picked":"Venomology+1","floor":33},{"not_picked":["Glass Knife","Heel Hook"],"picked":"Backflip+1","floor":35},{"not_picked":["Sucker Punch","Predator"],"picked":"Catalyst+1","floor":37},{"not_picked":["Quick Slash","Deadly Poison+1"],"picked":"Dodge and Roll+1","floor":41},{"not_picked":["Bane","Cloak And Dagger+1"],"picked":"Footwork","floor":45},{"not_picked":["Eviscerate","Glass Knife","Unload"],"picked":"SKIP","floor":46},{"not_picked":["Infinite Blades","Blade Dance+1","Die Die Die"],"picked":"SKIP","floor":55}],"player_experience":337364,"relics_obtained":[{"floor":7,"key":"Bottled Lightning"},{"floor":9,"key":"Vajra"},{"floor":9,"key":"Paper Crane"},{"floor":13,"key":"HornCleat"},{"floor":23,"key":"Art of War"},{"floor":26,"key":"Anchor"},{"floor":27,"key":"Mummified Hand"},{"floor":30,"key":"Pantograph"},{"floor":39,"key":"Calipers"},{"floor":43,"key":"Ninja Scroll"},{"floor":46,"key":"Ornamental Fan"},{"floor":55,"key":"Pen Nib"}],"event_choices":[{"damage_healed":0,"gold_gain":0,"player_choice":"Gave Potion","damage_taken":0,"relics_obtained":["Juzu Bracelet"],"max_hp_gain":0,"max_hp_loss":0,"event_name":"WeMeetAgain","floor":2,"gold_loss":0},{"damage_healed":0,"gold_gain":75,"player_choice":"Gather Gold","damage_taken":11,"max_hp_gain":0,"max_hp_loss":0,"event_name":"World of Goop","floor":3,"gold_loss":0},{"cards_removed":["Strike_G"],"damage_healed":0,"gold_gain":0,"player_choice":"Card Removal","damage_taken":7,"max_hp_gain":0,"max_hp_loss":0,"event_name":"Golden Wing","floor":12,"gold_loss":0},{"damage_healed":0,"gold_gain":0,"player_choice":"Traded Relic","damage_taken":0,"relics_obtained":["Nloth\u0027s Gift"],"max_hp_gain":0,"max_hp_loss":0,"event_name":"N\u0027loth","floor":19,"relics_lost":["Vajra"],"gold_loss":0},{"damage_healed":0,"gold_gain":0,"player_choice":"Copied","damage_taken":0,"max_hp_gain":0,"max_hp_loss":0,"event_name":"Duplicator","floor":36,"gold_loss":0,"cards_obtained":["Wraith Form v2"]},{"damage_healed":0,"gold_gain":0,"player_choice":"Fight","damage_taken":0,"max_hp_gain":0,"max_hp_loss":0,"event_name":"Mysterious Sphere","floor":39,"gold_loss":0},{"damage_healed":0,"gold_gain":0,"player_choice":"Max HP","damage_taken":0,"max_hp_gain":0,"max_hp_loss":4,"event_name":"Winding Halls","floor":48,"gold_loss":0}],"is_beta":false,"boss_relics":[{"not_picked":["Runic Dome","WristBlade"],"picked":"Velvet Choker"},{"not_picked":["Empty Cage","HoveringKite"],"picked":"Coffee Dripper"}],"items_purged_floors":[5,28,38],"is_endless":false,"potions_floor_spawned":[1,13,16,23,24,30,33,35,41,45,55],"ascension_level":20}}