{"host":"hfxp6ue4pvwo3fit","time":1608020693,"event":{"mods":["AchievementEnabler","BaseMod","Colored Map","Colored Powertips","Highlight Path","Minty Spire (QoL Compilation)","StSLib","SuperFastMode"],"gold_per_floor":[112,77,77,23,43,77,88,115,192,192,208,226,226,260,260,333,333,345,620,382,400,419,419,432,458,458,458,458],"floor_reached":27,"playtime":949,"items_purged":["Regret"],"score":556,"play_id":"95ee39f7-fbcf-4c05-b7fb-185ba99870d4","local_time":"20201215022453","is_ascension_mode":true,"campfire_choices":[{"data":"Venomology","floor":10,"key":"SMITH"},{"data":"Deadly Poison","floor":13,"key":"SMITH"},{"data":"Deadly Poison","floor":15,"key":"SMITH"},{"floor":23,"key":"REST"}],"circlet_count":0,"master_deck":["AscendersBane","Strike_G","Strike_G","Strike_G","Strike_G","Defend_G","Defend_G","Defend_G","Defend_G","Defend_G","Survivor","Neutralize","Backstab","Venomology+1","Deadly Poison+1","Dodge and Roll","Poisoned Stab","Deadly Poison+1","Dash","Corpse Explosion","Escape Plan+1","Noxious Fumes","Noxious Fumes"],"relics":["Ring of the Snake","NeowsBlessing","Peace Pipe","Art of War","Mummified Hand","Prayer Wheel","Runic Pyramid","Blood Vial","Kunai","Shuriken"],"acts_visited":["Exordium","TheCity"],"potions_floor_usage":[8,8,11,12,14,16,16,21,22,24,25,25],"damage_taken":[{"damage":0,"enemies":"Jaw Worm","floor":1,"turns":1},{"damage":0,"enemies":"2 Louse","floor":5,"turns":1},{"damage":0,"enemies":"Gremlin Nob","floor":6,"turns":1},{"damage":6,"enemies":"Cultist","floor":7,"turns":4},{"damage":21,"enemies":"Lagavulin","floor":8,"turns":4},{"damage":1,"enemies":"Blue Slaver","floor":11,"turns":4},{"damage":7,"enemies":"Gremlin Gang","floor":12,"turns":5},{"damage":3,"enemies":"Gremlin Nob","floor":14,"turns":3},{"damage":14,"enemies":"The Guardian","floor":16,"turns":8},{"damage":0,"enemies":"3 Byrds","floor":18,"turns":2},{"damage":10,"enemies":"Shell Parasite","floor":21,"turns":6},{"damage":29,"enemies":"Snake Plant","floor":22,"turns":5},{"damage":10,"enemies":"Centurion and Healer","floor":24,"turns":6},{"damage":29,"enemies":"Gremlin Leader","floor":25,"turns":6},{"damage":16,"enemies":"Slavers","floor":27,"turns":1}],"seed_played":"-5655938134310513803","potions_obtained":[{"floor":7,"key":"Block Potion"},{"floor":8,"key":"LiquidBronze"}],"is_trial":false,"path_per_floor":["M","?","?","$","M","E","M","E","T","R","M","M","R","E","R","B",null,"M","?","$","M","M","R","M","E","T","E"],"character_chosen":"THE_SILENT","items_purchased":["Deadly Poison","Blood Vial"],"campfire_rested":1,"item_purchase_floors":[4,20],"current_hp_per_floor":[59,66,66,66,66,66,60,39,39,39,38,31,31,28,28,14,53,53,53,53,45,18,37,29,2,2,0,0],"gold":458,"neow_bonus":"THREE_ENEMY_KILL","is_daily":false,"chose_seed":false,"campfire_upgraded":3,"win_rate":0.0,"timestamp":1608020693,"path_taken":["M","?","?","$","M","E","M","E","T","R","?","M","R","E","R","BOSS","M","?","$","?","M","R","M","E","T","E"],"items_purchased_type":["Card","Relic"],"build_version":"2020-12-13","purchased_purges":1,"victory":false,"max_hp_per_floor":[66,66,66,66,66,66,66,66,66,66,66,66,66,66,66,66,66,66,66,66,66,66,66,66,66,66,66,66],"card_choices":[{"not_picked":["Flying Knee","Accuracy"],"picked":"Backstab","floor":1},{"not_picked":["Reflex","Deflect"],"picked":"Dodge and Roll","floor":5},{"not_picked":["Eviscerate","Blur"],"picked":"Poisoned Stab","floor":6},{"not_picked":["Cloak And Dagger","Backflip","Outmaneuver"],"picked":"SKIP","floor":7},{"not_picked":["Dagger Throw","Deflect"],"picked":"Deadly Poison","floor":8},{"not_picked":["Deadly Poison","PiercingWail"],"picked":"Dash","floor":11},{"not_picked":["Grand Finale","Prepared","Flying Knee"],"picked":"SKIP","floor":12},{"not_picked":["Expertise","Acrobatics","Tactician"],"picked":"SKIP","floor":14},{"not_picked":["Doppelganger","Tools of the Trade"],"picked":"Corpse Explosion","floor":16},{"not_picked":["Heel Hook","Deflect+1"],"picked":"Escape Plan+1","floor":18},{"not_picked":["Dodge and Roll","Poisoned Stab","Blade Dance"],"picked":"SKIP","floor":18},{"not_picked":["Distraction","Masterful Stab+1"],"picked":"Noxious Fumes","floor":21},{"not_picked":["Sucker Punch","Backflip","Deadly Poison"],"picked":"SKIP","floor":21},{"not_picked":["Quick Slash","Prepared","Blade Dance"],"picked":"SKIP","floor":22},{"not_picked":["Outmaneuver+1","Phantasmal Killer","Dagger Spray"],"picked":"SKIP","floor":22},{"not_picked":["Deadly Poison","Finisher"],"picked":"Noxious Fumes","floor":24},{"not_picked":["Riddle With Holes","Bouncing Flask","Flying Knee"],"picked":"SKIP","floor":24},{"not_picked":["Dagger Throw","Prepared","Terror"],"picked":"SKIP","floor":25}],"player_experience":374671,"relics_obtained":[{"floor":6,"key":"Peace Pipe"},{"floor":8,"key":"Art of War"},{"floor":9,"key":"Mummified Hand"},{"floor":14,"key":"Prayer Wheel"},{"floor":25,"key":"Kunai"},{"floor":26,"key":"Shuriken"}],"event_choices":[{"damage_healed":16,"gold_gain":0,"player_choice":"Healed","damage_taken":0,"max_hp_gain":0,"max_hp_loss":0,"event_name":"The Cleric","floor":2,"gold_loss":35},{"damage_healed":0,"gold_gain":0,"cards_transformed":["Strike_G"],"player_choice":"Transformed","damage_taken":0,"max_hp_gain":0,"max_hp_loss":0,"event_name":"Transmorgrifier","floor":3,"gold_loss":0,"cards_obtained":["Venomology"]},{"damage_healed":0,"gold_gain":275,"player_choice":"Desecrate","damage_taken":0,"max_hp_gain":0,"max_hp_loss":0,"event_name":"Golden Shrine","floor":19,"gold_loss":0,"cards_obtained":["Regret"]}],"is_beta":false,"boss_relics":[{"not_picked":["Astrolabe","Snecko Eye"],"picked":"Runic Pyramid"}],"items_purged_floors":[20],"is_endless":false,"potions_floor_spawned":[7,8,12,14,18,22],"killed_by":"Slavers","ascension_level":20}}