{"host":"b6iqmq74l2bwzb3l","time":1608043504,"event":{"mods":["BaseMod","Colored Map","Colored Powertips","Googly Eyes","MarisaÅiñ∂âJÅ@ñÇóùçπÅj","Minty Spire (QoL Compilation)","Quick Restart","StSLib","The Cursed"],"gold_per_floor":[118,137,150,164,241,272,272,297,297,274,284,294,294,311,311,411,411,422,441,441,293,312,312,323,340,340,197,197,197,112,37,37,140,140,150,150,169,183,183,183,183,183],"floor_reached":41,"playtime":1207,"items_purged":[],"score":405,"play_id":"cdd72e13-f573-4ede-a8be-855498d3d5f7","local_time":"20201215234504","is_ascension_mode":false,"campfire_choices":[{"data":"Perfected Strike","floor":7,"key":"SMITH"},{"data":"Rage","floor":13,"key":"SMITH"},{"data":"Disarm","floor":15,"key":"SMITH"},{"data":"Spot Weakness","floor":23,"key":"SMITH"},{"floor":28,"key":"REST"},{"floor":32,"key":"REST"},{"floor":40,"key":"REST"}],"circlet_count":0,"master_deck":["Strike_R+1","Strike_R","Strike_R","Strike_R","Strike_R+1","Defend_R","Defend_R","Defend_R","Defend_R","Bash","Perfected Strike+1","Rage+1","Spot Weakness+1","Clash","Perfected Strike","Disarm+1","Rampage+1","Double Tap","Armaments+1","Wraith"],"relics":["Black Blood","Shuriken","Lantern","Pantograph","Whetstone","Busted Crown","Vajra","Akabeko","Blood Vial","Red Skull","Gambling Chip"],"acts_visited":["Exordium","TheCity","TheBeyond"],"potions_floor_usage":[8,8,24,33],"damage_taken":[{"damage":1,"enemies":"Cultist","floor":1,"turns":3},{"damage":0,"enemies":"Small Slimes","floor":2,"turns":2},{"damage":3,"enemies":"2 Louse","floor":3,"turns":3},{"damage":10,"enemies":"2 Fungi Beasts","floor":4,"turns":5},{"damage":21,"enemies":"Gremlin Nob","floor":6,"turns":4},{"damage":17,"enemies":"Lagavulin","floor":8,"turns":5},{"damage":0,"enemies":"3 Louse","floor":11,"turns":3},{"damage":1,"enemies":"Exordium Wildlife","floor":12,"turns":3},{"damage":0,"enemies":"Blue Slaver","floor":14,"turns":2},{"damage":65,"enemies":"Hexaghost","floor":16,"turns":10},{"damage":2,"enemies":"Chosen","floor":18,"turns":4},{"damage":25,"enemies":"3 Byrds","floor":19,"turns":6},{"damage":15,"enemies":"Snecko","floor":22,"turns":4},{"damage":22,"enemies":"Shelled Parasite and Fungi","floor":24,"turns":3},{"damage":21,"enemies":"Snake Plant","floor":25,"turns":3},{"damage":71,"enemies":"Collector","floor":33,"turns":10},{"damage":27,"enemies":"3 Shapes","floor":35,"turns":5},{"damage":20,"enemies":"3 Darklings","floor":37,"turns":5},{"damage":50,"enemies":"Maw","floor":38,"turns":8}],"seed_played":"-8880071095771204423","potions_obtained":[{"floor":3,"key":"Regen Potion"},{"floor":4,"key":"SneckoOil"},{"floor":6,"key":"Ancient Potion"},{"floor":11,"key":"SpeedPotion"},{"floor":14,"key":"Explosive Potion"},{"floor":18,"key":"EssenceOfSteel"},{"floor":37,"key":"LiquidMemories"}],"is_trial":false,"path_per_floor":["M","M","M","M","T","E","R","E","T","$","M","M","R","M","R","B",null,"M","M","?","$","M","R","M","M","T","$","R","?","?","?","R","B",null,"M","?","M","M","?","R","M"],"character_chosen":"IRONCLAD","items_purchased":["Perfected Strike","Akabeko","Red Skull"],"campfire_rested":3,"item_purchase_floors":[10,21,27],"current_hp_per_floor":[80,80,80,76,76,61,61,64,64,64,70,75,75,80,80,21,80,80,61,61,61,52,52,36,21,21,21,45,45,45,45,69,15,80,65,65,59,23,23,45,0,0],"gold":183,"neow_bonus":"THREE_CARDS","is_daily":false,"chose_seed":false,"campfire_upgraded":4,"win_rate":0.0,"timestamp":1608043504,"path_taken":["M","M","?","M","?","E","R","E","T","?","M","M","R","?","R","BOSS","M","M","?","$","M","R","M","M","T","$","R","?","?","?","R","BOSS","M","?","M","M","?","R","M"],"items_purchased_type":["Card","Relic","Relic"],"build_version":"2020-12-13","purchased_purges":0,"victory":false,"max_hp_per_floor":[80,80,80,80,80,80,80,80,80,80,80,80,80,80,80,80,80,80,80,80,80,80,80,80,80,80,80,80,80,80,80,80,80,80,80,80,80,80,76,76,76,76],"card_choices":[{"not_picked":["Warcry","Armaments"],"picked":"Perfected Strike","floor":0},{"not_picked":["Iron Wave","Uppercut","Warcry"],"picked":"SKIP","floor":1},{"not_picked":["Armaments","Thunderclap"],"picked":"Rage","floor":2},{"not_picked":["Armaments","Perfected Strike"],"picked":"Spot Weakness","floor":3},{"not_picked":["Twin Strike","Second Wind"],"picked":"Clash","floor":4},{"not_picked":["Cleave","Wild Strike","Twin Strike"],"picked":"SKIP","floor":6},{"not_picked":["Pommel Strike","Warcry","Twin Strike"],"picked":"SKIP","floor":8},{"not_picked":["Bloodletting","Immolate"],"picked":"Disarm","floor":11},{"not_picked":["True Grit","Dropkick","Twin Strike"],"picked":"SKIP","floor":12},{"not_picked":["Rampage","Searing Blow","Pummel"],"picked":"SKIP","floor":14},{"not_picked":["Clothesline"],"picked":"SKIP","floor":18},{"not_picked":[],"picked":"Rampage+1","floor":19},{"not_picked":["Intimidate"],"picked":"SKIP","floor":22},{"not_picked":["Warcry"],"picked":"SKIP","floor":24},{"not_picked":["Entrench"],"picked":"SKIP","floor":25},{"not_picked":[],"picked":"Double Tap","floor":33},{"not_picked":[],"picked":"Armaments+1","floor":35},{"not_picked":["Battle Trance+1"],"picked":"SKIP","floor":37},{"not_picked":["Clothesline"],"picked":"SKIP","floor":38}],"player_experience":308033,"relics_obtained":[{"floor":5,"key":"Shuriken"},{"floor":6,"key":"Lantern"},{"floor":8,"key":"Pantograph"},{"floor":9,"key":"Whetstone"},{"floor":26,"key":"Blood Vial"}],"event_choices":[{"damage_healed":0,"gold_gain":0,"player_choice":"Opened","damage_taken":0,"relics_obtained":["Vajra"],"max_hp_gain":0,"max_hp_loss":0,"event_name":"The Mausoleum","floor":20,"gold_loss":0},{"damage_healed":0,"gold_gain":0,"player_choice":"Smashed Altar","damage_taken":0,"max_hp_gain":0,"max_hp_loss":0,"event_name":"Forgotten Altar","floor":29,"gold_loss":0,"cards_obtained":["Decay"]},{"damage_healed":0,"gold_gain":0,"player_choice":"Obtained Relic","damage_taken":0,"relics_obtained":["Gambling Chip"],"max_hp_gain":0,"max_hp_loss":0,"event_name":"Addict","floor":30,"gold_loss":85},{"cards_removed":["Decay"],"damage_healed":0,"gold_gain":0,"player_choice":"Gave Gold","damage_taken":0,"max_hp_gain":0,"max_hp_loss":0,"event_name":"Beggar","floor":31,"gold_loss":75},{"damage_healed":0,"gold_gain":0,"player_choice":"Ignored","damage_taken":0,"max_hp_gain":0,"max_hp_loss":0,"event_name":"OrinTheCat","floor":36,"gold_loss":0},{"damage_healed":0,"gold_gain":0,"player_choice":"Max HP","damage_taken":0,"max_hp_gain":0,"max_hp_loss":4,"event_name":"Winding Halls","floor":39,"gold_loss":0}],"is_beta":false,"boss_relics":[{"not_picked":["Snecko Eye","Fusion Hammer"],"picked":"Busted Crown"},{"not_picked":["SacredBark","Black Star"],"picked":"Black Blood"}],"items_purged_floors":[],"is_endless":false,"potions_floor_spawned":[3,4,6,11,14,18,19,37],"killed_by":"Sphere and 2 Shapes","ascension_level":0}}