{"host":"fdq5pmhluajjrf8d","time":1608076766,"event":{"mods":["BaseMod","Minty Spire (QoL Compilation)"],"gold_per_floor":[110,110,110,128,143,168,4,34,34,34,51,62,62,62,62,62,62],"floor_reached":16,"playtime":777,"items_purged":[],"score":215,"play_id":"0f454e0f-bb6e-4ce2-81b8-37d7f069d1fd","local_time":"20201215185926","is_ascension_mode":true,"campfire_choices":[{"floor":10,"key":"REST"},{"floor":15,"key":"REST"}],"circlet_count":0,"master_deck":["AscendersBane","Strike_B","Strike_B","Strike_B","Strike_B","Defend_B","Defend_B","Defend_B","Zap","Dualcast","Capacitor","Reboot","Ball Lightning","Redo","Multi-Cast","Glacier"],"relics":["Cracked Core","Vajra","Chemical X","StrikeDummy","Pen Nib"],"acts_visited":["Exordium"],"potions_floor_usage":[6,11],"damage_taken":[{"damage":4,"enemies":"2 Louse","floor":1,"turns":3},{"damage":2,"enemies":"Jaw Worm","floor":4,"turns":3},{"damage":8,"enemies":"Small Slimes","floor":5,"turns":3},{"damage":8,"enemies":"Gremlin Nob","floor":6,"turns":3},{"damage":25,"enemies":"Lagavulin","floor":8,"turns":6},{"damage":5,"enemies":"Gremlin Gang","floor":11,"turns":3},{"damage":33,"enemies":"Large Slime","floor":12,"turns":4},{"damage":40,"enemies":"Hexaghost","floor":16,"turns":13}],"seed_played":"-5457261014599819201","potions_obtained":[{"floor":1,"key":"FocusPotion"},{"floor":8,"key":"AttackPotion"}],"is_trial":false,"path_per_floor":["M","?","?","M","M","E","$","E","T","R","M","M","$","?","R","B"],"character_chosen":"DEFECT","items_purchased":["Chemical X"],"campfire_rested":2,"item_purchase_floors":[7],"current_hp_per_floor":[67,72,72,70,62,54,54,29,29,53,48,15,15,15,39,0,0],"gold":62,"neow_bonus":"TEN_PERCENT_HP_BONUS","is_daily":false,"chose_seed":false,"campfire_upgraded":0,"win_rate":0.0,"timestamp":1608076766,"path_taken":["M","?","?","M","M","E","$","E","T","R","M","M","?","?","R","BOSS"],"items_purchased_type":["Relic"],"build_version":"2020-12-13","purchased_purges":0,"victory":false,"max_hp_per_floor":[78,83,83,83,83,83,83,83,83,83,83,83,83,83,83,83,83],"card_choices":[{"not_picked":["Tempest","Turbo"],"picked":"Capacitor","floor":1},{"not_picked":["Rebound","Barrage"],"picked":"Ball Lightning","floor":4},{"not_picked":["Coolheaded","Cold Snap"],"picked":"Redo","floor":5},{"not_picked":["Turbo","Force Field","Reprogram"],"picked":"SKIP","floor":6},{"not_picked":["Turbo","Force Field","Reprogram"],"picked":"SKIP","floor":6},{"not_picked":["Streamline","Conserve Battery"],"picked":"Multi-Cast","floor":8},{"not_picked":["Cold Snap","Streamline","Compile Driver"],"picked":"SKIP","floor":11},{"not_picked":["Chill","Redo"],"picked":"Glacier","floor":12}],"player_experience":1861663,"relics_obtained":[{"floor":6,"key":"Vajra"},{"floor":8,"key":"StrikeDummy"},{"floor":9,"key":"Pen Nib"}],"event_choices":[{"damage_healed":0,"gold_gain":0,"player_choice":"Donut","damage_taken":0,"max_hp_gain":5,"max_hp_loss":0,"event_name":"Big Fish","floor":2,"gold_loss":0},{"damage_healed":0,"gold_gain":0,"cards_transformed":["Defend_B"],"player_choice":"Change","damage_taken":0,"max_hp_gain":0,"max_hp_loss":0,"event_name":"Living Wall","floor":3,"gold_loss":0,"cards_obtained":["Reboot"]},{"damage_healed":0,"gold_gain":0,"player_choice":"Searched \u00270\u0027 times","damage_taken":0,"max_hp_gain":0,"max_hp_loss":0,"event_name":"Dead Adventurer","floor":14,"gold_loss":0}],"is_beta":false,"boss_relics":[],"items_purged_floors":[],"is_endless":false,"potions_floor_spawned":[1,8],"killed_by":"Hexaghost","ascension_level":19}}