{"host":"4nqeo0vu1vuav7gg","time":1608060313,"event":{"mods":["AchievementEnabler","BaseMod","Block Reminder","Colored Map","Colored Powertips","Highlight Path","Minty Spire (QoL Compilation)","Quick Restart","Rare Cards Sparkle","Relic Relevance Reorder","StSLib"],"gold_per_floor":[116,116,116,10,29,62,8,47,47,47,67,102,34,69,81,222,234,266,278,303,315,351,397,409,454,492,542,554,566,578,615,627,768,780,808,820,604,625,650,650,689,689,689,729,56,56,56,100,100,100],"floor_reached":51,"playtime":3111,"items_purged":["Defend_B","Defend_B"],"score":1423,"play_id":"2c6d1cac-7785-4fd1-a9a4-4be2b6ab19c6","local_time":"20201215202513","is_ascension_mode":true,"campfire_choices":[{"floor":15.0,"key":"REST"},{"floor":24.0,"key":"REST"},{"floor":30,"key":"REST"},{"data":"Capacitor","floor":32,"key":"SMITH"},{"data":"Zap","floor":40,"key":"SMITH"},{"data":"Loop","floor":42,"key":"SMITH"},{"data":"Static Discharge","floor":47,"key":"SMITH"},{"data":"Buffer","floor":49,"key":"SMITH"}],"circlet_count":0,"master_deck":["AscendersBane","Strike_B+1","Defend_B","Defend_B","Zap+1","Dualcast","Genetic Algorithm+1","Capacitor+1","Double Energy+1","Self Repair","Electrodynamics","Ball Lightning+1","Glacier","Hologram+1","Conserve Battery+1","Genetic Algorithm+1","White Noise+1","Fission+1","Loop+1","Barrage+1","Fission+1","Darkness+1","Redo+1","Meteor Strike+1","Machine Learning+1","Barrage+1","Ball Lightning+1","Consume+1","Turbo+1","Static Discharge+1","Fusion+1","Master of Strategy+1","Compile Driver+1","Buffer+1"],"relics":["Cracked Core","Ornamental Fan","Shuriken","Pen Nib","Torii","Gremlin Horn","StoneCalendar","Unceasing Top","Runic Capacitor","Orichalcum","Happy Flower","NeowsBlessing","Thread and Needle","PreservedInsect","Gambling Chip","Bag of Preparation","Symbiotic Virus","Black Star","Question Card","Toxic Egg 2","Molten Egg 2","MawBank","Golden Idol","Strawberry","Whetstone","Astrolabe","War Paint","Pear","Boot"],"acts_visited":["Exordium","TheCity","TheBeyond"],"potions_floor_usage":[25,33,41,50],"damage_taken":[{"damage":0.0,"enemies":"Small Slimes","floor":1.0,"turns":1.0},{"damage":0.0,"enemies":"2 Louse","floor":5.0,"turns":1.0},{"damage":0.0,"enemies":"3 Sentries","floor":6.0,"turns":1.0},{"damage":36.0,"enemies":"Gremlin Nob","floor":8.0,"turns":5.0},{"damage":5.0,"enemies":"Jaw Worm","floor":11.0,"turns":4.0},{"damage":24.0,"enemies":"Lagavulin","floor":12.0,"turns":9.0},{"damage":7.0,"enemies":"3 Sentries","floor":14.0,"turns":6.0},{"damage":22.0,"enemies":"Slime Boss","floor":16.0,"turns":8.0},{"damage":0.0,"enemies":"Spheric Guardian","floor":18.0,"turns":3.0},{"damage":7.0,"enemies":"Chosen","floor":20.0,"turns":6.0},{"damage":39.0,"enemies":"Shelled Parasite and Fungi","floor":22.0,"turns":11.0},{"damage":30.0,"enemies":"Book of Stabbing","floor":23.0,"turns":6.0},{"damage":14,"enemies":"Slavers","floor":25,"turns":6},{"damage":0,"enemies":"Gremlin Leader","floor":27,"turns":5},{"damage":6,"enemies":"3 Cultists","floor":31,"turns":4},{"damage":2,"enemies":"Automaton","floor":33,"turns":7},{"damage":8,"enemies":"3 Darklings","floor":35,"turns":6},{"damage":10,"enemies":"Orb Walker","floor":38,"turns":5},{"damage":3,"enemies":"Jaw Worm Horde","floor":39,"turns":4},{"damage":16,"enemies":"Nemesis","floor":41,"turns":7},{"damage":18,"enemies":"Reptomancer","floor":44,"turns":6},{"damage":0,"enemies":"Nemesis","floor":48,"turns":3},{"damage":13,"enemies":"Donu and Deca","floor":50,"turns":4}],"seed_played":"-7214738529883823033","potions_obtained":[{"floor":5.0,"key":"Weak Potion"},{"floor":8.0,"key":"PowerPotion"},{"floor":11.0,"key":"PowerPotion"},{"floor":16.0,"key":"Swift Potion"},{"floor":20.0,"key":"Energy Potion"},{"floor":23.0,"key":"PowerPotion"},{"floor":25,"key":"EssenceOfDarkness"},{"floor":35,"key":"GamblersBrew"},{"floor":41,"key":"EssenceOfDarkness"}],"is_trial":false,"path_per_floor":["M","?","?","$","M","E","$","E","T","?","M","E","$","E","R","B",null,"M","?","M","T","M","E","R","E","T","E","T","?","R","M","R","B",null,"M","?","$","M","M","R","E","R","T","E","$","T","R","E","R","B",null],"character_chosen":"DEFECT","items_purchased":["Capacitor","Double Energy","Ball Lightning","Genetic Algorithm+1","Runic Capacitor","Symbiotic Virus","Static Discharge","Fusion+1","Master of Strategy+1","Compile Driver+1"],"campfire_rested":3,"item_purchase_floors":[4,4,7,13,37,45,45,45,45,45],"current_hp_per_floor":[68,68,68,68,68,68,68,46,46,30,32,15,15,15,39,17,66,66,66,66,66,34,11,35,28,28,35,35,35,59,60,60,65,78,77,77,77,74,78,78,69,69,79,68,68,68,68,68,68,62],"gold":100,"neow_bonus":"THREE_ENEMY_KILL","is_daily":false,"chose_seed":false,"campfire_upgraded":5,"win_rate":0.0,"timestamp":1608060313,"path_taken":["M","?","?","$","M","E","$","E","T","?","?","E","$","E","R","BOSS","M","?","?","?","M","E","R","E","T","E","?","?","R","?","R","BOSS","M","?","$","M","?","R","E","R","T","E","$","?","R","E","R","BOSS"],"items_purchased_type":["Card","Card","Card","Card","Relic","Relic","Card","Card","Card","Card"],"build_version":"2020-12-13","purchased_purges":2,"victory":true,"max_hp_per_floor":[75,75,75,75,75,75,75,82,82,82,82,82,82,82,82,82,82,82,82,82,82,82,82,82,82,82,82,82,82,82,82,82,82,82,82,82,82,82,82,82,82,82,92,92,92,92,92,92,92,92],"card_choices":[{"not_picked":["Gash","Ball Lightning"],"picked":"Genetic Algorithm","floor":1.0},{"not_picked":["Streamline","Cold Snap"],"picked":"Self Repair","floor":5.0},{"not_picked":["Gash","Cold Snap"],"picked":"Electrodynamics","floor":6.0},{"not_picked":["Gash","Heatsinks"],"picked":"Glacier","floor":8.0},{"not_picked":["Scrape","Redo"],"picked":"Hologram","floor":11.0},{"not_picked":["Recycle+1","Steam+1"],"picked":"Conserve Battery+1","floor":12.0},{"not_picked":["Barrage","Compile Driver"],"picked":"White Noise+1","floor":14.0},{"not_picked":["Hyperbeam","Creative AI"],"picked":"Fission+1","floor":16.0},{"not_picked":["Streamline","Beam Cell+1","Hologram+1"],"picked":"SKIP","floor":18.0},{"not_picked":["Go for the Eyes","Redo+1"],"picked":"Loop","floor":20.0},{"not_picked":["Stack+1","Steam+1"],"picked":"Barrage+1","floor":22.0},{"not_picked":["Tempest+1","Fusion+1"],"picked":"Fission+1","floor":23.0},{"not_picked":["Rebound+1","Sweeping Beam+1","Compile Driver+1"],"picked":"SKIP","floor":25},{"not_picked":["Double Energy+1","Hello World+1","Aggregate+1"],"picked":"Darkness+1","floor":27},{"not_picked":["Cold Snap+1","Rebound+1","Fission+1"],"picked":"Redo+1","floor":31},{"not_picked":["Machine Learning","Reboot+1","Biased Cognition"],"picked":"Meteor Strike+1","floor":33},{"not_picked":["Hologram+1","Stack+1","Reprogram+1","Undo+1"],"picked":"SKIP","floor":35},{"not_picked":["Gash+1","Redo+1","Hello World"],"picked":"Ball Lightning+1","floor":38},{"not_picked":["Turbo+1","Redo+1","Streamline+1"],"picked":"Consume+1","floor":39},{"not_picked":["Redo+1","Meteor Strike+1","Barrage+1","Stack+1"],"picked":"SKIP","floor":41},{"not_picked":["Leap+1","Rebound+1","Streamline+1"],"picked":"Turbo+1","floor":44},{"not_picked":["Compile Driver+1","Fission+1","Hologram+1"],"picked":"Buffer","floor":48}],"player_experience":940404,"relics_obtained":[{"floor":6.0,"key":"Gambling Chip"},{"floor":8.0,"key":"Strawberry"},{"floor":9.0,"key":"Ornamental Fan"},{"floor":12.0,"key":"Toxic Egg 2"},{"floor":14.0,"key":"MawBank"},{"floor":21.0,"key":"Shuriken"},{"floor":23.0,"key":"StoneCalendar"},{"floor":23.0,"key":"Thread and Needle"},{"floor":25,"key":"Question Card"},{"floor":25,"key":"Molten Egg 2"},{"floor":26,"key":"PreservedInsect"},{"floor":27,"key":"Bag of Preparation"},{"floor":27,"key":"Whetstone"},{"floor":28,"key":"Unceasing Top"},{"floor":41,"key":"Orichalcum"},{"floor":41,"key":"War Paint"},{"floor":43,"key":"Pear"},{"floor":44,"key":"Boot"},{"floor":44,"key":"Happy Flower"},{"floor":46,"key":"Gremlin Horn"},{"floor":48,"key":"Pen Nib"},{"floor":48,"key":"Torii"}],"event_choices":[{"damage_healed":0.0,"max_hp_gain":0.0,"max_hp_loss":0.0,"gold_gain":0.0,"event_name":"Golden Idol","player_choice":"Take Wound","floor":2.0,"gold_loss":0.0,"damage_taken":0.0,"relics_obtained":["Golden Idol"],"cards_obtained":["Injury"]},{"cards_removed":["Injury"],"damage_healed":0.0,"max_hp_gain":0.0,"max_hp_loss":0.0,"gold_gain":0.0,"event_name":"Living Wall","player_choice":"Forget","floor":3.0,"gold_loss":0.0,"damage_taken":0.0},{"damage_healed":0.0,"max_hp_gain":0.0,"max_hp_loss":0.0,"gold_gain":0.0,"event_name":"Shining Light","player_choice":"Entered Light","floor":10.0,"gold_loss":0.0,"damage_taken":16.0,"cards_upgraded":["Strike_B","Strike_B"]},{"damage_healed":0.0,"max_hp_gain":0.0,"max_hp_loss":0.0,"gold_gain":0.0,"event_name":"Upgrade Shrine","player_choice":"Upgraded","floor":19.0,"gold_loss":0.0,"damage_taken":0.0,"cards_upgraded":["Double Energy"]},{"damage_healed":0,"gold_gain":0,"player_choice":"Bought 0 Potions","damage_taken":0,"max_hp_gain":0,"max_hp_loss":0,"event_name":"The Woman in Blue","floor":29,"gold_loss":0},{"cards_removed":["Hologram"],"damage_healed":0,"gold_gain":0,"player_choice":"Purged","damage_taken":0,"max_hp_gain":0,"max_hp_loss":0,"event_name":"Purifier","floor":36,"gold_loss":0}],"is_beta":false,"boss_relics":[{"not_picked":["Runic Dome","Nuclear Battery"],"picked":"Black Star"},{"not_picked":["Busted Crown","Fusion Hammer"],"picked":"Astrolabe"}],"items_purged_floors":[37,45],"is_endless":false,"potions_floor_spawned":[5,8,11,16,20,23,25,35,41],"ascension_level":10}}