{"host":"yecadp3kwkksam5a","time":1608007643,"event":{"mods":["BaseMod","Minty Spire (QoL Compilation)","Replay The Spire","StSLib","The Cursed"],"gold_per_floor":[119,119,137,147,166,166,166,166,179,209,209,209,237,252,262,276,276,374,374,391,409,426,51,67,396,396,424,449,449,502,517,517,33,33,136,136,156,167,167,167,42,42,74,84,84,84,101,101,111,138,138,138,138,138,14,41,41,41],"floor_reached":57,"playtime":3556,"items_purged":["TheCursedMod:Defend_TheCursed","TheCursedMod:Defend_TheCursed","TheCursedMod:Strike_TheCursed"],"score":828,"play_id":"d00eb249-98cb-4319-addf-e43ea1d555f9","local_time":"20201215134723","is_ascension_mode":true,"campfire_choices":[{"data":"TheCursedMod:TacticalStrike","floor":8.0,"key":"SMITH"},{"floor":12.0,"key":"REST"},{"data":"TheCursedMod:WearCloak","floor":17.0,"key":"SMITH"},{"data":"TheCursedMod:SpitefulPlan","floor":17.0,"key":"SMITH"},{"floor":26.0,"key":"REST"},{"floor":32.0,"key":"REST"},{"data":"TheCursedMod:CollectTribute","floor":34.0,"key":"SMITH"},{"data":"TheCursedMod:CleanUpWorkshop","floor":34.0,"key":"SMITH"},{"data":"Madness","floor":42,"key":"SMITH"},{"data":"TheCursedMod:VoidForm","floor":42,"key":"SMITH"},{"floor":46,"key":"RECALL"},{"floor":51,"key":"REST"},{"data":"TheCursedMod:AbyssShockwave","floor":54,"key":"SMITH"},{"data":"TheCursedMod:CursedSpellbook","floor":54,"key":"SMITH"}],"circlet_count":0,"master_deck":["TheCursedMod:Defend_TheCursed","TheCursedMod:CursedWand","TheCursedMod:CleanUpWorkshop+1","TheCursedMod:Dregs","Dramatic Entrance","TheCursedMod:Stigma","TheCursedMod:TacticalStrike+1","TheCursedMod:Stigma","TheCursedMod:CursedBlade","TheCursedMod:VoidForm+1","TheCursedMod:AbyssShockwave+1","TheCursedMod:SpitefulPlan+1","TheCursedMod:SpitefulStrike","TheCursedMod:WearCloak+1","TheCursedMod:CollectTribute+1","TheCursedMod:CursedArmor+1","TheCursedMod:CursedStaff+1","TheCursedMod:SpreadPlague+1","TheCursedMod:WearCloak+1","TheCursedMod:ManaBullet","TheCursedMod:WearCloak","TheCursedMod:VoidForm","TheCursedMod:SpitefulPray","TheCursedMod:Obscuration+1","TheCursedMod:CursedAmulet","ReplayTheSpireMod:Splinters","TheCursedMod:ReleasedStrength+1","TheCursedMod:Stretching","TheCursedMod:SpitefulPray","TheCursedMod:ShockAndAwe","Bandage Up","TheCursedMod:SmokeScreen","TheCursedMod:DemonSword","TheCursedMod:Obscuration","TheCursedMod:ManaBullet","Purity","Madness+1","Dark Shackles","TheCursedMod:CursedBoomerang+1","TheCursedMod:Grudge+1","TheCursedMod:CursedSpellbook+1","Writhe","TheCursedMod:CursedAmulet","TheCursedMod:LuckyCharm","TheCursedMod:LuckyCharm","TheCursedMod:ReleasedStrength"],"relics":["TheCursedMod:BlackMagic101","Replay:Arrowhead","Gambling Chip","Question Card","Astrolabe","Happy Flower","DollysMirror","Old Coin","Incense Burner","Strawberry","Orichalcum","BargainBundle","Mirror","TheCursedMod:OminousMark","ReplayFunnel","ReplayTheSpireMod:TigerMarble","Replay:Wax Seal"],"acts_visited":["Exordium","TheCity","TheBeyond","TheEnding"],"potions_floor_usage":[50,57,57],"damage_taken":[{"damage":2.0,"enemies":"Small Slimes","floor":1.0,"turns":3.0},{"damage":0.0,"enemies":"Cultist","floor":3.0,"turns":3.0},{"damage":1.0,"enemies":"Jaw Worm","floor":4.0,"turns":3.0},{"damage":17.0,"enemies":"Exordium Thugs","floor":5.0,"turns":4.0},{"damage":3.0,"enemies":"Exordium Wildlife","floor":9.0,"turns":4.0},{"damage":28.0,"enemies":"Lagavulin","floor":10.0,"turns":7.0},{"damage":15.0,"enemies":"Replay:BlueRogue","floor":13.0,"turns":4.0},{"damage":10.0,"enemies":"Red Slaver","floor":14.0,"turns":3.0},{"damage":0.0,"enemies":"2 Fungi Beasts","floor":15.0,"turns":2.0},{"damage":0.0,"enemies":"3 Louse","floor":16.0,"turns":1.0},{"damage":11.0,"enemies":"Hexaghost","floor":18.0,"turns":9.0},{"damage":15.0,"enemies":"2 Thieves","floor":20.0,"turns":2.0},{"damage":24.0,"enemies":"Shell Parasite","floor":21.0,"turns":4.0},{"damage":8.0,"enemies":"Centurion and Healer","floor":22.0,"turns":4.0},{"damage":4.0,"enemies":"Snecko","floor":24.0,"turns":5.0},{"damage":15.0,"enemies":"Gremlin Leader","floor":25.0,"turns":6.0},{"damage":25.0,"enemies":"Replay:Snechameleon","floor":27.0,"turns":4.0},{"damage":3.0,"enemies":"Cultist and Chosen","floor":31.0,"turns":5.0},{"damage":35.0,"enemies":"Collector","floor":35.0,"turns":6.0},{"damage":11.0,"enemies":"3 Shapes","floor":37.0,"turns":5.0},{"damage":2.0,"enemies":"3 Darklings","floor":38.0,"turns":5.0},{"damage":3,"enemies":"Nemesis","floor":43,"turns":5},{"damage":16,"enemies":"Writhing Mass","floor":44,"turns":4},{"damage":5,"enemies":"Spire Growth","floor":47,"turns":4},{"damage":12,"enemies":"3 Darklings","floor":49,"turns":5},{"damage":50,"enemies":"Reptomancer","floor":50,"turns":5},{"damage":9,"enemies":"Time Eater","floor":52,"turns":5},{"damage":39,"enemies":"Shield and Spear","floor":56,"turns":6},{"damage":52,"enemies":"The Heart","floor":57,"turns":6}],"seed_played":"1161427680196990973","potions_obtained":[{"floor":4.0,"key":"SteroidPotion"},{"floor":14.0,"key":"ColorlessPotion"},{"floor":16.0,"key":"ColorlessPotion"},{"floor":24.0,"key":"SmokeBomb"},{"floor":25.0,"key":"SpeedPotion"},{"floor":30.0,"key":"DuplicationPotion"},{"floor":49,"key":"Flashbang"}],"is_trial":false,"path_per_floor":["M","?","M","M","M","PTL","PTL","R","M","E","T","R","E","M","M","M","R","B",null,"M","M","M","$","M","E","R","E","T","?","?","M","R","$","R","B",null,"M","M","?","?","$","R","E","M","T","R","M","?","M","E","R","B",null,"R","$","E","B"],"character_chosen":"THE_CURSED","items_purchased":["Happy Flower","DollysMirror","BargainBundle","TheCursedMod:ShockAndAwe","Bandage Up","TheCursedMod:SmokeScreen","Mirror","TheCursedMod:LuckyCharm","TheCursedMod:ReleasedStrength"],"campfire_rested":4,"item_purchase_floors":[23,23,33,33,33,33,33,55,55],"current_hp_per_floor":[73,73,73,72,55,55,55,55,52,24,24,46,31,21,21,21,21,10,75,60,36,28,28,24,9,31,6,13,13,13,10,34,34,34,3,82,75,77,67,67,67,67,64,48,48,48,43,64,56,6,30,21,82,82,82,47,0,0],"gold":41,"neow_bonus":"RANDOM_COLORLESS","is_daily":false,"chose_seed":false,"campfire_upgraded":9,"win_rate":0.0,"timestamp":1608007643,"path_taken":["M","?","M","M","M","PTL","PTL","R","?","E","T","R","E","M","M","M","R","BOSS","M","M","M","$","M","E","R","E","T","?","?","M","R","?","R","BOSS","M","M","?","?","$","R","E","M","T","R","M","?","M","E","R","BOSS","R","$","E","BOSS"],"items_purchased_type":["Relic","Relic","Relic","Card","Card","Card","Relic","Card","Card"],"build_version":"2020-12-13","purchased_purges":3,"victory":false,"max_hp_per_floor":[75,75,75,75,75,75,75,75,75,75,75,75,75,75,75,75,75,75,75,75,75,75,75,75,75,75,75,82,82,82,82,82,82,82,82,82,82,82,82,82,82,82,82,82,82,82,82,82,82,82,82,82,82,82,82,82,82,82],"card_choices":[{"not_picked":["Trip","Discovery"],"picked":"Dramatic Entrance","floor":0.0},{"not_picked":["TheCursedMod:Wield","TheCursedMod:CursedBlade"],"picked":"TheCursedMod:Stigma","floor":1.0},{"not_picked":["TheCursedMod:AshesToAshes","TheCursedMod:Stretching"],"picked":"TheCursedMod:TacticalStrike","floor":3.0},{"not_picked":["TheCursedMod:Stretching","TheCursedMod:BloodBarrier","TheCursedMod:CursedStaff"],"picked":"SKIP","floor":4.0},{"not_picked":["TheCursedMod:SurpriseAttack","TheCursedMod:FleshFromBone"],"picked":"TheCursedMod:Stigma","floor":5.0},{"not_picked":["TheCursedMod:FleshFromBone","TheCursedMod:Wield"],"picked":"TheCursedMod:CursedBlade","floor":9.0},{"not_picked":["TheCursedMod:EmpowerCircles","TheCursedMod:Obscuration"],"picked":"TheCursedMod:VoidForm","floor":10.0},{"not_picked":["TheCursedMod:RavingStaff","TheCursedMod:Stigma"],"picked":"TheCursedMod:AbyssShockwave","floor":13.0},{"not_picked":["TheCursedMod:SurpriseAttack","TheCursedMod:RapidMovement","TheCursedMod:Torture"],"picked":"TheCursedMod:SpitefulPlan","floor":14.0},{"not_picked":["TheCursedMod:VitalStrike","TheCursedMod:SmokeScreen","TheCursedMod:CursedArmor"],"picked":"TheCursedMod:SpitefulStrike","floor":15.0},{"not_picked":["TheCursedMod:CursedMace","TheCursedMod:TroublousMinions","TheCursedMod:Grudge"],"picked":"TheCursedMod:WearCloak","floor":16.0},{"not_picked":["TheCursedMod:UltimatePain","TheCursedMod:OutForBlood","TheCursedMod:ShockAndAwe"],"picked":"TheCursedMod:CollectTribute","floor":18.0},{"not_picked":["TheCursedMod:RavingStaff","TheCursedMod:CursedBlade","TheCursedMod:Torture"],"picked":"TheCursedMod:WearCloak+1","floor":20.0},{"not_picked":["TheCursedMod:CircleOfFlame","TheCursedMod:HellsGateOpen","TheCursedMod:TroublousMinions"],"picked":"TheCursedMod:ManaBullet","floor":21.0},{"not_picked":["TheCursedMod:Wield","TheCursedMod:Stretching","TheCursedMod:PrepareRite"],"picked":"TheCursedMod:WearCloak","floor":22.0},{"not_picked":["TheCursedMod:SpreadPlague","TheCursedMod:VoidForm","TheCursedMod:VitalStrike"],"picked":"TheCursedMod:SpitefulPray","floor":24.0},{"not_picked":["TheCursedMod:ReleasedStrength","TheCursedMod:SpitefulStrike","TheCursedMod:VoidForm"],"picked":"TheCursedMod:Obscuration+1","floor":25.0},{"not_picked":["TheCursedMod:CircleOfFlame+1","TheCursedMod:Stigma","TheCursedMod:CircleOfCorruption+1"],"picked":"TheCursedMod:CursedAmulet","floor":27.0},{"not_picked":["TheCursedMod:CircleOfCorruption","TheCursedMod:RavingStaff","TheCursedMod:Stigma"],"picked":"TheCursedMod:ReleasedStrength+1","floor":30.0},{"not_picked":["TheCursedMod:TacticalStrike","TheCursedMod:SpitefulPlan+1","TheCursedMod:DoubleShield"],"picked":"TheCursedMod:Stretching","floor":30.0},{"not_picked":["TheCursedMod:CircleOfFocus+1","TheCursedMod:TroublousMinions","TheCursedMod:BloodBarrier"],"picked":"TheCursedMod:SpitefulPray","floor":31.0},{"not_picked":["TheCursedMod:ManaCirculation","TheCursedMod:StunningStrike","TheCursedMod:Neurasthenia"],"picked":"TheCursedMod:DemonSword","floor":35.0},{"not_picked":["TheCursedMod:VitalStrike","TheCursedMod:Mangle","TheCursedMod:CursedShiv"],"picked":"TheCursedMod:Obscuration","floor":37.0},{"not_picked":["TheCursedMod:VitalStrike+1","TheCursedMod:CircleOfCorruption","TheCursedMod:TroublousMinions"],"picked":"TheCursedMod:ManaBullet","floor":38.0},{"not_picked":["Replay:Parry","Forethought","ReplayTheSpireMod:Private Reserves"],"picked":"Purity","floor":39.0},{"not_picked":["PanicButton","Metamorphosis","Mayhem"],"picked":"Madness","floor":39.0},{"not_picked":["Mind Blast","Discovery","Jack Of All Trades"],"picked":"Dark Shackles","floor":39.0},{"not_picked":["TheCursedMod:CursedShiv","TheCursedMod:AshesToAshes+1","TheCursedMod:Wield+1"],"picked":"TheCursedMod:CursedBoomerang+1","floor":43},{"not_picked":["TheCursedMod:DoubleShield","TheCursedMod:CursedStaff+1","TheCursedMod:TacticalStrike"],"picked":"TheCursedMod:Grudge+1","floor":44},{"not_picked":["TheCursedMod:TacticalStrike","TheCursedMod:SurpriseAttack","TheCursedMod:CircleOfFlame"],"picked":"TheCursedMod:CursedSpellbook","floor":47},{"not_picked":["TheCursedMod:Neurasthenia","TheCursedMod:AshesToAshes+1","TheCursedMod:Torture+1"],"picked":"TheCursedMod:CursedAmulet","floor":49},{"not_picked":["TheCursedMod:CircleOfBlood","TheCursedMod:VitalStrike+1","TheCursedMod:StingEye+1","TheCursedMod:CircleOfWindfury"],"picked":"SKIP","floor":50},{"not_picked":["TheCursedMod:CursedMace","TheCursedMod:CursedShiv","TheCursedMod:Wield+1","TheCursedMod:CircleOfWindfury"],"picked":"SKIP","floor":56}],"player_experience":188506,"relics_obtained":[{"floor":10.0,"key":"Replay:Arrowhead"},{"floor":11.0,"key":"Gambling Chip"},{"floor":13.0,"key":"Question Card"},{"floor":25.0,"key":"Old Coin"},{"floor":27.0,"key":"Incense Burner"},{"floor":28.0,"key":"Strawberry"},{"floor":30.0,"key":"Orichalcum"},{"floor":43,"key":"ReplayFunnel"},{"floor":50,"key":"ReplayTheSpireMod:TigerMarble"},{"floor":56,"key":"Replay:Wax Seal"}],"event_choices":[{"cards_removed":["TheCursedMod:Strike_TheCursed"],"damage_healed":0.0,"max_hp_gain":0.0,"max_hp_loss":0.0,"gold_gain":0.0,"event_name":"Bonfire Elementals","player_choice":"Offered Basic","floor":2.0,"gold_loss":0.0,"damage_taken":0.0},{"damage_healed":0.0,"max_hp_gain":0.0,"max_hp_loss":0.0,"gold_gain":0.0,"event_name":"Vampires","player_choice":"Ignored","floor":29.0,"gold_loss":0.0,"damage_taken":0.0},{"damage_healed":0.0,"max_hp_gain":0.0,"max_hp_loss":0.0,"gold_gain":0.0,"event_name":"SensoryStone","player_choice":"Memory 3","floor":39.0,"gold_loss":0.0,"damage_taken":10.0},{"damage_healed":0,"gold_gain":0,"player_choice":"Ignored","damage_taken":0,"max_hp_gain":0,"max_hp_loss":0,"event_name":"Mysterious Sphere","floor":40,"gold_loss":0},{"damage_healed":21,"gold_gain":0,"player_choice":"Writhe","damage_taken":0,"max_hp_gain":0,"max_hp_loss":0,"event_name":"Winding Halls","floor":48,"gold_loss":0,"cards_obtained":["Writhe"]}],"is_beta":false,"boss_relics":[{"not_picked":["Kintsugi","ChewingGum"],"picked":"Astrolabe"},{"not_picked":["Velvet Choker","Replay:Bronze Core"],"picked":"TheCursedMod:OminousMark"}],"items_purged_floors":[23,33,41],"is_endless":false,"potions_floor_spawned":[4,14,16,18,20,24,25,31,38,44,49],"killed_by":"The Heart","ascension_level":1}}