{"host":"naykp6d9ulahlwib","time":1608010305,"event":{"mods":["BaseMod","Highlight Path","Minty Spire (QoL Compilation)","StSLib"],"gold_per_floor":[18,18,33,33,49,79,79,112,112,112,112,187,187,62,62,161,161,173,26,44,44,44,44,79,91,91,116,116,126,126,160,160,261,261,276,290,300,300,49,49,49,49,72,122,136,149,1,1,1,1],"floor_reached":51,"playtime":6663,"items_purged":["Defend_B","Parasite"],"score":988,"play_id":"9f58965b-f6bd-4781-a7a8-c9270da2eb57","local_time":"20201214233145","is_ascension_mode":true,"campfire_choices":[{"floor":7.0,"key":"REST"},{"floor":11.0,"key":"REST"},{"floor":13.0,"key":"REST"},{"data":"Reinforced Body","floor":15.0,"key":"SMITH"},{"floor":23.0,"key":"REST"},{"floor":28.0,"key":"REST"},{"floor":32.0,"key":"REST"},{"floor":40,"key":"REST"},{"floor":42,"key":"REST"},{"floor":49,"key":"RECALL"}],"circlet_count":0,"master_deck":["Strike_B","Defend_B","Defend_B","Zap","Dualcast","Reinforced Body+1","Gash","Rebound","All For One","Conserve Battery+1","Gash+1","Seek+1","Leap+1","Go for the Eyes+1","Sweeping Beam+1","Scrape+1","Skim+1","Chaos+1","Tempest+1","Gash+1","Seek+1","Gash+1","Violence+1","Finesse+1","Flash of Steel+1","Gash+1","Beam Cell+1"],"relics":["FrozenCore","Toxic Egg 2","Question Card","Molten Egg 2","Fusion Hammer","Smiling Mask","Sundial","Red Mask","Calipers","Bottled Lightning","Nunchaku","Turnip","Strange Spoon"],"acts_visited":["Exordium","TheCity","TheBeyond"],"potions_floor_usage":[36,50,50,50],"damage_taken":[{"damage":0.0,"enemies":"Small Slimes","floor":1.0,"turns":4.0},{"damage":4.0,"enemies":"Cultist","floor":3.0,"turns":4.0},{"damage":4.0,"enemies":"2 Louse","floor":5.0,"turns":3.0},{"damage":58.0,"enemies":"Gremlin Nob","floor":6.0,"turns":6.0},{"damage":27.0,"enemies":"Lagavulin","floor":8.0,"turns":8.0},{"damage":41.0,"enemies":"Slime Boss","floor":16.0,"turns":11.0},{"damage":3.0,"enemies":"Chosen","floor":18.0,"turns":5.0},{"damage":0.0,"enemies":"3 Byrds","floor":20.0,"turns":6.0},{"damage":33.0,"enemies":"Gremlin Leader","floor":24.0,"turns":6.0},{"damage":12.0,"enemies":"Sentry and Sphere","floor":25.0,"turns":4.0},{"damage":0.0,"enemies":"Masked Bandits","floor":27.0,"turns":2.0},{"damage":7.0,"enemies":"Centurion and Healer","floor":29.0,"turns":4.0},{"damage":10.0,"enemies":"Slavers","floor":31.0,"turns":4.0},{"damage":30.0,"enemies":"Collector","floor":33.0,"turns":7.0},{"damage":0.0,"enemies":"3 Shapes","floor":35.0,"turns":5.0},{"damage":6,"enemies":"3 Darklings","floor":36,"turns":5},{"damage":1,"enemies":"Spire Growth","floor":37,"turns":4},{"damage":0,"enemies":"Mind Bloom Boss Battle","floor":44,"turns":4},{"damage":0,"enemies":"Jaw Worm Horde","floor":45,"turns":3},{"damage":0,"enemies":"4 Shapes","floor":46,"turns":1},{"damage":7,"enemies":"Awakened One","floor":50,"turns":5}],"seed_played":"8679398007782346162","potions_obtained":[{"floor":3.0,"key":"SteroidPotion"},{"floor":8.0,"key":"FocusPotion"},{"floor":18.0,"key":"Strength Potion"},{"floor":31.0,"key":"AttackPotion"},{"floor":33.0,"key":"AttackPotion"},{"floor":35.0,"key":"EssenceOfDarkness"},{"floor":37,"key":"DistilledChaos"}],"is_trial":false,"path_per_floor":["M","?","M","$","M","E","R","E","T","?","R","?","R","$","R","B",null,"M","$","M","?","?","R","E","M","T","?","R","M","?","E","R","B",null,"M","M","M","?","$","R","?","R","T","?","M","M","$","?","R","B",null],"character_chosen":"DEFECT","items_purchased":["Gash+1","Go for the Eyes+1","Bottled Lightning","Strange Spoon"],"campfire_rested":8,"item_purchase_floors":[14,19,39,47],"current_hp_per_floor":[68,75,71,71,67,9,31,4,4,22,44,33,55,55,55,14,60,57,57,57,57,57,72,39,27,27,27,48,41,41,31,52,22,60,60,54,53,43,43,64,64,72,72,72,72,72,72,68,68,61],"gold":1,"neow_bonus":"REMOVE_TWO","is_daily":false,"chose_seed":false,"campfire_upgraded":1,"win_rate":0.0,"timestamp":1608010305,"path_taken":["M","?","M","?","M","E","R","E","T","?","R","?","R","$","R","BOSS","M","$","M","?","?","R","E","M","T","?","R","M","?","E","R","BOSS","M","M","M","?","$","R","?","R","T","?","M","?","$","?","R","BOSS"],"items_purchased_type":["Card","Card","Relic","Relic"],"build_version":"2020-12-13","purchased_purges":2,"victory":true,"max_hp_per_floor":[75,75,75,75,75,75,75,75,75,75,75,75,75,75,75,75,75,75,72,72,72,72,72,72,72,72,72,72,72,72,72,72,72,72,72,72,72,72,72,72,72,72,72,72,72,72,72,68,68,68],"card_choices":[{"not_picked":["Ball Lightning","Sweeping Beam"],"picked":"Reinforced Body","floor":1.0},{"not_picked":["Leap","Barrage"],"picked":"Gash","floor":3.0},{"not_picked":["Cold Snap","Rip and Tear"],"picked":"Rebound","floor":5.0},{"not_picked":["Beam Cell","Aggregate+1"],"picked":"All For One","floor":6.0},{"not_picked":["Rebound","Ball Lightning"],"picked":"Conserve Battery+1","floor":8.0},{"not_picked":["Meteor Strike+1","Rainbow+1","Biased Cognition"],"picked":"Seek+1","floor":16.0},{"not_picked":["Aggregate+1","Storm","Chill+1"],"picked":"Leap+1","floor":18.0},{"not_picked":["Redo+1","Tempest+1","Sunder+1"],"picked":"Sweeping Beam+1","floor":20.0},{"not_picked":["Cold Snap+1","Conserve Battery+1","Lockon+1","Stack+1"],"picked":"SKIP","floor":24.0},{"not_picked":["White Noise+1","Hologram+1","Glacier+1"],"picked":"Skim+1","floor":25.0},{"not_picked":["White Noise+1","Amplify+1","Hologram+1"],"picked":"Chaos+1","floor":27.0},{"not_picked":["Barrage+1","Sweeping Beam+1","Defragment","Compile Driver+1"],"picked":"SKIP","floor":29.0},{"not_picked":["Compile Driver+1","Stack+1","Coolheaded+1"],"picked":"Gash+1","floor":31.0},{"not_picked":["Reboot+1","Buffer","Hyperbeam+1"],"picked":"Seek+1","floor":33.0},{"not_picked":["Leap+1","Streamline+1","Force Field+1","Ball Lightning+1"],"picked":"SKIP","floor":35.0},{"not_picked":["Fusion+1","Redo+1","Tempest+1","Cold Snap+1"],"picked":"SKIP","floor":36},{"not_picked":["Thunder Strike+1","Stack+1","Leap+1"],"picked":"Gash+1","floor":37},{"not_picked":["Mayhem","PanicButton+1","Secret Weapon+1"],"picked":"Violence+1","floor":38},{"not_picked":["Sadistic Nature","Metamorphosis+1","Enlightenment+1"],"picked":"Finesse+1","floor":38},{"not_picked":["Transmutation+1","Violence+1","Impatience+1"],"picked":"Flash of Steel+1","floor":38},{"not_picked":["Cold Snap+1","Consume+1","Turbo+1"],"picked":"Gash+1","floor":44},{"not_picked":["Double Energy+1","Reprogram+1","Glacier+1"],"picked":"Beam Cell+1","floor":45},{"not_picked":["Turbo+1","Stack+1","Coolheaded+1","Streamline+1"],"picked":"SKIP","floor":46}],"player_experience":743521,"relics_obtained":[{"floor":6.0,"key":"Toxic Egg 2"},{"floor":8.0,"key":"Question Card"},{"floor":9.0,"key":"Molten Egg 2"},{"floor":24.0,"key":"Smiling Mask"},{"floor":26.0,"key":"Sundial"},{"floor":27.0,"key":"Red Mask"},{"floor":31.0,"key":"Calipers"},{"floor":43,"key":"Nunchaku"},{"floor":44,"key":"Turnip"}],"event_choices":[{"damage_healed":7.0,"max_hp_gain":0.0,"max_hp_loss":0.0,"gold_gain":0.0,"event_name":"Wheel of Change","player_choice":"Full Heal","floor":2.0,"gold_loss":0.0,"damage_taken":0.0},{"damage_healed":18.0,"max_hp_gain":0.0,"max_hp_loss":0.0,"gold_gain":0.0,"event_name":"Mushrooms","player_choice":"Healed and dodged fight","floor":10.0,"gold_loss":0.0,"damage_taken":0.0,"cards_obtained":["Parasite"]},{"damage_healed":0.0,"max_hp_gain":0.0,"max_hp_loss":0.0,"gold_gain":75.0,"event_name":"World of Goop","player_choice":"Gather Gold","floor":12.0,"gold_loss":0.0,"damage_taken":11.0},{"damage_healed":0.0,"max_hp_gain":0.0,"max_hp_loss":0.0,"gold_gain":0.0,"event_name":"The Library","player_choice":"Read","floor":21.0,"gold_loss":0.0,"damage_taken":0.0,"cards_obtained":["Scrape"]},{"damage_healed":0.0,"max_hp_gain":0.0,"max_hp_loss":0.0,"gold_gain":0.0,"event_name":"The Mausoleum","player_choice":"Ignored","floor":22.0,"gold_loss":0.0,"damage_taken":0.0},{"damage_healed":0.0,"max_hp_gain":0.0,"max_hp_loss":0.0,"gold_gain":0.0,"event_name":"Masked Bandits","player_choice":"Fought Bandits","floor":27.0,"gold_loss":0.0,"damage_taken":0.0},{"damage_healed":0.0,"max_hp_gain":0.0,"max_hp_loss":0.0,"gold_gain":0.0,"cards_transformed":["Defend_B","Strike_B"],"event_name":"Drug Dealer","player_choice":"Became Test Subject","floor":30.0,"gold_loss":0.0,"damage_taken":0.0,"cards_obtained":["Rebound","Tempest"]},{"damage_healed":0,"gold_gain":0,"player_choice":"Memory 3","damage_taken":10,"max_hp_gain":0,"max_hp_loss":0,"event_name":"SensoryStone","floor":38,"gold_loss":0},{"cards_removed":["Rebound"],"damage_healed":0,"gold_gain":0,"player_choice":"Removed Attack","damage_taken":0,"max_hp_gain":0,"max_hp_loss":0,"event_name":"Falling","floor":41,"gold_loss":0},{"damage_healed":0,"gold_gain":0,"player_choice":"Fight","damage_taken":0,"max_hp_gain":0,"max_hp_loss":0,"event_name":"MindBloom","floor":44,"gold_loss":0},{"damage_healed":0,"gold_gain":0,"player_choice":"Max HP","damage_taken":0,"max_hp_gain":0,"max_hp_loss":4,"event_name":"Winding Halls","floor":48,"gold_loss":0}],"is_beta":false,"boss_relics":[{"not_picked":["Ectoplasm","Runic Dome"],"picked":"Fusion Hammer"},{"not_picked":["SacredBark","Sozu"],"picked":"FrozenCore"}],"items_purged_floors":[14,19],"is_endless":false,"potions_floor_spawned":[3,8,18,31,33,35,37],"ascension_level":9}}