{"host":"i9o21tdcc8l3o4rw","time":1608041356,"event":{"mods":["2.2 Compatiblity","Act Like it!","BaseMod","BetterRewards","Colored Map","Colored Powertips","Hermit","Hubris","Marisa????????","Menagerie","Minty Spire (QoL Compilation)","Replay The Spire","Shop Mod","StSLib","The Disciple","The Necromancer","The Servant 0.9.4"],"gold_per_floor":[115,115,22,33,45,45,80,97,97,97,44,60,60,80,80,178,178,118,118,129,78,78,78,91,111,136,146,146,146,61,61,61],"floor_reached":31,"playtime":13735,"items_purged":[],"score":235,"play_id":"f4930161-3c72-4376-b316-9707e04aed6e","local_time":"20201215150916","is_ascension_mode":false,"campfire_choices":[{"data":"KidneyShot","floor":6,"key":"SMITH"},{"floor":10,"key":"REST"},{"floor":13,"key":"REST"},{"floor":23,"key":"REST"},{"floor":28,"key":"REST"}],"circlet_count":0,"master_deck":["Strike_S","Strike_S","Strike_S","Strike_S","Defend_S","Defend_S","Defend_S","Defend_S","KidneyShot+1","Exchange","SpecialFormula","Rearm","TimeWarp","Rewind","Potential","Barrier","Snipe","Alleviate","GearUp","Luminosity","FlawlessForm","BottledTime","Revamp","Spin","SurpressingFire","SilverBlades","Pot Of Greed","Pot Of Greed","Pot Of Greed","MoonPhase"],"relics":["Uniform","Shuriken","hubris:GlazedTorus","Grinning Jar","ReplayTheSpireMod:TigerMarble"],"acts_visited":["Menagerie:Menagerie","TheCity"],"potions_floor_usage":[25,27,27],"damage_taken":[{"damage":1,"enemies":"Menagerie:2_RABBITS","floor":1,"turns":6},{"damage":0,"enemies":"Menagerie:StygianBoar","floor":4,"turns":4},{"damage":0,"enemies":"Menagerie:WhisperingWraith","floor":5,"turns":6},{"damage":38,"enemies":"Menagerie:VoidReaper","floor":7,"turns":11},{"damage":1,"enemies":"Menagerie:MENAGERIE_WILDLIFE","floor":8,"turns":6},{"damage":0,"enemies":"Menagerie:BEAST_MAGE_AND_PROWLING_AMALGAM","floor":12,"turns":6},{"damage":0,"enemies":"Menagerie:STYGIAN_BOAR_AND_WHISPERING_WRAITH","floor":14,"turns":7},{"damage":1,"enemies":"Menagerie:AVATARS","floor":16,"turns":9},{"damage":1,"enemies":"2 Thieves","floor":18,"turns":4},{"damage":42,"enemies":"3 Byrds","floor":20,"turns":11},{"damage":27,"enemies":"Centurion and Healer","floor":24,"turns":12},{"damage":56,"enemies":"3 Cultists","floor":25,"turns":7},{"damage":4,"enemies":"Snecko","floor":27,"turns":9},{"damage":45,"enemies":"Shelled Parasite and Fungi","floor":31,"turns":4}],"seed_played":"-4228848657337759599","potions_obtained":[{"floor":4,"key":"Elixir"},{"floor":5,"key":"Block Potion"},{"floor":7,"key":"Strength Potion"},{"floor":15,"key":"FairyPotion"},{"floor":25,"key":"Milkshake"}],"is_trial":false,"path_per_floor":["M","?","$","M","M","R","E","M","T","R","$","M","R","M","R_BF","B",null,"M","$","M","$","?","R","M","M","T","M","R","?","?","M"],"character_chosen":"THE_SERVANT","items_purchased":["Rearm","TimeWarp","Alleviate","Spin"],"campfire_rested":4,"item_purchase_floors":[3,3,11,21],"current_hp_per_floor":[70,70,70,71,71,71,38,37,37,58,58,63,71,71,71,70,71,70,70,33,33,33,54,32,6,6,7,28,28,28,0,0],"gold":61,"neow_bonus":"TEN_PERCENT_HP_BONUS","is_daily":false,"chose_seed":false,"campfire_upgraded":1,"win_rate":0.0,"timestamp":1608041356,"path_taken":["M","?","?","M","M","R","E","M","T","R","$","?","R","M","R_BF","BOSS","M","?","M","$","?","R","?","M","T","M","R","?","?","M"],"items_purchased_type":["Card","Card","Card","Card"],"build_version":"2020-11-29","purchased_purges":0,"victory":false,"max_hp_per_floor":[71,71,71,71,71,71,71,71,71,71,71,71,71,71,71,71,71,71,71,71,71,71,71,71,71,71,71,71,71,71,71,71],"card_choices":[{"not_picked":["Unruled","ShatteredReality"],"picked":"SpecialFormula","floor":1},{"not_picked":["Rearm","Gouge"],"picked":"Rewind","floor":4},{"not_picked":["SpecialFormula","Luminosity"],"picked":"Potential","floor":5},{"not_picked":["Revamp","SurpressingFire"],"picked":"Barrier","floor":7},{"not_picked":["Replace","Dilation"],"picked":"Snipe","floor":8},{"not_picked":["Spin","Replace"],"picked":"GearUp","floor":12},{"not_picked":["Rewind","Alleviate"],"picked":"Luminosity","floor":14},{"not_picked":["TheWorld","FloweringNight"],"picked":"FlawlessForm","floor":16},{"not_picked":["Unruled","DoubleEdge"],"picked":"BottledTime","floor":18},{"not_picked":["Potential","Snipe"],"picked":"Revamp","floor":20},{"not_picked":["TimeWarp+1","Replace"],"picked":"SurpressingFire","floor":24},{"not_picked":["Gouge","ShatteredReality"],"picked":"SilverBlades","floor":25},{"not_picked":["ShiftingGears","Revamp+1"],"picked":"MoonPhase","floor":27}],"player_experience":54161,"relics_obtained":[{"floor":7,"key":"Shuriken"},{"floor":9,"key":"hubris:GlazedTorus"},{"floor":26,"key":"Grinning Jar"}],"event_choices":[{"damage_healed":0,"gold_gain":0,"player_choice":"Ignored","damage_taken":0,"max_hp_gain":0,"max_hp_loss":0,"event_name":"Purifier","floor":22,"gold_loss":0},{"damage_healed":0,"gold_gain":0,"player_choice":"Obtained Relic","damage_taken":0,"relics_obtained":["ReplayTheSpireMod:TigerMarble"],"max_hp_gain":0,"max_hp_loss":0,"event_name":"Addict","floor":30,"gold_loss":85}],"is_beta":false,"boss_relics":[{"not_picked":["Runic Dome","hubris:RunicObelisk","hubris:GrandSneckoEye"]}],"items_purged_floors":[],"is_endless":false,"potions_floor_spawned":[4,5,7,12,16,24,25],"killed_by":"Shelled Parasite and Fungi","ascension_level":0}}