{"host":"6bsan6hkua32tfq7","time":1608029081,"event":{"mods":["BaseMod","Better Third Choice","Colored Map","Downfall","Highlight Path","Minty Spire (QoL Compilation)","StSLib"],"gold_per_floor":[112,112,123,123,83,118,118,118,118,144,144,170,185,197,197,269,269,283,296,314,314,314,314,326,343,369,385,405,117,117,128,128,207,207,225,1224,1243,1243,1260,1260,560,560,583,608,624,234,234,259,259,259,259],"floor_reached":50,"playtime":1567,"items_purged":["Strike_G","Strike_G","Strike_G"],"score":1269,"play_id":"e1b32695-0a39-48d8-8afc-35d62ccda252","local_time":"20201215114441","is_ascension_mode":true,"campfire_choices":[{"data":"Crippling Poison","floor":7.0,"key":"SMITH"},{"data":"Noxious Fumes","floor":11.0,"key":"SMITH"},{"data":"Neutralize","floor":15.0,"key":"SMITH"},{"floor":23.0,"key":"REST"},{"floor":30.0,"key":"REST"},{"floor":32.0,"key":"REST"},{"floor":40.0,"key":"REST"},{"data":"Tools of the Trade","floor":42.0,"key":"SMITH"},{"floor":49.0,"key":"RECALL"}],"circlet_count":0,"master_deck":["AscendersBane","Strike_G","Strike_G","Defend_G","Defend_G","Defend_G","Defend_G","Defend_G","Survivor","Neutralize+1","Crippling Poison+1","Noxious Fumes+1","Venomology","Die Die Die","Catalyst+1","Footwork","Adrenaline","Tools of the Trade+1","Venomology"],"relics":["Ring of the Snake","NeowsBlessing","Omamori","Vajra","betterThird:SlimedRelic","Ninja Scroll","Singing Bowl","Pear","Potion Belt","Philosopher\u0027s Stone","MutagenicStrength","Blue Candle","Bronze Scales","Anchor","SacredBark","Mercury Hourglass","Lee\u0027s Waffle","Regal Pillow","Ornamental Fan","Blood Vial"],"acts_visited":["Exordium","TheCity","TheBeyond"],"potions_floor_usage":[50,50],"damage_taken":[{"damage":0.0,"enemies":"Jaw Worm","floor":1.0,"turns":1.0},{"damage":0.0,"enemies":"2 Louse","floor":3.0,"turns":1.0},{"damage":0.0,"enemies":"Gremlin Nob","floor":6.0,"turns":1.0},{"damage":26.0,"enemies":"3 Sentries","floor":10.0,"turns":9.0},{"damage":8.0,"enemies":"Gremlin Nob","floor":12.0,"turns":3.0},{"damage":0.0,"enemies":"Small Slimes","floor":13.0,"turns":2.0},{"damage":12.0,"enemies":"3 Louse","floor":14.0,"turns":4.0},{"damage":0.0,"enemies":"Hexaghost","floor":16.0,"turns":9.0},{"damage":7.0,"enemies":"2 Thieves","floor":18.0,"turns":3.0},{"damage":15.0,"enemies":"Chosen","floor":19.0,"turns":5.0},{"damage":18.0,"enemies":"Centurion and Healer","floor":20.0,"turns":7.0},{"damage":23.0,"enemies":"Snake Plant","floor":24.0,"turns":5.0},{"damage":11.0,"enemies":"Chosen and Byrds","floor":25.0,"turns":5.0},{"damage":0.0,"enemies":"Centurion and Healer","floor":27.0,"turns":6.0},{"damage":9.0,"enemies":"Snecko","floor":28.0,"turns":3.0},{"damage":14.0,"enemies":"Shelled Parasite and Fungi","floor":31.0,"turns":6.0},{"damage":50.0,"enemies":"Collector","floor":33.0,"turns":9.0},{"damage":10.0,"enemies":"3 Shapes","floor":35.0,"turns":5.0},{"damage":15.0,"enemies":"Orb Walker","floor":37.0,"turns":4.0},{"damage":9.0,"enemies":"Writhing Mass","floor":39.0,"turns":7.0},{"damage":68.0,"enemies":"Nemesis","floor":44.0,"turns":9.0},{"damage":12.0,"enemies":"Jaw Worm Horde","floor":45.0,"turns":4.0},{"damage":87.0,"enemies":"Giant Head","floor":48.0,"turns":11.0},{"damage":90,"enemies":"Time Eater","floor":50,"turns":10}],"seed_played":"-1986684550237633903","potions_obtained":[{"floor":1.0,"key":"FairyPotion"},{"floor":10.0,"key":"SkillPotion"},{"floor":12.0,"key":"LiquidBronze"},{"floor":13.0,"key":"Guardian:BlockOnCardUsePotion"},{"floor":14.0,"key":"PowerPotion"},{"floor":18.0,"key":"Block Potion"},{"floor":20.0,"key":"hexamod:EctoCoolerPotion"},{"floor":27.0,"key":"Fire Potion"},{"floor":33.0,"key":"sneckomod:MuddlingPotion"},{"floor":37.0,"key":"Block Potion"},{"floor":44.0,"key":"Strength Potion"}],"is_trial":false,"path_per_floor":["M","?","M","?","?","E","R","?","T","E","R","E","M","M","R","B",null,"M","M","M","?","T","R","M","M","T","M","M","$","R","M","R","B",null,"M","?","M","?","M","R","$","R","T","E","M","$","?","E","R","B"],"character_chosen":"THE_SILENT","items_purchased":["Anchor","Strength Potion","Mercury Hourglass","Lee\u0027s Waffle","Tools of the Trade","Ornamental Fan"],"campfire_rested":4,"item_purchase_floors":[29,29,41,41,41,46],"current_hp_per_floor":[59,59,59,48,37,37,37,37,37,21,21,15,17,7,7,7,63,58,57,41,41,41,66,45,36,36,38,29,29,56,44,72,22,76,68,68,55,55,48,78,107,107,107,81,71,71,71,66,66,0,0],"gold":259,"neow_bonus":"THREE_ENEMY_KILL","is_daily":false,"chose_seed":false,"campfire_upgraded":4,"win_rate":0.0,"timestamp":1608029081,"path_taken":["M","?","M","?","?","E","R","?","T","E","R","E","M","?","R","BOSS","M","M","M","?","?","R","?","M","T","M","M","$","R","M","R","BOSS","M","?","M","?","M","R","$","R","T","E","M","$","?","E","R","BOSS"],"items_purchased_type":["Relic","Potion","Relic","Relic","Card","Relic"],"build_version":"2020-12-13","purchased_purges":3,"victory":false,"max_hp_per_floor":[66,66,66,66,66,66,66,66,66,76,76,78,80,82,82,82,82,84,84,86,86,86,86,88,90,90,92,92,92,92,94,94,94,94,96,96,98,98,100,100,107,107,107,109,111,111,111,111,111,111,111],"card_choices":[{"not_picked":["Cloak And Dagger","Deflect"],"picked":"Crippling Poison","floor":1.0},{"not_picked":["Dagger Throw","PiercingWail"],"picked":"Noxious Fumes","floor":3.0},{"not_picked":["Cloak And Dagger","Outmaneuver"],"picked":"Flying Knee","floor":6.0},{"not_picked":["Endless Agony","Deadly Poison"],"picked":"Venomology","floor":10.0},{"not_picked":["Sucker Punch","Deflect","Underhanded Strike"],"picked":"Singing Bowl","floor":12.0},{"not_picked":["Flying Knee","Bane","Dagger Spray"],"picked":"Singing Bowl","floor":13.0},{"not_picked":["Flying Knee","Dagger Throw","PiercingWail"],"picked":"Singing Bowl","floor":14.0},{"not_picked":["Envenom","Bullet Time"],"picked":"Die Die Die","floor":16.0},{"not_picked":["Riddle With Holes","Dagger Throw","Outmaneuver"],"picked":"Singing Bowl","floor":18.0},{"not_picked":["Bouncing Flask","Acrobatics"],"picked":"Catalyst","floor":19.0},{"not_picked":["Blur","Flechettes","Dagger Throw+1"],"picked":"Singing Bowl","floor":20.0},{"not_picked":["Underhanded Strike","Blade Dance","Terror"],"picked":"Singing Bowl","floor":24.0},{"not_picked":["Tactician","Backflip","Endless Agony"],"picked":"Singing Bowl","floor":25.0},{"not_picked":["All Out Attack","PiercingWail","Bane+1"],"picked":"Singing Bowl","floor":27.0},{"not_picked":["Blur+1","Crippling Poison"],"picked":"Footwork","floor":28.0},{"not_picked":["Flechettes","PiercingWail","Underhanded Strike"],"picked":"Singing Bowl","floor":31.0},{"not_picked":["Glass Knife","A Thousand Cuts"],"picked":"Adrenaline","floor":33.0},{"not_picked":["Endless Agony","All Out Attack","Outmaneuver"],"picked":"Singing Bowl","floor":35.0},{"not_picked":["PiercingWail","Deflect","Expertise"],"picked":"Singing Bowl","floor":37.0},{"not_picked":["Flying Knee","Poisoned Stab","Acrobatics"],"picked":"Singing Bowl","floor":39.0},{"not_picked":["Distraction","Backstab","Skewer"],"picked":"Singing Bowl","floor":44.0},{"not_picked":["Skewer","Predator+1","Flechettes+1"],"picked":"Singing Bowl","floor":45.0},{"not_picked":["Endless Agony","Predator+1"],"picked":"Venomology","floor":48.0}],"player_experience":5167103,"relics_obtained":[{"floor":6.0,"key":"Ninja Scroll"},{"floor":9.0,"key":"Singing Bowl"},{"floor":10.0,"key":"Pear"},{"floor":12.0,"key":"Potion Belt"},{"floor":22.0,"key":"Blue Candle"},{"floor":26.0,"key":"Bronze Scales"},{"floor":44.0,"key":"Regal Pillow"},{"floor":48.0,"key":"Blood Vial"}],"event_choices":[{"damage_healed":0.0,"max_hp_gain":0.0,"max_hp_loss":0.0,"gold_gain":0.0,"event_name":"Big Fish","player_choice":"Box","floor":2.0,"gold_loss":0.0,"damage_taken":0.0,"relics_obtained":["Omamori"],"cards_obtained":["Regret"]},{"damage_healed":0.0,"max_hp_gain":0.0,"max_hp_loss":0.0,"gold_gain":0.0,"event_name":"betterThird:BetterScrap","player_choice":"Relic ","floor":4.0,"gold_loss":0.0,"damage_taken":11.0,"cards_obtained":["EmptyMind"]},{"damage_healed":0.0,"max_hp_gain":0.0,"max_hp_loss":0.0,"gold_gain":0.0,"event_name":"betterThird:BetterGoop","player_choice":"Slimed","floor":5.0,"gold_loss":40.0,"damage_taken":11.0},{"cards_removed":["Regret"],"damage_healed":0.0,"max_hp_gain":0.0,"max_hp_loss":0.0,"gold_gain":0.0,"event_name":"Fountain of Cleansing","player_choice":"Removed Curses","floor":8.0,"gold_loss":0.0,"damage_taken":0.0},{"damage_healed":0.0,"max_hp_gain":0.0,"max_hp_loss":0.0,"gold_gain":0.0,"event_name":"Drug Dealer","player_choice":"Inject Mutagens","floor":21.0,"gold_loss":0.0,"damage_taken":0.0,"relics_obtained":["MutagenicStrength"]},{"damage_healed":0.0,"max_hp_gain":0.0,"max_hp_loss":0.0,"gold_gain":999.0,"event_name":"MindBloom","player_choice":"Gold","floor":36.0,"gold_loss":0.0,"damage_taken":0.0,"cards_obtained":["Normality","Normality"]},{"cards_removed":["Flying Knee"],"damage_healed":0.0,"max_hp_gain":0.0,"max_hp_loss":0.0,"gold_gain":0.0,"event_name":"Falling","player_choice":"Removed Attack","floor":38.0,"gold_loss":0.0,"damage_taken":0.0},{"damage_healed":0.0,"max_hp_gain":0.0,"max_hp_loss":0.0,"gold_gain":0.0,"event_name":"Upgrade Shrine","player_choice":"Upgraded","floor":47.0,"gold_loss":0.0,"damage_taken":0.0,"cards_upgraded":["Catalyst"]}],"is_beta":false,"boss_relics":[{"not_picked":["Sozu","Tiny House"],"picked":"Philosopher\u0027s Stone"},{"not_picked":["WristBlade","Cursed Key"],"picked":"SacredBark"}],"items_purged_floors":[29,41,46],"is_endless":false,"potions_floor_spawned":[1,10,12,13,14,18,20,27,31,33,37,44],"killed_by":"Time Eater","ascension_level":20}}