{"host":"5gc11emcm5chfr5t","time":1608047765,"event":{"mods":["2.2 Compatiblity","AchievementEnabler","BaseMod","Bestiary","Better Note","Colored Map","Colored Powertips","Googly Eyes","Minty Spire (QoL Compilation)","Rare Cards Sparkle","StSLib"],"gold_per_floor":[109,109,119,119,119,119,138,155,182,210,210,226,301,40,40,145,145,156,156,168,168,184,184,197,213,266,266,50,68,88,88,88,193,193,207,207,11,11,29,55,55,87,113,113,129,148,158,158,158,158,158],"floor_reached":50,"playtime":1786,"items_purged":[],"score":504,"play_id":"a690bcd9-ee55-48d2-bb84-41e7f7bed566","local_time":"20201215105605","is_ascension_mode":false,"campfire_choices":[{"floor":6.0,"key":"RECALL"},{"data":"Zap","floor":11.0,"key":"SMITH"},{"floor":15.0,"key":"REST"},{"floor":23,"key":"REST"},{"floor":27,"key":"REST"},{"data":"Apotheosis","floor":32,"key":"SMITH"},{"floor":41,"key":"REST"},{"floor":44,"key":"REST"},{"floor":49,"key":"REST"}],"circlet_count":0,"master_deck":["Zap+1","Dualcast","Ball Lightning","Biased Cognition","Leap","Ball Lightning","Consume","Redo","Streamline","Apotheosis+1","Echo Form","Echo Form","Core Surge","Redo","Stack","Storm","Go for the Eyes","Conserve Battery","Sunder+1","Glacier","Turbo+1","Conserve Battery+1","Defragment","Amplify","Recycle","Metamorphosis","Enlightenment","Core Surge","Ball Lightning","Coolheaded+1","Buffer","BootSequence"],"relics":["Philosopher\u0027s Stone","Orichalcum","Pandora\u0027s Box","Bag of Marbles","Lee\u0027s Waffle","MutagenicStrength","Inserter","Anchor","Toy Ornithopter","Symbiotic Virus","Art of War"],"acts_visited":["Exordium","TheCity","TheBeyond"],"potions_floor_usage":[22,24,24,24,25,29,39,40,45,47],"damage_taken":[{"damage":0.0,"enemies":"Cultist","floor":1.0,"turns":3.0},{"damage":2.0,"enemies":"Jaw Worm","floor":3.0,"turns":2.0},{"damage":0.0,"enemies":"2 Louse","floor":7.0,"turns":1.0},{"damage":0.0,"enemies":"Looter","floor":8.0,"turns":3.0},{"damage":25.0,"enemies":"3 Sentries","floor":10.0,"turns":6.0},{"damage":2.0,"enemies":"3 Louse","floor":12.0,"turns":3.0},{"damage":29.0,"enemies":"The Guardian","floor":16.0,"turns":8.0},{"damage":5.0,"enemies":"Spheric Guardian","floor":18.0,"turns":3.0},{"damage":37.0,"enemies":"3 Byrds","floor":20.0,"turns":4.0},{"damage":33,"enemies":"Snake Plant","floor":22,"turns":3},{"damage":5,"enemies":"Shelled Parasite and Fungi","floor":24,"turns":3},{"damage":9,"enemies":"Sentry and Sphere","floor":25,"turns":4},{"damage":0,"enemies":"Centurion and Healer","floor":29,"turns":4},{"damage":6,"enemies":"Snecko","floor":30,"turns":4},{"damage":68,"enemies":"Automaton","floor":33,"turns":7},{"damage":10,"enemies":"Orb Walker","floor":35,"turns":3},{"damage":2,"enemies":"3 Shapes","floor":39,"turns":5},{"damage":8,"enemies":"Giant Head","floor":40,"turns":6},{"damage":61,"enemies":"Reptomancer","floor":42,"turns":6},{"damage":8,"enemies":"3 Darklings","floor":45,"turns":5},{"damage":11,"enemies":"4 Shapes","floor":46,"turns":4},{"damage":12,"enemies":"Jaw Worm Horde","floor":47,"turns":4},{"damage":58,"enemies":"Time Eater","floor":50,"turns":4}],"seed_played":"-959321411734310972","potions_obtained":[{"floor":1.0,"key":"Swift Potion"},{"floor":7.0,"key":"BlessingOfTheForge"},{"floor":10.0,"key":"FairyPotion"},{"floor":24,"key":"Explosive Potion"},{"floor":35,"key":"LiquidMemories"},{"floor":42,"key":"ColorlessPotion"},{"floor":46,"key":"Energy Potion"},{"floor":47,"key":"Fruit Juice"}],"is_trial":false,"path_per_floor":["M","?","M","$","?","R","M","M","T","E","R","M","?","$","R","B",null,"M","?","M","?","M","R","M","M","T","R","$","M","M","?","R","B",null,"M","?","$","?","M","E","R","E","T","R","M","M","M","?","R","B"],"character_chosen":"DEFECT","items_purchased":["Apotheosis","EntropicBrew","Lee\u0027s Waffle","DistilledChaos","Anchor","FocusPotion"],"campfire_rested":6,"item_purchase_floors":[14,14,28,28,37,37],"current_hp_per_floor":[75,75,73,73,73,73,73,73,73,48,48,46,35,35,57,28,75,70,63,26,26,22,44,39,30,30,52,82,82,76,76,76,8,82,72,67,67,67,65,57,81,20,20,44,41,30,28,28,54,0,0],"gold":158,"neow_bonus":"BOSS_RELIC","is_daily":false,"chose_seed":false,"campfire_upgraded":2,"win_rate":0.0,"timestamp":1608047765,"path_taken":["M","?","M","$","?","R","M","M","T","E","R","?","?","$","R","BOSS","M","?","M","?","M","R","M","M","T","R","$","?","M","?","R","BOSS","M","?","$","?","M","E","R","E","T","R","?","M","M","?","R","BOSS"],"items_purchased_type":["Card","Potion","Relic","Potion","Relic","Potion"],"build_version":"2020-12-13","purchased_purges":0,"victory":false,"max_hp_per_floor":[75,75,75,75,75,75,75,75,75,75,75,75,75,75,75,75,75,75,75,75,75,75,75,75,75,75,75,82,82,82,82,82,82,82,82,82,82,82,82,82,82,82,82,82,82,82,87,87,87,87,87],"card_choices":[{"not_picked":["BootSequence","Double Energy"],"picked":"Ball Lightning","floor":1.0},{"not_picked":["Compile Driver","Darkness"],"picked":"Leap","floor":3.0},{"not_picked":["Turbo","Aggregate"],"picked":"Ball Lightning","floor":7.0},{"not_picked":["Redo","Beam Cell"],"picked":"Consume","floor":8.0},{"not_picked":["Barrage","Gash"],"picked":"Redo","floor":10.0},{"not_picked":["Sweeping Beam","Go for the Eyes"],"picked":"Streamline","floor":12.0},{"not_picked":["Meteor Strike","Core Surge"],"picked":"Echo Form","floor":16.0},{"not_picked":["Ball Lightning+1","Stack"],"picked":"Conserve Battery","floor":18.0},{"not_picked":["Rebound","Lockon"],"picked":"Sunder+1","floor":20.0},{"not_picked":["Hologram","Rebound+1"],"picked":"Glacier","floor":22},{"not_picked":["Ball Lightning","Barrage","Hologram+1"],"picked":"SKIP","floor":24},{"not_picked":["Heatsinks","Cold Snap"],"picked":"Turbo+1","floor":25},{"not_picked":["Cold Snap","Streamline+1"],"picked":"Conserve Battery+1","floor":29},{"not_picked":["Cold Snap","Go for the Eyes+1"],"picked":"Defragment","floor":30},{"not_picked":["Rainbow","Reboot"],"picked":"Amplify","floor":33},{"not_picked":["Streamline+1","Turbo"],"picked":"Recycle","floor":35},{"not_picked":["Good Instincts","Master of Strategy"],"picked":"Metamorphosis","floor":36},{"not_picked":["Metamorphosis","Blind"],"picked":"Enlightenment","floor":36},{"not_picked":["Compile Driver+1","Doom and Gloom"],"picked":"Ball Lightning","floor":39},{"not_picked":["Leap","Hologram"],"picked":"Coolheaded+1","floor":40},{"not_picked":["Blizzard+1","Cold Snap"],"picked":"Buffer","floor":42},{"not_picked":["Rebound+1","Stack","Chaos"],"picked":"SKIP","floor":45},{"not_picked":["Go for the Eyes","Sweeping Beam"],"picked":"BootSequence","floor":46},{"not_picked":["Stack","Doom and Gloom+1","Gash+1"],"picked":"SKIP","floor":47}],"player_experience":345718,"relics_obtained":[{"floor":10.0,"key":"Orichalcum"},{"floor":26,"key":"Bag of Marbles"},{"floor":40,"key":"Toy Ornithopter"},{"floor":42,"key":"Symbiotic Virus"},{"floor":43,"key":"Art of War"}],"event_choices":[{"damage_healed":0.0,"max_hp_gain":0.0,"max_hp_loss":0.0,"gold_gain":0.0,"cards_transformed":["Defend_B"],"event_name":"Living Wall","player_choice":"Change","floor":2.0,"gold_loss":0.0,"damage_taken":0.0,"cards_obtained":["Biased Cognition"]},{"damage_healed":0.0,"max_hp_gain":0.0,"max_hp_loss":0.0,"gold_gain":0.0,"cards_transformed":["Defend_B"],"event_name":"Transmorgrifier","player_choice":"Transformed","floor":5.0,"gold_loss":0.0,"damage_taken":0.0,"cards_obtained":["Auto Shields"]},{"damage_healed":0.0,"max_hp_gain":0.0,"max_hp_loss":0.0,"gold_gain":75.0,"event_name":"World of Goop","player_choice":"Gather Gold","floor":13.0,"gold_loss":0.0,"damage_taken":11.0},{"damage_healed":0.0,"max_hp_gain":0.0,"max_hp_loss":0.0,"gold_gain":0.0,"event_name":"Wheel of Change","player_choice":"Damaged","floor":19.0,"gold_loss":0.0,"damage_taken":7.0},{"cards_removed":["Apotheosis"],"damage_healed":0,"gold_gain":0,"player_choice":"Give","damage_taken":0,"max_hp_gain":0,"max_hp_loss":0,"event_name":"betterNote:BetterNote","floor":21,"gold_loss":0,"cards_obtained":["None"]},{"damage_healed":0,"gold_gain":0,"player_choice":"Inject Mutagens","damage_taken":0,"relics_obtained":["MutagenicStrength"],"max_hp_gain":0,"max_hp_loss":0,"event_name":"Drug Dealer","floor":31,"gold_loss":0},{"damage_healed":0,"gold_gain":0,"player_choice":"Memory 2","damage_taken":5,"max_hp_gain":0,"max_hp_loss":0,"event_name":"SensoryStone","floor":36,"gold_loss":0},{"damage_healed":0,"gold_gain":0,"player_choice":"Copied","damage_taken":0,"max_hp_gain":0,"max_hp_loss":0,"event_name":"Duplicator","floor":38,"gold_loss":0,"cards_obtained":["Core Surge"]},{"cards_removed":["Auto Shields"],"damage_healed":0,"gold_gain":0,"player_choice":"Removed Skill","damage_taken":0,"max_hp_gain":0,"max_hp_loss":0,"event_name":"Falling","floor":48,"gold_loss":0}],"is_beta":false,"boss_relics":[{"not_picked":["Busted Crown","Runic Pyramid"],"picked":"Pandora\u0027s Box"},{"not_picked":["Runic Dome","Black Star"],"picked":"Inserter"}],"items_purged_floors":[],"is_endless":false,"potions_floor_spawned":[1,7,10,22,24,35,42,46,47],"killed_by":"Time Eater","ascension_level":0}}