{"host":"04aht2z7d1qbuefv","time":1608062724,"event":{"mods":["AchievementEnabler","BaseMod","Downfall","Minty Spire (QoL Compilation)","StSLib","The Cursed","The Necromancer"],"gold_per_floor":[99,99,131,131,143,143,143,157,177,203,219,394,394,122,132,229,229,229,242,242,242,267,284,308,258,258,292,292,306,326,326,337,438,438,438,105,105,140,140,155,155,155,189,189,203,220,220,108,124,124,124],"floor_reached":50,"playtime":3002,"items_purged":["Doubt"],"score":598,"play_id":"7d95725c-87b1-4870-859d-48766434317e","local_time":"20201215170523","is_ascension_mode":false,"campfire_choices":[{"floor":1.0,"key":"RECALL"},{"data":"Guardian:CrystalBeam","floor":6.0,"key":"SMITH"},{"floor":18,"key":"REST"},{"floor":20,"key":"REST"},{"floor":26,"key":"REST"},{"floor":35,"key":"REST"},{"floor":39,"key":"REST"},{"floor":44,"key":"REST"}],"circlet_count":0,"master_deck":["Guardian:Strike_Guardian","Guardian:Strike_Guardian+1","Guardian:Strike_Guardian","Guardian:Strike_Guardian+1","Guardian:Defend_Guardian","Guardian:Defend_Guardian","Guardian:Defend_Guardian","Guardian:Defend_Guardian","Guardian:CurlUp","Guardian:TwinSlam","Guardian:SpikerProtocol","Guardian:Clone+1","Guardian:Suspension+1","Guardian:Emergency+1","Parasite","Apotheosis+1","Guardian:ChargeUp+1","Guardian:AncientConstruct","Guardian:ShieldCharger+1","Guardian:FloatingOrbs","Guardian:ExploitGems+1","CurseOfTheBell","Guardian:DecasProtection+1","Guardian:ArmoredProtocol+1","Guardian:Gem_Lightblue","Madness+1","Guardian:Gem_Red"],"relics":["Guardian:ModeShifter","downfall:HeartsMalice","Thread and Needle","Toxic Egg 2","Bottled Tornado","Fusion Hammer","Centennial Puzzle","Bottled Lightning","Potion Belt","Calling Bell","Happy Flower","Mercury Hourglass","Pocketwatch","Whetstone","Shuriken","Meat on the Bone"],"acts_visited":["Exordium","TheCity","TheBeyond"],"potions_floor_usage":[16,16,23,27,32,33,49,50,50,50,50,50],"damage_taken":[{"damage":0.0,"enemies":"Small Slimes","floor":2.0,"turns":1.0},{"damage":0.0,"enemies":"Gremlin Nob","floor":3.0,"turns":1.0},{"damage":0.0,"enemies":"downfall:FleeingMerchant","floor":4.0,"turns":1.0},{"damage":2.0,"enemies":"Jaw Worm","floor":5.0,"turns":4.0},{"damage":0.0,"enemies":"2 Louse","floor":8.0,"turns":3.0},{"damage":10.0,"enemies":"Exordium Wildlife","floor":9.0,"turns":5.0},{"damage":20.0,"enemies":"3 Sentries","floor":10.0,"turns":14.0},{"damage":0,"enemies":"Blue Slaver","floor":11,"turns":4},{"damage":0,"enemies":"downfall:FleeingMerchant","floor":14,"turns":4},{"damage":0,"enemies":"3 Louse","floor":15,"turns":6},{"damage":30,"enemies":"downfall:Defect","floor":16,"turns":8},{"damage":15,"enemies":"3 Byrds","floor":19,"turns":2},{"damage":11,"enemies":"Book of Stabbing","floor":22,"turns":7},{"damage":8,"enemies":"Chosen","floor":23,"turns":7},{"damage":19,"enemies":"Slavers","floor":27,"turns":6},{"damage":5,"enemies":"Centurion and Healer","floor":29,"turns":9},{"damage":4,"enemies":"Chosen and Byrds","floor":30,"turns":6},{"damage":19,"enemies":"Cultist and Chosen","floor":32,"turns":7},{"damage":33,"enemies":"downfall:Ironclad","floor":33,"turns":9},{"damage":23,"enemies":"Reptomancer","floor":38,"turns":7},{"damage":1,"enemies":"3 Darklings","floor":40,"turns":6},{"damage":21,"enemies":"Nemesis","floor":43,"turns":9},{"damage":17,"enemies":"Orb Walker","floor":45,"turns":5},{"damage":18,"enemies":"Transient","floor":46,"turns":5},{"damage":0,"enemies":"downfall:FleeingMerchant","floor":48,"turns":4},{"damage":21,"enemies":"4 Shapes","floor":49,"turns":6},{"damage":68,"enemies":"downfall:Silent","floor":50,"turns":5}],"seed_played":"411101501657338196","potions_obtained":[{"floor":8.0,"key":"hexamod:EctoCoolerPotion"},{"floor":11,"key":"CultistPotion"},{"floor":15,"key":"champ:CounterPotion"},{"floor":16,"key":"Fruit Juice"},{"floor":19,"key":"BlessingOfTheForge"},{"floor":30,"key":"Swift Potion"},{"floor":31,"key":"CultistPotion"},{"floor":33,"key":"PowerPotion"},{"floor":40,"key":"BlessingOfTheForge"},{"floor":43,"key":"champ:CounterPotion"},{"floor":47,"key":"AttackPotion"},{"floor":47,"key":"DuplicationPotion"},{"floor":47,"key":"Fire Potion"},{"floor":49,"key":"Explosive Potion"}],"is_trial":false,"path_per_floor":["R","M","E","$","M","R","T","M","M","E","M","?","?","$","M","B",null,"R","M","R","?","E","M","T","?","R","E","?","M","M","?","M","B",null,"R","?","?","E","R","M","T","?","E","R","M","M","?","$","M","B"],"character_chosen":"GUARDIAN","items_purchased":["Apotheosis+1","Madness+1"],"campfire_rested":6,"item_purchase_floors":[14,48],"current_hp_per_floor":[80,80,80,80,78,78,78,78,68,48,48,48,68,68,68,43,85,85,70,85,85,74,66,66,85,85,66,66,61,57,57,38,5,85,85,96,96,73,96,95,95,95,74,96,79,61,61,61,52,0,0],"gold":124,"neow_bonus":"THREE_ENEMY_KILL","is_daily":false,"chose_seed":false,"campfire_upgraded":1,"win_rate":0.0,"timestamp":1608062723,"path_taken":["R","M","E","$","M","R","T","M","M","E","M","?","?","$","M","BOSS","R","M","R","?","E","M","T","?","R","E","?","M","?","?","M","BOSS","R","?","?","E","R","M","T","?","E","R","M","M","?","$","M","BOSS"],"items_purchased_type":["Card","Card"],"build_version":"2020-12-13","purchased_purges":1,"victory":false,"max_hp_per_floor":[80,80,80,80,80,80,80,80,80,80,80,80,80,80,80,85,85,85,85,85,85,85,85,85,85,85,85,85,85,85,85,85,85,85,85,96,96,96,96,96,96,96,96,96,96,96,96,96,96,96,96],"card_choices":[{"not_picked":["Guardian:ArmoredProtocol","Guardian:Incinerate"],"picked":"Guardian:SpikerProtocol","floor":2.0},{"not_picked":["Guardian:SphericShield","Guardian:Suspension","Guardian:Planning"],"picked":"SKIP","floor":3.0},{"not_picked":["Guardian:Gem_Cyan","Guardian:PiercingHide"],"picked":"Guardian:CrystalBeam","floor":4.0},{"not_picked":["Guardian:SpikerProtocol","Guardian:ShieldCharger","Guardian:Gem_Red"],"picked":"SKIP","floor":5.0},{"not_picked":["Guardian:VentSteam+1","Guardian:Incinerate"],"picked":"Guardian:Clone+1","floor":8.0},{"not_picked":["Guardian:BaubleBeam","Guardian:EvasiveProtocol"],"picked":"Guardian:Suspension+1","floor":9.0},{"not_picked":["Guardian:MultiBeam","Guardian:Clone+1","Guardian:PolyBeam"],"picked":"SKIP","floor":10},{"not_picked":["Guardian:MultiBeam","Guardian:WalkerClaw"],"picked":"Guardian:Emergency+1","floor":11},{"not_picked":["Guardian:Emergency+1","Guardian:Gem_Crimson"],"picked":"Guardian:Suspension+1","floor":14},{"not_picked":["Guardian:WalkerClaw","Guardian:VentSteam+1"],"picked":"Guardian:ChargeUp+1","floor":15},{"not_picked":["Guardian:StasisField+1","Guardian:HyperBeam_Guardian"],"picked":"Guardian:AncientConstruct","floor":16},{"not_picked":["Guardian:Reroute","Guardian:Gem_Green"],"picked":"Guardian:ShieldCharger+1","floor":19},{"not_picked":["Guardian:ShieldCharger+1","Guardian:GuardianWhirl+1"],"picked":"Guardian:Gem_Green","floor":22},{"not_picked":["Guardian:Repulse+1","Guardian:Planning+1"],"picked":"Guardian:Gem_Green","floor":23},{"not_picked":["Guardian:PiercingHide+1","Guardian:EvasiveProtocol","Guardian:Reroute"],"picked":"SKIP","floor":27},{"not_picked":["Guardian:Recover+1","Guardian:Preprogram+1","Guardian:VentSteam+1"],"picked":"SKIP","floor":29},{"not_picked":["Guardian:ConstructionForm","Guardian:VentSteam+1"],"picked":"Guardian:Gem_Red","floor":30},{"not_picked":["Guardian:Recover+1","Guardian:ShieldCharger+1"],"picked":"Guardian:FloatingOrbs","floor":32},{"not_picked":["Guardian:BaubleBeam","Guardian:ConstructionForm"],"picked":"Guardian:ExploitGems+1","floor":33},{"not_picked":["Guardian:DecasProtection+1","Guardian:GuardianWhirl+1"],"picked":"Guardian:Gem_Red","floor":38},{"not_picked":["Guardian:RollAttack","Guardian:Reroute","Guardian:PrismaticBarrier+1"],"picked":"SKIP","floor":40},{"not_picked":["Guardian:RollAttack","Guardian:Reroute","Guardian:PrismaticBarrier+1"],"picked":"SKIP","floor":40},{"not_picked":["Guardian:PrimingBeam","Guardian:PrismaticBeam+1"],"picked":"Guardian:DecasProtection+1","floor":43},{"not_picked":["Guardian:PrismaticBeam+1","Guardian:BronzeArmor+1"],"picked":"Guardian:ArmoredProtocol+1","floor":45},{"not_picked":["Guardian:Harden+1","Guardian:Reroute+1","Guardian:RollAttack"],"picked":"SKIP","floor":46},{"not_picked":["Guardian:MultiBeam+1","Guardian:DonusPower+1"],"picked":"Guardian:Gem_Lightblue","floor":48},{"not_picked":["Guardian:CrystalBeam+1","Guardian:Repulse+1"],"picked":"Guardian:Gem_Red","floor":49}],"player_experience":136923,"relics_obtained":[{"floor":3.0,"key":"Thread and Needle"},{"floor":7.0,"key":"Toxic Egg 2"},{"floor":10,"key":"Bottled Tornado"},{"floor":22,"key":"Centennial Puzzle"},{"floor":27,"key":"Bottled Lightning"},{"floor":34,"key":"Happy Flower"},{"floor":34,"key":"Mercury Hourglass"},{"floor":34,"key":"Pocketwatch"},{"floor":38,"key":"Whetstone"},{"floor":41,"key":"Shuriken"},{"floor":43,"key":"Meat on the Bone"}],"event_choices":[{"damage_healed":20,"gold_gain":0,"player_choice":"Healed and dodged fight","damage_taken":0,"max_hp_gain":0,"max_hp_loss":0,"event_name":"Mushrooms","floor":13,"gold_loss":0,"cards_obtained":["Parasite"]},{"damage_healed":0,"gold_gain":0,"player_choice":"Stole Relic","damage_taken":0,"relics_obtained":["Potion Belt"],"max_hp_gain":0,"max_hp_loss":0,"event_name":"Addict","floor":28,"gold_loss":0,"cards_obtained":["Shame"]},{"cards_removed":["Guardian:CrystalBeam"],"damage_healed":0,"gold_gain":0,"player_choice":"Removed Attack","damage_taken":0,"max_hp_gain":0,"max_hp_loss":0,"event_name":"Falling","floor":42,"gold_loss":0},{"damage_healed":0,"gold_gain":0,"player_choice":"Got Potions","damage_taken":0,"max_hp_gain":0,"max_hp_loss":0,"event_name":"Lab","floor":47,"gold_loss":0}],"is_beta":false,"boss_relics":[{"not_picked":["Coffee Dripper","Snecko Eye"],"picked":"Fusion Hammer"},{"not_picked":["SacredBark","Velvet Choker"],"picked":"Calling Bell"}],"items_purged_floors":[14],"is_endless":false,"potions_floor_spawned":[8,11,15,16,19,30,33,40,43,49],"killed_by":"downfall:Silent","ascension_level":0}}