{"host":"cr9rpoy6dx9riis3","time":1608071700,"event":{"mods":["AchievementEnabler","BaseMod","Better Altar","Better Note","Better Sensory Stone","Better Skull","Better Third Choice","Better-Laid Plans","BetterRewards","Block Reminder","Curses Come First","Displayed Cursed Tome","Emptier Cage","Marked Mod","Minty Spire (QoL Compilation)","Permanent Neow","Relic Sorter","StSLib","The Blue Laboratory","Transform Curses"],"gold_per_floor":[118,118,118,55,78,78,92,30,83,109,109,121,121,150,150,150,150],"floor_reached":16,"playtime":656,"items_purged":[],"score":163,"play_id":"c8a9ab54-d6be-47da-a9c4-687ce8094421","local_time":"20201215233500","is_ascension_mode":true,"campfire_choices":[{"data":"Second Wind","floor":6,"key":"SMITH"},{"data":"Feel No Pain","floor":13,"key":"SMITH"},{"floor":15,"key":"REST"}],"circlet_count":0,"master_deck":["Strike_R","Strike_R","Strike_R","Strike_R","Strike_R","Defend_R","Defend_R","Defend_R","Bash","Feel No Pain+1","Sentinel","Sentinel","Second Wind+1","Disarm","Burning Pact","Reckless Charge","Fiend Fire"],"relics":["Burning Blood","Regal Pillow","CeramicFish"],"acts_visited":["Exordium"],"potions_floor_usage":[5,5,10,14],"damage_taken":[{"damage":20,"enemies":"Jaw Worm","floor":1,"turns":6},{"damage":0,"enemies":"Small Slimes","floor":5,"turns":4},{"damage":8,"enemies":"Cultist","floor":7,"turns":5},{"damage":17,"enemies":"3 Louse","floor":10,"turns":6},{"damage":3,"enemies":"Looter","floor":12,"turns":3},{"damage":23,"enemies":"Exordium Wildlife","floor":14,"turns":7},{"damage":49,"enemies":"The Guardian","floor":16,"turns":15}],"seed_played":"2872023184649627738","potions_obtained":[{"floor":1,"key":"blueLaboratory:IronCompound"},{"floor":7,"key":"blueLaboratory:BottleOfVodka"},{"floor":10,"key":"SneckoOil"}],"is_trial":false,"path_per_floor":["M","?","?","$","M","R","M","$","T","M","?","M","R","M","R","B"],"character_chosen":"IRONCLAD","items_purchased":["Feel No Pain","Sentinel","Sentinel","blueLaboratory:FruitPunch","Second Wind","Burning Pact"],"campfire_rested":1,"item_purchase_floors":[0,0,0,0,4,8],"current_hp_per_floor":[52,34,27,27,35,35,33,33,33,22,22,25,25,8,47,0,0],"gold":150,"neow_bonus":"","is_daily":false,"chose_seed":false,"campfire_upgraded":2,"win_rate":0.0,"timestamp":1608071700,"path_taken":["M","?","?","$","M","R","M","$","T","M","?","M","R","M","R","BOSS"],"items_purchased_type":["Card","Card","Card","Potion","Card","Card"],"build_version":"2020-12-13","purchased_purges":0,"victory":false,"max_hp_per_floor":[80,80,80,80,82,82,82,82,82,82,82,82,82,82,82,82,82],"card_choices":[{"not_picked":["Wild Strike","True Grit","Body Slam"],"picked":"SKIP","floor":1},{"not_picked":["Clothesline","Iron Wave"],"picked":"Disarm","floor":5},{"not_picked":["Perfected Strike","Inflame","Twin Strike"],"picked":"SKIP","floor":7},{"not_picked":["Disarm","Heavy Blade"],"picked":"Reckless Charge","floor":10},{"not_picked":["Cleave","Searing Blow","Havoc"],"picked":"SKIP","floor":12},{"not_picked":["Warcry","Havoc"],"picked":"Fiend Fire","floor":14}],"player_experience":706520,"relics_obtained":[{"floor":9,"key":"Regal Pillow"}],"event_choices":[{"damage_healed":0,"gold_gain":0,"player_choice":"Relic ","damage_taken":18,"max_hp_gain":0,"max_hp_loss":0,"event_name":"betterThird:BetterScrap","floor":2,"gold_loss":0,"cards_obtained":["Sanctity"]},{"cards_removed":["Defend_R"],"damage_healed":0,"gold_gain":0,"player_choice":"Card Removal","damage_taken":7,"max_hp_gain":0,"max_hp_loss":0,"event_name":"Golden Wing","floor":3,"gold_loss":0},{"damage_healed":0,"gold_gain":0,"player_choice":"Ignored","damage_taken":0,"max_hp_gain":0,"max_hp_loss":0,"event_name":"WeMeetAgain","floor":11,"gold_loss":0}],"is_beta":false,"boss_relics":[],"items_purged_floors":[],"is_endless":false,"potions_floor_spawned":[1,7,10],"killed_by":"The Guardian","ascension_level":3}}