{"host":"b6iqmq74l2bwzb3l","time":1608052743,"event":{"mods":["Astrologer","BaseMod","Colored Map","Colored Powertips","Googly Eyes","HololiveMod","MarisaÅiñ∂âJÅ@ñÇóùçπÅj","Minty Spire (QoL Compilation)","Quick Restart","StSLib","The Cursed"],"gold_per_floor":[117,117,117,130,150,177,196,196,242,242,242,317,317,333,333,434,434,447,459,477,316,316,344,344,344],"floor_reached":24,"playtime":1045,"items_purged":["astrologer:Defend"],"score":241,"play_id":"23668cd8-7577-424e-8d9d-a5608b8b7234","local_time":"20201216021903","is_ascension_mode":false,"campfire_choices":[{"data":"astrologer:Starfield","floor":8,"key":"SMITH"},{"data":"astrologer:Fireball","floor":11,"key":"SMITH"},{"data":"astrologer:NorthStar","floor":15,"key":"SMITH"}],"circlet_count":0,"master_deck":["astrologer:Defend","astrologer:Defend","astrologer:Defend","astrologer:NorthStar+1","astrologer:TheFool+1","astrologer:LonelyStar","astrologer:Radiance","astrologer:Fireball+1","astrologer:Starfield+1","astrologer:TheChariot","astrologer:Conjunction+1","astrologer:ReadTheStars+1","astrologer:Premeditation+1","astrologer:CrystalBall+1","astrologer:StarOfChange+1","astrologer:FadingStar","astrologer:ReadTheStars","astrologer:TheChariot"],"relics":["astrologer:SkyMirror","NeowsBlessing","Meat on the Bone","Akabeko","Astrolabe","Boot"],"acts_visited":["Exordium","TheCity"],"potions_floor_usage":[14,16,23],"damage_taken":[{"damage":0,"enemies":"2 Louse","floor":1,"turns":1},{"damage":0,"enemies":"Small Slimes","floor":4,"turns":1},{"damage":0,"enemies":"Cultist","floor":5,"turns":1},{"damage":37,"enemies":"3 Sentries","floor":6,"turns":10},{"damage":0,"enemies":"2 Fungi Beasts","floor":7,"turns":3},{"damage":0,"enemies":"Looter","floor":14,"turns":1},{"damage":35,"enemies":"Slime Boss","floor":16,"turns":8},{"damage":10,"enemies":"2 Thieves","floor":18,"turns":4},{"damage":21,"enemies":"Shell Parasite","floor":19,"turns":5},{"damage":15,"enemies":"Centurion and Healer","floor":20,"turns":5},{"damage":52,"enemies":"Book of Stabbing","floor":23,"turns":8},{"damage":0,"enemies":"Snake Plant","floor":24,"turns":2}],"seed_played":"-8488466539303102848","potions_obtained":[{"floor":4,"key":"PowerPotion"},{"floor":6,"key":"Regen Potion"},{"floor":16,"key":"FairyPotion"},{"floor":20,"key":"Fire Potion"}],"is_trial":false,"path_per_floor":["M","?","?","M","M","E","M","R","T","$","R","?","?","M","R","B",null,"M","M","M","$","?","E","M"],"character_chosen":"ASTROLOGER","items_purchased":["astrologer:FadingStar","astrologer:ReadTheStars"],"campfire_rested":0,"item_purchase_floors":[21,21],"current_hp_per_floor":[70,63,63,63,63,26,38,38,38,38,38,27,27,39,39,16,70,60,39,36,36,36,17,17,17],"gold":344,"neow_bonus":"THREE_ENEMY_KILL","is_daily":false,"chose_seed":false,"campfire_upgraded":3,"win_rate":0.0,"timestamp":1608052743,"path_taken":["M","?","?","M","M","E","?","R","T","$","R","?","?","M","R","BOSS","M","M","?","$","?","E","M"],"items_purchased_type":["Card","Card"],"build_version":"2020-12-13","purchased_purges":1,"victory":false,"max_hp_per_floor":[70,70,70,70,70,70,70,70,70,70,70,70,70,70,70,70,70,70,70,70,70,70,70,70,70],"card_choices":[{"not_picked":["astrologer:Still","astrologer:Radiance"],"picked":"astrologer:LonelyStar","floor":1},{"not_picked":["astrologer:CometStrike","astrologer:TheEmperor","astrologer:TheMoon"],"picked":"SKIP","floor":4},{"not_picked":["astrologer:SpaceDust","astrologer:Shine"],"picked":"astrologer:Radiance","floor":5},{"not_picked":["astrologer:SolarFlare","astrologer:SpaceDust"],"picked":"astrologer:Fireball","floor":6},{"not_picked":["astrologer:Stardust","astrologer:TheLovers"],"picked":"astrologer:Starfield","floor":7},{"not_picked":["astrologer:Moonlight","astrologer:Shine","astrologer:Prestidigitation"],"picked":"SKIP","floor":14},{"not_picked":["astrologer:TheWorld","astrologer:Death"],"picked":"astrologer:TheChariot","floor":16},{"not_picked":["astrologer:Radiance","astrologer:Eclipse","astrologer:Moonlight"],"picked":"SKIP","floor":18},{"not_picked":["astrologer:GlassStar","astrologer:StarOfRegret"],"picked":"astrologer:CrystalBall+1","floor":19},{"not_picked":["astrologer:Premeditation","astrologer:NeutronStar+1"],"picked":"astrologer:StarOfChange+1","floor":20},{"not_picked":["astrologer:Shine+1","astrologer:RejectReality","astrologer:Radiance"],"picked":"SKIP","floor":23}],"player_experience":309522,"relics_obtained":[{"floor":6,"key":"Meat on the Bone"},{"floor":9,"key":"Akabeko"},{"floor":23,"key":"Boot"}],"event_choices":[{"cards_removed":["astrologer:Strike"],"damage_healed":0,"gold_gain":0,"player_choice":"Card Removal","damage_taken":7,"max_hp_gain":0,"max_hp_loss":0,"event_name":"Golden Wing","floor":2,"gold_loss":0},{"damage_healed":0,"gold_gain":0,"player_choice":"Upgraded","damage_taken":0,"max_hp_gain":0,"max_hp_loss":0,"event_name":"Upgrade Shrine","floor":3,"gold_loss":0,"cards_upgraded":["astrologer:TheFool"]},{"damage_healed":0,"gold_gain":75,"player_choice":"Gather Gold","damage_taken":11,"max_hp_gain":0,"max_hp_loss":0,"event_name":"World of Goop","floor":12,"gold_loss":0},{"damage_healed":0,"gold_gain":0,"player_choice":"Ignored","damage_taken":0,"max_hp_gain":0,"max_hp_loss":0,"event_name":"NoteForYourself","floor":13,"gold_loss":0},{"damage_healed":0,"gold_gain":0,"player_choice":"Copied","damage_taken":0,"max_hp_gain":0,"max_hp_loss":0,"event_name":"Duplicator","floor":22,"gold_loss":0,"cards_obtained":["astrologer:TheChariot"]}],"is_beta":false,"boss_relics":[{"not_picked":["Empty Cage","SacredBark"],"picked":"Astrolabe"}],"items_purged_floors":[21],"is_endless":false,"potions_floor_spawned":[4,6,16,20],"killed_by":"Snake Plant","ascension_level":0}}