{"host":"Muxenle","time":1608063189,"event":{"mods":["BaseMod","Downfall","Minty Spire (QoL Compilation)","Relic Stats","StSLib"],"gold_per_floor":[99,99,24,24,24,24,49,83,96,21,6,6,23,42,54,151,151,151,151,151,151,101,101,101,101,101,101],"floor_reached":26,"playtime":1304,"items_purged":[],"score":251,"play_id":"369516c1-844b-4de5-8d23-b7672e95a633","local_time":"20201215121309","is_ascension_mode":false,"campfire_choices":[{"floor":1,"key":"RECALL"},{"data":"Guardian:Reroute","floor":3,"key":"SMITH"},{"data":"Guardian:Preprogram","floor":10,"key":"SMITH"},{"data":"Guardian:StasisField","floor":18,"key":"SMITH"}],"circlet_count":0,"master_deck":["Guardian:Strike_Guardian+1","Guardian:Strike_Guardian","Guardian:Strike_Guardian","Guardian:Defend_Guardian+1","Guardian:Defend_Guardian","Guardian:Defend_Guardian+1","Guardian:Defend_Guardian+1","Guardian:CurlUp","Guardian:TwinSlam","Guardian:Reroute+1","Regret","Guardian:Incinerate","Guardian:Preprogram+1","Guardian:Planning+1","Guardian:Repulse","Guardian:PolyBeam","Guardian:ShieldCharger","Guardian:GemFinder","Guardian:StasisField+1","Guardian:Gem_Red","Guardian:PrismaticBeam","Guardian:Gem_Cyan","Guardian:ShieldCharger","Guardian:Gem_Green","Guardian:Incinerate","Guardian:Gem_Green","Guardian:PrimingBeam","Guardian:Gem_Red","Guardian:ChargeCore"],"relics":["Guardian:ModeShifter","downfall:HeartsMalice","downfall:HeartBlessingRed","MealTicket","Mango","downfall:HeartBlessingGreen","Ectoplasm","War Paint"],"acts_visited":["Exordium","TheCity"],"potions_floor_usage":[21],"damage_taken":[{"damage":0,"enemies":"Jaw Worm","floor":2,"turns":1},{"damage":0,"enemies":"2 Louse","floor":6,"turns":1},{"damage":0,"enemies":"Lagavulin","floor":8,"turns":1},{"damage":2,"enemies":"Cultist","floor":9,"turns":3},{"damage":3,"enemies":"downfall:FleeingMerchant","floor":11,"turns":4},{"damage":3,"enemies":"Blue Slaver","floor":13,"turns":3},{"damage":10,"enemies":"Exordium Thugs","floor":14,"turns":3},{"damage":5,"enemies":"3 Louse","floor":15,"turns":3},{"damage":51,"enemies":"downfall:Silent","floor":16,"turns":13},{"damage":0,"enemies":"3 Byrds","floor":19,"turns":6},{"damage":56,"enemies":"Book of Stabbing","floor":20,"turns":8},{"damage":23,"enemies":"Chosen","floor":21,"turns":8},{"damage":21,"enemies":"Shelled Parasite and Fungi","floor":23,"turns":8},{"damage":21,"enemies":"Centurion and Healer","floor":25,"turns":9},{"damage":11,"enemies":"Snake Plant","floor":26,"turns":2}],"seed_played":"-5946679190997366828","potions_obtained":[{"floor":9,"key":"Guardian:BlockOnCardUsePotion"},{"floor":13,"key":"sneckomod:MuddlingPotion"},{"floor":14,"key":"SpeedPotion"},{"floor":16,"key":"DistilledChaos"},{"floor":23,"key":"Block Potion"}],"is_trial":false,"path_per_floor":["R","M","R","?","?","M","T","E","M","R","$","?","M","M","M","B",null,"R","M","E","M","?","M","T","M","M"],"character_chosen":"GUARDIAN","items_purchased":[],"campfire_rested":0,"item_purchase_floors":[],"current_hp_per_floor":[80,80,80,80,80,80,80,94,92,92,91,91,88,78,73,22,94,94,94,38,15,49,28,28,7,0,0],"gold":101,"neow_bonus":"THREE_ENEMY_KILL","is_daily":false,"chose_seed":false,"campfire_upgraded":3,"win_rate":0.0,"timestamp":1608063189,"path_taken":["R","M","R","?","?","M","T","E","M","R","$","?","M","M","M","BOSS","R","M","E","M","?","M","T","M","M"],"items_purchased_type":[],"build_version":"2020-12-07","purchased_purges":0,"victory":false,"max_hp_per_floor":[80,80,80,80,80,80,80,94,94,94,94,94,94,94,94,94,94,94,94,94,94,94,94,94,94,94,94],"relic_stats":{"counters":[15,70],"MealTicket":2,"Ectoplasm":112,"War Paint":["Guardian:Planning","Guardian:Defend_Guardian"],"obtain_stats":[{"downfall:HeartBlessingRed":3,"Guardian:ModeShifter":0,"downfall:HeartsMalice":0,"MealTicket":7,"Mango":8,"downfall:HeartBlessingGreen":10,"Ectoplasm":17,"War Paint":20},{"downfall:HeartBlessingRed":1,"Guardian:ModeShifter":0,"downfall:HeartsMalice":0,"MealTicket":2,"Mango":3,"downfall:HeartBlessingGreen":4,"Ectoplasm":9,"War Paint":11},{"downfall:HeartBlessingRed":0,"Guardian:ModeShifter":0,"downfall:HeartsMalice":0,"MealTicket":0,"Mango":0,"downfall:HeartBlessingGreen":3,"Ectoplasm":29,"War Paint":43}]},"card_choices":[{"not_picked":["Guardian:WalkerClaw","Guardian:VentSteam"],"picked":"Guardian:Reroute","floor":2},{"not_picked":["Guardian:EvasiveProtocol","Guardian:PrimingBeam"],"picked":"Guardian:Incinerate","floor":6},{"not_picked":["Guardian:RefractedBeam","Guardian:Gem_Cyan"],"picked":"Guardian:Preprogram","floor":8},{"not_picked":["Guardian:Gem_Cyan","Guardian:GuardianWhirl"],"picked":"Guardian:Planning","floor":9},{"not_picked":["Guardian:Gem_Lightblue","Guardian:VentSteam"],"picked":"Guardian:Repulse","floor":11},{"not_picked":["Guardian:PiercingHide","Guardian:Recover"],"picked":"Guardian:PolyBeam","floor":13},{"not_picked":["Guardian:WalkerClaw","Guardian:ArmoredProtocol"],"picked":"Guardian:ShieldCharger","floor":14},{"not_picked":["Guardian:VentSteam","Guardian:EvasiveProtocol"],"picked":"Guardian:GemFinder","floor":15},{"not_picked":["Guardian:Gem_Cyan","Guardian:Gem_Green"],"picked":"Guardian:Gem_Red","floor":16},{"not_picked":["Guardian:SphericShield","Guardian:GemFire"],"picked":"Guardian:StasisField","floor":16},{"not_picked":["Guardian:Gem_Cyan","Guardian:Gem_Green"],"picked":"Guardian:Gem_Red","floor":19},{"not_picked":["Guardian:Planning","Guardian:PrimingBeam"],"picked":"Guardian:PrismaticBeam","floor":19},{"not_picked":["Guardian:Gem_Lightblue","Guardian:Gem_Red"],"picked":"Guardian:Gem_Cyan","floor":20},{"not_picked":["Guardian:Gem_Lightblue","Guardian:Gem_Green"],"picked":"Guardian:ShieldCharger","floor":20},{"not_picked":["Guardian:Gem_Lightblue","Guardian:Gem_Cyan"],"picked":"Guardian:Gem_Green","floor":21},{"not_picked":["Guardian:VentSteam","Guardian:Gem_Red"],"picked":"Guardian:Incinerate","floor":21},{"not_picked":["Guardian:Gem_Lightblue","Guardian:Gem_Red"],"picked":"Guardian:Gem_Green","floor":23},{"not_picked":["Guardian:Gem_Red","Guardian:Recover+1"],"picked":"Guardian:PrimingBeam","floor":23},{"not_picked":["Guardian:Gem_Green","Guardian:Gem_Lightblue"],"picked":"Guardian:Gem_Red","floor":25},{"not_picked":["Guardian:Gem_Cyan","Guardian:Repulse"],"picked":"Guardian:ChargeCore","floor":25}],"player_experience":1754738,"relics_obtained":[{"floor":7,"key":"MealTicket"},{"floor":8,"key":"Mango"},{"floor":20,"key":"War Paint"}],"event_choices":[{"damage_healed":0,"gold_gain":0,"player_choice":"Ignored","damage_taken":0,"max_hp_gain":0,"max_hp_loss":0,"event_name":"NoteForYourself","floor":12,"gold_loss":0}],"is_beta":true,"boss_relics":[{"not_picked":["SlaversCollar","Pandora\u0027s Box"],"picked":"Ectoplasm"}],"items_purged_floors":[],"is_endless":false,"potions_floor_spawned":[9,13,14,16,19,23,25],"killed_by":"Snake Plant","ascension_level":0}}