{"host":"l8lm1goh5xm9tkuw","time":1608011558,"event":{"mods":["Act Like it!","Alarm Clock","Astrologer","BaseMod","Colored Map","Colored Powertips","GungeonMod","Hermit","KinomotoSakuraMod(Ä¾Ö®±¾Ó£)","KomeijiMod","Library of Ruina","Library of Ruina Extra","Lobotomy","LobotomyExtend","Marisa£¨ìFÓê¡¡Ä§ÀíÉ³£©","Minty Spire (QoL Compilation)","MostiFishMod","Quick Restart","Replay The Spire","Shade Mod","StSLib","TestMod","The Animator","The Bug Knight","The Hierophant","UnlockEverythingMod","Yuri Mod","vexMod","¡¾ÒÅÎï¿¨ÅÆ¡¿REMEMod"],"gold_per_floor":[110,123,186,202,216,243,258,288,288,56,77,77,3,21,21,116,116,129,0,25,25,25,64,64,519,519,555,577,577,614,637,637,725,725,752,776,813,469,490,536,562,598,598,598,634,663,704,734,734,779,917,917],"floor_reached":53,"playtime":2768,"items_purged":["Strike_P","Strike_P"],"score":1986,"play_id":"3f5ba32c-ebf7-4e53-a835-aa24c3843fda","local_time":"20201215135238","is_ascension_mode":true,"campfire_choices":[{"data":"Prostrate","floor":15.0,"key":"SMITH"},{"data":"Eruption","floor":24.0,"key":"SMITH"},{"data":"MostiFishMod:LegendTransform","floor":29.0,"key":"SMITH"},{"data":"Conclude","floor":32.0,"key":"SMITH"},{"data":"CutThroughFate","floor":44,"key":"SMITH"},{"data":"BowlingBash","floor":49,"key":"SMITH"}],"circlet_count":0,"master_deck":["AscendersBane","Strike_P","Strike_P","Defend_P","Defend_P","Defend_P","Defend_P","Eruption+1","Vigilance","BowlingBash+1","CutThroughFate+1","Conclude+1","Sanctity","FearNoEvil","Prostrate+1","MostiFishMod:LegendTransform+1","MostiFishMod:StarLaLaLa+1","ClearTheMind+1","Tantrum","Wish+1","Scrawl+1","FlurryOfBlows","Blasphemy+1","Wallop+1","Evaluate+1","Tantrum+1"],"relics":["DaveBox","testmod-TestBox","REME_ComplimentaryCards","testmod-DeterminationOfClimber","testmod-AssaultLearning","SynthV:C4","Question Card","LetterFromLob","Dream Catcher","DemoMod:LamentConfigurum","Toxic Egg 2","MealTicket","ImportantClient","ShadowXiaoBlade","testmod-Acrobat","DemoMod:Antibody","Onion Ring","Old Coin","PageOfAlriune","Replay:Bottled Snecko","PageOfTheKnightOfDespair","PageOfGreed","Replay:Bronze Core","Vajra","ReplayTheSpireMod:TigerMarble","REME_HourglassOfDeath","PageOfTheQueenOfHatred","PageOfWrath","PageOfNihil","Unceasing Top","testmod-CrystalShield"],"acts_visited":["Exordium","TheCity","TheBeyond"],"potions_floor_usage":[51],"damage_taken":[{"damage":1.0,"enemies":"2 Louse","floor":1.0,"turns":2.0},{"damage":0.0,"enemies":"Cultist","floor":2.0,"turns":3.0},{"damage":6.0,"enemies":"Jaw Worm","floor":4.0,"turns":3.0},{"damage":4.0,"enemies":"3 Louse","floor":5.0,"turns":5.0},{"damage":0.0,"enemies":"3 Sentries","floor":6.0,"turns":3.0},{"damage":2.0,"enemies":"Blue Slaver","floor":7.0,"turns":5.0},{"damage":6.0,"enemies":"Gremlin Nob","floor":8.0,"turns":3.0},{"damage":0.0,"enemies":"2 Fungi Beasts","floor":11.0,"turns":1.0},{"damage":10.0,"enemies":"Exordium Thugs","floor":14.0,"turns":4.0},{"damage":12.0,"enemies":"Fading Forest","floor":16.0,"turns":13.0},{"damage":9.0,"enemies":"Spheric Guardian","floor":18.0,"turns":4.0},{"damage":7.0,"enemies":"2 Thieves","floor":20.0,"turns":2.0},{"damage":0.0,"enemies":"Book of Stabbing","floor":23.0,"turns":2.0},{"damage":0.0,"enemies":"Gremlin Leader","floor":25.0,"turns":4.0},{"damage":7.0,"enemies":"Replay:Snechameleon","floor":27.0,"turns":4.0},{"damage":0.0,"enemies":"Shelled Parasite and Fungi","floor":28.0,"turns":1.0},{"damage":13.0,"enemies":"Book of Stabbing","floor":30.0,"turns":4.0},{"damage":0.0,"enemies":"Cultist and Chosen","floor":31.0,"turns":2.0},{"damage":1.0,"enemies":"Champ","floor":33.0,"turns":3.0},{"damage":0.0,"enemies":"3 Darklings","floor":35.0,"turns":2.0},{"damage":41.0,"enemies":"3 Shapes","floor":36.0,"turns":3.0},{"damage":24.0,"enemies":"Sphere and 2 Shapes","floor":37.0,"turns":3.0},{"damage":0.0,"enemies":"Maw","floor":39.0,"turns":2.0},{"damage":0,"enemies":"Giant Head","floor":40,"turns":3},{"damage":0,"enemies":"Spire Growth","floor":41,"turns":1},{"damage":0,"enemies":"R_Hoarder","floor":42,"turns":2},{"damage":52,"enemies":"Nemesis","floor":45,"turns":4},{"damage":0,"enemies":"4 Shapes","floor":46,"turns":2},{"damage":10,"enemies":"Nemesis","floor":47,"turns":4},{"damage":0,"enemies":"Jaw Worm Horde","floor":48,"turns":1},{"damage":27,"enemies":"Donu and Deca","floor":50,"turns":4},{"damage":0,"enemies":"Replay:Hell Engine","floor":51,"turns":2}],"seed_played":"796628890850159477","potions_obtained":[{"floor":2.0,"key":"SkillPotion"},{"floor":4.0,"key":"SneckoOil"},{"floor":7.0,"key":"GamblersBrew"},{"floor":8.0,"key":"LiquidMemories"},{"floor":16.0,"key":"DuplicationPotion"},{"floor":27.0,"key":"PowerPotion"},{"floor":33.0,"key":"Explosive Potion"},{"floor":37.0,"key":"Energy Potion"}],"is_trial":false,"path_per_floor":["M","M","?","M","M","E","M","E","T","$","M","E","$","M","R","B",null,"M","?","M","?","?","E","R","E","T","E","M","R","E","M","R","B",null,"M","M","M","$","M","E","M","E","T","R","E","M","E","M","R","B","B",null,null],"character_chosen":"WATCHER","items_purchased":["MealTicket","MostiFishMod:LegendTransform","Vajra","ReplayTheSpireMod:TigerMarble"],"campfire_rested":0,"item_purchase_floors":[10,13,38,38],"current_hp_per_floor":[61,62,35,31,29,30,31,28,28,28,30,68,68,60,60,68,68,60,60,55,55,55,61,61,68,68,63,64,64,55,61,61,67,68,68,31,20,50,62,68,68,68,68,68,45,61,68,68,68,68,68,68],"gold":917,"neow_bonus":"BOSS_RELIC","is_daily":false,"chose_seed":false,"campfire_upgraded":6,"win_rate":0.0,"timestamp":1608011558,"path_taken":["M","M","?","M","M","E","M","E","T","?","M","E","$","M","R","BOSS","M","?","M","?","?","E","R","E","T","E","M","R","E","M","R","BOSS","M","M","M","$","M","E","M","E","T","R","E","M","E","M","R","BOSS","BOSS"],"items_purchased_type":["Relic","Card","Relic","Relic"],"build_version":"2020-12-13","purchased_purges":2,"victory":true,"max_hp_per_floor":[68,68,68,68,68,68,68,68,68,68,68,68,68,68,68,68,68,68,68,68,68,68,68,68,68,68,68,68,68,68,68,68,68,68,68,68,68,68,68,68,68,68,68,68,68,68,68,68,68,68,68,68],"card_choices":[{"not_picked":["Indignation","EmptyBody","Worship"],"picked":"SKIP","floor":1.0},{"not_picked":["Indignation","ThirdEye","SashWhip"],"picked":"BowlingBash","floor":2.0},{"not_picked":["EmptyFist","FlyingSleeves","DeceiveReality"],"picked":"CutThroughFate","floor":3.0},{"not_picked":["Replay:DivineShield","CrushJoints","Judgement"],"picked":"Conclude","floor":3.0},{"not_picked":["Crescendo","WindmillStrike","Replay:Cycle"],"picked":"Sanctity","floor":4.0},{"not_picked":["Replay:Anticipation","Conclude","Halt"],"picked":"FearNoEvil","floor":5.0},{"not_picked":["Replay:Vibes","Swivel","FollowUp","MostiFishMod:StarHerder"],"picked":"SKIP","floor":6.0},{"not_picked":["ThirdEye","WreathOfFlame","DeceiveReality"],"picked":"Prostrate","floor":7.0},{"not_picked":["FollowUp","Prostrate","Wireheading","CrushJoints"],"picked":"SKIP","floor":8.0},{"not_picked":["MostiFishMod:Moonprays+1","Prostrate+1","SandsOfTime","BattleHymn"],"picked":"SKIP","floor":11.0},{"not_picked":["FollowUp","CrushJoints","Protect+1","Replay:Vibes+1"],"picked":"SKIP","floor":14.0},{"not_picked":["Replay:LoomingThreat","SpiritShield+1","MostiFishMod:MemoryFragments+1"],"picked":"MostiFishMod:StarLaLaLa+1","floor":16.0},{"not_picked":["Crescendo+1","CrushJoints","JustLucky+1","Replay:BluntJabs"],"picked":"SKIP","floor":18.0},{"not_picked":["Replay:Hum+1","SashWhip","SandsOfTime"],"picked":"ClearTheMind+1","floor":19.0},{"not_picked":["Conclude","EmptyFist","Protect+1"],"picked":"Tantrum","floor":20.0},{"not_picked":["Wireheading","CutThroughFate+1","Evaluate+1"],"picked":"Wish+1","floor":23.0},{"not_picked":["Evaluate+1","Indignation+1","Weave","Halt+1"],"picked":"SKIP","floor":25.0},{"not_picked":["Evaluate+1","ClearTheMind+1","Indignation+1"],"picked":"Scrawl+1","floor":27.0},{"not_picked":["Protect+1","FlyingSleeves","Perseverance+1","Halt+1"],"picked":"SKIP","floor":28.0},{"not_picked":["REME_Repentance+1","Consecrate","WreathOfFlame+1"],"picked":"FlurryOfBlows","floor":30.0},{"not_picked":["ClearTheMind+1","PathToVictory+1","Study","Halt+1"],"picked":"SKIP","floor":31.0},{"not_picked":["REME_CRH+1","Replay:AllIn+1","MostiFishMod:Pointsdynamics"],"picked":"Blasphemy+1","floor":33.0},{"not_picked":["Replay:Anticipation+1","Replay:AtTheReady+1","CrushJoints","Conclude"],"picked":"SKIP","floor":35.0},{"not_picked":["Protect+1","REME_MusicOfDeath","ThirdEye+1","CutThroughFate"],"picked":"SKIP","floor":36.0},{"not_picked":["EmptyBody+1","MostiFishMod:Moonprays+1","MostiFishMod:LegendTransform"],"picked":"Wallop+1","floor":37.0},{"not_picked":["PathToVictory+1","Crescendo+1","CrushJoints+1","Sanctity+1"],"picked":"SKIP","floor":39.0},{"not_picked":["FlyingSleeves","FlurryOfBlows","Halt+1","Crescendo+1"],"picked":"SKIP","floor":40},{"not_picked":["JustLucky+1","Crescendo+1","Halt+1","CutThroughFate"],"picked":"SKIP","floor":41},{"not_picked":["MostiFishMod:LegendTransform","MasterReality","FearNoEvil"],"picked":"Evaluate+1","floor":42},{"not_picked":["Nirvana+1","Halt+1","Replay:BluntJabs+1","Consecrate"],"picked":"SKIP","floor":45},{"not_picked":["Weave","Crescendo+1","MostiFishMod:CyberBuddha+1","REME_Repentance+1"],"picked":"SKIP","floor":46},{"not_picked":["CrushJoints","REME_WorshipGod+1","WheelKick"],"picked":"Tantrum+1","floor":47},{"not_picked":["EmptyBody+1","ThirdEye+1","REME_Repentance+1","PathToVictory+1"],"picked":"SKIP","floor":48}],"player_experience":317470,"relics_obtained":[{"floor":1.0,"key":"Question Card"},{"floor":1.0,"key":"LetterFromLob"},{"floor":3.0,"key":"Dream Catcher"},{"floor":8.0,"key":"DemoMod:LamentConfigurum"},{"floor":9.0,"key":"Toxic Egg 2"},{"floor":16.0,"key":"ImportantClient"},{"floor":19.0,"key":"testmod-Acrobat"},{"floor":23.0,"key":"DemoMod:Antibody"},{"floor":25.0,"key":"Old Coin"},{"floor":26.0,"key":"PageOfAlriune"},{"floor":27.0,"key":"Replay:Bottled Snecko"},{"floor":30.0,"key":"PageOfTheKnightOfDespair"},{"floor":40,"key":"PageOfTheQueenOfHatred"},{"floor":42,"key":"PageOfWrath"},{"floor":45,"key":"PageOfNihil"},{"floor":47,"key":"Unceasing Top"}],"event_choices":[{"damage_healed":0.0,"max_hp_gain":0.0,"max_hp_loss":0.0,"gold_gain":0.0,"event_name":"The Mausoleum","player_choice":"Ignored","floor":21.0,"gold_loss":0.0,"damage_taken":0.0},{"damage_healed":0.0,"max_hp_gain":0.0,"max_hp_loss":0.0,"gold_gain":0.0,"event_name":"Vampires","player_choice":"Ignored","floor":22.0,"gold_loss":0.0,"damage_taken":0.0}],"is_beta":false,"boss_relics":[{"not_picked":["vexMod:ImprovementManual","MoonlightInvasionPlan"],"picked":"ShadowXiaoBlade"},{"not_picked":["testmod-KeyOfTheVoid","FixedStarFall"],"picked":"Replay:Bronze Core"}],"items_purged_floors":[10,38],"is_endless":false,"potions_floor_spawned":[2,4,7,8,14,16,27,28,30,31,33,35,37,39,41,46],"ascension_level":20}}