{"host":"k8gerrcpv9xe1nxe","time":1608000787,"event":{"mods":["2.2 Compatiblity","AchievementEnabler","BaseMod","Bestiary","Minty Spire (QoL Compilation)","Relic Stats","StSLib"],"gold_per_floor":[118,130,142,161,18,50,69,104,129,163,182,182,209,43,43,141,141,152,5,104,124,124,151,151,170,194,210,62,96,366,391,391,494,494,511,522,118,172,182,217,230,265,265,306,306,325,335,75,75,75],"floor_reached":51,"playtime":2312,"items_purged":["Strike_P","Strike_P"],"score":1080,"play_id":"98362b0a-4d87-4bc5-9360-f4c8a79d3bae","local_time":"20201214215307","is_ascension_mode":true,"campfire_choices":[{"data":"Wallop","floor":12.0,"key":"SMITH"},{"data":"Vault","floor":15.0,"key":"SMITH"},{"floor":24.0,"key":"REST"},{"floor":32,"key":"REST"},{"floor":45,"key":"REST"},{"floor":49,"key":"REST"}],"circlet_count":0,"master_deck":["Strike_P+1","Defend_P","Defend_P","Defend_P","Defend_P","Eruption","Vigilance","SashWhip","Conclude","WheelKick","ThirdEye","Wallop+1","SpiritShield","FlurryOfBlows","Vault+1","Protect","EmptyFist","Wallop+1","Wireheading","Halt","Scrawl","CutThroughFate+1","TalkToTheHand","DevaForm","TalkToTheHand+1","Worship+1"],"relics":["PureWater","NeowsBlessing","Ancient Tea Set","Whetstone","Orichalcum","Centennial Puzzle","Pen Nib","Fusion Hammer","Vajra","Regal Pillow","Potion Belt","ClockworkSouvenir","Pantograph","Pear","Runic Pyramid","Incense Burner","StoneCalendar","Dead Branch","Toxic Egg 2","Lizard Tail","CeramicFish","Bag of Preparation"],"acts_visited":["Exordium","TheCity","TheBeyond"],"potions_floor_usage":[30,31,38,50,50],"damage_taken":[{"damage":0.0,"enemies":"Cultist","floor":1.0,"turns":1.0},{"damage":0.0,"enemies":"2 Louse","floor":2.0,"turns":2.0},{"damage":0.0,"enemies":"Jaw Worm","floor":3.0,"turns":1.0},{"damage":0.0,"enemies":"Looter","floor":4.0,"turns":1.0},{"damage":9.0,"enemies":"Gremlin Nob","floor":6.0,"turns":3.0},{"damage":0.0,"enemies":"Blue Slaver","floor":7.0,"turns":2.0},{"damage":11.0,"enemies":"Lagavulin","floor":8.0,"turns":5.0},{"damage":16.0,"enemies":"Gremlin Nob","floor":10.0,"turns":6.0},{"damage":0.0,"enemies":"Lots of Slimes","floor":11.0,"turns":1.0},{"damage":0.0,"enemies":"Lagavulin","floor":13.0,"turns":2.0},{"damage":3.0,"enemies":"Hexaghost","floor":16.0,"turns":8.0},{"damage":0.0,"enemies":"2 Thieves","floor":18.0,"turns":3.0},{"damage":0.0,"enemies":"Spheric Guardian","floor":21.0,"turns":3.0},{"damage":2.0,"enemies":"Gremlin Leader","floor":23.0,"turns":4.0},{"damage":0.0,"enemies":"3 Cultists","floor":25.0,"turns":4.0},{"damage":0,"enemies":"Centurion and Healer","floor":27,"turns":6},{"damage":18,"enemies":"Book of Stabbing","floor":29,"turns":6},{"damage":2,"enemies":"Gremlin Leader","floor":31,"turns":4},{"damage":62,"enemies":"Champ","floor":33,"turns":11},{"damage":3,"enemies":"Orb Walker","floor":35,"turns":3},{"damage":26,"enemies":"3 Darklings","floor":36,"turns":4},{"damage":1,"enemies":"2 Orb Walkers","floor":38,"turns":5},{"damage":25,"enemies":"Transient","floor":39,"turns":5},{"damage":0,"enemies":"Giant Head","floor":40,"turns":9},{"damage":7,"enemies":"Sphere and 2 Shapes","floor":41,"turns":7},{"damage":15,"enemies":"Nemesis","floor":42,"turns":6},{"damage":0,"enemies":"Giant Head","floor":44,"turns":7},{"damage":21,"enemies":"Spire Growth","floor":46,"turns":3},{"damage":0,"enemies":"Maw","floor":47,"turns":5},{"damage":5,"enemies":"Awakened One","floor":50,"turns":11}],"seed_played":"1157387140712678083","potions_obtained":[{"floor":1.0,"key":"DuplicationPotion"},{"floor":2.0,"key":"DuplicationPotion"},{"floor":6.0,"key":"EssenceOfSteel"},{"floor":7.0,"key":"GamblersBrew"},{"floor":10.0,"key":"Strength Potion"},{"floor":18.0,"key":"BlessingOfTheForge"},{"floor":29,"key":"Weak Potion"},{"floor":35,"key":"SpeedPotion"},{"floor":39,"key":"DuplicationPotion"},{"floor":42,"key":"FearPotion"},{"floor":47,"key":"Energy Potion"}],"is_trial":false,"path_per_floor":["M","M","M","M","$","E","M","E","T","E","M","R","E","$","R","B",null,"M","$","?","M","?","E","R","M","T","M","$","E","?","E","R","B",null,"M","M","$","?","M","E","M","E","T","E","R","M","M","$","R","B",null],"character_chosen":"WATCHER","items_purchased":["Wallop","SpiritShield","Wireheading","Halt","Vajra","ClockworkSouvenir","Incense Burner","Bag of Preparation","Worship+1","PowerPotion"],"campfire_rested":4,"item_purchase_floors":[5,5,14,14,19,28,37,48,48,48],"current_hp_per_floor":[72,72,72,72,72,63,63,52,52,36,36,36,36,36,36,33,72,72,72,72,72,72,70,72,72,72,72,72,54,26,34,75,25,87,84,58,58,57,32,32,25,10,10,10,51,30,30,30,71,82],"gold":75,"neow_bonus":"THREE_ENEMY_KILL","is_daily":false,"chose_seed":false,"campfire_upgraded":2,"win_rate":0.0,"timestamp":1608000787,"path_taken":["M","?","M","M","$","E","M","E","T","E","M","R","E","?","R","BOSS","M","$","?","M","?","E","R","?","T","M","$","E","?","E","R","BOSS","M","M","?","?","M","E","M","E","T","E","R","M","M","?","R","BOSS"],"items_purchased_type":["Card","Card","Card","Card","Relic","Relic","Relic","Relic","Card","Potion"],"build_version":"2020-12-13","purchased_purges":2,"victory":true,"max_hp_per_floor":[72,72,72,72,72,72,72,72,72,72,72,72,72,72,72,72,72,72,72,72,72,72,72,72,72,72,72,72,72,77,87,87,87,87,87,87,87,87,87,87,87,87,87,87,87,87,87,87,87,87],"relic_stats":{"Regal Pillow":45,"counters":[30,138],"Dead Branch":[28],"CeramicFish":18,"StoneCalendar":[104],"Pen Nib":[28],"Bag of Preparation":[2],"Whetstone":["Wallop","Strike_P"],"Orichalcum":[120],"Centennial Puzzle":[37],"Lizard Tail":0,"Pantograph":28,"obtain_stats":[{"Potion Belt":26,"Regal Pillow":23,"Pear":31,"NeowsBlessing":0,"Dead Branch":40,"CeramicFish":44,"Vajra":19,"StoneCalendar":38,"Pen Nib":13,"Incense Burner":37,"Bag of Preparation":48,"Whetstone":8,"Orichalcum":9,"Ancient Tea Set":6,"ClockworkSouvenir":28,"Centennial Puzzle":10,"Lizard Tail":43,"Pantograph":29,"Fusion Hammer":17,"PureWater":0,"Toxic Egg 2":42,"Runic Pyramid":34},{"Potion Belt":15,"Regal Pillow":14,"Pear":18,"NeowsBlessing":0,"Dead Branch":24,"CeramicFish":27,"Vajra":12,"StoneCalendar":22,"Pen Nib":10,"Incense Burner":21,"Bag of Preparation":29,"Whetstone":7,"Orichalcum":7,"Ancient Tea Set":5,"ClockworkSouvenir":16,"Centennial Puzzle":8,"Lizard Tail":26,"Pantograph":17,"Fusion Hammer":11,"PureWater":0,"Toxic Egg 2":26,"Runic Pyramid":19},{"Potion Belt":46,"Regal Pillow":42,"Pear":62,"NeowsBlessing":0,"Dead Branch":99,"CeramicFish":119,"Vajra":35,"StoneCalendar":85,"Pen Nib":24,"Incense Burner":80,"Bag of Preparation":127,"Whetstone":15,"Orichalcum":15,"Ancient Tea Set":8,"ClockworkSouvenir":52,"Centennial Puzzle":21,"Lizard Tail":112,"Pantograph":58,"Fusion Hammer":32,"PureWater":0,"Toxic Egg 2":112,"Runic Pyramid":73}]},"card_choices":[{"not_picked":["InnerPeace","Prostrate"],"picked":"SashWhip","floor":1.0},{"not_picked":["Halt","ClearTheMind"],"picked":"Conclude","floor":2.0},{"not_picked":["Sanctity","Meditate"],"picked":"WheelKick","floor":3.0},{"not_picked":["DeceiveReality","ClearTheMind"],"picked":"ThirdEye","floor":4.0},{"not_picked":["WheelKick","Fasting2"],"picked":"FlurryOfBlows","floor":6.0},{"not_picked":["FollowUp","Meditate"],"picked":"Vault","floor":7.0},{"not_picked":["BattleHymn","Crescendo"],"picked":"Protect","floor":8.0},{"not_picked":["Vengeance","ForeignInfluence"],"picked":"EmptyFist","floor":10.0},{"not_picked":["Study","FlyingSleeves"],"picked":"Wallop","floor":11.0},{"not_picked":["Evaluate","FlurryOfBlows","ThirdEye"],"picked":"SKIP","floor":13.0},{"not_picked":["Alpha","Ragnarok"],"picked":"Scrawl","floor":16.0},{"not_picked":["JustLucky","MentalFortress","EmptyFist"],"picked":"SKIP","floor":18.0},{"not_picked":["WreathOfFlame","CrushJoints+1"],"picked":"CutThroughFate+1","floor":21.0},{"not_picked":["BowlingBash","CrushJoints","Vengeance"],"picked":"SKIP","floor":23.0},{"not_picked":["Protect","Wireheading","Conclude"],"picked":"SKIP","floor":25.0},{"not_picked":["Judgement","Prostrate"],"picked":"TalkToTheHand","floor":27},{"not_picked":["Crescendo","BowlingBash","Halt"],"picked":"SKIP","floor":29},{"not_picked":["FlurryOfBlows","SashWhip","CarveReality"],"picked":"SKIP","floor":31},{"not_picked":["MasterReality","SpiritShield"],"picked":"DevaForm","floor":33},{"not_picked":["SashWhip+1","WreathOfFlame","Worship"],"picked":"SKIP","floor":35},{"not_picked":["Evaluate+1","WindmillStrike+1","FearNoEvil"],"picked":"SKIP","floor":36},{"not_picked":["WheelKick+1","SandsOfTime+1","MentalFortress"],"picked":"SKIP","floor":39},{"not_picked":["CrushJoints","WaveOfTheHand","WheelKick"],"picked":"SKIP","floor":40},{"not_picked":["FearNoEvil+1","BowlingBash+1","PathToVictory"],"picked":"SKIP","floor":41},{"not_picked":["Judgement+1","MentalFortress","BowlingBash+1"],"picked":"SKIP","floor":42},{"not_picked":["ForeignInfluence+1","Crescendo+1"],"picked":"TalkToTheHand+1","floor":44},{"not_picked":["PathToVictory+1","Vengeance+1","FlyingSleeves+1"],"picked":"SKIP","floor":46},{"not_picked":["Collect+1","ForeignInfluence+1","Nirvana"],"picked":"SKIP","floor":47}],"player_experience":58032,"relics_obtained":[{"floor":6.0,"key":"Ancient Tea Set"},{"floor":8.0,"key":"Whetstone"},{"floor":9.0,"key":"Orichalcum"},{"floor":10.0,"key":"Centennial Puzzle"},{"floor":13.0,"key":"Pen Nib"},{"floor":23.0,"key":"Regal Pillow"},{"floor":26.0,"key":"Potion Belt"},{"floor":29,"key":"Pantograph"},{"floor":31,"key":"Pear"},{"floor":38,"key":"StoneCalendar"},{"floor":40,"key":"Dead Branch"},{"floor":42,"key":"Toxic Egg 2"},{"floor":43,"key":"Lizard Tail"},{"floor":44,"key":"CeramicFish"}],"event_choices":[{"damage_healed":0.0,"max_hp_gain":0.0,"max_hp_loss":0.0,"gold_gain":99.0,"event_name":"Nest","player_choice":"Stole From Cult","floor":20.0,"gold_loss":0.0,"damage_taken":0.0},{"cards_removed":["Strike_P"],"damage_healed":0.0,"max_hp_gain":0.0,"max_hp_loss":0.0,"gold_gain":0.0,"event_name":"Purifier","player_choice":"Purged","floor":22.0,"gold_loss":0.0,"damage_taken":0.0},{"damage_healed":0,"gold_gain":270,"player_choice":"GOLD GOLD POTION GOLD ","damage_taken":33,"max_hp_gain":0,"max_hp_loss":0,"event_name":"Knowing Skull","floor":30,"potions_obtained":["Fruit Juice"],"gold_loss":0,"cards_obtained":[]},{"damage_healed":0,"gold_gain":0,"player_choice":"Fight","damage_taken":0,"max_hp_gain":0,"max_hp_loss":0,"event_name":"Mysterious Sphere","floor":38,"gold_loss":0}],"is_beta":false,"boss_relics":[{"not_picked":["VioletLotus","Philosopher\u0027s Stone"],"picked":"Fusion Hammer"},{"not_picked":["Calling Bell","Coffee Dripper"],"picked":"Runic Pyramid"}],"items_purged_floors":[14,37],"is_endless":false,"potions_floor_spawned":[1,2,6,7,10,18,29,35,39,42,47],"ascension_level":3}}