{"host":"mvq3y0vr4azttkc6","time":1608047831,"event":{"mods":["BaseMod","Colored Powertips","Minty Spire (QoL Compilation)","Replay The Spire","StSLib"],"gold_per_floor":[111,111,125,125,125,157,169,169,169,198,163,163,174,192,192,290,290,310,409,422,9,9,340,340,340,340],"floor_reached":25,"playtime":1265,"items_purged":["Normality"],"score":293,"play_id":"6a10a56c-11ac-4553-bd80-8114a809688b","local_time":"20201215185711","is_ascension_mode":true,"campfire_choices":[{"floor":8.0,"key":"REST"},{"floor":15,"key":"REST"},{"floor":24,"key":"REST"}],"circlet_count":0,"master_deck":["Strike_R","Strike_R","Strike_R","Strike_R","Defend_R","Defend_R","Defend_R","Defend_R","Bash","Hemokinesis","Feed","Body Slam","Cleave","Pommel Strike","Body Slam","Demon Form","Barricade","Rampage","Pommel Strike+1","True Grit","Decay","Entrench"],"relics":["Black Blood","NeowsBlessing","Girya","Question Card","ReplayTheSpireMod:Shallot","Ring of Searing","ReplayTheSpireMod:Ring of Exchange","Thread and Needle","Old Coin"],"acts_visited":["Exordium","TheCity"],"potions_floor_usage":[13,18,23],"damage_taken":[{"damage":0.0,"enemies":"Jaw Worm","floor":1.0,"turns":1.0},{"damage":1.0,"enemies":"2 Louse","floor":3.0,"turns":2.0},{"damage":0.0,"enemies":"Cultist","floor":5.0,"turns":2.0},{"damage":70.0,"enemies":"3 Sentries","floor":6.0,"turns":11.0},{"damage":5.0,"enemies":"2 Fungi Beasts","floor":7.0,"turns":3.0},{"damage":21.0,"enemies":"Gremlin Nob","floor":10.0,"turns":4.0},{"damage":0,"enemies":"Looter","floor":13,"turns":2},{"damage":12,"enemies":"Large Slime","floor":14,"turns":5},{"damage":77,"enemies":"The Guardian","floor":16,"turns":8},{"damage":32,"enemies":"3 Byrds","floor":18,"turns":7},{"damage":35,"enemies":"Chosen","floor":20,"turns":6},{"damage":74,"enemies":"Slavers","floor":23,"turns":6},{"damage":67,"enemies":"Gremlin Leader","floor":25,"turns":6}],"seed_played":"-3165645695447760772","potions_obtained":[{"floor":6.0,"key":"ColorlessPotion"},{"floor":10.0,"key":"AttackPotion"},{"floor":13,"key":"SkillPotion"},{"floor":20,"key":"BloodPotion"}],"is_trial":false,"path_per_floor":["M","?","M","?","M","E","M","R","T","E","?","?","M","M","R","B",null,"M","?","M","$","?","E","R","E"],"character_chosen":"IRONCLAD","items_purchased":["Thread and Needle","True Grit"],"campfire_rested":3,"item_purchase_floors":[21,21],"current_hp_per_floor":[80,80,83,83,86,25,29,56,56,41,64,64,73,70,98,30,101,84,84,64,64,64,26,59,0,0],"gold":340,"neow_bonus":"THREE_ENEMY_KILL","is_daily":false,"chose_seed":false,"campfire_upgraded":0,"win_rate":0.0,"timestamp":1608047831,"path_taken":["M","?","M","?","?","E","M","R","T","E","?","?","M","M","R","BOSS","M","?","M","$","?","E","R","E"],"items_purchased_type":["Relic","Card"],"build_version":"2020-12-13","purchased_purges":1,"victory":false,"max_hp_per_floor":[80,80,83,83,86,89,92,92,92,92,92,92,95,98,98,101,101,104,104,107,107,107,110,110,110,110],"card_choices":[{"not_picked":["ReplayTheSpireMod:Strike From Hell","Thunderclap"],"picked":"Hemokinesis","floor":1.0},{"not_picked":["Anger","True Grit"],"picked":"Body Slam","floor":3.0},{"not_picked":["Clothesline","Seeing Red","Thunderclap"],"picked":"SKIP","floor":5.0},{"not_picked":["Run Through","Thunderclap"],"picked":"Cleave","floor":6.0},{"not_picked":["Sever Soul","Searing Blow"],"picked":"Pommel Strike","floor":7.0},{"not_picked":["Dual Wield","Searing Blow","Twin Strike"],"picked":"Body Slam","floor":10.0},{"not_picked":["Twin Strike","Run Through","Intimidate","Headbutt"],"picked":"SKIP","floor":13},{"not_picked":["Twin Strike","Combust","Bloodletting"],"picked":"Demon Form","floor":14},{"not_picked":["Demonic Infusion","Fiend Fire","Corruption"],"picked":"Barricade","floor":16},{"not_picked":["ReplayTheSpireMod:Muscle Training","Fire Breathing","Iron Wave"],"picked":"Rampage","floor":18},{"not_picked":["Body Slam","Twin Strike+1","Uppercut"],"picked":"Pommel Strike+1","floor":20},{"not_picked":["Clothesline","Reaper","Whirlwind"],"picked":"Entrench","floor":23}],"player_experience":63504,"relics_obtained":[{"floor":6.0,"key":"Girya"},{"floor":9.0,"key":"Question Card"},{"floor":10.0,"key":"ReplayTheSpireMod:Shallot"},{"floor":12.0,"key":"Ring of Searing"},{"floor":12.0,"key":"ReplayTheSpireMod:Ring of Exchange"},{"floor":23,"key":"Old Coin"}],"event_choices":[{"damage_healed":0.0,"max_hp_gain":0.0,"max_hp_loss":0.0,"gold_gain":0.0,"cards_transformed":["Strike_R"],"event_name":"Living Wall","player_choice":"Change","floor":2.0,"gold_loss":0.0,"damage_taken":0.0,"cards_obtained":["Feed"]},{"damage_healed":0.0,"max_hp_gain":0.0,"max_hp_loss":0.0,"gold_gain":0.0,"event_name":"Match and Keep!","player_choice":"0 cards matched","floor":4.0,"gold_loss":0.0,"damage_taken":0.0,"cards_obtained":[]},{"damage_healed":23.0,"max_hp_gain":0.0,"max_hp_loss":0.0,"gold_gain":0.0,"event_name":"The Cleric","player_choice":"Healed","floor":11.0,"gold_loss":35.0,"damage_taken":0.0},{"damage_healed":0,"gold_gain":99,"player_choice":"Stole From Cult","damage_taken":0,"max_hp_gain":0,"max_hp_loss":0,"event_name":"Nest","floor":19,"gold_loss":0},{"damage_healed":0,"gold_gain":0,"player_choice":"Smashed Altar","damage_taken":0,"max_hp_gain":0,"max_hp_loss":0,"event_name":"Forgotten Altar","floor":22,"gold_loss":0,"cards_obtained":["Decay"]}],"is_beta":false,"boss_relics":[{"not_picked":["Sozu","Medical Kit"],"picked":"Black Blood"}],"items_purged_floors":[21],"is_endless":false,"potions_floor_spawned":[6,10,13,20],"killed_by":"Gremlin Leader","ascension_level":1}}