{"host":"aunmuzt9j70r7vun","time":1608060401,"event":{"mods":["BaseMod","Better Altar","Better Third Choice","BetterRewards","Clockwork Mod","Curses Come First","Downfall","LagranYue(???·?)","Mad Scientist","Marisa????????","Minty Spire (QoL Compilation)","Rare Cards Sparkle","Relic Sorter","Say the Spire","Shop Mod","Spicy Shops","StSLib","The Cursed","The Disciple","The Edgeheg","The Mystic","The Servant 0.9.4"],"gold_per_floor":[369,369,385,47,64,91,91,117,117,117,17,32,46,46,46,46,46],"floor_reached":16,"playtime":1262,"items_purged":["Shame","Strike_B"],"score":143,"play_id":"d8a72a6b-11ee-42b3-8f78-3b73036eefdb","local_time":"20201215152641","is_ascension_mode":true,"campfire_choices":[{"floor":7,"key":"REST"},{"data":"Zap","floor":10,"key":"SMITH"},{"data":"Dualcast","floor":15,"key":"SMITH"}],"circlet_count":0,"master_deck":["Strike_B","Strike_B","Strike_B","Defend_B+1","Defend_B","Defend_B","Defend_B+1","Zap+1","Dualcast+1","Sunder","Self Repair","Scrape","Gash","Go for the Eyes","Chill","Burn"],"relics":["Cracked Core","LagranYue:RandomDrawCardRelic","Centennial Puzzle","Bag of Preparation","Shuriken","War Paint","HornCleat"],"acts_visited":["Exordium"],"potions_floor_usage":[6,12,16],"damage_taken":[{"damage":0,"enemies":"Small Slimes","floor":1,"turns":3},{"damage":1,"enemies":"2 Louse","floor":3,"turns":2},{"damage":2,"enemies":"Jaw Worm","floor":5,"turns":3},{"damage":45,"enemies":"3 Sentries","floor":6,"turns":5},{"damage":25,"enemies":"Lagavulin","floor":8,"turns":7},{"damage":0,"enemies":"Blue Slaver","floor":12,"turns":3},{"damage":0,"enemies":"Exordium Thugs","floor":13,"turns":3},{"damage":41,"enemies":"The Guardian","floor":16,"turns":7}],"seed_played":"2929032479307803033","potions_obtained":[{"floor":3,"key":"Swift Potion"},{"floor":6,"key":"Swift Potion"},{"floor":12,"key":"DistilledChaos"}],"is_trial":false,"path_per_floor":["M","?","M","$","M","E","R","E","T","R","$","M","M","?","R","B"],"character_chosen":"DEFECT","items_purchased":["Self Repair","Scrape","Bag of Preparation"],"campfire_rested":1,"item_purchase_floors":[4,4,4],"current_hp_per_floor":[68,61,60,60,65,27,49,31,31,31,31,38,38,38,38,0,0],"gold":46,"neow_bonus":"TWO_FIFTY_GOLD","is_daily":false,"chose_seed":false,"campfire_upgraded":2,"win_rate":0.0,"timestamp":1608060401,"path_taken":["M","?","M","$","M","E","R","E","T","R","$","M","M","?","R","BOSS"],"items_purchased_type":["Card","Card","Relic"],"build_version":"2020-12-13","purchased_purges":2,"victory":false,"max_hp_per_floor":[75,75,75,75,75,75,75,75,75,75,75,75,75,75,75,75,75],"card_choices":[{"not_picked":["Hologram","Coolheaded"],"picked":"Sunder","floor":1},{"not_picked":["Force Field","Rebound","Hologram"],"picked":"SKIP","floor":3},{"not_picked":["Rip and Tear","Blizzard"],"picked":"Gash","floor":5},{"not_picked":["White Noise","Stack","Static Discharge"],"picked":"SKIP","floor":6},{"not_picked":["Hello World","Barrage","Aggregate"],"picked":"SKIP","floor":8},{"not_picked":["Hello World","Rebound"],"picked":"Go for the Eyes","floor":12},{"not_picked":["Stack","Conserve Battery"],"picked":"Chill","floor":13}],"player_experience":726324,"relics_obtained":[{"floor":6,"key":"Shuriken"},{"floor":8,"key":"War Paint"},{"floor":9,"key":"HornCleat"}],"event_choices":[{"damage_healed":0,"gold_gain":0,"player_choice":"Relic ","damage_taken":7,"max_hp_gain":0,"max_hp_loss":0,"event_name":"betterThird:BetterScrap","floor":2,"gold_loss":0,"cards_obtained":["Caltrops"]},{"damage_healed":38,"gold_gain":0,"player_choice":"Embrace Burn","damage_taken":0,"max_hp_gain":0,"max_hp_loss":75,"event_name":"betterThird:BetterShining","floor":14,"gold_loss":0}],"is_beta":false,"boss_relics":[],"items_purged_floors":[4,11],"is_endless":false,"potions_floor_spawned":[3,6,12],"killed_by":"The Guardian","ascension_level":6}}