{"host":"zsm7nv3crm3m4x5c","time":1608065849,"event":{"mods":["AchievementEnabler","BaseMod","Colored Map","Colored Powertips","Minty Spire (QoL Compilation)","Shop Mod"],"gold_per_floor":[111,127,127,12,22,22,22,22,45,65,80,80,93,141,141,141,141],"floor_reached":16,"playtime":475,"items_purged":["Strike_R"],"score":161,"play_id":"54329026-a490-404a-98d0-6c6a2fa3ab02","local_time":"20201215155729","is_ascension_mode":true,"campfire_choices":[{"data":"Body Slam","floor":6.0,"key":"SMITH"},{"data":"Seeing Red","floor":8.0,"key":"SMITH"},{"data":"Armaments","floor":12.0,"key":"SMITH"},{"data":"The Bomb","floor":15.0,"key":"SMITH"}],"circlet_count":0,"master_deck":["AscendersBane","Strike_R","Strike_R","Strike_R","Strike_R","Defend_R","Defend_R","Defend_R","Defend_R","Bash","The Bomb+1","Body Slam+1","Seeing Red+1","Armaments+1"],"relics":["Burning Blood","Anchor","Potion Belt"],"acts_visited":["Exordium"],"potions_floor_usage":[16],"damage_taken":[{"damage":6.0,"enemies":"Cultist","floor":1.0,"turns":3.0},{"damage":10.0,"enemies":"Small Slimes","floor":2.0,"turns":3.0},{"damage":2.0,"enemies":"Jaw Worm","floor":5.0,"turns":3.0},{"damage":6.0,"enemies":"Lots of Slimes","floor":10.0,"turns":4.0},{"damage":10.0,"enemies":"Gremlin Gang","floor":11.0,"turns":5.0},{"damage":0.0,"enemies":"Red Slaver","floor":13.0,"turns":3.0},{"damage":63,"enemies":"Slime Boss","floor":16,"turns":8}],"seed_played":"-2179610746310253475","potions_obtained":[{"floor":2.0,"key":"Ancient Potion"},{"floor":7.0,"key":"EntropicBrew"},{"floor":7.0,"key":"CultistPotion"},{"floor":13.0,"key":"SteroidPotion"}],"is_trial":false,"path_per_floor":["M","M","?","$","M","R","?","R","T","M","M","R","M","T","R","B"],"character_chosen":"IRONCLAD","items_purchased":["Seeing Red"],"campfire_rested":0,"item_purchase_floors":[4],"current_hp_per_floor":[50,46,42,42,46,46,46,46,46,46,57,57,63,63,63,0,0],"gold":141,"neow_bonus":"RANDOM_COLORLESS_2","is_daily":false,"chose_seed":false,"campfire_upgraded":4,"win_rate":0.0,"timestamp":1608065849,"path_taken":["M","M","?","$","?","R","?","R","T","M","?","R","M","?","R","BOSS"],"items_purchased_type":["Card"],"build_version":"2020-12-13","purchased_purges":1,"victory":false,"max_hp_per_floor":[75,75,75,75,75,75,75,75,75,75,75,75,75,75,75,75,75],"card_choices":[{"not_picked":["Chrysalis","HandOfGreed"],"picked":"The Bomb","floor":0.0},{"not_picked":["Bloodletting","Shockwave","Thunderclap"],"picked":"SKIP","floor":1.0},{"not_picked":["Wild Strike","Iron Wave"],"picked":"Body Slam","floor":2.0},{"not_picked":["Rupture","Headbutt","Sword Boomerang"],"picked":"SKIP","floor":5.0},{"not_picked":["Rupture","Headbutt","Sword Boomerang"],"picked":"SKIP","floor":5.0},{"not_picked":["Intimidate","Double Tap"],"picked":"Armaments","floor":10.0},{"not_picked":["Dropkick","Thunderclap","Flex"],"picked":"SKIP","floor":11.0},{"not_picked":["Wild Strike","Havoc","Cleave"],"picked":"SKIP","floor":13.0}],"player_experience":502198,"relics_obtained":[{"floor":9.0,"key":"Anchor"},{"floor":14.0,"key":"Potion Belt"}],"event_choices":[{"damage_healed":0.0,"max_hp_gain":0.0,"max_hp_loss":0.0,"gold_gain":0.0,"event_name":"The Woman in Blue","player_choice":"Bought 0 Potions","floor":3.0,"gold_loss":0.0,"damage_taken":0.0},{"damage_healed":0.0,"max_hp_gain":0.0,"max_hp_loss":0.0,"gold_gain":0.0,"event_name":"Lab","player_choice":"Got Potions","floor":7.0,"gold_loss":0.0,"damage_taken":0.0}],"is_beta":false,"boss_relics":[],"items_purged_floors":[4],"is_endless":false,"potions_floor_spawned":[2,13],"killed_by":"Slime Boss","ascension_level":15}}