{"host":"fdq5pmhluajjrf8d","time":1608055529,"event":{"mods":["BaseMod","Minty Spire (QoL Compilation)"],"gold_per_floor":[116,116,129,145,50,50,64,64,64,64,78,78,93,103,103,178,178,178,178,178,178,16,16,16,16,16,0,0,0,0,0,0,0,0],"floor_reached":33,"playtime":1472,"items_purged":["Defend_B"],"score":474,"play_id":"9c49221f-d657-418f-be98-578eb0a53471","local_time":"20201215130529","is_ascension_mode":true,"campfire_choices":[{"data":"Redo","floor":6,"key":"SMITH"},{"data":"Rainbow","floor":8,"key":"SMITH"},{"data":"Zap","floor":10,"key":"SMITH"},{"data":"Defragment","floor":12,"key":"SMITH"},{"floor":15,"key":"REST"},{"floor":23,"key":"REST"},{"floor":29,"key":"REST"},{"floor":32,"key":"REST"}],"circlet_count":0,"master_deck":["AscendersBane","Strike_B","Strike_B","Strike_B","Defend_B","Defend_B","Defend_B","Zap+1","Dualcast","Cold Snap","Meteor Strike","Cold Snap","Redo+1","Loop","Coolheaded","Rainbow+1","Defragment+1","Seek","Fission","Ball Lightning","Defragment"],"relics":["Cracked Core","Matryoshka","Ectoplasm","Art of War","Lizard Tail"],"acts_visited":["Exordium","TheCity"],"potions_floor_usage":[18,25,33,33],"damage_taken":[{"damage":4,"enemies":"Jaw Worm","floor":1,"turns":3},{"damage":0,"enemies":"Cultist","floor":3,"turns":4},{"damage":5,"enemies":"Small Slimes","floor":4,"turns":3},{"damage":5,"enemies":"Looter","floor":7,"turns":4},{"damage":10,"enemies":"3 Louse","floor":11,"turns":3},{"damage":3,"enemies":"Large Slime","floor":13,"turns":5},{"damage":6,"enemies":"Looter","floor":14,"turns":3},{"damage":33,"enemies":"Hexaghost","floor":16,"turns":10},{"damage":8,"enemies":"Chosen","floor":18,"turns":5},{"damage":15,"enemies":"3 Byrds","floor":19,"turns":5},{"damage":19,"enemies":"Snake Plant","floor":21,"turns":4},{"damage":0,"enemies":"Snecko","floor":24,"turns":4},{"damage":18,"enemies":"Centurion and Healer","floor":25,"turns":6},{"damage":16,"enemies":"Snake Plant","floor":28,"turns":4},{"damage":16,"enemies":"Snecko","floor":31,"turns":5},{"damage":108,"enemies":"Collector","floor":33,"turns":9}],"seed_played":"-6389929954903418314","potions_obtained":[{"floor":3,"key":"GamblersBrew"},{"floor":13,"key":"FearPotion"},{"floor":16,"key":"AttackPotion"},{"floor":24,"key":"AttackPotion"},{"floor":25,"key":"Energy Potion"}],"is_trial":false,"path_per_floor":["M","?","M","M","$","R","M","R","T","R","M","R","M","M","R","B",null,"M","M","?","M","$","R","M","M","T","?","M","R","?","M","R","B"],"character_chosen":"DEFECT","items_purchased":["Loop","Coolheaded","Defragment"],"campfire_rested":4,"item_purchase_floors":[5,5,22],"current_hp_per_floor":[67,67,67,62,62,62,57,57,57,57,47,47,44,38,61,28,66,58,43,43,24,24,47,47,29,29,29,13,36,36,20,43,0,0],"gold":0,"neow_bonus":"TEN_PERCENT_HP_BONUS","is_daily":false,"chose_seed":false,"campfire_upgraded":4,"win_rate":0.0,"timestamp":1608055529,"path_taken":["M","?","M","?","?","R","M","R","T","R","M","R","M","?","R","BOSS","M","M","?","?","$","R","M","M","T","?","M","R","?","M","R","BOSS"],"items_purchased_type":["Card","Card","Card"],"build_version":"2020-12-13","purchased_purges":1,"victory":false,"max_hp_per_floor":[78,78,78,78,78,78,78,78,78,78,78,78,78,78,78,78,78,78,78,78,78,78,78,78,78,78,78,78,78,78,78,78,78,78],"card_choices":[{"not_picked":["Leap","Rip and Tear"],"picked":"Cold Snap","floor":1},{"not_picked":["Conserve Battery","Gash"],"picked":"Cold Snap","floor":3},{"not_picked":["Streamline","BootSequence"],"picked":"Redo","floor":4},{"not_picked":["Sweeping Beam","Cold Snap"],"picked":"Rainbow","floor":7},{"not_picked":["Barrage","Rebound"],"picked":"Defragment","floor":11},{"not_picked":["Hologram","Sweeping Beam","Gash"],"picked":"SKIP","floor":13},{"not_picked":["Sweeping Beam","Heatsinks"],"picked":"Seek","floor":14},{"not_picked":["Rainbow","Hyperbeam"],"picked":"Fission","floor":16},{"not_picked":["Sweeping Beam","Coolheaded","Scrape"],"picked":"SKIP","floor":18},{"not_picked":["Heatsinks","Redo","Streamline"],"picked":"SKIP","floor":19},{"not_picked":["Barrage","Doom and Gloom"],"picked":"Ball Lightning","floor":21},{"not_picked":["Coolheaded","Leap","Reprogram"],"picked":"SKIP","floor":24},{"not_picked":["Hologram+1","Stack","Turbo"],"picked":"SKIP","floor":25},{"not_picked":["Streamline","Go for the Eyes","Stack"],"picked":"SKIP","floor":28},{"not_picked":["Cold Snap","Leap","Steam"],"picked":"SKIP","floor":31}],"player_experience":1859843,"relics_obtained":[{"floor":9,"key":"Matryoshka"},{"floor":26,"key":"Art of War"},{"floor":26,"key":"Lizard Tail"}],"event_choices":[{"damage_healed":0,"gold_gain":0,"player_choice":"1 cards matched","damage_taken":0,"max_hp_gain":0,"max_hp_loss":0,"event_name":"Match and Keep!","floor":2,"gold_loss":0,"cards_obtained":["Meteor Strike"]},{"cards_removed":["Strike_B"],"damage_healed":0,"gold_gain":0,"player_choice":"Purged","damage_taken":0,"max_hp_gain":0,"max_hp_loss":0,"event_name":"Purifier","floor":20,"gold_loss":0},{"damage_healed":0,"gold_gain":0,"player_choice":"Paid Fearfully","damage_taken":0,"max_hp_gain":0,"max_hp_loss":0,"event_name":"Masked Bandits","floor":27,"gold_loss":16},{"damage_healed":0,"gold_gain":0,"player_choice":"Ignored","damage_taken":0,"max_hp_gain":0,"max_hp_loss":0,"event_name":"Ghosts","floor":30,"gold_loss":0}],"is_beta":false,"boss_relics":[{"not_picked":["Runic Pyramid","Pandora\u0027s Box"],"picked":"Ectoplasm"}],"items_purged_floors":[22],"is_endless":false,"potions_floor_spawned":[3,13,16,24,25,28],"killed_by":"Collector","ascension_level":19}}