{"host":"Rich","time":1608001095,"event":{"mods":["AchievementEnabler","BaseMod","Highlight Path","Minty Spire (QoL Compilation)","Relic Stats"],"gold_per_floor":[116,116,134,4,4,4,29,46,69,96,112,112,128,154,154,225,225,244,244,261,278,278,278,290,290,365,365,379,379,160,180,180,259,259,275,286,286,286,286],"floor_reached":38,"playtime":1063,"items_purged":["Defend_B"],"score":842,"play_id":"4f7ad973-2538-46c2-b2df-40731199d9b0","local_time":"20201214215815","is_ascension_mode":true,"campfire_choices":[{"data":"Chaos","floor":6,"key":"SMITH"},{"floor":12,"key":"REST"},{"floor":15,"key":"REST"},{"data":"Biased Cognition","floor":23,"key":"SMITH"},{"data":"Reboot","floor":25,"key":"SMITH"},{"data":"Hologram","floor":27,"key":"SMITH"},{"floor":32,"key":"REST"}],"circlet_count":0,"master_deck":["AscendersBane","Strike_B","Strike_B","Defend_B","Defend_B","Defend_B","Zap+1","Dualcast+1","Chaos+1","Ball Lightning","Conserve Battery","Genetic Algorithm","Capacitor","Rainbow","Barrage","Double Energy","Reboot+1","Biased Cognition+1","Hologram+1","Tempest+1","Consume+1","Decay","Cold Snap","Coolheaded","Echo Form","Zap"],"relics":["Cracked Core","NeowsBlessing","DataDisk","Bronze Scales","StrikeDummy","Symbiotic Virus","SlaversCollar","Runic Capacitor","Black Star"],"acts_visited":["Exordium","TheCity","TheBeyond"],"potions_floor_usage":[10,14,16,33,33,35,38],"damage_taken":[{"damage":0,"enemies":"Jaw Worm","floor":1,"turns":1},{"damage":0,"enemies":"Small Slimes","floor":3,"turns":1},{"damage":0,"enemies":"3 Sentries","floor":7,"turns":1},{"damage":0,"enemies":"2 Louse","floor":8,"turns":2},{"damage":23,"enemies":"Lagavulin","floor":10,"turns":6},{"damage":0,"enemies":"2 Fungi Beasts","floor":11,"turns":3},{"damage":10,"enemies":"Exordium Thugs","floor":13,"turns":3},{"damage":23,"enemies":"3 Sentries","floor":14,"turns":4},{"damage":1,"enemies":"Hexaghost","floor":16,"turns":5},{"damage":1,"enemies":"3 Byrds","floor":18,"turns":2},{"damage":6,"enemies":"Chosen","floor":20,"turns":4},{"damage":3,"enemies":"3 Cultists","floor":21,"turns":4},{"damage":5,"enemies":"Cultist and Chosen","floor":24,"turns":5},{"damage":11,"enemies":"Sentry and Sphere","floor":28,"turns":3},{"damage":15,"enemies":"Snecko","floor":31,"turns":3},{"damage":33,"enemies":"Automaton","floor":33,"turns":7},{"damage":31,"enemies":"3 Darklings","floor":35,"turns":5},{"damage":20,"enemies":"3 Shapes","floor":36,"turns":4},{"damage":12,"enemies":"Writhing Mass","floor":38,"turns":1}],"seed_played":"-2304534239547031598","potions_obtained":[{"floor":3,"key":"BlessingOfTheForge"},{"floor":8,"key":"LiquidBronze"},{"floor":11,"key":"FocusPotion"},{"floor":16,"key":"Dexterity Potion"},{"floor":18,"key":"FocusPotion"},{"floor":33,"key":"Block Potion"},{"floor":35,"key":"LiquidBronze"}],"is_trial":false,"path_per_floor":["M","?","M","$","?","R","E","M","T","E","M","R","M","E","R","B",null,"M","?","M","M","?","R","M","R","T","R","M","?","$","M","R","B",null,"M","M","?","M"],"character_chosen":"DEFECT","items_purchased":["Conserve Battery","Runic Capacitor","Cold Snap"],"campfire_rested":3,"item_purchase_floors":[4,30,30],"current_hp_per_floor":[64,57,57,57,36,36,36,36,36,13,13,34,24,1,22,21,59,58,58,52,49,49,49,44,44,44,44,33,33,33,18,39,6,55,24,4,4,0,0],"gold":286,"neow_bonus":"THREE_ENEMY_KILL","is_daily":false,"chose_seed":false,"campfire_upgraded":4,"win_rate":0.0,"timestamp":1608001095,"path_taken":["M","?","M","$","?","R","E","M","T","E","M","R","M","E","R","BOSS","M","?","M","M","?","R","M","R","T","R","M","?","$","M","R","BOSS","M","M","?","?"],"items_purchased_type":["Card","Relic","Card"],"build_version":"2020-12-07","purchased_purges":1,"victory":false,"max_hp_per_floor":[71,71,71,71,71,71,71,71,71,71,71,71,71,71,71,71,71,71,71,71,71,71,71,71,71,71,71,71,71,71,71,71,71,71,71,71,71,71,71],"relic_stats":{"counters":[19,64],"Bronze Scales":[211],"Black Star":0,"obtain_stats":[{"SlaversCollar":17,"DataDisk":7,"NeowsBlessing":0,"Bronze Scales":9,"Runic Capacitor":30,"Black Star":34,"Cracked Core":0,"StrikeDummy":10,"Symbiotic Virus":14},{"SlaversCollar":9,"DataDisk":3,"NeowsBlessing":0,"Bronze Scales":4,"Runic Capacitor":14,"Black Star":16,"Cracked Core":0,"StrikeDummy":5,"Symbiotic Virus":8},{"SlaversCollar":26,"DataDisk":3,"NeowsBlessing":0,"Bronze Scales":5,"Runic Capacitor":44,"Black Star":54,"Cracked Core":0,"StrikeDummy":11,"Symbiotic Virus":21}]},"card_choices":[{"not_picked":["Steam","Hello World"],"picked":"Chaos","floor":1},{"not_picked":["Rebound","Scrape"],"picked":"Ball Lightning","floor":3},{"not_picked":["Buffer","Stack"],"picked":"Genetic Algorithm","floor":7},{"not_picked":["Streamline","Hologram"],"picked":"Capacitor","floor":8},{"not_picked":["Leap","Redo"],"picked":"Rainbow","floor":10},{"not_picked":["Auto Shields","Stack"],"picked":"Barrage","floor":11},{"not_picked":["Stack","Skim"],"picked":"Double Energy","floor":13},{"not_picked":["Stack","Beam Cell"],"picked":"Reboot","floor":14},{"not_picked":["Hyperbeam","Amplify"],"picked":"Biased Cognition","floor":16},{"not_picked":["Scrape+1","Rebound"],"picked":"Hologram","floor":18},{"not_picked":["Coolheaded+1","Barrage"],"picked":"Tempest+1","floor":20},{"not_picked":["Lockon","Steam+1"],"picked":"Consume+1","floor":21},{"not_picked":["Genetic Algorithm","Recycle","Hologram"],"picked":"SKIP","floor":24},{"not_picked":["Hello World","Streamline","Skim"],"picked":"SKIP","floor":28},{"not_picked":["Hologram","Turbo"],"picked":"Coolheaded","floor":31},{"not_picked":["Meteor Strike","All For One"],"picked":"Echo Form","floor":33},{"not_picked":["Recycle","Reprogram","Rebound"],"picked":"SKIP","floor":35},{"not_picked":["Barrage","Darkness","Force Field"],"picked":"SKIP","floor":36}],"player_experience":1902576,"relics_obtained":[{"floor":7,"key":"DataDisk"},{"floor":9,"key":"Bronze Scales"},{"floor":10,"key":"StrikeDummy"},{"floor":14,"key":"Symbiotic Virus"}],"event_choices":[{"cards_removed":["Strike_B"],"damage_healed":0,"gold_gain":0,"player_choice":"Card Removal","damage_taken":7,"max_hp_gain":0,"max_hp_loss":0,"event_name":"Golden Wing","floor":2,"gold_loss":0},{"damage_healed":0,"gold_gain":0,"player_choice":"Entered Light","damage_taken":21,"max_hp_gain":0,"max_hp_loss":0,"event_name":"Shining Light","floor":5,"gold_loss":0,"cards_upgraded":["Zap","Dualcast"]},{"cards_removed":["Strike_B"],"damage_healed":0,"gold_gain":0,"player_choice":"Elegance","damage_taken":0,"max_hp_gain":0,"max_hp_loss":0,"event_name":"Back to Basics","floor":19,"gold_loss":0},{"damage_healed":0,"gold_gain":0,"player_choice":"Smashed Altar","damage_taken":0,"max_hp_gain":0,"max_hp_loss":0,"event_name":"Forgotten Altar","floor":22,"gold_loss":0,"cards_obtained":["Decay"]},{"damage_healed":0,"gold_gain":0,"player_choice":"Ignored","damage_taken":0,"max_hp_gain":0,"max_hp_loss":0,"event_name":"Cursed Tome","floor":29,"gold_loss":0},{"damage_healed":0,"gold_gain":0,"player_choice":"1 cards matched","damage_taken":0,"max_hp_gain":0,"max_hp_loss":0,"event_name":"Match and Keep!","floor":37,"gold_loss":0,"cards_obtained":["Zap"]}],"is_beta":true,"boss_relics":[{"not_picked":["Inserter","Velvet Choker"],"picked":"SlaversCollar"},{"not_picked":["Sozu","Tiny House"],"picked":"Black Star"}],"items_purged_floors":[4],"is_endless":false,"potions_floor_spawned":[3,8,11,16,18,21,33,35],"killed_by":"Writhing Mass","ascension_level":20}}