{"host":"i0avyit1s6jb1siw","time":1608035352,"event":{"mods":["BaseMod","DeckTracker","Dota2Spire","Highlight Path","Minty Spire (QoL Compilation)","Quick Restart","Replay The Spire","StSLib","SuperFastMode"],"gold_per_floor":[113,123,136,154,154,154,195,195,277,321,344,369,369,424,424,424,424],"floor_reached":16,"playtime":277,"items_purged":[],"score":224,"play_id":"1e992ed2-43ef-4a06-93cf-328c714e0a55","local_time":"20201215132912","is_ascension_mode":true,"campfire_choices":[{"data":"Predator","floor":6.0,"key":"SMITH"},{"data":"Crippling Poison","floor":8.0,"key":"SMITH"},{"floor":15.0,"key":"REST"}],"circlet_count":0,"master_deck":["AscendersBane","Strike_G","Strike_G","Strike_G","Strike_G","Strike_G","Defend_G","Defend_G","Defend_G","Defend_G","Defend_G","Survivor","Neutralize+1","Acrobatics","Crippling Poison+1","Dagger Throw","Predator+1","Die Die Die","Leg Sweep","PiercingWail"],"relics":["Ring of the Snake","Golden Idol","Replay:Towering Pillar of Hats","Gremlin Horn","Juzu Bracelet"],"acts_visited":["Exordium"],"potions_floor_usage":[],"damage_taken":[{"damage":0.0,"enemies":"Cultist","floor":1.0,"turns":3.0},{"damage":1.0,"enemies":"Small Slimes","floor":2.0,"turns":4.0},{"damage":2.0,"enemies":"2 Louse","floor":3.0,"turns":3.0},{"damage":9.0,"enemies":"Looter","floor":4.0,"turns":5.0},{"damage":15.0,"enemies":"Lagavulin","floor":7.0,"turns":5.0},{"damage":30.0,"enemies":"Gremlin Nob","floor":10.0,"turns":4.0},{"damage":0.0,"enemies":"Blue Slaver","floor":11.0,"turns":3.0},{"damage":0.0,"enemies":"Exordium Wildlife","floor":12.0,"turns":2.0},{"damage":23,"enemies":"Slime Boss","floor":16,"turns":6}],"seed_played":"3316848739984287955","potions_obtained":[{"floor":1.0,"key":"LifebloodPotion"},{"floor":2.0,"key":"FearPotion"},{"floor":3.0,"key":"Explosive Potion"},{"floor":7.0,"key":"Strength Potion"}],"is_trial":false,"path_per_floor":["M","M","M","M","?","R","E","R","T","E","M","M","?","?","R","B"],"character_chosen":"THE_SILENT","items_purchased":[],"campfire_rested":1,"item_purchase_floors":[],"current_hp_per_floor":[59,58,56,47,47,47,32,32,32,2,2,2,2,2,20,0,0],"gold":424,"neow_bonus":"UPGRADE_CARD","is_daily":false,"chose_seed":false,"campfire_upgraded":2,"win_rate":0.0,"timestamp":1608035352,"path_taken":["M","?","M","M","?","R","E","R","T","E","M","M","?","?","R","BOSS"],"items_purchased_type":[],"build_version":"2020-12-13","purchased_purges":0,"victory":false,"max_hp_per_floor":[66,66,66,66,60,60,60,60,60,60,60,60,60,60,60,60,60],"card_choices":[{"not_picked":["Catalyst","Slice"],"picked":"Acrobatics","floor":1.0},{"not_picked":["PiercingWail","Leg Sweep"],"picked":"Crippling Poison","floor":2.0},{"not_picked":["Catalyst","Bane"],"picked":"Dagger Throw","floor":3.0},{"not_picked":["Blade Dance","Underhanded Strike"],"picked":"Predator","floor":4.0},{"not_picked":["Prepared","Deadly Poison"],"picked":"Die Die Die","floor":7.0},{"not_picked":["Slice","Acrobatics"],"picked":"Leg Sweep","floor":10.0},{"not_picked":["Quick Slash","Blade Dance"],"picked":"PiercingWail","floor":11.0},{"not_picked":["Dagger Throw","ReplayTheSpireMod:Scrap Shanks","PiercingWail"],"picked":"SKIP","floor":12.0}],"player_experience":2074741,"relics_obtained":[{"floor":7.0,"key":"Replay:Towering Pillar of Hats"},{"floor":9.0,"key":"Gremlin Horn"},{"floor":10.0,"key":"Juzu Bracelet"}],"event_choices":[{"damage_healed":0.0,"max_hp_gain":0.0,"max_hp_loss":6.0,"gold_gain":0.0,"event_name":"Golden Idol","player_choice":"Lose Max HP","floor":5.0,"gold_loss":0.0,"damage_taken":0.0,"relics_obtained":["Golden Idol"]},{"damage_healed":0.0,"max_hp_gain":0.0,"max_hp_loss":0.0,"gold_gain":0.0,"event_name":"Shining Light","player_choice":"Ignored","floor":13.0,"gold_loss":0.0,"damage_taken":0.0},{"damage_healed":0.0,"max_hp_gain":0.0,"max_hp_loss":0.0,"gold_gain":55.0,"event_name":"Golden Wing","player_choice":"Gained Gold","floor":14.0,"gold_loss":0.0,"damage_taken":0.0}],"is_beta":false,"boss_relics":[],"items_purged_floors":[],"is_endless":false,"potions_floor_spawned":[1,2,3,7],"killed_by":"Slime Boss","ascension_level":20}}