{"host":"2lo6hma6kymb0g9i","time":1608020845,"event":{"mods":["BaseMod","Colored Map","DeckTracker","Minty Spire (QoL Compilation)"],"gold_per_floor":[117,42,54,74,87,115,115,134,183,218,278,238,238,268,268,368,368,379,407,407,421,440,440,440,440,489,178,190,190,208,219,219,316,316,327,377,377,395,395,395,413,439,439,164,386,401,401,416,416,416],"floor_reached":51,"playtime":3951,"items_purged":["Strike_G","Defend_G","Defend_G"],"score":1096,"play_id":"06309982-eb8d-4874-be03-fc6a3e1af119","local_time":"20201215172725","is_ascension_mode":true,"campfire_choices":[{"floor":13.0,"key":"REST"},{"data":"Phantasmal Killer","floor":15.0,"key":"SMITH"},{"floor":23.0,"key":"REST"},{"data":"Terror","floor":25.0,"key":"SMITH"},{"data":"Apotheosis","floor":29.0,"key":"SMITH"},{"floor":32.0,"key":"REST"},{"data":"Neutralize","floor":40,"key":"SMITH"},{"floor":49,"key":"REST"}],"circlet_count":0,"master_deck":["AscendersBane","Defend_G","Defend_G","Survivor","Neutralize+1","Poisoned Stab","Terror+1","Phantasmal Killer+1","Dagger Throw","Prepared","Backflip+1","Tactician","Venomology","Corpse Explosion","Prepared","Dash","Riddle With Holes","Backflip+1","Apotheosis+1","Acrobatics","Concentrate+1","Well Laid Plans","Unload","Reflex","Finesse","Dagger Throw+1","Madness","Madness","Terror","After Image","PiercingWail"],"relics":["Ring of the Snake","Ninja Scroll","PreservedInsect","Mercury Hourglass","Bag of Preparation","StoneCalendar","Empty Cage","Red Mask","War Paint","HoveringKite","Turnip","Omamori","Letter Opener"],"acts_visited":["Exordium","TheCity","TheBeyond"],"potions_floor_usage":[48,50,50,50,50],"damage_taken":[{"damage":0.0,"enemies":"Cultist","floor":1.0,"turns":4.0},{"damage":7.0,"enemies":"Small Slimes","floor":3.0,"turns":4.0},{"damage":0.0,"enemies":"2 Louse","floor":4.0,"turns":2.0},{"damage":0.0,"enemies":"2 Fungi Beasts","floor":5.0,"turns":3.0},{"damage":37.0,"enemies":"Gremlin Nob","floor":6.0,"turns":5.0},{"damage":1.0,"enemies":"Looter","floor":8.0,"turns":3.0},{"damage":12.0,"enemies":"3 Sentries","floor":10.0,"turns":7.0},{"damage":4.0,"enemies":"Lagavulin Event","floor":11.0,"turns":4.0},{"damage":0.0,"enemies":"Lagavulin","floor":14.0,"turns":2.0},{"damage":19.0,"enemies":"The Guardian","floor":16.0,"turns":9.0},{"damage":4.0,"enemies":"Chosen","floor":18.0,"turns":4.0},{"damage":0.0,"enemies":"Masked Bandits","floor":19.0,"turns":2.0},{"damage":22.0,"enemies":"Spheric Guardian","floor":21.0,"turns":5.0},{"damage":19.0,"enemies":"Chosen and Byrds","floor":22.0,"turns":7.0},{"damage":0.0,"enemies":"3 Cultists","floor":28.0,"turns":2.0},{"damage":0.0,"enemies":"Shelled Parasite and Fungi","floor":30.0,"turns":3.0},{"damage":0.0,"enemies":"Snecko","floor":31.0,"turns":3.0},{"damage":16.0,"enemies":"Champ","floor":33.0,"turns":7.0},{"damage":0.0,"enemies":"3 Darklings","floor":35.0,"turns":3.0},{"damage":0.0,"enemies":"Mind Bloom Boss Battle","floor":36.0,"turns":5.0},{"damage":0.0,"enemies":"3 Shapes","floor":38.0,"turns":3.0},{"damage":21,"enemies":"Spire Growth","floor":41,"turns":4},{"damage":0,"enemies":"Giant Head","floor":42,"turns":5},{"damage":0,"enemies":"3 Darklings","floor":46,"turns":2},{"damage":0,"enemies":"Transient","floor":48,"turns":5},{"damage":21,"enemies":"Awakened One","floor":50,"turns":10}],"seed_played":"5907487840349092330","potions_obtained":[{"floor":1.0,"key":"EssenceOfSteel"},{"floor":5.0,"key":"SteroidPotion"},{"floor":10.0,"key":"Block Potion"},{"floor":11.0,"key":"LiquidMemories"},{"floor":21.0,"key":"Strength Potion"},{"floor":22.0,"key":"Ancient Potion"},{"floor":31.0,"key":"Regen Potion"},{"floor":33.0,"key":"Energy Potion"},{"floor":41,"key":"SpeedPotion"},{"floor":42,"key":"Regen Potion"}],"is_trial":false,"path_per_floor":["M","$","M","M","M","E","?","M","T","E","?","?","R","E","R","B",null,"M","?","?","M","M","R","?","R","T","$","M","R","M","M","R","B",null,"M","?","?","M","?","R","M","E","T","$","?","M","?","M","R","B",null],"character_chosen":"THE_SILENT","items_purchased":["Apotheosis","Acrobatics","After Image"],"campfire_rested":4,"item_purchase_floors":[27,27,44],"current_hp_per_floor":[70,70,63,63,63,26,26,25,25,13,9,9,32,32,32,13,61,57,57,43,36,17,41,41,41,41,41,41,41,41,41,65,64,78,78,78,78,78,68,68,47,47,47,47,47,47,47,62,82,61],"gold":416,"neow_bonus":"TEN_PERCENT_HP_BONUS","is_daily":false,"chose_seed":false,"campfire_upgraded":4,"win_rate":0.0,"timestamp":1608020845,"path_taken":["M","?","?","M","M","E","?","M","T","E","?","?","R","E","R","BOSS","M","?","?","M","?","R","?","R","T","?","M","R","M","M","R","BOSS","M","?","?","M","?","R","M","E","T","$","?","M","?","M","R","BOSS"],"items_purchased_type":["Card","Card","Card"],"build_version":"2020-12-13","purchased_purges":3,"victory":true,"max_hp_per_floor":[77,77,77,77,77,77,77,77,77,77,77,77,77,77,77,77,77,77,77,82,82,82,82,82,82,82,82,82,82,82,82,82,82,82,82,82,82,82,82,82,82,82,82,82,82,82,82,82,82,82],"card_choices":[{"not_picked":["Catalyst","Sucker Punch"],"picked":"Poisoned Stab","floor":1.0},{"not_picked":["Sucker Punch","Underhanded Strike"],"picked":"Terror","floor":3.0},{"not_picked":["Dodge and Roll","Blur"],"picked":"Phantasmal Killer","floor":4.0},{"not_picked":["Backflip","Flying Knee"],"picked":"Dagger Throw","floor":5.0},{"not_picked":["Outmaneuver","Dagger Throw"],"picked":"Prepared","floor":6.0},{"not_picked":["Prepared","Outmaneuver"],"picked":"Backflip","floor":8.0},{"not_picked":["Well Laid Plans","Cloak And Dagger"],"picked":"Tactician","floor":10.0},{"not_picked":["Bane","Prepared"],"picked":"Venomology","floor":14.0},{"not_picked":["Doppelganger","Unload"],"picked":"Corpse Explosion","floor":16.0},{"not_picked":["Dagger Throw+1","Accuracy","Outmaneuver"],"picked":"SKIP","floor":18.0},{"not_picked":["Endless Agony","Dagger Throw"],"picked":"Prepared","floor":19.0},{"not_picked":["Dagger Throw","Masterful Stab"],"picked":"Dash","floor":21.0},{"not_picked":["Distraction","Slice","Flying Knee+1"],"picked":"SKIP","floor":22.0},{"not_picked":["Outmaneuver+1","Backflip"],"picked":"Concentrate+1","floor":28.0},{"not_picked":["Deflect","Deadly Poison","Poisoned Stab"],"picked":"SKIP","floor":30.0},{"not_picked":["All Out Attack","Cloak And Dagger"],"picked":"Well Laid Plans","floor":31.0},{"not_picked":["Storm of Steel","Night Terror"],"picked":"Unload","floor":33.0},{"not_picked":["Sucker Punch","Distraction"],"picked":"Reflex","floor":35.0},{"not_picked":["Master of Strategy","Secret Weapon"],"picked":"Finesse","floor":37.0},{"not_picked":["Backflip+1","Leg Sweep+1"],"picked":"Dagger Throw+1","floor":38},{"not_picked":["Prepared+1","Dash","Sucker Punch"],"picked":"SKIP","floor":41},{"not_picked":["Acrobatics+1","Prepared"],"picked":"Terror","floor":42},{"not_picked":["Accuracy","Caltrops","Deadly Poison+1"],"picked":"SKIP","floor":46},{"not_picked":["Malaise","Accuracy+1"],"picked":"PiercingWail","floor":48}],"player_experience":790910,"relics_obtained":[{"floor":6.0,"key":"Ninja Scroll"},{"floor":9.0,"key":"PreservedInsect"},{"floor":10.0,"key":"Mercury Hourglass"},{"floor":11.0,"key":"Bag of Preparation"},{"floor":14.0,"key":"StoneCalendar"},{"floor":19.0,"key":"Red Mask"},{"floor":26.0,"key":"War Paint"},{"floor":36.0,"key":"Turnip"},{"floor":42,"key":"Omamori"},{"floor":43,"key":"Letter Opener"}],"event_choices":[{"damage_healed":0.0,"max_hp_gain":0.0,"max_hp_loss":0.0,"gold_gain":0.0,"event_name":"Golden Idol","player_choice":"Ignored","floor":7.0,"gold_loss":0.0,"damage_taken":0.0},{"damage_healed":0.0,"max_hp_gain":0.0,"max_hp_loss":0.0,"gold_gain":30.0,"event_name":"Dead Adventurer","player_choice":"Searched \u00273\u0027 times","floor":11.0,"gold_loss":0.0,"damage_taken":0.0},{"damage_healed":0.0,"max_hp_gain":0.0,"max_hp_loss":0.0,"gold_gain":0.0,"event_name":"World of Goop","player_choice":"Left Gold","floor":12.0,"gold_loss":40.0,"damage_taken":0.0},{"damage_healed":0.0,"max_hp_gain":0.0,"max_hp_loss":0.0,"gold_gain":0.0,"event_name":"Masked Bandits","player_choice":"Fought Bandits","floor":19.0,"gold_loss":0.0,"damage_taken":0.0},{"damage_healed":0.0,"max_hp_gain":5.0,"max_hp_loss":0.0,"gold_gain":0.0,"event_name":"Forgotten Altar","player_choice":"Shed Blood","floor":20.0,"gold_loss":0.0,"damage_taken":19.0},{"damage_healed":0.0,"max_hp_gain":0.0,"max_hp_loss":0.0,"gold_gain":0.0,"cards_transformed":["Strike_G","Strike_G"],"event_name":"Drug Dealer","player_choice":"Became Test Subject","floor":24.0,"gold_loss":0.0,"damage_taken":0.0,"cards_obtained":["Riddle With Holes","Backflip"]},{"damage_healed":0.0,"max_hp_gain":0.0,"max_hp_loss":0.0,"gold_gain":0.0,"event_name":"MindBloom","player_choice":"Fight","floor":36.0,"gold_loss":0.0,"damage_taken":0.0},{"damage_healed":0.0,"max_hp_gain":0.0,"max_hp_loss":0.0,"gold_gain":0.0,"event_name":"SensoryStone","player_choice":"Memory 1","floor":37.0,"gold_loss":0.0,"damage_taken":0.0},{"damage_healed":0,"gold_gain":0,"player_choice":"Embrace Madness","damage_taken":10,"max_hp_gain":0,"max_hp_loss":0,"event_name":"Winding Halls","floor":39,"gold_loss":0,"cards_obtained":["Madness","Madness"]},{"damage_healed":0,"gold_gain":222,"player_choice":"Wore Mask","damage_taken":0,"max_hp_gain":0,"max_hp_loss":0,"event_name":"Tomb of Lord Red Mask","floor":45,"gold_loss":0},{"cards_removed":["Defend_G"],"damage_healed":0,"gold_gain":0,"player_choice":"Purged","damage_taken":0,"max_hp_gain":0,"max_hp_loss":0,"event_name":"Purifier","floor":47,"gold_loss":0}],"is_beta":false,"boss_relics":[{"not_picked":["Snecko Eye","Fusion Hammer"],"picked":"Empty Cage"},{"not_picked":["Black Star","Astrolabe"],"picked":"HoveringKite"}],"items_purged_floors":[2,27,44],"is_endless":false,"potions_floor_spawned":[1,5,10,11,21,22,31,33,41,42,46,48],"ascension_level":10}}