{"host":"y89x8uui45kcjy42","time":1608026810,"event":{"mods":["2.2 Compatiblity","BaseMod","Colored Map","Colored Powertips","Custom Start","Friendly Minions","Highlight Path","Keyboard Shortcuts","Minty Spire (QoL Compilation)","Relic Stats","Slay the Relics Exporter","StSLib","SuperFastMode","Waifu the Spire"],"gold_per_floor":[317,132,82,82,82,82,93,93,116,116,116,131,131,161,161,234,234,213,68,103,103,119,119,151,151,151,151,111,144,158,20,20,95,95,109,21,37,1,26,26,59,69,148,148,148,148,193,226,226,226,226],"floor_reached":50,"playtime":1539,"items_purged":["Strike_G","Strike_G","Strike_G","Defend_G","Backstab","Deadly Poison+1"],"score":1656,"play_id":"2873b758-e997-41bd-af19-e3346913ab20","local_time":"20201215190650","is_ascension_mode":true,"campfire_choices":[{"data":"Finisher","floor":6.0,"key":"SMITH"},{"data":"Noxious Fumes","floor":8.0,"key":"SMITH"},{"data":"Cloak And Dagger","floor":10.0,"key":"SMITH"},{"data":"Footwork","floor":15.0,"key":"SMITH"},{"floor":23.0,"key":"RECALL"},{"data":"Blade Dance","floor":25.0,"key":"SMITH"},{"data":"Cloak And Dagger","floor":27.0,"key":"SMITH"},{"data":"Dagger Throw","floor":32.0,"key":"SMITH"},{"data":"Tactician","floor":40,"key":"SMITH"},{"data":"Acrobatics","floor":44,"key":"SMITH"},{"data":"Backflip","floor":46,"key":"SMITH"},{"data":"Escape Plan","floor":49,"key":"SMITH"}],"circlet_count":0,"master_deck":["AscendersBane","Survivor","Neutralize+1","Finisher+1","Noxious Fumes+1","Backflip+1","Cloak And Dagger+1","Footwork+1","Dagger Throw+1","Cloak And Dagger+1","Blade Dance+1","Accuracy+1","Tactician+1","Storm of Steel+1","Quick Slash+1","Grand Finale+1","Infinite Blades+1","Accuracy+1","Acrobatics+1","Escape Plan+1"],"relics":["Ring of the Serpent","Oddly Smooth Stone","Membership Card","Vajra","Dream Catcher","PreservedInsect","WarpedTongs","Peace Pipe","Empty Cage","TheAbacus","Red Mask","Darkstone Periapt","Frozen Egg 2","Blue Candle","Bottled Flame","Orichalcum","Astrolabe","Lantern","DollysMirror","Mango","Toy Ornithopter","Mummified Hand","WingedGreaves","Turnip","Gremlin Horn"],"acts_visited":["Exordium","TheCity","TheBeyond"],"potions_floor_usage":[41],"damage_taken":[{"damage":0.0,"enemies":"Small Slimes","floor":1.0,"turns":5.0},{"damage":0.0,"enemies":"Jaw Worm","floor":7.0,"turns":3.0},{"damage":0.0,"enemies":"Cultist","floor":12.0,"turns":3.0},{"damage":1.0,"enemies":"3 Sentries","floor":14.0,"turns":6.0},{"damage":0.0,"enemies":"Hexaghost","floor":16.0,"turns":10.0},{"damage":10.0,"enemies":"2 Thieves","floor":18.0,"turns":4.0},{"damage":12.0,"enemies":"Masked Bandits","floor":20.0,"turns":5.0},{"damage":0.0,"enemies":"Chosen","floor":22.0,"turns":5.0},{"damage":0.0,"enemies":"Gremlin Leader","floor":24.0,"turns":4.0},{"damage":5.0,"enemies":"Book of Stabbing","floor":29.0,"turns":5.0},{"damage":6.0,"enemies":"Centurion and Healer","floor":30.0,"turns":7.0},{"damage":5.0,"enemies":"Automaton","floor":33.0,"turns":6.0},{"damage":29,"enemies":"3 Darklings","floor":35,"turns":3},{"damage":2,"enemies":"Orb Walker","floor":37,"turns":3},{"damage":0,"enemies":"Mind Bloom Boss Battle","floor":39,"turns":4},{"damage":15,"enemies":"Reptomancer","floor":41,"turns":3},{"damage":9,"enemies":"Spire Growth","floor":42,"turns":3},{"damage":1,"enemies":"2 Orb Walkers","floor":47,"turns":2},{"damage":0,"enemies":"Nemesis","floor":48,"turns":3},{"damage":30,"enemies":"Time Eater","floor":50,"turns":2}],"seed_played":"9100444967019565378","potions_obtained":[{"floor":1.0,"key":"SteroidPotion"},{"floor":12.0,"key":"SkillPotion"},{"floor":22.0,"key":"Explosive Potion"},{"floor":28.0,"key":"DuplicationPotion"},{"floor":28.0,"key":"Ancient Potion"},{"floor":33.0,"key":"GamblersBrew"},{"floor":35,"key":"Explosive Potion"},{"floor":42,"key":"Energy Potion"}],"is_trial":false,"path_per_floor":["M","$","$","?","?","R","M","R","T","R","?","M","?","E","R","B",null,"M","$","?","?","M","R","E","R","T","R","?","E","M","$","R","B",null,"M","$","M","$","?","R","E","M","T","R","?","R","?","E","R","B"],"character_chosen":"THE_SILENT","items_purchased":["Vajra","Noxious Fumes","Backflip","TheAbacus","Accuracy+1","Tactician","Infinite Blades+1","Lantern","DollysMirror","Cloak And Dagger"],"campfire_rested":0,"item_purchase_floors":[2,2,2,19,31,31,38,38,38,38],"current_hp_per_floor":[59,59,59,59,59,59,59,59,59,59,59,59,59,58,58,58,64,54,54,42,42,42,42,42,42,42,42,42,37,31,31,31,26,56,27,27,25,25,39,39,24,15,15,15,15,15,14,14,14,0,0],"gold":226,"neow_bonus":"TRANSFORM_TWO_CARDS","is_daily":false,"chose_seed":false,"campfire_upgraded":11,"win_rate":0.0,"timestamp":1608026810,"path_taken":["M","$","$","?","?","R","?","R","T","R","?","R","?","?","E","R","BOSS","M","$","?","?","?","R","E","R","T","R","?","E","?","$","R","BOSS","M","$","?","$","?","R","E","M","T","R","?","R","?","E","R","BOSS"],"items_purchased_type":["Relic","Card","Card","Relic","Card","Card","Card","Relic","Relic","Card"],"build_version":"2020-12-13","purchased_purges":6,"victory":false,"max_hp_per_floor":[66,66,66,66,66,66,66,66,66,66,66,66,66,66,66,66,66,66,66,66,66,66,66,66,66,66,66,66,66,66,66,66,66,66,66,66,66,66,80,80,80,80,80,80,80,80,80,80,80,80,80],"relic_stats":{"Darkstone Periapt":0,"Gremlin Horn":[0,0],"counters":[20,86],"Blue Candle":[1],"Astrolabe":["Storm of Steel","Quick Slash","Grand Finale"],"PreservedInsect":235,"Orichalcum":[18],"WarpedTongs":[68],"Peace Pipe":0,"Dream Catcher":0,"TheAbacus":[120],"Mummified Hand":[12],"Turnip":[0],"obtain_stats":[{"Darkstone Periapt":21,"Lantern":38,"Gremlin Horn":48,"Vajra":2,"Mango":39,"Empty Cage":17,"Dream Catcher":4,"TheAbacus":19,"DollysMirror":38,"Mummified Hand":43,"WingedGreaves":0,"Red Mask":20,"Ring of the Snake":0,"Blue Candle":28,"Astrolabe":34,"Oddly Smooth Stone":0,"PreservedInsect":9,"Omamori":4,"Frozen Egg 2":24,"Orichalcum":29,"WarpedTongs":11,"Peace Pipe":14,"Bottled Flame":28,"Turnip":47,"Membership Card":1,"Ring of the Serpent":0,"Toy Ornithopter":41},{"Darkstone Periapt":7,"Lantern":14,"Gremlin Horn":19,"Vajra":1,"Mango":15,"Empty Cage":5,"Dream Catcher":1,"TheAbacus":6,"DollysMirror":14,"Mummified Hand":17,"WingedGreaves":0,"Red Mask":7,"Ring of the Snake":0,"Blue Candle":9,"Astrolabe":12,"Oddly Smooth Stone":0,"PreservedInsect":2,"Omamori":1,"Frozen Egg 2":9,"Orichalcum":10,"WarpedTongs":2,"Peace Pipe":4,"Bottled Flame":9,"Turnip":18,"Membership Card":1,"Ring of the Serpent":0,"Toy Ornithopter":16},{"Darkstone Periapt":36,"Lantern":69,"Gremlin Horn":84,"Vajra":5,"Mango":73,"Empty Cage":27,"Dream Catcher":5,"TheAbacus":31,"DollysMirror":69,"Mummified Hand":79,"WingedGreaves":0,"Red Mask":36,"Ring of the Snake":0,"Blue Candle":45,"Astrolabe":63,"Oddly Smooth Stone":0,"PreservedInsect":8,"Omamori":5,"Frozen Egg 2":45,"Orichalcum":50,"WarpedTongs":8,"Peace Pipe":17,"Bottled Flame":45,"Turnip":81,"Membership Card":1,"Ring of the Serpent":0,"Toy Ornithopter":76}],"Toy Ornithopter":0},"card_choices":[{"not_picked":["Terror","Endless Agony"],"picked":"Backstab","floor":1.0},{"not_picked":["Flying Knee","Underhanded Strike"],"picked":"Cloak And Dagger","floor":7.0},{"not_picked":["Slice","Calculated Gamble"],"picked":"Deadly Poison","floor":12.0},{"not_picked":["Endless Agony","Deadly Poison"],"picked":"Footwork","floor":14.0},{"not_picked":["Underhanded Strike+1","Dagger Throw","Bane"],"picked":"SKIP","floor":18.0},{"not_picked":["Underhanded Strike+1","Bane"],"picked":"Dagger Throw","floor":18.0},{"not_picked":["PiercingWail","Deflect"],"picked":"Cloak And Dagger","floor":20.0},{"not_picked":["Acrobatics+1","Predator"],"picked":"Blade Dance","floor":22.0},{"not_picked":["Sucker Punch","Backflip","Poisoned Stab"],"picked":"SKIP","floor":24.0},{"not_picked":["Heel Hook","Deadly Poison","Quick Slash"],"picked":"SKIP","floor":29.0},{"not_picked":["Dagger Spray","Venomology","Sucker Punch"],"picked":"SKIP","floor":30.0},{"not_picked":["Dagger Spray","Finisher","Deadly Poison+1"],"picked":"SKIP","floor":35},{"not_picked":["Backstab+1","Dagger Spray","Poisoned Stab"],"picked":"SKIP","floor":37},{"not_picked":["Dagger Throw","Crippling Poison","Backstab"],"picked":"SKIP","floor":41},{"not_picked":["PiercingWail+1","Sucker Punch"],"picked":"Acrobatics","floor":42},{"not_picked":["Endless Agony+1","Deadly Poison+1"],"picked":"Escape Plan","floor":48}],"player_experience":489894,"relics_obtained":[{"floor":9.0,"key":"PreservedInsect"},{"floor":14.0,"key":"Peace Pipe"},{"floor":20.0,"key":"Red Mask"},{"floor":24.0,"key":"Frozen Egg 2"},{"floor":29.0,"key":"Orichalcum"},{"floor":39,"key":"Mango"},{"floor":41,"key":"Toy Ornithopter"},{"floor":43,"key":"Mummified Hand"},{"floor":47,"key":"Turnip"},{"floor":48,"key":"Gremlin Horn"}],"event_choices":[{"damage_healed":0.0,"max_hp_gain":0.0,"max_hp_loss":0.0,"gold_gain":0.0,"event_name":"Big Fish","player_choice":"Box","floor":4.0,"gold_loss":0.0,"damage_taken":0.0,"relics_obtained":["Dream Catcher"],"cards_obtained":["Regret"]},{"damage_healed":0.0,"max_hp_gain":0.0,"max_hp_loss":0.0,"gold_gain":0.0,"event_name":"Upgrade Shrine","player_choice":"Upgraded","floor":5.0,"gold_loss":0.0,"damage_taken":0.0,"cards_upgraded":["Neutralize"]},{"damage_healed":0.0,"max_hp_gain":0.0,"max_hp_loss":0.0,"gold_gain":0.0,"event_name":"Accursed Blacksmith","player_choice":"Rummage","floor":11.0,"gold_loss":0.0,"damage_taken":0.0,"relics_obtained":["WarpedTongs"],"cards_obtained":["Pain"]},{"damage_healed":0.0,"max_hp_gain":0.0,"max_hp_loss":0.0,"gold_gain":0.0,"event_name":"Living Wall","player_choice":"Grow","floor":13.0,"gold_loss":0.0,"damage_taken":0.0,"cards_upgraded":["Deadly Poison"]},{"damage_healed":0.0,"max_hp_gain":0.0,"max_hp_loss":0.0,"gold_gain":0.0,"event_name":"Masked Bandits","player_choice":"Fought Bandits","floor":20.0,"gold_loss":0.0,"damage_taken":0.0},{"damage_healed":0.0,"max_hp_gain":0.0,"max_hp_loss":0.0,"gold_gain":0.0,"event_name":"WeMeetAgain","player_choice":"Gave Potion","floor":21.0,"gold_loss":0.0,"damage_taken":0.0,"relics_obtained":["Darkstone Periapt"]},{"damage_healed":0.0,"max_hp_gain":0.0,"max_hp_loss":0.0,"gold_gain":0.0,"event_name":"The Woman in Blue","player_choice":"Bought 3 Potions","floor":28.0,"gold_loss":0.0,"damage_taken":0.0},{"damage_healed":0,"gold_gain":0,"player_choice":"Fight","damage_taken":0,"max_hp_gain":0,"max_hp_loss":0,"event_name":"MindBloom","floor":39,"gold_loss":0},{"cards_removed":["Cloak And Dagger"],"damage_healed":0,"gold_gain":0,"player_choice":"Removed Skill","damage_taken":0,"max_hp_gain":0,"max_hp_loss":0,"event_name":"Falling","floor":45,"gold_loss":0},{"damage_healed":0,"gold_gain":0,"player_choice":"Fight","damage_taken":0,"max_hp_gain":0,"max_hp_loss":0,"event_name":"Mysterious Sphere","floor":47,"gold_loss":0}],"is_beta":false,"boss_relics":[{"not_picked":["SacredBark","Snecko Eye"],"picked":"Empty Cage"},{"not_picked":["Runic Pyramid","Philosopher\u0027s Stone"],"picked":"Astrolabe"}],"items_purged_floors":[2,3,19,31,36,38],"is_endless":false,"potions_floor_spawned":[1,12,22,30,33,35,42],"killed_by":"Time Eater","ascension_level":20}}