{"host":"ursziy4t9x9wod35","time":1608058674,"event":{"mods":["Act Like it!","AlwaysNeverKeys","Aspiration","BaseMod","Beaked The Cultist","Colored Map","Colored Powertips","Conspire","DeckTracker","Friendly Minions","Glutton Mod","Googly Eyes","Halation","Hallownest","Hermit","Hubris","Infinite Spire","Marisa????????","Mimic Mod","Minty Spire (QoL Compilation)","Rare Cards Sparkle","Relic Sorter","Replay The Spire","Shop Mod","StSLib","The Animator","The Bug Knight","The Construct","The Cursed","The Hierophant","The Servant 0.9.4"],"gold_per_floor":[112,112,112,112,112,112,146,161,188,214,102,102,102,120,120,225,225,247,78,95,5,5,31,31,38,38],"floor_reached":25,"playtime":917,"items_purged":["hermit:Strike_Hermit","Pain"],"score":250,"play_id":"3f86b0a3-f96d-4faf-9ffc-f662bd554a24","local_time":"20201215135754","is_ascension_mode":false,"campfire_choices":[{"data":"hermit:Snapshot","floor":6.0,"key":"SMITH"},{"data":"hermit:Brawl","floor":12,"key":"SMITH"},{"floor":15,"key":"DIG"},{"data":"hermit:EternalForm","floor":24,"key":"SMITH"}],"circlet_count":0,"master_deck":["hermit:Strike_Hermit+1","hermit:Defend_Hermit","hermit:Snapshot+1","hermit:Covet+1","hermit:CalledShot+1","hermit:Deadeye","hermit:Brawl+1","hermit:Scavenge","hermit:HighNoon","Spreading Infection","hermit:FromBeyond","hermit:Vantage","hermit:EternalForm+1"],"relics":["hermit:Momento","NeowsBlessing","halation:PrussianBluePaint","Strawberry","aspiration:SeaSaltIceCream","aspiration:Nostalgia","m_IronSupplements","halation:WeightlessCrab","Kintsugi","infinitespire:Bottled Soul"],"acts_visited":["Exordium","TheCity"],"potions_floor_usage":[16],"damage_taken":[{"damage":0.0,"enemies":"2 Louse","floor":1.0,"turns":1.0},{"damage":0.0,"enemies":"HollowMod:MossKnight","floor":7.0,"turns":1.0},{"damage":0.0,"enemies":"Cultist","floor":8.0,"turns":1.0},{"damage":8.0,"enemies":"Gremlin Nob","floor":10.0,"turns":3.0},{"damage":2,"enemies":"conspire:RoseBush","floor":14,"turns":2},{"damage":41,"enemies":"Hexaghost","floor":16,"turns":9},{"damage":0,"enemies":"Spheric Guardian","floor":18,"turns":4},{"damage":35,"enemies":"2 Thieves","floor":20,"turns":5},{"damage":41,"enemies":"Gremlin Leader","floor":23,"turns":7},{"damage":18,"enemies":"conspire:Head Lice","floor":25,"turns":2}],"seed_played":"561913432432149029","potions_obtained":[{"floor":7.0,"key":"DistilledChaos"},{"floor":10.0,"key":"Fire Potion"}],"is_trial":false,"path_per_floor":["M","?","?","?","T","R","E","M","T","E","$","R","?","M","R_BF","B",null,"M","$","M","?","$","E","R","E"],"character_chosen":"HERMIT","items_purchased":["hermit:Brawl","hermit:FromBeyond"],"campfire_rested":0,"item_purchase_floors":[11,19],"current_hp_per_floor":[75,75,68,53,53,53,53,53,60,52,52,52,52,56,56,21,82,82,82,53,53,53,18,18,0,0],"gold":38,"neow_bonus":"THREE_ENEMY_KILL","is_daily":false,"chose_seed":false,"campfire_upgraded":3,"win_rate":0.0,"timestamp":1608058674,"path_taken":["M","?","?","?","?","R","E","?","T","E","$","R","?","M","R_BF","BOSS","M","?","?","?","$","E","R","E"],"items_purchased_type":["Card","Card"],"build_version":"2020-12-13","purchased_purges":2,"victory":false,"max_hp_per_floor":[75,75,75,75,75,75,75,75,82,82,82,82,82,82,82,82,82,82,82,82,82,82,82,82,82,82],"card_choices":[{"not_picked":["hermit:Dive","hermit:LuckOfTheDraw"],"picked":"hermit:CalledShot","floor":1.0},{"not_picked":["hermit:LoneWolf","hermit:CursedWeapon"],"picked":"hermit:DeadMansHand","floor":7.0},{"not_picked":["hermit:LowProfile","hermit:Ricochet"],"picked":"hermit:TrackingShot","floor":8.0},{"not_picked":["hermit:DeadMansHand","hermit:WideOpen"],"picked":"hermit:Deadeye","floor":10.0},{"not_picked":["hermit:WideOpen","hermit:DeadMansHand"],"picked":"hermit:Scavenge","floor":14},{"not_picked":["hermit:HeroicBravado","Brutality"],"picked":"hermit:HighNoon","floor":16},{"not_picked":["hermit:HoleUp","hermit:BodyArmor"],"picked":"hermit:Brawl","floor":18},{"not_picked":["hermit:Dive","hermit:Misfire+1"],"picked":"hermit:Vantage","floor":20},{"not_picked":["hermit:CalledShot","hermit:Glare"],"picked":"hermit:EternalForm","floor":23}],"player_experience":353170,"relics_obtained":[{"floor":7.0,"key":"halation:PrussianBluePaint"},{"floor":9.0,"key":"Strawberry"},{"floor":10.0,"key":"aspiration:SeaSaltIceCream"},{"floor":15,"key":"halation:WeightlessCrab"},{"floor":23,"key":"infinitespire:Bottled Soul"}],"event_choices":[{"damage_healed":0.0,"max_hp_gain":0.0,"max_hp_loss":0.0,"gold_gain":0.0,"event_name":"conspire:Investor","player_choice":"Leave","floor":2.0,"gold_loss":0.0,"damage_taken":0.0},{"cards_removed":["hermit:Strike_Hermit"],"damage_healed":0.0,"max_hp_gain":0.0,"max_hp_loss":0.0,"gold_gain":0.0,"event_name":"Golden Wing","player_choice":"Card Removal","floor":3.0,"gold_loss":0.0,"damage_taken":7.0},{"damage_healed":0.0,"max_hp_gain":0.0,"max_hp_loss":0.0,"gold_gain":0.0,"event_name":"Shining Light","player_choice":"Entered Light","floor":4.0,"gold_loss":0.0,"damage_taken":15.0,"cards_upgraded":["hermit:Strike_Hermit","hermit:CalledShot"]},{"cards_removed":["hermit:Defend_Hermit"],"damage_healed":0,"gold_gain":0,"player_choice":"Offered Basic","damage_taken":0,"max_hp_gain":0,"max_hp_loss":0,"event_name":"Bonfire Elementals","floor":13,"gold_loss":0},{"cards_removed":["hermit:Brawl"],"damage_healed":0,"gold_gain":0,"player_choice":"Upgrade and Remove","damage_taken":0,"max_hp_gain":0,"max_hp_loss":0,"event_name":"Designer","floor":21,"gold_loss":90,"cards_upgraded":["hermit:Covet"]}],"is_beta":false,"boss_relics":[{"not_picked":["aspiration:FutureDiary","hubris:ScarierMask"],"picked":"Kintsugi"}],"items_purged_floors":[11,19],"is_endless":false,"potions_floor_spawned":[7,10],"killed_by":"conspire:Head Lice","ascension_level":0}}