{"host":"jolg1n27y0xvdyb4","time":1608065532,"event":{"mods":["2.2 Compatiblity","AchievementEnabler","Act Like it!","BaseMod","Better Altar","Better Match","Better Note","Better Sensory Stone","Better Skull","Better Third Choice","Better Vampires","Block Reminder","Colored Map","Downfall","Gremlin Mod","Hermit","Jorbs\u0027s Wanderer Trilogy","Minty Spire (QoL Compilation)","SIMod","StSLib","The Blackbeard","The Blue Laboratory","The Bug Knight","The Hierophant","The Jungle","The Necromancer","The Wild Card"],"gold_per_floor":[14,26,37,57,57,57,72,90,90,109,109,123,141,66,66,161,161,174,193,93,103,116,116,116,116,188,188,201,214,234,234,234,337,387,401,276,290,302,302,302],"floor_reached":39,"playtime":3271,"items_purged":["Strike_R","Defend_R","Strike_R"],"score":580,"play_id":"60c664fa-960a-4f17-81d6-fed1dbb234a5","local_time":"20201215145212","is_ascension_mode":true,"campfire_choices":[{"data":"Barricade","floor":6.0,"key":"SMITH"},{"data":"Iron Wave","floor":11.0,"key":"SMITH"},{"data":"Rage","floor":15,"key":"SMITH"},{"data":"Iron Wave","floor":23,"key":"SMITH"},{"data":"Rampage","floor":27,"key":"SMITH"},{"data":"Entrench","floor":32,"key":"SMITH"}],"circlet_count":0,"master_deck":["Strike_R","Strike_R","Strike_R","Defend_R+1","Defend_R","Defend_R","Bash","Iron Wave+1","Barricade+1","Shrug It Off","Rampage+1","Rage+1","Shrug It Off+1","Ghostly Armor","Iron Wave+1","Iron Wave+1","Entrench+1"],"relics":["Burning Blood","StoneCalendar","Lantern","Mango","Coffee Dripper","Darkstone Periapt","Tiny House"],"acts_visited":["Exordium","TheCity","TheBeyond"],"potions_floor_usage":[16,16,28,29,35,38,39],"damage_taken":[{"damage":1.0,"enemies":"Cultist","floor":1.0,"turns":3.0},{"damage":7.0,"enemies":"Small Slimes","floor":2.0,"turns":3.0},{"damage":1.0,"enemies":"2 Louse","floor":3.0,"turns":4.0},{"damage":17.0,"enemies":"Looter","floor":4.0,"turns":3.0},{"damage":0.0,"enemies":"Exordium Wildlife","floor":7.0,"turns":3.0},{"damage":14.0,"enemies":"Exordium Thugs","floor":8.0,"turns":5.0},{"damage":3.0,"enemies":"Red Slaver","floor":10.0,"turns":4.0},{"damage":0.0,"enemies":"Looter","floor":12.0,"turns":5.0},{"damage":1.0,"enemies":"Blue Slaver","floor":13.0,"turns":4.0},{"damage":0,"enemies":"The Guardian","floor":16,"turns":12},{"damage":0,"enemies":"Chosen","floor":18,"turns":7},{"damage":7,"enemies":"Shell Parasite","floor":19,"turns":7},{"damage":16,"enemies":"Shelled Parasite and Fungi","floor":21,"turns":7},{"damage":0,"enemies":"Snake Plant","floor":22,"turns":7},{"damage":24,"enemies":"3 Cultists","floor":28,"turns":7},{"damage":0,"enemies":"Centurion and Healer","floor":29,"turns":7},{"damage":11,"enemies":"Snake Plant","floor":30,"turns":7},{"damage":0,"enemies":"Champ","floor":33,"turns":22},{"damage":25,"enemies":"3 Shapes","floor":35,"turns":6},{"damage":21,"enemies":"Orb Walker","floor":37,"turns":5},{"damage":7,"enemies":"3 Darklings","floor":38,"turns":7},{"damage":90,"enemies":"Transient","floor":39,"turns":5}],"seed_played":"-5781536016288133489","potions_obtained":[{"floor":1.0,"key":"blueLaboratory:TrueEctoplasm"},{"floor":2.0,"key":"blueLaboratory:FruitPunch"},{"floor":7.0,"key":"blueLaboratory:RecallPotion"},{"floor":10.0,"key":"blueLaboratory:LouseDecoction"},{"floor":13.0,"key":"AttackPotion"},{"floor":21,"key":"SteroidPotion"},{"floor":22,"key":"Ancient Potion"},{"floor":28,"key":"sneckomod:MuddlingPotion"},{"floor":34,"key":"SneckoExtractPotion"},{"floor":35,"key":"blueLaboratory:BubblePotion"}],"is_trial":false,"path_per_floor":["M","M","M","M","?","R","M","M","T","M","R","M","M","$","R","B",null,"M","M","$","M","M","R","?","?","T","R","M","M","M","?","R","B",null,"M","$","M","M","M"],"character_chosen":"IRONCLAD","items_purchased":[],"campfire_rested":0,"item_purchase_floors":[],"current_hp_per_floor":[80,79,82,71,71,71,77,69,83,86,86,92,96,96,96,96,96,96,95,95,85,91,91,91,91,91,91,73,79,74,74,74,80,101,99,99,84,83,0,0],"gold":302,"neow_bonus":"ONE_RARE_RELIC","is_daily":false,"chose_seed":false,"campfire_upgraded":6,"win_rate":0.0,"timestamp":1608065532,"path_taken":["M","M","?","M","?","R","M","M","T","?","R","M","?","$","R","BOSS","M","M","$","M","M","R","?","?","T","R","M","M","?","?","R","BOSS","M","$","M","M","M"],"items_purchased_type":[],"build_version":"2020-12-13","purchased_purges":3,"victory":false,"max_hp_per_floor":[80,80,82,82,82,82,82,82,96,96,96,96,96,96,96,96,96,96,96,96,96,96,96,96,96,96,96,96,96,96,96,96,96,101,101,101,101,101,101,101],"card_choices":[{"not_picked":["Combust","Clothesline","Anger"],"picked":"SKIP","floor":1.0},{"not_picked":["Flex","Entrench"],"picked":"Iron Wave","floor":2.0},{"not_picked":["Thunderclap","Perfected Strike"],"picked":"Barricade","floor":3.0},{"not_picked":["Pommel Strike","Uppercut"],"picked":"Shrug It Off","floor":4.0},{"not_picked":["Sword Boomerang","Cleave"],"picked":"Rampage","floor":7.0},{"not_picked":["Heavy Blade","Dark Embrace"],"picked":"Rage","floor":8.0},{"not_picked":["Clothesline","Power Through"],"picked":"Shrug It Off","floor":10.0},{"not_picked":["Power Through","Warcry","Headbutt"],"picked":"SKIP","floor":12.0},{"not_picked":["Battle Trance","Twin Strike"],"picked":"Ghostly Armor","floor":13.0},{"not_picked":["Infernal Blade","Pommel Strike","Perfected Strike"],"picked":"SKIP","floor":18},{"not_picked":["Clothesline","Reckless Charge","True Grit"],"picked":"SKIP","floor":19},{"not_picked":["True Grit","Power Through"],"picked":"Iron Wave","floor":21},{"not_picked":["Power Through+1","Wild Strike","Clash+1"],"picked":"SKIP","floor":22},{"not_picked":["Anger","Shrug It Off+1"],"picked":"Entrench","floor":28},{"not_picked":["Warcry","Heavy Blade+1","Fire Breathing"],"picked":"SKIP","floor":29},{"not_picked":["Limit Break","Disarm","Clothesline"],"picked":"SKIP","floor":30},{"not_picked":["Seeing Red","Rampage","Clothesline+1"],"picked":"SKIP","floor":35},{"not_picked":["Clash","Infernal Blade+1","Shrug It Off+1"],"picked":"SKIP","floor":37},{"not_picked":["Whirlwind","Headbutt","Rage"],"picked":"SKIP","floor":38}],"player_experience":397543,"relics_obtained":[{"floor":9.0,"key":"Mango"},{"floor":26,"key":"Darkstone Periapt"}],"event_choices":[{"damage_healed":0.0,"max_hp_gain":0.0,"max_hp_loss":0.0,"gold_gain":0.0,"event_name":"WeMeetAgain","player_choice":"Gave Potion","floor":5.0,"gold_loss":0.0,"damage_taken":0.0,"relics_obtained":["Lantern"]},{"damage_healed":0,"gold_gain":0,"player_choice":"Forge","damage_taken":0,"max_hp_gain":0,"max_hp_loss":0,"event_name":"Accursed Blacksmith","floor":24,"gold_loss":0,"cards_upgraded":["Defend_R"]},{"damage_healed":0,"gold_gain":0,"player_choice":"Copied","damage_taken":0,"max_hp_gain":0,"max_hp_loss":0,"event_name":"Duplicator","floor":25,"gold_loss":0,"cards_obtained":["Iron Wave"]},{"damage_healed":0,"gold_gain":0,"player_choice":"Leave","damage_taken":0,"max_hp_gain":0,"max_hp_loss":0,"event_name":"FaceTrader","floor":31,"gold_loss":0}],"is_beta":false,"boss_relics":[{"not_picked":["Velvet Choker","Empty Cage"],"picked":"Coffee Dripper"},{"not_picked":["Busted Crown","Runic Pyramid"],"picked":"Tiny House"}],"items_purged_floors":[14,20,36],"is_endless":false,"potions_floor_spawned":[1,2,7,10,13,21,22,28,35,37],"killed_by":"Transient","ascension_level":3}}