{"host":"d8hh7rr4yzitjeuj","time":1608041183,"event":{"mods":["2.2 Compatiblity","AchievementEnabler","BaseMod","CapriCore","Colored Map","Colored Powertips","Highlight Path","Keyboard Shortcuts","Minty Spire (QoL Compilation)","Permanent Neow","Quick Restart","StSLib","SuperFastMode"],"gold_per_floor":[113,123,134,59,71,71,151,183,231,22,22,38,38,48,48,120,120,135,154,154,173,173,173,204,204,204,204,214,139,139,173,173,250,250,268,283,308,25,45,70,70,70,122,146,146,146,180,232,232,232,232,232,232,31,63,63],"floor_reached":57,"playtime":2866,"items_purged":["Hyperbeam","Streamline+1","Rebound"],"score":2867,"play_id":"1c099f18-cdb9-4a3b-b440-7caffc79f9c8","local_time":"20201215230623","is_ascension_mode":true,"campfire_choices":[{"data":"Streamline","floor":6.0,"key":"SMITH"},{"data":"Apotheosis","floor":11.0,"key":"SMITH"},{"floor":13.0,"key":"REST"},{"data":"Seek","floor":15.0,"key":"SMITH"},{"floor":23.0,"key":"REST"},{"floor":27.0,"key":"REST"},{"data":"Coolheaded","floor":30.0,"key":"SMITH"},{"floor":32.0,"key":"REST"},{"floor":41.0,"key":"RECALL"},{"floor":46.0,"key":"REST"},{"floor":49.0,"key":"REST"},{"data":"Master of Strategy","floor":53.0,"key":"SMITH"}],"circlet_count":0,"master_deck":["AscendersBane","Dualcast","All For One","Gash","Recycle","Seek+1","Hologram","Coolheaded+1","Undo","Beam Cell","Apotheosis+1","Gash","Compile Driver","Buffer+1","Coolheaded","Go for the Eyes","Fission","Meteor Strike","Coolheaded","Master of Strategy+1","Secret Weapon","Madness","Madness","Skim","Skim+1"],"relics":["Pandora\u0027s Box","Bottled Tornado","Tiny Chest","Bronze Scales","Empty Cage","Nunchaku","Shuriken","Pear","Orichalcum","Sozu","Unceasing Top","Ornamental Fan","Pen Nib","DataDisk","Emotion Chip","Vajra"],"acts_visited":["Exordium","TheCity","TheBeyond","TheEnding"],"potions_floor_usage":[56,56],"damage_taken":[{"damage":3.0,"enemies":"Cultist","floor":1.0,"turns":3.0},{"damage":2.0,"enemies":"2 Louse","floor":2.0,"turns":3.0},{"damage":12.0,"enemies":"Jaw Worm","floor":3.0,"turns":5.0},{"damage":16.0,"enemies":"Exordium Thugs","floor":5.0,"turns":3.0},{"damage":5.0,"enemies":"3 Sentries","floor":8.0,"turns":7.0},{"damage":0.0,"enemies":"Lots of Slimes","floor":12.0,"turns":1.0},{"damage":0.0,"enemies":"3 Louse","floor":14.0,"turns":2.0},{"damage":2.0,"enemies":"The Guardian","floor":16.0,"turns":6.0},{"damage":18.0,"enemies":"2 Thieves","floor":18.0,"turns":3.0},{"damage":18.0,"enemies":"Shell Parasite","floor":19.0,"turns":3.0},{"damage":2.0,"enemies":"Snecko","floor":21.0,"turns":4.0},{"damage":19.0,"enemies":"Book of Stabbing","floor":24.0,"turns":4.0},{"damage":4.0,"enemies":"Snake Plant","floor":28.0,"turns":3.0},{"damage":18.0,"enemies":"Gremlin Leader","floor":31.0,"turns":4.0},{"damage":7.0,"enemies":"Collector","floor":33.0,"turns":5.0},{"damage":34.0,"enemies":"3 Darklings","floor":35.0,"turns":5.0},{"damage":0.0,"enemies":"Orb Walker","floor":36.0,"turns":4.0},{"damage":0.0,"enemies":"Mind Bloom Boss Battle","floor":37.0,"turns":5.0},{"damage":2.0,"enemies":"Transient","floor":39.0,"turns":6.0},{"damage":0.0,"enemies":"Giant Head","floor":40.0,"turns":2.0},{"damage":1.0,"enemies":"Reptomancer","floor":47.0,"turns":3.0},{"damage":0.0,"enemies":"2 Orb Walkers","floor":48.0,"turns":2.0},{"damage":12.0,"enemies":"Awakened One","floor":50.0,"turns":5.0},{"damage":0.0,"enemies":"Donu and Deca","floor":51.0,"turns":3.0},{"damage":40.0,"enemies":"Shield and Spear","floor":55.0,"turns":3.0},{"damage":32,"enemies":"The Heart","floor":56,"turns":5}],"seed_played":"1156096177096331899","potions_obtained":[{"floor":1.0,"key":"SkillPotion"},{"floor":3.0,"key":"Fire Potion"},{"floor":8.0,"key":"Explosive Potion"},{"floor":16.0,"key":"SteroidPotion"},{"floor":21.0,"key":"Strength Potion"},{"floor":28.0,"key":"PotionOfCapacity"},{"floor":31.0,"key":"LiquidMemories"}],"is_trial":false,"path_per_floor":["M","M","M","?","M","R","T","E","T","$","R","M","R","M","R","B",null,"M","M","?","M","?","R","E","T","T","R","M","$","R","E","R","B",null,"M","M","?","$","M","E","R","?","T","T","?","R","E","?","R","B","B",null,"R","$","E","B",null],"character_chosen":"DEFECT","items_purchased":["Apotheosis","Master of Strategy","Skim"],"campfire_rested":6,"item_purchase_floors":[10,38,54],"current_hp_per_floor":[61,59,47,47,31,31,31,26,26,26,26,26,47,47,47,45,65,47,29,29,27,27,48,29,29,39,63,59,59,59,41,65,58,75,41,41,41,41,39,39,39,29,29,29,14,38,37,37,61,49,49,73,73,73,33,1],"gold":63,"neow_bonus":"BOSS_RELIC","is_daily":false,"chose_seed":false,"campfire_upgraded":5,"win_rate":0.0,"timestamp":1608041183,"path_taken":["M","M","?","?","M","R","?","E","T","$","R","M","R","M","R","BOSS","M","M","?","?","?","R","E","?","T","R","M","?","R","E","R","BOSS","M","M","?","$","M","E","R","?","T","?","?","R","E","?","R","BOSS","BOSS","R","$","E","BOSS"],"items_purchased_type":["Card","Card","Card"],"build_version":"2020-12-13","purchased_purges":3,"victory":true,"max_hp_per_floor":[71,71,71,71,71,71,71,71,71,71,71,71,71,71,71,71,71,71,71,71,71,71,71,71,71,81,81,81,81,81,81,81,81,81,81,81,81,81,81,81,81,81,81,81,81,81,81,81,81,81,81,81,81,81,81,81],"card_choices":[{"not_picked":["Scrape","Turbo"],"picked":"Coolheaded","floor":1.0},{"not_picked":["Hologram","Beam Cell"],"picked":"Undo","floor":2.0},{"not_picked":["Redo","Reprogram"],"picked":"Beam Cell","floor":3.0},{"not_picked":["Coolheaded","Turbo"],"picked":"Sweeping Beam","floor":5.0},{"not_picked":["Conserve Battery","Coolheaded"],"picked":"Double Energy","floor":8.0},{"not_picked":["Leap","Glacier"],"picked":"Gash","floor":12.0},{"not_picked":["Steam","Conserve Battery"],"picked":"Compile Driver","floor":14.0},{"not_picked":["Electrodynamics","Biased Cognition"],"picked":"Buffer","floor":16.0},{"not_picked":["Turbo","Barrage","Stack"],"picked":"SKIP","floor":18.0},{"not_picked":["Consume+1","Leap+1"],"picked":"Coolheaded","floor":19.0},{"not_picked":["Chaos","Ball Lightning","Sweeping Beam"],"picked":"SKIP","floor":21.0},{"not_picked":["Redo","Steam Power"],"picked":"Hyperbeam","floor":24.0},{"not_picked":["Genetic Algorithm","Darkness"],"picked":"Rebound","floor":28.0},{"not_picked":["Hologram","Turbo","Static Discharge"],"picked":"SKIP","floor":31.0},{"not_picked":["Rainbow","Biased Cognition"],"picked":"Meteor Strike","floor":33.0},{"not_picked":["Sweeping Beam","FTL"],"picked":"Coolheaded","floor":35.0},{"not_picked":["Redo","Compile Driver","Hologram+1"],"picked":"SKIP","floor":36.0},{"not_picked":["Gash","Force Field","Barrage"],"picked":"SKIP","floor":39.0},{"not_picked":["Ball Lightning","Blizzard","Steam"],"picked":"SKIP","floor":40.0},{"not_picked":["Deep Breath","Bandage Up"],"picked":"Secret Weapon","floor":42.0},{"not_picked":["Steam Power","Heatsinks","Redo"],"picked":"SKIP","floor":47.0},{"not_picked":["Gash","Steam"],"picked":"Skim+1","floor":55.0}],"player_experience":1343204,"relics_obtained":[{"floor":7.0,"key":"Bottled Tornado"},{"floor":8.0,"key":"Tiny Chest"},{"floor":9.0,"key":"Bronze Scales"},{"floor":24.0,"key":"Nunchaku"},{"floor":25.0,"key":"Shuriken"},{"floor":26.0,"key":"Pear"},{"floor":31.0,"key":"Orichalcum"},{"floor":37.0,"key":"Unceasing Top"},{"floor":40.0,"key":"Ornamental Fan"},{"floor":44.0,"key":"Pen Nib"},{"floor":47.0,"key":"DataDisk"},{"floor":48.0,"key":"Emotion Chip"},{"floor":55.0,"key":"Vajra"}],"event_choices":[{"cards_removed":["Heatsinks"],"damage_healed":0.0,"max_hp_gain":0.0,"max_hp_loss":0.0,"gold_gain":0.0,"event_name":"The Cleric","player_choice":"Card Removal","floor":4.0,"gold_loss":75.0,"damage_taken":0.0},{"damage_healed":0.0,"max_hp_gain":0.0,"max_hp_loss":0.0,"gold_gain":0.0,"event_name":"Upgrade Shrine","player_choice":"Upgraded","floor":20.0,"gold_loss":0.0,"damage_taken":0.0,"cards_upgraded":["Buffer"]},{"damage_healed":0.0,"max_hp_gain":0.0,"max_hp_loss":0.0,"gold_gain":0.0,"cards_transformed":["Biased Cognition","Zap"],"event_name":"Drug Dealer","player_choice":"Became Test Subject","floor":22.0,"gold_loss":0.0,"damage_taken":0.0,"cards_obtained":["Go for the Eyes","Fission"]},{"damage_healed":0.0,"max_hp_gain":0.0,"max_hp_loss":0.0,"gold_gain":0.0,"event_name":"MindBloom","player_choice":"Fight","floor":37.0,"gold_loss":0.0,"damage_taken":0.0},{"damage_healed":0.0,"max_hp_gain":0.0,"max_hp_loss":0.0,"gold_gain":0.0,"event_name":"SensoryStone","player_choice":"Memory 3","floor":42.0,"gold_loss":0.0,"damage_taken":10.0},{"damage_healed":0.0,"max_hp_gain":0.0,"max_hp_loss":0.0,"gold_gain":0.0,"event_name":"Winding Halls","player_choice":"Embrace Madness","floor":45.0,"gold_loss":0.0,"damage_taken":15.0,"cards_obtained":["Madness","Madness"]},{"damage_healed":0.0,"max_hp_gain":0.0,"max_hp_loss":0.0,"gold_gain":0.0,"event_name":"Mysterious Sphere","player_choice":"Fight","floor":48.0,"gold_loss":0.0,"damage_taken":0.0}],"is_beta":false,"boss_relics":[{"not_picked":["Velvet Choker","Runic Dome"],"picked":"Empty Cage"},{"not_picked":["SlaversCollar","Black Star"],"picked":"Sozu"}],"items_purged_floors":[29,38,54],"is_endless":false,"potions_floor_spawned":[1,3,8,16,21,28,31,33,36,39,40],"ascension_level":20}}