{"host":"iphsb0ccnjx0pfn6","time":1608058288,"event":{"mods":["2.2 Compatiblity","AchievementEnabler","BaseMod","Colored Map","DeckTracker","Keyboard Shortcuts","Minty Spire (QoL Compilation)","Permanent Neow","Quick Restart","Relic Stats","StSLib","SuperFastMode","Uncapped","everything is the same but u backflip on backflip"],"gold_per_floor":[117,127,145,162,8,34,34,34,34,62,62,62,62,79,79,153,153,165,183,194,194,204,204,204,204],"floor_reached":24,"playtime":495,"items_purged":["Strike_G"],"score":516,"play_id":"af160e3c-0fbe-4ca9-9db1-c082ab7203a9","local_time":"20201216035128","is_ascension_mode":true,"campfire_choices":[{"data":"Skewer","floor":8.0,"key":"SMITH"},{"data":"1","floor":12.0,"key":"LIFT"},{"data":"Phantasmal Killer","floor":15.0,"key":"SMITH"},{"floor":23,"key":"REST"}],"circlet_count":0,"master_deck":["AscendersBane","Strike_G","Strike_G","Strike_G","Defend_G","Defend_G","Defend_G","Defend_G","Defend_G","Survivor","Neutralize","Skewer+1","Dagger Spray","Dagger Spray","Backstab","Well Laid Plans","Phantasmal Killer+1","Venomology","Infinite Blades","Backflip"],"relics":["Ring of the Snake","Anchor","Pocketwatch","Girya","Shovel","Black Star"],"acts_visited":["Exordium","TheCity"],"potions_floor_usage":[22,22,22,24],"damage_taken":[{"damage":7.0,"enemies":"Jaw Worm","floor":1.0,"turns":7.0},{"damage":0.0,"enemies":"2 Louse","floor":2.0,"turns":3.0},{"damage":0.0,"enemies":"Small Slimes","floor":3.0,"turns":3.0},{"damage":0.0,"enemies":"Gremlin Gang","floor":4.0,"turns":4.0},{"damage":43.0,"enemies":"Gremlin Nob","floor":6.0,"turns":5.0},{"damage":22.0,"enemies":"Lagavulin","floor":10.0,"turns":5.0},{"damage":0.0,"enemies":"3 Louse","floor":14.0,"turns":2.0},{"damage":0.0,"enemies":"Slime Boss","floor":16.0,"turns":5.0},{"damage":3.0,"enemies":"Shell Parasite","floor":18.0,"turns":4.0},{"damage":8.0,"enemies":"Chosen","floor":19.0,"turns":4.0},{"damage":38.0,"enemies":"3 Cultists","floor":20.0,"turns":7.0},{"damage":0,"enemies":"Snake Plant","floor":22,"turns":2},{"damage":12,"enemies":"Slavers","floor":24,"turns":2}],"seed_played":"5703595551640562714","potions_obtained":[{"floor":1.0,"key":"BlessingOfTheForge"},{"floor":6.0,"key":"SteroidPotion"},{"floor":14.0,"key":"LiquidMemories"},{"floor":16.0,"key":"Block Potion"},{"floor":20.0,"key":"Strength Potion"}],"is_trial":false,"path_per_floor":["M","M","M","M","$","E","?","R","T","E","?","R","?","M","R","B",null,"M","M","M","?","M","R","E"],"character_chosen":"THE_SILENT","items_purchased":["Backstab"],"campfire_rested":1,"item_purchase_floors":[5],"current_hp_per_floor":[52,52,52,52,52,9,31,31,31,9,9,9,9,9,9,9,52,49,41,3,3,3,22,10,10],"gold":204,"neow_bonus":"RANDOM_COMMON_RELIC","is_daily":false,"chose_seed":false,"campfire_upgraded":2,"win_rate":0.0,"timestamp":1608058288,"path_taken":["M","M","M","M","$","E","?","R","T","E","?","R","?","M","R","BOSS","M","M","M","?","?","R","E"],"items_purchased_type":["Card"],"build_version":"2020-12-13","purchased_purges":1,"victory":false,"max_hp_per_floor":[66,66,66,66,66,66,66,66,66,66,66,66,66,66,66,66,66,66,66,66,66,66,66,66,66],"relic_stats":{"Shovel":0,"counters":[13,53],"Black Star":0,"obtain_stats":[{"Girya":9,"Anchor":0,"Shovel":10,"Black Star":17,"Ring of the Snake":0,"Pocketwatch":6},{"Girya":5,"Anchor":0,"Shovel":6,"Black Star":8,"Ring of the Snake":0,"Pocketwatch":5},{"Girya":22,"Anchor":0,"Shovel":27,"Black Star":34,"Ring of the Snake":0,"Pocketwatch":22}],"Ring of the Snake":[26],"Pocketwatch":[48]},"card_choices":[{"not_picked":["PiercingWail","Acrobatics"],"picked":"Skewer","floor":1.0},{"not_picked":["Outmaneuver","Underhanded Strike"],"picked":"Dagger Spray","floor":2.0},{"not_picked":["Dodge and Roll","Backflip","Bane"],"picked":"SKIP","floor":3.0},{"not_picked":["Sucker Punch","Deflect"],"picked":"Dagger Spray","floor":4.0},{"not_picked":["Blur","Riddle With Holes"],"picked":"Well Laid Plans","floor":6.0},{"not_picked":["Deadly Poison","Reflex","Tactician"],"picked":"SKIP","floor":10.0},{"not_picked":["Crippling Poison","Cloak And Dagger"],"picked":"Phantasmal Killer","floor":14.0},{"not_picked":["Corpse Explosion","Bullet Time"],"picked":"Venomology","floor":16.0},{"not_picked":["Dagger Throw","Skewer","Deadly Poison"],"picked":"SKIP","floor":18.0},{"not_picked":["Well Laid Plans+1","Underhanded Strike+1"],"picked":"Infinite Blades","floor":19.0},{"not_picked":["Caltrops+1","Predator","Masterful Stab"],"picked":"SKIP","floor":20.0},{"not_picked":["Quick Slash+1","Outmaneuver","Skewer"],"picked":"SKIP","floor":22}],"player_experience":1166290,"relics_obtained":[{"floor":6.0,"key":"Pocketwatch"},{"floor":9.0,"key":"Girya"},{"floor":10.0,"key":"Shovel"}],"event_choices":[{"damage_healed":22.0,"max_hp_gain":0.0,"max_hp_loss":0.0,"gold_gain":0.0,"event_name":"Big Fish","player_choice":"Banana","floor":7.0,"gold_loss":0.0,"damage_taken":0.0},{"damage_healed":0.0,"max_hp_gain":0.0,"max_hp_loss":0.0,"gold_gain":0.0,"event_name":"Dead Adventurer","player_choice":"Searched \u00271\u0027 times","floor":11.0,"gold_loss":0.0,"damage_taken":0.0},{"damage_healed":0.0,"max_hp_gain":0.0,"max_hp_loss":0.0,"gold_gain":0.0,"event_name":"Liars Game","player_choice":"Ignored","floor":13.0,"gold_loss":0.0,"damage_taken":0.0},{"damage_healed":0.0,"max_hp_gain":0.0,"max_hp_loss":0.0,"gold_gain":0.0,"cards_transformed":["Strike_G"],"event_name":"Transmorgrifier","player_choice":"Transformed","floor":21.0,"gold_loss":0.0,"damage_taken":0.0,"cards_obtained":["Backflip"]}],"is_beta":false,"boss_relics":[{"not_picked":["WristBlade","Snecko Eye"],"picked":"Black Star"}],"items_purged_floors":[5],"is_endless":false,"potions_floor_spawned":[1,6,14,16,20],"killed_by":"Slavers","ascension_level":20}}