{"host":"9lmq8xsdv2x4ffld","time":1608065524,"event":{"mods":["Act Like it!","BaseMod","Conspire","Downfall","Hermit","Hubris","Infinite Spire","Koishi","Minty Spire (QoL Compilation)","Shop Mod","StSLib","The Administrix","The Servant 0.9.4","TheHero"],"gold_per_floor":[112,125,142,156,8,39,39,39,85,85,129,37,37,58,58,183,183,207,307,76,99,123,123,143,143,167,82,82,102,122,146,146,276,276,299,299,323,338,338,338],"floor_reached":39,"playtime":2315,"items_purged":["Defend_R"],"score":395,"play_id":"74c57e56-670a-4b91-977a-2a0c2d7b205c","local_time":"20201215215204","is_ascension_mode":false,"campfire_choices":[{"floor":7,"key":"REST"},{"data":"Bash","floor":10,"key":"SMITH"},{"floor":13,"key":"REST"},{"data":"Armaments","floor":15,"key":"SMITH"},{"data":"Cleave","floor":23,"key":"SMITH"},{"data":"Rage","floor":25,"key":"SMITH"},{"floor":32,"key":"REST"}],"circlet_count":0,"master_deck":["Strike_R","Strike_R","Strike_R","Strike_R","Strike_R","Defend_R","Defend_R","Defend_R","Bash+1","Spot Weakness","Rage+1","Seeing Red","Cleave+1","Flex","Armaments+1","Demon Form","Inflame+1"],"relics":["Burning Blood","NeowsBlessing","Happy Flower","Vajra","Golden Idol","Centennial Puzzle","conspire:DeflatedDodgeball","Black Star","Bronze Scales","Toy Ornithopter","Paper Frog","MutagenicStrength","Cursed Key"],"acts_visited":["Exordium","TheCity","TheBeyond"],"potions_floor_usage":[6,16,22,29,33,33,37],"damage_taken":[{"damage":0,"enemies":"Cultist","floor":1,"turns":1},{"damage":0,"enemies":"Jaw Worm","floor":2,"turns":1},{"damage":0,"enemies":"Small Slimes","floor":3,"turns":1},{"damage":27,"enemies":"Gremlin Gang","floor":4,"turns":6},{"damage":25,"enemies":"3 Sentries","floor":6,"turns":8},{"damage":27,"enemies":"Lagavulin","floor":11,"turns":5},{"damage":0,"enemies":"Large Slime","floor":14,"turns":5},{"damage":55,"enemies":"The Guardian","floor":16,"turns":8},{"damage":9,"enemies":"Shell Parasite","floor":18,"turns":4},{"damage":11,"enemies":"Spheric Guardian","floor":21,"turns":4},{"damage":14,"enemies":"Snake Plant","floor":22,"turns":4},{"damage":10,"enemies":"Cultist and Chosen","floor":24,"turns":3},{"damage":21,"enemies":"Snecko","floor":29,"turns":5},{"damage":10,"enemies":"Chosen and Byrds","floor":30,"turns":3},{"damage":19,"enemies":"Snake Plant","floor":31,"turns":3},{"damage":48,"enemies":"conspire:MysteriousRune","floor":33,"turns":9},{"damage":23,"enemies":"3 Darklings","floor":35,"turns":5},{"damage":30,"enemies":"3 Shapes","floor":37,"turns":5},{"damage":37,"enemies":"Writhing Mass","floor":38,"turns":5},{"damage":26,"enemies":"3 Darklings","floor":39,"turns":7}],"seed_played":"-2073380641565595722","potions_obtained":[{"floor":1,"key":"champ:CounterPotion"},{"floor":4,"key":"GamblersBrew"},{"floor":11,"key":"Slimebound:ThreeZeroPotion"},{"floor":16,"key":"SpeedPotion"},{"floor":18,"key":"Explosive Potion"},{"floor":22,"key":"SkillPotion"},{"floor":29,"key":"SpeedPotion"},{"floor":31,"key":"DuplicationPotion"},{"floor":35,"key":"Strength Potion"}],"is_trial":false,"path_per_floor":["M","M","M","M","$","E","R","?","T","R","E","$","R","M","R","B",null,"M","?","$","M","M","R","M","R","T","?","?","M","M","M","R","B",null,"M","?","M","M","M"],"character_chosen":"IRONCLAD","items_purchased":["Happy Flower","Cleave","Flex","Bronze Scales"],"campfire_rested":3,"item_purchase_floors":[5,12,12,20],"current_hp_per_floor":[80,80,80,59,59,40,64,64,64,64,43,43,65,71,71,22,74,71,71,71,66,58,58,54,54,54,54,54,44,40,27,49,17,74,57,74,50,19,0,0],"gold":338,"neow_bonus":"THREE_ENEMY_KILL","is_daily":false,"chose_seed":false,"campfire_upgraded":4,"win_rate":0.0,"timestamp":1608065524,"path_taken":["M","M","?","M","$","E","R","?","T","R","E","$","R","M","R","BOSS","M","?","$","M","?","R","M","R","T","?","?","M","M","M","R","BOSS","M","?","M","M","?"],"items_purchased_type":["Relic","Card","Card","Relic"],"build_version":"2020-12-13","purchased_purges":1,"victory":false,"max_hp_per_floor":[80,80,80,80,80,80,80,74,74,74,74,74,74,74,74,74,74,74,74,74,74,74,74,74,74,74,74,74,74,74,74,74,74,74,74,74,74,74,74,74],"card_choices":[{"not_picked":["conspire:ExplosiveBarrier","Clothesline","Burning Pact"],"picked":"SKIP","floor":1},{"not_picked":["Bloodletting","Feel No Pain","Ghostly Armor"],"picked":"SKIP","floor":2},{"not_picked":["Clash","Sword Boomerang","hubris:ReadiedAction"],"picked":"SKIP","floor":3},{"not_picked":["Flex","True Grit"],"picked":"Spot Weakness","floor":4},{"not_picked":["Anger","Uppercut"],"picked":"Rage","floor":6},{"not_picked":["Intimidate","hubris:CleavingFinish"],"picked":"Seeing Red","floor":11},{"not_picked":["Feel No Pain","Shockwave"],"picked":"Armaments","floor":14},{"not_picked":["Fire Breathing+1","Wild Strike","Armaments"],"picked":"SKIP","floor":18},{"not_picked":["hubris:SharpeningStone","Power Through","Perfected Strike"],"picked":"SKIP","floor":21},{"not_picked":["Clash","Armaments","Ghostly Armor"],"picked":"SKIP","floor":22},{"not_picked":["Cleave","True Grit","Offering"],"picked":"SKIP","floor":24},{"not_picked":["Entrench","Shrug It Off","Iron Wave+1"],"picked":"SKIP","floor":29},{"not_picked":["Rampage","Carnage+1","Sword Boomerang"],"picked":"SKIP","floor":30},{"not_picked":["Shrug It Off","Second Wind","Bloodletting+1"],"picked":"SKIP","floor":31},{"not_picked":["conspire:HitWhereItHurts","Fiend Fire"],"picked":"Demon Form","floor":33},{"not_picked":["Clash+1","Body Slam","conspire:ExplosiveBarrier+1"],"picked":"SKIP","floor":35},{"not_picked":["Shrug It Off","Bloodletting"],"picked":"Inflame+1","floor":37},{"not_picked":["hubris:ReadiedAction+1","Dual Wield","Clothesline+1"],"picked":"SKIP","floor":38}],"player_experience":44084,"relics_obtained":[{"floor":6,"key":"Vajra"},{"floor":9,"key":"Centennial Puzzle"},{"floor":11,"key":"conspire:DeflatedDodgeball"},{"floor":26,"key":"Toy Ornithopter"}],"event_choices":[{"damage_healed":0,"gold_gain":0,"player_choice":"Lose Max HP","damage_taken":0,"relics_obtained":["Golden Idol"],"max_hp_gain":0,"max_hp_loss":6,"event_name":"Golden Idol","floor":8,"gold_loss":0},{"damage_healed":0,"gold_gain":100,"player_choice":"Pray","damage_taken":0,"max_hp_gain":0,"max_hp_loss":0,"event_name":"Golden Shrine","floor":19,"gold_loss":0},{"damage_healed":0,"gold_gain":0,"player_choice":"Obtained Relic","damage_taken":0,"relics_obtained":["Paper Frog"],"max_hp_gain":0,"max_hp_loss":0,"event_name":"Addict","floor":27,"gold_loss":85},{"damage_healed":0,"gold_gain":0,"player_choice":"Inject Mutagens","damage_taken":0,"relics_obtained":["MutagenicStrength"],"max_hp_gain":0,"max_hp_loss":0,"event_name":"Drug Dealer","floor":28,"gold_loss":0},{"damage_healed":17,"gold_gain":0,"player_choice":"Full Heal","damage_taken":0,"max_hp_gain":0,"max_hp_loss":0,"event_name":"Wheel of Change","floor":36,"gold_loss":0}],"is_beta":false,"boss_relics":[{"not_picked":["Ectoplasm","Runic Pyramid"],"picked":"Black Star"},{"not_picked":["Runic Dome","Coffee Dripper"],"picked":"Cursed Key"}],"items_purged_floors":[20],"is_endless":false,"potions_floor_spawned":[1,4,11,16,18,22,29,31,35],"killed_by":"3 Darklings","ascension_level":0}}