{"host":"j06fkfseroga8i8e","time":1608054157,"event":{"mods":["BaseMod","Bestiary","Colored Map","Colored Powertips","Minty Spire (QoL Compilation)","Relic Stats","StSLib"],"gold_per_floor":[111,38,49,149,28,28,54,72,95,109,109,144,44,44,44,121,121,135,135,135,185,200,235,235,235,258,258,277,277,305,35,35,112,112,132,132,158,173,133,133,161,161,161,174,189,199,229,24,24,24],"floor_reached":51,"playtime":2336,"items_purged":["Strike_R","Strike_R"],"score":1327,"play_id":"122edd9a-05e8-4ade-bc5c-01e9bff0d04a","local_time":"20201215124237","is_ascension_mode":true,"campfire_choices":[{"data":"Searing Blow","floor":6.0,"key":"SMITH"},{"data":"Armaments","floor":11.0,"key":"SMITH"},{"data":"Searing Blow+1","floor":15,"key":"SMITH"},{"data":"Searing Blow+2","floor":25,"key":"SMITH"},{"data":"Searing Blow+3","floor":27,"key":"SMITH"},{"data":"Searing Blow+4","floor":29,"key":"SMITH"},{"data":"Searing Blow+5","floor":32,"key":"SMITH"},{"floor":40,"key":"REST"},{"floor":42,"key":"REST"},{"data":"Searing Blow+6","floor":49,"key":"SMITH"}],"circlet_count":0,"master_deck":["AscendersBane","Defend_R+1","Defend_R","Defend_R","Bash","Power Through","Searing Blow+7","Clothesline+1","Armaments+1","Bludgeon","Disarm+1","Immolate","Sever Soul+1","Immolate+1","Flame Barrier+1","Blood for Blood","Shrug It Off","Intimidate+1","Metallicize+1","Flame Barrier","Power Through","Berserk+1","Second Wind","Spot Weakness"],"relics":["Snecko Eye","Bag of Marbles","Orichalcum","Pantograph","Astrolabe","Calipers","Centennial Puzzle","Potion Belt","War Paint","Brimstone","Busted Crown","Smiling Mask","Kunai","StrikeDummy","Oddly Smooth Stone","Ancient Tea Set"],"acts_visited":["Exordium","TheCity","TheBeyond"],"potions_floor_usage":[19,22,33,33,35,41,50,50,50],"damage_taken":[{"damage":8.0,"enemies":"Jaw Worm","floor":1.0,"turns":4.0},{"damage":0.0,"enemies":"Cultist","floor":3.0,"turns":3.0},{"damage":5.0,"enemies":"3 Sentries","floor":7.0,"turns":4.0},{"damage":0.0,"enemies":"Small Slimes","floor":8.0,"turns":1.0},{"damage":0.0,"enemies":"Blue Slaver","floor":10.0,"turns":2.0},{"damage":2,"enemies":"Lagavulin","floor":12,"turns":3},{"damage":23,"enemies":"Slime Boss","floor":16,"turns":5},{"damage":0,"enemies":"Shell Parasite","floor":18,"turns":1},{"damage":0,"enemies":"Spheric Guardian","floor":19,"turns":2},{"damage":3,"enemies":"Chosen and Byrds","floor":22,"turns":3},{"damage":10,"enemies":"Gremlin Leader","floor":23,"turns":4},{"damage":0,"enemies":"3 Cultists","floor":28,"turns":2},{"damage":5,"enemies":"Book of Stabbing","floor":30,"turns":2},{"damage":35,"enemies":"Collector","floor":33,"turns":7},{"damage":27,"enemies":"3 Darklings","floor":35,"turns":3},{"damage":0,"enemies":"3 Shapes","floor":38,"turns":2},{"damage":16,"enemies":"Giant Head","floor":41,"turns":7},{"damage":0,"enemies":"3 Darklings","floor":44,"turns":2},{"damage":0,"enemies":"Jaw Worm Horde","floor":45,"turns":3},{"damage":4,"enemies":"Sphere and 2 Shapes","floor":46,"turns":3},{"damage":0,"enemies":"Reptomancer","floor":47,"turns":2},{"damage":18,"enemies":"Donu and Deca","floor":50,"turns":4}],"seed_played":"5593435307868418214","potions_obtained":[{"floor":1.0,"key":"AttackPotion"},{"floor":10.0,"key":"SkillPotion"},{"floor":12,"key":"ElixirPotion"},{"floor":16,"key":"SmokeBomb"},{"floor":24,"key":"LiquidMemories"},{"floor":24,"key":"CultistPotion"},{"floor":28,"key":"Weak Potion"},{"floor":33,"key":"Fire Potion"},{"floor":35,"key":"DuplicationPotion"},{"floor":44,"key":"Fire Potion"}],"is_trial":false,"path_per_floor":["M","$","M","?","$","R","E","M","T","M","R","E","$","?","R","B",null,"M","M","?","?","M","E","?","R","T","R","M","R","E","$","R","B",null,"M","?","T","M","?","R","E","R","T","M","M","M","E","$","R","B",null],"character_chosen":"IRONCLAD","items_purchased":["Searing Blow","Armaments","Brimstone","Flame Barrier","Power Through","Dexterity Potion","Ancient Tea Set"],"campfire_rested":2,"item_purchase_floors":[2,5,31,31,31,48,48],"current_hp_per_floor":[60,60,60,60,60,60,55,55,55,55,55,53,53,46,46,48,68,68,68,68,68,65,55,55,55,55,55,55,55,50,50,50,40,66,39,39,39,39,39,61,45,67,67,67,67,63,63,63,63,57],"gold":24,"neow_bonus":"BOSS_RELIC","is_daily":false,"chose_seed":false,"campfire_upgraded":8,"win_rate":0.0,"timestamp":1608054157,"path_taken":["M","$","M","?","?","R","E","M","T","M","R","E","?","?","R","BOSS","M","M","?","?","?","E","?","R","T","R","M","R","E","$","R","BOSS","M","?","?","M","?","R","E","R","T","M","M","?","E","$","R","BOSS"],"items_purchased_type":["Card","Card","Relic","Card","Card","Potion","Relic"],"build_version":"2020-12-13","purchased_purges":2,"victory":true,"max_hp_per_floor":[75,75,75,75,75,75,75,75,75,75,75,75,75,75,75,75,75,75,75,75,75,75,75,75,75,75,75,75,75,75,75,75,75,75,75,75,75,75,75,75,75,75,75,75,75,75,75,75,75,75],"relic_stats":{"Centennial Puzzle":[18],"Busted Crown":14,"counters":[22,69],"Pantograph":62,"Astrolabe":["Sever Soul","Immolate","Flame Barrier"],"Snecko Eye":[107,109,132,121],"Kunai":[4],"Orichalcum":[72],"War Paint":["Defend_R","Disarm"],"Smiling Mask":0,"obtain_stats":[{"Potion Belt":26,"Calipers":20,"Astrolabe":17,"Oddly Smooth Stone":47,"Orichalcum":9,"War Paint":30,"Smiling Mask":37,"Ancient Tea Set":48,"Burning Blood":0,"Centennial Puzzle":23,"Busted Crown":34,"Brimstone":31,"Pantograph":12,"Snecko Eye":0,"Bag of Marbles":7,"Kunai":41,"StrikeDummy":43},{"Potion Belt":11,"Calipers":9,"Astrolabe":7,"Oddly Smooth Stone":21,"Orichalcum":4,"War Paint":13,"Smiling Mask":15,"Ancient Tea Set":21,"Burning Blood":0,"Centennial Puzzle":11,"Busted Crown":14,"Brimstone":13,"Pantograph":6,"Snecko Eye":0,"Bag of Marbles":3,"Kunai":17,"StrikeDummy":17},{"Potion Belt":32,"Calipers":25,"Astrolabe":22,"Oddly Smooth Stone":65,"Orichalcum":12,"War Paint":36,"Smiling Mask":46,"Ancient Tea Set":65,"Burning Blood":0,"Centennial Puzzle":32,"Busted Crown":43,"Brimstone":36,"Pantograph":17,"Snecko Eye":0,"Bag of Marbles":11,"Kunai":55,"StrikeDummy":55}]},"card_choices":[{"not_picked":["Second Wind","Entrench"],"picked":"Power Through","floor":1.0},{"not_picked":["Clash","Shrug It Off"],"picked":"Clothesline","floor":3.0},{"not_picked":["Shockwave","Dark Embrace"],"picked":"Bludgeon","floor":7.0},{"not_picked":["Perfected Strike","Clothesline","Reckless Charge"],"picked":"SKIP","floor":8.0},{"not_picked":["Bloodletting","Dropkick"],"picked":"Disarm","floor":10.0},{"not_picked":["Bloodletting","Combust","Cleave"],"picked":"SKIP","floor":12},{"not_picked":["Fiend Fire","Limit Break"],"picked":"Immolate","floor":16},{"not_picked":["Dropkick","Burning Pact+1"],"picked":"Blood for Blood","floor":18},{"not_picked":["Clash","Blood for Blood","Dual Wield"],"picked":"SKIP","floor":22},{"not_picked":["Limit Break","Thunderclap"],"picked":"Shrug It Off","floor":23},{"not_picked":["Havoc","Evolve"],"picked":"Intimidate+1","floor":28},{"not_picked":["Armaments","Wild Strike+1"],"picked":"Metallicize+1","floor":30},{"not_picked":["Exhume","Brutality"],"picked":"Berserk","floor":33},{"not_picked":["Body Slam+1"],"picked":"SKIP","floor":35},{"not_picked":["Warcry"],"picked":"SKIP","floor":38},{"not_picked":[],"picked":"Second Wind","floor":41},{"not_picked":["Wild Strike"],"picked":"SKIP","floor":44},{"not_picked":["Iron Wave"],"picked":"SKIP","floor":45},{"not_picked":["Havoc"],"picked":"SKIP","floor":46},{"not_picked":[],"picked":"Spot Weakness","floor":47}],"player_experience":524470,"relics_obtained":[{"floor":7.0,"key":"Bag of Marbles"},{"floor":9.0,"key":"Orichalcum"},{"floor":12,"key":"Pantograph"},{"floor":23,"key":"Centennial Puzzle"},{"floor":26,"key":"Potion Belt"},{"floor":30,"key":"War Paint"},{"floor":37,"key":"Smiling Mask"},{"floor":41,"key":"Kunai"},{"floor":43,"key":"StrikeDummy"},{"floor":47,"key":"Oddly Smooth Stone"}],"event_choices":[{"damage_healed":0.0,"max_hp_gain":0.0,"max_hp_loss":0.0,"gold_gain":100.0,"event_name":"Golden Shrine","player_choice":"Pray","floor":4.0,"gold_loss":0.0,"damage_taken":0.0},{"cards_removed":["Strike_R"],"damage_healed":0,"gold_gain":0,"player_choice":"Card Removal","damage_taken":7,"max_hp_gain":0,"max_hp_loss":0,"event_name":"Golden Wing","floor":14,"gold_loss":0},{"damage_healed":0,"gold_gain":0,"player_choice":"Opened","damage_taken":0,"relics_obtained":["Calipers"],"max_hp_gain":0,"max_hp_loss":0,"event_name":"The Mausoleum","floor":20,"gold_loss":0},{"damage_healed":0,"gold_gain":100,"player_choice":"Bet on Murderer","damage_taken":0,"max_hp_gain":0,"max_hp_loss":0,"event_name":"The Joust","floor":21,"gold_loss":50},{"damage_healed":0,"gold_gain":0,"player_choice":"Got Potions","damage_taken":0,"max_hp_gain":0,"max_hp_loss":0,"event_name":"Lab","floor":24,"gold_loss":0},{"damage_healed":0,"gold_gain":0,"player_choice":"Ignored","damage_taken":0,"max_hp_gain":0,"max_hp_loss":0,"event_name":"Mysterious Sphere","floor":36,"gold_loss":0},{"damage_healed":0,"gold_gain":0,"player_choice":"Upgraded Two","damage_taken":0,"max_hp_gain":0,"max_hp_loss":0,"event_name":"Designer","floor":39,"gold_loss":40,"cards_upgraded":["Berserk","Clothesline"]}],"is_beta":false,"boss_relics":[{"not_picked":["Coffee Dripper","SlaversCollar"],"picked":"Astrolabe"},{"not_picked":["Pandora\u0027s Box","SacredBark"],"picked":"Busted Crown"}],"items_purged_floors":[5,13],"is_endless":false,"potions_floor_spawned":[1,10,12,16,18,19,28,33,35,44],"ascension_level":14}}