{"host":"Rich","time":1608076317,"event":{"mods":["AchievementEnabler","BaseMod","Highlight Path","Minty Spire (QoL Compilation)","Relic Stats"],"gold_per_floor":[113,38,38,38,57,57,207,78,78,78,78,105,123,141,141,218,218,230,21,33,53,53,53],"floor_reached":22,"playtime":782,"items_purged":["Doubt","Strike_G"],"score":418,"play_id":"0be821bb-3266-4fa7-adf5-22f86164e3a3","local_time":"20201215185157","is_ascension_mode":true,"campfire_choices":[{"data":"Footwork","floor":6.0,"key":"SMITH"},{"data":"Cloak And Dagger","floor":15.0,"key":"SMITH"}],"circlet_count":0,"master_deck":["AscendersBane","Strike_G","Strike_G","Strike_G","Defend_G","Defend_G","Defend_G","Defend_G","Defend_G","Survivor","Neutralize","Quick Slash","Footwork+1","Caltrops","Cloak And Dagger+1","Cloak And Dagger+1","Poisoned Stab","Cloak And Dagger","Envenom","Leg Sweep","Noxious Fumes","Blade Dance","Backflip","PiercingWail+1"],"relics":["Ring of the Snake","NeowsBlessing","FossilizedHelix","Mummified Hand","Black Star"],"acts_visited":["Exordium","TheCity"],"potions_floor_usage":[16],"damage_taken":[{"damage":0.0,"enemies":"Jaw Worm","floor":1.0,"turns":1.0},{"damage":0.0,"enemies":"Small Slimes","floor":5.0,"turns":1.0},{"damage":0.0,"enemies":"Lagavulin","floor":12.0,"turns":1.0},{"damage":0.0,"enemies":"Cultist","floor":13.0,"turns":3.0},{"damage":1.0,"enemies":"Gremlin Gang","floor":14.0,"turns":6.0},{"damage":16,"enemies":"The Guardian","floor":16,"turns":16},{"damage":6,"enemies":"Spheric Guardian","floor":18,"turns":9},{"damage":3,"enemies":"Shell Parasite","floor":20,"turns":6},{"damage":17,"enemies":"Shelled Parasite and Fungi","floor":21,"turns":8},{"damage":50,"enemies":"3 Cultists","floor":22,"turns":6}],"seed_played":"-3184690091004229207","potions_obtained":[{"floor":12.0,"key":"SkillPotion"},{"floor":20,"key":"LiquidBronze"}],"is_trial":false,"path_per_floor":["M","$","?","$","M","R","?","$","T","?","?","E","M","M","R","B",null,"M","$","M","M","M"],"character_chosen":"THE_SILENT","items_purchased":["Footwork","Cloak And Dagger","Noxious Fumes","Blade Dance"],"campfire_rested":0,"item_purchase_floors":[2,8,19,19],"current_hp_per_floor":[59,59,64,64,64,64,64,64,64,64,64,64,64,63,63,47,65,59,59,56,39,0,0],"gold":53,"neow_bonus":"THREE_ENEMY_KILL","is_daily":false,"chose_seed":false,"campfire_upgraded":2,"win_rate":0.0,"timestamp":1608076317,"path_taken":["M","$","?","$","M","R","?","$","T","?","?","E","M","M","R","BOSS","M","$","M","?","M"],"items_purchased_type":["Card","Card","Card","Card"],"build_version":"2020-12-07","purchased_purges":2,"victory":false,"max_hp_per_floor":[66,66,71,71,71,71,71,71,71,71,71,71,71,71,71,71,71,71,71,71,71,71,71],"relic_stats":{"counters":[10,57],"Mummified Hand":[18],"Black Star":0,"obtain_stats":[{"NeowsBlessing":0,"Mummified Hand":12,"Black Star":17,"FossilizedHelix":9,"Ring of the Snake":0},{"NeowsBlessing":0,"Mummified Hand":3,"Black Star":6,"FossilizedHelix":2,"Ring of the Snake":0},{"NeowsBlessing":0,"Mummified Hand":3,"Black Star":28,"FossilizedHelix":2,"Ring of the Snake":0}],"Ring of the Snake":[20]},"card_choices":[{"not_picked":["Dodge and Roll","Slice"],"picked":"Quick Slash","floor":1.0},{"not_picked":["Dagger Throw","Underhanded Strike"],"picked":"Caltrops","floor":5.0},{"not_picked":["Distraction","Quick Slash"],"picked":"Cloak And Dagger","floor":12.0},{"not_picked":["Slice","Dodge and Roll"],"picked":"Poisoned Stab","floor":13.0},{"not_picked":["Blur","Infinite Blades"],"picked":"Cloak And Dagger","floor":14.0},{"not_picked":["Phantasmal Killer","Doppelganger"],"picked":"Envenom","floor":16},{"not_picked":["Setup","Prepared"],"picked":"Leg Sweep","floor":18},{"not_picked":["Underhanded Strike","Choke"],"picked":"Backflip","floor":20},{"not_picked":["Underhanded Strike","Blade Dance"],"picked":"PiercingWail+1","floor":21}],"player_experience":1905338,"relics_obtained":[{"floor":9.0,"key":"FossilizedHelix"},{"floor":12.0,"key":"Mummified Hand"}],"event_choices":[{"damage_healed":0.0,"max_hp_gain":5.0,"max_hp_loss":0.0,"gold_gain":0.0,"event_name":"Big Fish","player_choice":"Donut","floor":3.0,"gold_loss":0.0,"damage_taken":0.0},{"damage_healed":0.0,"max_hp_gain":0.0,"max_hp_loss":0.0,"gold_gain":150.0,"event_name":"Liars Game","player_choice":"AGREE","floor":7.0,"gold_loss":0.0,"damage_taken":0.0,"cards_obtained":["Doubt"]},{"damage_healed":0.0,"max_hp_gain":0.0,"max_hp_loss":0.0,"gold_gain":0.0,"event_name":"Living Wall","player_choice":"Grow","floor":10.0,"gold_loss":0.0,"damage_taken":0.0,"cards_upgraded":["Cloak And Dagger"]},{"cards_removed":["Strike_G"],"damage_healed":0.0,"max_hp_gain":0.0,"max_hp_loss":0.0,"gold_gain":0.0,"event_name":"Bonfire Elementals","player_choice":"Offered Basic","floor":11.0,"gold_loss":0.0,"damage_taken":0.0}],"is_beta":true,"boss_relics":[{"not_picked":["HoveringKite","Cursed Key"],"picked":"Black Star"}],"items_purged_floors":[8,19],"is_endless":false,"potions_floor_spawned":[12,20],"killed_by":"3 Cultists","ascension_level":20}}