{"host":"x5anfo2w8aotfuta","time":1608075708,"event":{"mods":["AchievementEnabler","BaseMod","Bestiary","Block Reminder","Colored Map","Colored Powertips","DeckTracker","Highlight Path","Minty Spire (QoL Compilation)","Quick Restart","Rare Cards Sparkle","Relic Stats","StSLib"],"gold_per_floor":[119,130,141,151,151,187,187,231,231,231,231],"floor_reached":10,"playtime":720,"items_purged":[],"score":94,"play_id":"5df45861-6880-4b1f-9cc1-57e2bc56ab66","local_time":"20201215154148","is_ascension_mode":true,"campfire_choices":[{"data":"Neutralize","floor":7,"key":"SMITH"}],"circlet_count":0,"master_deck":["Strike_G","Strike_G","Strike_G","Strike_G","Strike_G","Defend_G","Defend_G","Defend_G","Defend_G","Defend_G","Survivor","Neutralize+1","Dagger Spray","Backflip","Poisoned Stab","PiercingWail","Dodge and Roll","Footwork"],"relics":["Runic Dome","Golden Idol","Pen Nib","Ice Cream","Unceasing Top"],"acts_visited":["Exordium"],"potions_floor_usage":[3,6],"damage_taken":[{"damage":0,"enemies":"2 Louse","floor":1,"turns":2},{"damage":10,"enemies":"Jaw Worm","floor":2,"turns":4},{"damage":1,"enemies":"Cultist","floor":3,"turns":3},{"damage":6,"enemies":"3 Louse","floor":4,"turns":3},{"damage":10,"enemies":"3 Sentries","floor":6,"turns":8},{"damage":19,"enemies":"Lagavulin","floor":8,"turns":8},{"damage":28,"enemies":"Gremlin Nob","floor":10,"turns":4}],"seed_played":"7973497414116264453","potions_obtained":[{"floor":2,"key":"GamblersBrew"},{"floor":3,"key":"Block Potion"}],"is_trial":false,"path_per_floor":["M","M","M","M","?","E","R","E","T","E"],"character_chosen":"THE_SILENT","items_purchased":[],"campfire_rested":0,"item_purchase_floors":[],"current_hp_per_floor":[70,60,59,53,53,43,43,24,24,0,0],"gold":231,"neow_bonus":"BOSS_RELIC","is_daily":false,"chose_seed":false,"campfire_upgraded":1,"win_rate":0.0,"timestamp":1608075708,"path_taken":["M","M","M","M","?","E","R","E","T","E"],"items_purchased_type":[],"build_version":"2020-12-13","purchased_purges":0,"victory":false,"max_hp_per_floor":[70,70,70,70,65,65,65,65,65,65,65],"relic_stats":{"counters":[7,32],"Golden Idol":16,"Pen Nib":[2],"obtain_stats":[{"Ice Cream":8,"Runic Dome":0,"Golden Idol":5,"Pen Nib":6,"Unceasing Top":9,"Ring of the Snake":0},{"Ice Cream":6,"Runic Dome":0,"Golden Idol":4,"Pen Nib":5,"Unceasing Top":6,"Ring of the Snake":0},{"Ice Cream":28,"Runic Dome":0,"Golden Idol":12,"Pen Nib":20,"Unceasing Top":28,"Ring of the Snake":0}],"Unceasing Top":[1]},"card_choices":[{"not_picked":["Quick Slash","Predator"],"picked":"Dagger Spray","floor":1},{"not_picked":["Deadly Poison","Outmaneuver"],"picked":"Backflip","floor":2},{"not_picked":["Masterful Stab","Footwork"],"picked":"Poisoned Stab","floor":3},{"not_picked":["Deadly Poison","Tactician"],"picked":"PiercingWail","floor":4},{"not_picked":["Well Laid Plans","Accuracy"],"picked":"Dodge and Roll","floor":6},{"not_picked":["Slice","Quick Slash"],"picked":"Footwork","floor":8}],"player_experience":320587,"relics_obtained":[{"floor":6,"key":"Pen Nib"},{"floor":8,"key":"Ice Cream"},{"floor":9,"key":"Unceasing Top"}],"event_choices":[{"damage_healed":0,"gold_gain":0,"player_choice":"Lose Max HP","damage_taken":0,"relics_obtained":["Golden Idol"],"max_hp_gain":0,"max_hp_loss":5,"event_name":"Golden Idol","floor":5,"gold_loss":0}],"is_beta":false,"boss_relics":[],"items_purged_floors":[],"is_endless":false,"potions_floor_spawned":[2,3],"killed_by":"Gremlin Nob","ascension_level":4}}