{"host":"qg7fj05lalo09o61","time":1608048522,"event":{"mods":["Act Like it!","Always Whale","BaseMod","CapriCore","Gensokyo","Minty Spire (QoL Compilation)","StSLib","Yuyuko"],"gold_per_floor":[113,140,140,156,134,134,160,160,212,239,239,254,264,283,283,384,384,400,400,417,428,447,473,473,473,473,506,606,631,631,646,646,748,748,768,150,150,82,82,108,108,119,170,170,170,170,184,30,30,30],"floor_reached":51,"playtime":4848,"items_purged":[],"score":876,"play_id":"033220d1-ce4a-41b1-964c-dd7ae90211e2","local_time":"20201215190842","is_ascension_mode":false,"campfire_choices":[{"data":"Gauzy Sakura","floor":6,"key":"SMITH"},{"data":"Bloom","floor":8,"key":"SMITH"},{"data":"Deathly Ground","floor":11,"key":"SMITH"},{"data":"Phantom Gift","floor":15,"key":"SMITH"},{"data":"Unstable Ward","floor":24,"key":"SMITH"},{"data":"Become Phantom","floor":30,"key":"SMITH"},{"data":"Ghost Spot","floor":32,"key":"SMITH"},{"data":"All Wander","floor":41,"key":"SMITH"},{"data":"Home of Suicide","floor":45,"key":"SMITH"},{"data":"Dying Butterflies","floor":46,"key":"SMITH"},{"data":"Chase The Sukhavati","floor":49,"key":"SMITH"}],"circlet_count":0,"master_deck":["Fantasy Butterflies+1","Fantasy Butterflies+1","Fantasy Butterflies","Fantasy Butterflies","Dreamy Sakura","Dreamy Sakura","Dreamy Sakura","Deathly Ground+1","Bloom+1","Butterflies Rainbow","Cerasus Subhirtella","Gauzy Sakura+1","Ghost Spot+1","Trap Lamp","Become Phantom+1","Phantom Gift+1","Dying Butterflies+1","Unstable Ward+1","Sakura Ward+1","Butterflies in Dream","Sweet of Phantom+1","All Wander+1","Home of Suicide+1","Dark Wind+1","Sakura Sakura","Sweet of Phantom+1","Chase The Sukhavati+1","Infinite Reviving"],"relics":["Coronal","Yuyuko\u0027s fan","Dead Branch","Anchor","Gensokyo:NagashiBinaDoll","Potion Belt","Regal Pillow","Vajra","Empty Cage","Darkstone Periapt","Whetstone","InkBottle","WingedGreaves","StoneCalendar","Mercury Hourglass","Busted Crown","Obi","Singing Bowl","Happy Flower","Juzu Bracelet","Toy Ornithopter"],"acts_visited":["Exordium","Gensokyo:Gensokyo","TheBeyond"],"potions_floor_usage":[2,20,21,23,28,29,31,33,33,35,35,42,50,50,50],"damage_taken":[{"damage":16,"enemies":"Gensokyo:Python","floor":1,"turns":4},{"damage":6,"enemies":"Gensokyo:Mamizou","floor":2,"turns":5},{"damage":12,"enemies":"Gensokyo:2_Kodama","floor":4,"turns":3},{"damage":7,"enemies":"Gensokyo:Cirno","floor":7,"turns":5},{"damage":2,"enemies":"Gensokyo:Mamizou","floor":10,"turns":2},{"damage":3,"enemies":"Gensokyo:3_Fairies","floor":12,"turns":3},{"damage":2,"enemies":"Gensokyo:Gryphon_and_Rabbit","floor":13,"turns":2},{"damage":1,"enemies":"Gensokyo:LivingMonolith","floor":14,"turns":1},{"damage":32,"enemies":"Gensokyo:Kokoro","floor":16,"turns":7},{"damage":13,"enemies":"Gensokyo:CosmicMonolith","floor":18,"turns":3},{"damage":4,"enemies":"Gensokyo:3_Dogs","floor":20,"turns":2},{"damage":5,"enemies":"Gensokyo:Wraith","floor":21,"turns":3},{"damage":2,"enemies":"Gensokyo:Slime_Group","floor":22,"turns":2},{"damage":33,"enemies":"Gensokyo:Tenshi","floor":23,"turns":3},{"damage":4,"enemies":"Gensokyo:Reisen","floor":27,"turns":4},{"damage":3,"enemies":"Gensokyo:Reisen","floor":28,"turns":3},{"damage":6,"enemies":"Gensokyo:Tenshi","floor":29,"turns":2},{"damage":2,"enemies":"Gensokyo:Swordslinger","floor":31,"turns":2},{"damage":57,"enemies":"Gensokyo:Kaguya","floor":33,"turns":7},{"damage":10,"enemies":"3 Shapes","floor":35,"turns":3},{"damage":4,"enemies":"Giant Head","floor":40,"turns":4},{"damage":2,"enemies":"3 Darklings","floor":42,"turns":2},{"damage":2,"enemies":"Writhing Mass","floor":47,"turns":2},{"damage":4,"enemies":"Awakened One","floor":50,"turns":4}],"seed_played":"-9118095182333421367","potions_obtained":[{"floor":1,"key":"CultistPotion"},{"floor":7,"key":"DistilledChaos"},{"floor":10,"key":"Keine"},{"floor":12,"key":"Turbid Wine"},{"floor":13,"key":"BlessingOfTheForge"},{"floor":16,"key":"Energy Potion"},{"floor":20,"key":"Turbid Wine"},{"floor":21,"key":"Turbid Wine"},{"floor":23,"key":"Turbid Wine"},{"floor":28,"key":"Turbid Wine"},{"floor":29,"key":"Turbid Wine"},{"floor":31,"key":"Turbid Wine"},{"floor":33,"key":"Turbid Wine"},{"floor":35,"key":"Turbid Wine"},{"floor":42,"key":"Turbid Wine"},{"floor":42,"key":"DuplicationPotion"}],"is_trial":false,"path_per_floor":["M","?","?","M","$","R","E","R","T","E","R","M","M","M","R","B",null,"M","?","M","M","M","E","R","?","T","E","?","E","R","M","R","B",null,"M","$","?","$","?","E","R","M","T","?","R","R","M","$","R","B",null],"character_chosen":"YUYOKO","items_purchased":["Gauzy Sakura","Obi","Singing Bowl","Keine","EssenceOfSteel","Chase The Sukhavati","Toy Ornithopter"],"campfire_rested":0,"item_purchase_floors":[5,36,36,36,36,38,48],"current_hp_per_floor":[32,35,35,32,32,32,35,35,35,38,38,37,38,37,37,20,40,27,27,32,33,38,33,33,33,33,36,37,38,38,36,36,21,40,37,37,37,37,37,38,38,42,42,42,42,42,44,44,44,42],"gold":30,"neow_bonus":"ONE_RARE_RELIC","is_daily":false,"chose_seed":false,"campfire_upgraded":11,"win_rate":0.0,"timestamp":1608048522,"path_taken":["M","?","?","?","?","R","E","R","T","E","R","M","?","?","R","BOSS","M","?","M","M","?","E","R","?","T","E","?","E","R","M","R","BOSS","M","$","?","$","?","E","R","?","T","?","R","R","M","?","R","BOSS"],"items_purchased_type":["Card","Relic","Relic","Potion","Potion","Card","Relic"],"build_version":"2020-12-13","purchased_purges":0,"victory":true,"max_hp_per_floor":[40,40,40,40,40,40,40,40,40,40,40,40,40,40,40,40,40,40,40,40,40,40,40,40,40,40,40,40,40,40,40,40,40,40,40,40,40,40,40,42,42,44,44,44,44,44,46,46,46,46],"card_choices":[{"not_picked":["The Nether","City of Death"],"picked":"Bloom","floor":1},{"not_picked":["Fondling of Papilio","Suicide"],"picked":"Butterflies Rainbow","floor":2},{"not_picked":["Gone","Song of Papilio"],"picked":"Cerasus Subhirtella","floor":4},{"not_picked":["Butterflies in Dream","Gauzy Sakura"],"picked":"Ghost Spot","floor":7},{"not_picked":["Suicide","The Forgotten Winter","End of Faramita"],"picked":"SKIP","floor":10},{"not_picked":["The Forgotten Winter","Wandering Soul"],"picked":"Trap Lamp","floor":12},{"not_picked":["Final of Final","Triple Snow"],"picked":"Become Phantom","floor":13},{"not_picked":["Unpaved Way","Final of Final"],"picked":"Phantom Gift","floor":14},{"not_picked":["End of Faramita+1","Cerasus Subhirtella+1"],"picked":"Dying Butterflies","floor":18},{"not_picked":["Death Dancing","The Nether","End of Faramita"],"picked":"SKIP","floor":20},{"not_picked":["Gone","Showy Withering"],"picked":"Unstable Ward","floor":21},{"not_picked":["Gather the Spring","Childlike"],"picked":"Sakura Ward+1","floor":22},{"not_picked":["Triple Snow","Snow"],"picked":"Butterflies in Dream","floor":23},{"not_picked":["Dark Wind+1","Stifle"],"picked":"Sweet of Phantom+1","floor":27},{"not_picked":["Mini Ghostdom","Unborn Light"],"picked":"All Wander","floor":28},{"not_picked":["The Forgotten Winter","Death Dancing"],"picked":"Home of Suicide","floor":29},{"not_picked":["Wandering Soul","Ghostdom Sakura"],"picked":"Dark Wind+1","floor":31},{"not_picked":["Full Inky Sakura","Past Graveyard"],"picked":"Sakura Sakura","floor":33},{"not_picked":[],"picked":"Sweet of Phantom+1","floor":35},{"not_picked":["Ghostdom Sakura+1"],"picked":"Singing Bowl","floor":40},{"not_picked":["Spear of Papilio+1"],"picked":"Singing Bowl","floor":42},{"not_picked":["Wandering Soul+1"],"picked":"Singing Bowl","floor":47}],"player_experience":191758,"relics_obtained":[{"floor":2,"key":"Anchor"},{"floor":7,"key":"Potion Belt"},{"floor":9,"key":"Regal Pillow"},{"floor":10,"key":"Vajra"},{"floor":23,"key":"Darkstone Periapt"},{"floor":26,"key":"Whetstone"},{"floor":27,"key":"InkBottle"},{"floor":28,"key":"WingedGreaves"},{"floor":28,"key":"StoneCalendar"},{"floor":29,"key":"Mercury Hourglass"},{"floor":40,"key":"Happy Flower"},{"floor":43,"key":"Juzu Bracelet"}],"event_choices":[{"damage_healed":0,"gold_gain":0,"player_choice":"Ignored","damage_taken":0,"max_hp_gain":0,"max_hp_loss":0,"event_name":"Tomb of Lord Red Mask","floor":37,"gold_loss":0},{"damage_healed":0,"gold_gain":0,"cards_transformed":["Dreamy Sakura"],"player_choice":"Transformed","damage_taken":0,"max_hp_gain":0,"max_hp_loss":0,"event_name":"Transmorgrifier","floor":39,"gold_loss":0,"cards_obtained":["Infinite Reviving"]},{"cards_removed":["Dreamy Sakura"],"damage_healed":0,"gold_gain":0,"player_choice":"Removed Skill","damage_taken":0,"max_hp_gain":0,"max_hp_loss":0,"event_name":"Falling","floor":44,"gold_loss":0}],"is_beta":false,"boss_relics":[{"not_picked":["Philosopher\u0027s Stone","Snecko Eye"],"picked":"Empty Cage"},{"not_picked":["Velvet Choker","SacredBark"],"picked":"Busted Crown"}],"items_purged_floors":[],"is_endless":false,"potions_floor_spawned":[1,7,10,12,13,16,18,22,27,31,40,42,47],"ascension_level":0}}