{"host":"d8hh7rr4yzitjeuj","time":1608015043,"event":{"mods":["2.2 Compatiblity","AchievementEnabler","BaseMod","CapriCore","Colored Map","Colored Powertips","Highlight Path","Keyboard Shortcuts","Minty Spire (QoL Compilation)","Permanent Neow","Quick Restart","StSLib","SuperFastMode"],"gold_per_floor":[110,125,139,154,173,173,206,111,138,149,149,178,196,209,209,280,580,597,597,597,607,51,51,51],"floor_reached":23,"playtime":897,"items_purged":["Decay"],"score":410,"play_id":"1aab5354-a624-40f3-be10-0ece661c1be1","local_time":"20201215155043","is_ascension_mode":true,"campfire_choices":[{"floor":6.0,"key":"REST"},{"floor":11.0,"key":"REST"},{"floor":15,"key":"REST"}],"circlet_count":0,"master_deck":["AscendersBane","Strike_B","Strike_B+1","Defend_B","Defend_B","Defend_B","Zap","Dualcast","Reprogram+1","Chaos+1","White Noise+1","Scrape","Go for the Eyes","Sweeping Beam","Leap","Rebound","Compile Driver","Self Repair","Beam Cell","Go for the Eyes+1","Leap","Hologram","Stack","Fission","CurseOfTheBell","Scrape","Fission"],"relics":["Astrolabe","Darkstone Periapt","Vajra","Whetstone","Calling Bell","Smiling Mask","Blue Candle","Old Coin","Medical Kit","Blood Vial"],"acts_visited":["Exordium","TheCity"],"potions_floor_usage":[16,16,23],"damage_taken":[{"damage":5.0,"enemies":"Jaw Worm","floor":1.0,"turns":5.0},{"damage":9.0,"enemies":"2 Louse","floor":2.0,"turns":4.0},{"damage":9.0,"enemies":"Small Slimes","floor":3.0,"turns":3.0},{"damage":13.0,"enemies":"Blue Slaver","floor":4.0,"turns":5.0},{"damage":10.0,"enemies":"Large Slime","floor":5.0,"turns":6.0},{"damage":12.0,"enemies":"Gremlin Nob","floor":7.0,"turns":4.0},{"damage":0.0,"enemies":"Looter","floor":10.0,"turns":2.0},{"damage":30.0,"enemies":"Lagavulin","floor":12.0,"turns":5.0},{"damage":5.0,"enemies":"2 Fungi Beasts","floor":13.0,"turns":3.0},{"damage":23,"enemies":"Exordium Thugs","floor":14,"turns":4},{"damage":14,"enemies":"The Guardian","floor":16,"turns":9},{"damage":21,"enemies":"3 Byrds","floor":18,"turns":7},{"damage":17,"enemies":"Shell Parasite","floor":21,"turns":7},{"damage":52,"enemies":"Gremlin Leader","floor":23,"turns":7}],"seed_played":"-214228177872502481","potions_obtained":[{"floor":1.0,"key":"ColorlessPotion"},{"floor":5.0,"key":"Dexterity Potion"},{"floor":10.0,"key":"Dexterity Potion"},{"floor":12.0,"key":"Energy Potion"},{"floor":14,"key":"Regen Potion"},{"floor":21,"key":"SkillPotion"}],"is_trial":false,"path_per_floor":["M","M","M","M","M","R","E","$","T","M","R","E","M","M","R","B",null,"M","?","?","M","$","E"],"character_chosen":"DEFECT","items_purchased":["Self Repair","Beam Cell","Medical Kit","Fission","Blood Vial"],"campfire_rested":3,"item_purchase_floors":[8,8,22,22,22],"current_hp_per_floor":[59,50,41,28,18,39,27,27,27,27,48,25,27,4,25,33,68,54,54,60,50,50,0,0],"gold":51,"neow_bonus":"BOSS_RELIC","is_daily":false,"chose_seed":false,"campfire_upgraded":0,"win_rate":0.0,"timestamp":1608015043,"path_taken":["M","M","M","M","M","R","E","$","T","M","R","E","M","M","R","BOSS","M","?","?","M","$","E"],"items_purchased_type":["Card","Card","Relic","Card","Relic"],"build_version":"2020-12-13","purchased_purges":1,"victory":false,"max_hp_per_floor":[71,71,71,71,71,71,71,71,71,71,71,71,71,71,71,71,77,77,77,83,83,83,83,83],"card_choices":[{"not_picked":["Darkness","Stack"],"picked":"Scrape","floor":1.0},{"not_picked":["Loop","Chill"],"picked":"Go for the Eyes","floor":2.0},{"not_picked":["BootSequence","Chill"],"picked":"Sweeping Beam","floor":3.0},{"not_picked":["Barrage","Coolheaded"],"picked":"Leap","floor":4.0},{"not_picked":["FTL","Hologram"],"picked":"Rebound","floor":5.0},{"not_picked":["Consume","Amplify"],"picked":"Compile Driver","floor":7.0},{"not_picked":["Cold Snap","Compile Driver"],"picked":"Go for the Eyes","floor":10.0},{"not_picked":["Beam Cell","Heatsinks"],"picked":"Leap","floor":12.0},{"not_picked":["Chaos","Gash"],"picked":"Hologram","floor":13.0},{"not_picked":["Fusion","Coolheaded"],"picked":"Stack","floor":14},{"not_picked":["Electrodynamics","Multi-Cast"],"picked":"Fission","floor":16},{"not_picked":["Heatsinks","Leap","White Noise"],"picked":"SKIP","floor":18},{"not_picked":["Beam Cell","Turbo"],"picked":"Scrape","floor":21}],"player_experience":1337247,"relics_obtained":[{"floor":7.0,"key":"Darkstone Periapt"},{"floor":9.0,"key":"Vajra"},{"floor":12.0,"key":"Whetstone"},{"floor":17,"key":"Smiling Mask"},{"floor":17,"key":"Blue Candle"},{"floor":17,"key":"Old Coin"}],"event_choices":[{"damage_healed":0,"gold_gain":0,"player_choice":"Ignored","damage_taken":0,"max_hp_gain":0,"max_hp_loss":0,"event_name":"Ghosts","floor":19,"gold_loss":0},{"damage_healed":0,"gold_gain":0,"player_choice":"Smashed Altar","damage_taken":0,"max_hp_gain":0,"max_hp_loss":0,"event_name":"Forgotten Altar","floor":20,"gold_loss":0,"cards_obtained":["Decay"]}],"is_beta":false,"boss_relics":[{"not_picked":["Philosopher\u0027s Stone","SlaversCollar"],"picked":"Calling Bell"}],"items_purged_floors":[22],"is_endless":false,"potions_floor_spawned":[1,5,10,12,14,21],"killed_by":"Gremlin Leader","ascension_level":20}}