{"host":"kntpungskobv1jqb","time":1608041930,"event":{"mods":["BaseMod","Minty Spire (QoL Compilation)","Replay The Spire","StSLib","SuperFastMode"],"gold_per_floor":[111,144,144,219,238,266,278,316,328,366,29,29,62,75,75,146,146,146,146],"floor_reached":18,"playtime":444,"items_purged":[],"score":359,"play_id":"98072414-7057-4624-ab15-6489eee9283a","local_time":"20201215221850","is_ascension_mode":true,"campfire_choices":[{"floor":7,"key":"REST"},{"floor":12,"key":"REST"},{"floor":15,"key":"REST"}],"circlet_count":0,"master_deck":["AscendersBane","Strike_R","Strike_R+1","Strike_R","Strike_R","Defend_R","Defend_R","Defend_R","Defend_R+1","Bash","Shrug It Off","Bludgeon","Armaments","Feed","Armaments","ReplayTheSpireMod:Limb From Limb","Twin Strike","Hemogenesis"],"relics":["Black Blood","NeowsBlessing","Replay:Multitool","MawBank","Blue Doll","Shuriken","Pondfish Scales","Brimstone","Simple Rune","ReplayTheSpireMod:TigerMarble"],"acts_visited":["Exordium","TheCity"],"potions_floor_usage":[8,16,18],"damage_taken":[{"damage":0.0,"enemies":"Small Slimes","floor":1.0,"turns":1.0},{"damage":0,"enemies":"2 Louse","floor":5,"turns":2},{"damage":0,"enemies":"3 Sentries","floor":6,"turns":2},{"damage":20,"enemies":"Gremlin Nob","floor":8,"turns":4},{"damage":44,"enemies":"Lagavulin","floor":10,"turns":8},{"damage":40,"enemies":"3 Sentries","floor":13,"turns":7},{"damage":1,"enemies":"Jaw Worm","floor":14,"turns":3},{"damage":46,"enemies":"The Guardian","floor":16,"turns":8},{"damage":68,"enemies":"3 Byrds","floor":18,"turns":2}],"seed_played":"-2735730704681350742","potions_obtained":[{"floor":5,"key":"Block Potion"},{"floor":6,"key":"BloodPotion"},{"floor":14,"key":"Death Potion"},{"floor":16,"key":"Swift Potion"}],"is_trial":false,"path_per_floor":["M","?","?","?","M","E","R","E","T","E","$","R","E","M","R","B",null,"M"],"character_chosen":"IRONCLAD","items_purchased":["Armaments","Brimstone","Simple Rune"],"campfire_rested":3,"item_purchase_floors":[11,11,11],"current_hp_per_floor":[74,44,44,37,43,49,71,57,57,19,19,41,10,15,38,13,62,0,0],"gold":146,"neow_bonus":"THREE_ENEMY_KILL","is_daily":false,"chose_seed":false,"campfire_upgraded":0,"win_rate":0.0,"timestamp":1608041930,"path_taken":["M","?","?","?","M","E","R","E","T","E","$","R","E","?","R","BOSS","M"],"items_purchased_type":["Card","Relic","Relic"],"build_version":"2020-12-13","purchased_purges":0,"victory":false,"max_hp_per_floor":[75,75,75,75,75,75,75,75,75,75,75,75,78,78,78,78,78,78,78],"card_choices":[{"not_picked":["Perfected Strike","Pommel Strike"],"picked":"Shrug It Off","floor":1.0},{"not_picked":["Wild Strike","Body Slam"],"picked":"Bludgeon","floor":2.0},{"not_picked":["Clothesline","Warcry","Infernal Blade"],"picked":"SKIP","floor":5},{"not_picked":["Abandon","Power Through","Warcry"],"picked":"SKIP","floor":6},{"not_picked":["Wild Strike","Pommel Strike"],"picked":"Armaments","floor":8},{"not_picked":["Cleave","True Grit"],"picked":"Feed","floor":10},{"not_picked":["Perfected Strike","Power Through"],"picked":"ReplayTheSpireMod:Limb From Limb","floor":13},{"not_picked":["Shrug It Off","Iron Wave"],"picked":"Twin Strike","floor":14},{"not_picked":["Juggernaut","Brutality"],"picked":"Hemogenesis","floor":16}],"player_experience":462750,"relics_obtained":[{"floor":2.0,"key":"Replay:Multitool"},{"floor":6,"key":"MawBank"},{"floor":8,"key":"Blue Doll"},{"floor":9,"key":"Shuriken"},{"floor":10,"key":"Pondfish Scales"},{"floor":13,"key":"ReplayTheSpireMod:TigerMarble"}],"event_choices":[{"damage_healed":0,"gold_gain":75,"player_choice":"Touch","damage_taken":7,"max_hp_gain":0,"max_hp_loss":0,"event_name":"FaceTrader","floor":4,"gold_loss":0}],"is_beta":false,"boss_relics":[{"not_picked":["Mark of Pain","SlaversCollar"],"picked":"Black Blood"}],"items_purged_floors":[],"is_endless":false,"potions_floor_spawned":[5,6,14,16],"killed_by":"3 Byrds","ascension_level":14}}