{"host":"cwd5s03r1oaxs6mx","time":1608045666,"event":{"mods":["Act Like it!","BaseMod","Better Third Choice","BetterRewards","CapriCore","Card Filter","Colored Map","Custom Start","DeckTracker","Friendly Minions","Hubris","Infinite Spire","Minty Spire (QoL Compilation)","Quick Restart","Relic Stats","Shop Mod","Spicy Shops","StSLib","SuperFastMode"],"gold_per_floor":[119,119,19,38,38,38,70,70,70,80,80,80,80,97,97,174,174,188,238,238,153,28,28,28],"floor_reached":23,"playtime":1042,"items_purged":["Strike_R","Defend_R","Defend_R"],"score":370,"play_id":"06968487-b45e-4a63-9f49-2ee1e0203527","local_time":"20201216002106","is_ascension_mode":true,"campfire_choices":[{"data":"Power Through","floor":6.0,"key":"SMITH"},{"data":"Bash","floor":8.0,"key":"SMITH"},{"data":"Power Through","floor":11.0,"key":"SMITH"},{"data":"Finesse","floor":13.0,"key":"SMITH"},{"data":"Envenom","floor":15.0,"key":"SMITH"}],"circlet_count":0,"master_deck":["AscendersBane","Strike_R","Strike_R","Strike_R","Strike_R","Defend_R","Defend_R","Bash+1","Power Through+1","Finesse+1","Power Through+1","Flash of Steel+1","Envenom+1","Barricade","Battle Trance","infinitespire:SevenWalls"],"relics":["Burning Blood","Medical Kit","Kunai","Centennial Puzzle","hubris:DisguiseKit","Runic Pyramid","MealTicket"],"acts_visited":["Exordium","TheCity"],"potions_floor_usage":[],"damage_taken":[{"damage":0.0,"enemies":"Small Slimes","floor":1.0,"turns":3.0},{"damage":0.0,"enemies":"Cultist","floor":4.0,"turns":4.0},{"damage":57.0,"enemies":"3 Sentries","floor":7.0,"turns":16.0},{"damage":0.0,"enemies":"Jaw Worm","floor":10.0,"turns":3.0},{"damage":3.0,"enemies":"Blue Slaver","floor":14.0,"turns":4.0},{"damage":10.0,"enemies":"The Guardian","floor":16.0,"turns":11.0},{"damage":17,"enemies":"3 Byrds","floor":18,"turns":10},{"damage":60,"enemies":"Gremlin Leader","floor":23,"turns":8}],"seed_played":"4490567245814447808","potions_obtained":[{"floor":1.0,"key":"LiquidBronze"},{"floor":10.0,"key":"Weak Potion"}],"is_trial":false,"path_per_floor":["M","?","$","M","$","R","E","R","T","M","R","$","R","M","R","B",null,"M","?","?","?","$","E"],"character_chosen":"IRONCLAD","items_purchased":["Medical Kit","Power Through","Finesse","Power Through","Flash of Steel","Kunai"],"campfire_rested":0,"item_purchase_floors":[0,0,0,0,0,0],"current_hp_per_floor":[74,74,74,75,75,75,24,24,24,30,30,30,30,33,33,29,64,53,53,35,35,50,0,0],"gold":28,"neow_bonus":"","is_daily":false,"chose_seed":false,"campfire_upgraded":5,"win_rate":0.0,"timestamp":1608045666,"path_taken":["M","?","?","M","$","R","E","R","T","M","R","$","R","M","R","BOSS","M","?","?","?","?","E"],"items_purchased_type":["Relic","Card","Card","Card","Card","Relic"],"build_version":"2020-12-13","purchased_purges":3,"victory":false,"max_hp_per_floor":[75,75,75,75,75,75,75,75,75,75,75,75,75,75,75,75,75,75,75,75,75,75,75,75],"relic_stats":{"Centennial Puzzle":[12],"counters":[59,208],"MealTicket":15,"Kunai":[16],"Medical Kit":[80],"obtain_stats":[{"hubris:SlimyHat":0,"Bottled Tornado":55,"hubris:MysteriousPyramids":6,"Empty Cage":17,"Burning Blood":0,"Old Coin":9,"Centennial Puzzle":7,"hubris:Backtick":34,"Matryoshka":26,"Mummified Hand":8,"MealTicket":21,"Red Mask":19,"Chemical X":0,"Kunai":0,"infinitespire:Eraser":46,"InkBottle":42,"Paper Frog":26,"Runic Pyramid":17,"Girya":37,"hubris:DisguiseKit":9,"Blue Candle":23,"Oddly Smooth Stone":9,"PreservedInsect":3,"Pen Nib":6,"hubris:MedicalManual":40,"infinitespire:Joker Card":8,"infinitespire:Magic Flask":0,"Frozen Egg 2":0,"Medical Kit":12,"hubris:TenFootPole":11,"Membership Card":0,"hubris:OldNail":12,"hubris:Potato":34,"infinitespire:PuzzleCube":0,"Meat on the Bone":0,"hubris:Reverence":27},{"hubris:SlimyHat":29,"Bottled Tornado":28,"hubris:MysteriousPyramids":34,"Empty Cage":10,"Burning Blood":0,"Old Coin":48,"Centennial Puzzle":54,"hubris:Backtick":18,"Matryoshka":44,"Mummified Hand":35,"MealTicket":58,"Red Mask":40,"Chemical X":0,"Kunai":51,"infinitespire:Eraser":24,"InkBottle":22,"Paper Frog":15,"Runic Pyramid":57,"Girya":20,"hubris:DisguiseKit":54,"Blue Candle":14,"Oddly Smooth Stone":6,"PreservedInsect":2,"Pen Nib":5,"hubris:MedicalManual":21,"infinitespire:Joker Card":48,"infinitespire:Magic Flask":29,"Frozen Egg 2":29,"Medical Kit":7,"hubris:TenFootPole":7,"Membership Card":29,"hubris:OldNail":7,"hubris:Potato":18,"infinitespire:PuzzleCube":29,"Meat on the Bone":29,"hubris:Reverence":45},{"hubris:SlimyHat":67,"Bottled Tornado":62,"hubris:MysteriousPyramids":79,"Empty Cage":23,"Burning Blood":0,"Old Coin":131,"Centennial Puzzle":172,"hubris:Backtick":39,"Matryoshka":115,"Mummified Hand":83,"MealTicket":200,"Red Mask":100,"Chemical X":0,"Kunai":149,"infinitespire:Eraser":52,"InkBottle":48,"Paper Frog":32,"Runic Pyramid":190,"Girya":44,"hubris:DisguiseKit":172,"Blue Candle":31,"Oddly Smooth Stone":15,"PreservedInsect":6,"Pen Nib":11,"hubris:MedicalManual":46,"infinitespire:Joker Card":131,"infinitespire:Magic Flask":67,"Frozen Egg 2":67,"Medical Kit":16,"hubris:TenFootPole":16,"Membership Card":67,"hubris:OldNail":16,"hubris:Potato":39,"infinitespire:PuzzleCube":67,"Meat on the Bone":67,"hubris:Reverence":118}],"Burning Blood":313},"card_choices":[{"not_picked":["Flex","Dark Embrace","Flame Barrier"],"picked":"SKIP","floor":1.0},{"not_picked":["Anger","Cleave","Armaments"],"picked":"SKIP","floor":4.0},{"not_picked":["Anger","Wild Strike","Perfected Strike"],"picked":"SKIP","floor":7.0},{"not_picked":["Fire Breathing","Rampage","Clash","Poisoned Stab"],"picked":"SKIP","floor":10.0},{"not_picked":["Armaments","Spot Weakness","Sword Boomerang"],"picked":"Envenom","floor":14.0},{"not_picked":["Feed","Fiend Fire","Burst"],"picked":"Barricade","floor":16.0},{"not_picked":["Anger","Uppercut","Reflex"],"picked":"Battle Trance","floor":18},{"not_picked":["infinitespire:Oblivion","infinitespire:UltimateForm"],"picked":"infinitespire:SevenWalls","floor":20}],"player_experience":913210,"relics_obtained":[{"floor":7.0,"key":"Centennial Puzzle"},{"floor":9.0,"key":"hubris:DisguiseKit"}],"event_choices":[{"damage_healed":0.0,"max_hp_gain":0.0,"max_hp_loss":0.0,"gold_gain":0.0,"event_name":"Upgrade Shrine","player_choice":"Upgraded","floor":2.0,"gold_loss":0.0,"damage_taken":0.0,"cards_upgraded":["Flash of Steel"]},{"damage_healed":0,"gold_gain":50,"player_choice":"Steal","damage_taken":0,"max_hp_gain":0,"max_hp_loss":0,"event_name":"betterThird:BetterNest","floor":19,"gold_loss":0},{"damage_healed":0,"gold_gain":0,"player_choice":"Obtained Relic","damage_taken":0,"relics_obtained":["MealTicket"],"max_hp_gain":0,"max_hp_loss":0,"event_name":"Addict","floor":21,"gold_loss":85}],"is_beta":false,"boss_relics":[{"not_picked":["SacredBark","hubris:GrandSneckoEye"],"picked":"Runic Pyramid"}],"items_purged_floors":[0,3,22],"is_endless":false,"potions_floor_spawned":[1,10,14],"killed_by":"Gremlin Leader","ascension_level":20}}