{"host":"bxn2em57qlx5u4i0","time":1608075261,"event":{"mods":["BaseMod","Colored Map","Colored Powertips","Highlight Path","Minty Spire (QoL Compilation)","Random Character Button","Relic Sorter","Relic Stats","StSLib","SuperFastMode"],"gold_per_floor":[119,119,130,55,55,55,85,85,85,101,136,146,159,186,186,260,260,272,272,272,292,25,58,58,87,157,182,196,196,46,59,59,134,134,151,68,68,78,90,90,90],"floor_reached":40,"playtime":1403,"items_purged":["Pain","Strike_G"],"score":978,"play_id":"6d56c534-e190-443d-b31c-a3a87995afa9","local_time":"20201215183421","is_ascension_mode":true,"campfire_choices":[{"data":"Flying Knee","floor":6.0,"key":"SMITH"},{"data":"Backstab","floor":8.0,"key":"SMITH"},{"floor":15.0,"key":"REST"},{"data":"Bouncing Flask","floor":24.0,"key":"SMITH"},{"floor":32,"key":"REST"}],"circlet_count":0,"master_deck":["AscendersBane","Strike_G","Strike_G","Defend_G","Defend_G","Defend_G","Defend_G","Defend_G","Survivor","Neutralize","Backstab+1","Flying Knee+1","Bouncing Flask+1","Backstab","Deadly Poison","After Image","Bullet Time","PiercingWail","Terror+1","Glass Knife+1","Noxious Fumes","Calculated Gamble","Footwork","Bullet Time","Footwork"],"relics":["Ring of the Snake","NeowsBlessing","WarpedTongs","Darkstone Periapt","Happy Flower","Pen Nib","Blue Candle","Runic Pyramid","Ornamental Fan","MutagenicStrength","Sling","Bottled Tornado","Molten Egg 2","Question Card","StrikeDummy","Cursed Key"],"acts_visited":["Exordium","TheCity","TheBeyond"],"potions_floor_usage":[25],"damage_taken":[{"damage":0.0,"enemies":"2 Louse","floor":1.0,"turns":1.0},{"damage":0.0,"enemies":"Cultist","floor":3.0,"turns":2.0},{"damage":0.0,"enemies":"Lagavulin","floor":7.0,"turns":1.0},{"damage":1.0,"enemies":"Jaw Worm","floor":10.0,"turns":2.0},{"damage":25.0,"enemies":"Gremlin Nob","floor":11.0,"turns":4.0},{"damage":9.0,"enemies":"Red Slaver","floor":12.0,"turns":2.0},{"damage":0.0,"enemies":"Blue Slaver","floor":13.0,"turns":1.0},{"damage":22.0,"enemies":"3 Sentries","floor":14.0,"turns":6.0},{"damage":13.0,"enemies":"The Guardian","floor":16.0,"turns":10.0},{"damage":3.0,"enemies":"Shell Parasite","floor":18.0,"turns":5.0},{"damage":6.0,"enemies":"2 Thieves","floor":21.0,"turns":4.0},{"damage":7.0,"enemies":"Gremlin Leader","floor":23.0,"turns":6.0},{"damage":11,"enemies":"Slavers","floor":25,"turns":6},{"damage":4,"enemies":"Gremlin Leader","floor":27,"turns":5},{"damage":10,"enemies":"Snake Plant","floor":28,"turns":2},{"damage":0,"enemies":"Snecko","floor":31,"turns":2},{"damage":11,"enemies":"Automaton","floor":33,"turns":10},{"damage":0,"enemies":"3 Shapes","floor":35,"turns":5},{"damage":7,"enemies":"3 Darklings","floor":38,"turns":6},{"damage":16,"enemies":"Maw","floor":39,"turns":6},{"damage":65,"enemies":"Reptomancer","floor":40,"turns":4}],"seed_played":"6760010050261045985","potions_obtained":[{"floor":1.0,"key":"GamblersBrew"},{"floor":10.0,"key":"CultistPotion"},{"floor":14.0,"key":"BlessingOfTheForge"},{"floor":16.0,"key":"Block Potion"},{"floor":23.0,"key":"Poison Potion"},{"floor":25,"key":"CultistPotion"}],"is_trial":false,"path_per_floor":["M","?","M","$","?","R","E","R","T","M","E","M","M","E","R","B",null,"M","T","?","M","$","E","R","E","T","E","M","?","$","M","R","B",null,"M","$","?","M","M","E"],"character_chosen":"THE_SILENT","items_purchased":["Sling","FairyPotion","Footwork","Footwork"],"campfire_rested":2,"item_purchase_floors":[22,30,30,36],"current_hp_per_floor":[59,59,59,59,59,59,59,59,59,58,33,24,24,2,21,8,52,49,49,49,43,43,36,36,25,25,21,11,11,11,11,30,19,54,54,54,54,47,31,0,0],"gold":90,"neow_bonus":"THREE_ENEMY_KILL","is_daily":false,"chose_seed":false,"campfire_upgraded":3,"win_rate":0.0,"timestamp":1608075261,"path_taken":["M","?","M","?","?","R","E","R","T","M","E","M","M","E","R","BOSS","M","?","?","M","$","E","R","E","T","E","?","?","?","M","R","BOSS","M","$","?","M","M","E"],"items_purchased_type":["Relic","Potion","Card","Card"],"build_version":"2020-12-13","purchased_purges":2,"victory":false,"max_hp_per_floor":[66,66,66,66,66,66,66,66,66,66,66,66,66,66,66,66,66,66,66,66,66,66,66,66,66,66,66,66,66,66,66,66,66,66,66,66,66,66,66,66,66],"relic_stats":{"Darkstone Periapt":0,"Happy Flower":[28],"counters":[21,90],"Ornamental Fan":[52],"Blue Candle":[0],"Pen Nib":[14],"Question Card":7,"Cursed Key":0,"obtain_stats":[{"Darkstone Periapt":7,"NeowsBlessing":0,"Happy Flower":9,"Blue Candle":14,"Pen Nib":11,"Bottled Tornado":23,"Sling":22,"Question Card":26,"Cursed Key":34,"WarpedTongs":2,"Ornamental Fan":19,"MutagenicStrength":20,"Molten Egg 2":25,"StrikeDummy":27,"Ring of the Snake":0,"Runic Pyramid":17},{"Darkstone Periapt":3,"NeowsBlessing":0,"Happy Flower":3,"Blue Candle":8,"Pen Nib":5,"Bottled Tornado":12,"Sling":11,"Question Card":13,"Cursed Key":17,"WarpedTongs":1,"Ornamental Fan":10,"MutagenicStrength":10,"Molten Egg 2":13,"StrikeDummy":14,"Ring of the Snake":0,"Runic Pyramid":9},{"Darkstone Periapt":4,"NeowsBlessing":0,"Happy Flower":4,"Blue Candle":19,"Pen Nib":10,"Bottled Tornado":44,"Sling":38,"Question Card":50,"Cursed Key":69,"WarpedTongs":1,"Ornamental Fan":34,"MutagenicStrength":34,"Molten Egg 2":50,"StrikeDummy":55,"Ring of the Snake":0,"Runic Pyramid":29}],"Ring of the Snake":[42],"WarpedTongs":[89]},"card_choices":[{"not_picked":["Quick Slash","Flying Knee"],"picked":"Backstab","floor":1.0},{"not_picked":["Prepared","Distraction"],"picked":"Flying Knee","floor":3.0},{"not_picked":["Finisher","Masterful Stab","Prepared"],"picked":"SKIP","floor":7.0},{"not_picked":["Tactician","Underhanded Strike"],"picked":"Bouncing Flask","floor":10.0},{"not_picked":["Acrobatics","Choke"],"picked":"Backstab","floor":11.0},{"not_picked":["Sucker Punch","Expertise","Prepared"],"picked":"SKIP","floor":12.0},{"not_picked":["Riddle With Holes","Masterful Stab"],"picked":"Deadly Poison","floor":13.0},{"not_picked":["PiercingWail","Sucker Punch"],"picked":"After Image","floor":14.0},{"not_picked":["Die Die Die","Phantasmal Killer"],"picked":"Bullet Time","floor":16.0},{"not_picked":["Outmaneuver","Underhanded Strike+1","Prepared"],"picked":"SKIP","floor":18.0},{"not_picked":["Blade Dance","Deadly Poison"],"picked":"PiercingWail","floor":21.0},{"not_picked":["Acrobatics","Deadly Poison+1"],"picked":"Terror+1","floor":23.0},{"not_picked":["Terror","Flying Knee+1"],"picked":"Glass Knife+1","floor":25},{"not_picked":["Infinite Blades","Skewer+1","Well Laid Plans"],"picked":"Noxious Fumes","floor":27},{"not_picked":["Prepared+1","Flying Knee+1","Bane+1"],"picked":"Calculated Gamble","floor":28},{"not_picked":["Slice+1","Escape Plan","Blade Dance","Choke+1"],"picked":"SKIP","floor":31},{"not_picked":["After Image","Storm of Steel","Envenom"],"picked":"Bullet Time","floor":33},{"not_picked":["Dagger Throw+1","Underhanded Strike+1","Accuracy","Quick Slash+1"],"picked":"SKIP","floor":35},{"not_picked":["Prepared","Underhanded Strike+1","Escape Plan","Well Laid Plans"],"picked":"SKIP","floor":38},{"not_picked":["Reflex","Flying Knee+1","Heel Hook+1","Distraction"],"picked":"SKIP","floor":39}],"player_experience":2785423,"relics_obtained":[{"floor":7.0,"key":"Darkstone Periapt"},{"floor":9.0,"key":"Happy Flower"},{"floor":11.0,"key":"Pen Nib"},{"floor":14.0,"key":"Blue Candle"},{"floor":19.0,"key":"Ornamental Fan"},{"floor":23.0,"key":"Bottled Tornado"},{"floor":25,"key":"Molten Egg 2"},{"floor":26,"key":"Question Card"},{"floor":27,"key":"StrikeDummy"}],"event_choices":[{"damage_healed":0.0,"max_hp_gain":0.0,"max_hp_loss":0.0,"gold_gain":0.0,"event_name":"Accursed Blacksmith","player_choice":"Rummage","floor":2.0,"gold_loss":0.0,"damage_taken":0.0,"relics_obtained":["WarpedTongs"],"cards_obtained":["Pain"]},{"cards_removed":["Strike_G"],"damage_healed":0.0,"max_hp_gain":0.0,"max_hp_loss":0.0,"gold_gain":0.0,"event_name":"Purifier","player_choice":"Purged","floor":5.0,"gold_loss":0.0,"damage_taken":0.0},{"damage_healed":0.0,"max_hp_gain":0.0,"max_hp_loss":0.0,"gold_gain":0.0,"event_name":"Drug Dealer","player_choice":"Inject Mutagens","floor":20.0,"gold_loss":0.0,"damage_taken":0.0,"relics_obtained":["MutagenicStrength"]},{"damage_healed":0,"gold_gain":0,"player_choice":"Ignored","damage_taken":0,"max_hp_gain":0,"max_hp_loss":0,"event_name":"Vampires","floor":29,"gold_loss":0},{"cards_removed":["Strike_G"],"damage_healed":0,"gold_gain":0,"player_choice":"Offered Basic","damage_taken":0,"max_hp_gain":0,"max_hp_loss":0,"event_name":"Bonfire Elementals","floor":37,"gold_loss":0}],"is_beta":false,"boss_relics":[{"not_picked":["Philosopher\u0027s Stone","SlaversCollar"],"picked":"Runic Pyramid"},{"not_picked":["HoveringKite","Runic Dome"],"picked":"Cursed Key"}],"items_purged_floors":[4,22],"is_endless":false,"potions_floor_spawned":[1,10,14,16,23,25,33,39],"killed_by":"Reptomancer","ascension_level":20}}