{"host":"xz534terrkr331jc","time":1608069763,"event":{"mods":["BaseMod","Better Third Choice","Downfall","Hermit","Jorbs\u0027s Wanderer Trilogy","Marisa????????","Minty Spire (QoL Compilation)","Shade Mod","StSLib","The Cursed","The Hierophant","The Servant 0.9.4","The Wild Card"],"gold_per_floor":[116,116,116,66,83,109,126,156,156,156,79,79,93,110,110,110,110],"floor_reached":16,"playtime":901,"items_purged":[],"score":135,"play_id":"4eebbc5e-b99c-4b30-b487-6802b6fa5d51","local_time":"20201215230243","is_ascension_mode":false,"campfire_choices":[{"floor":10,"key":"REST"},{"floor":12,"key":"REST"},{"data":"hermit:Headshot","floor":15,"key":"SMITH"}],"circlet_count":0,"master_deck":["hermit:Strike_Hermit","hermit:Strike_Hermit+1","hermit:Strike_Hermit","hermit:Defend_Hermit+1","hermit:Defend_Hermit","hermit:Defend_Hermit","hermit:Snapshot","hermit:Covet","hermit:TrackingShot","hermit:Headshot+1","hermit:Misfire","hermit:Showdown","hermit:GoldenBullet","hermit:Gestalt"],"relics":["hermit:Momento","NeowsBlessing","Smiling Mask","Question Card","Meat on the Bone"],"acts_visited":["Exordium"],"potions_floor_usage":[],"damage_taken":[{"damage":0,"enemies":"Cultist","floor":1,"turns":1},{"damage":0,"enemies":"Small Slimes","floor":5,"turns":1},{"damage":0,"enemies":"Gremlin Nob","floor":6,"turns":1},{"damage":0,"enemies":"2 Louse","floor":7,"turns":2},{"damage":31,"enemies":"Lagavulin","floor":8,"turns":4},{"damage":11,"enemies":"Exordium Wildlife","floor":13,"turns":3},{"damage":18,"enemies":"Lots of Slimes","floor":14,"turns":4},{"damage":50,"enemies":"Hexaghost","floor":16,"turns":9}],"seed_played":"7344730234503288629","potions_obtained":[{"floor":1,"key":"LiquidBronze"},{"floor":8,"key":"Strength Potion"},{"floor":14,"key":"BlessingOfTheForge"}],"is_trial":false,"path_per_floor":["M","?","?","?","M","E","M","E","T","R","$","R","M","M","R","B"],"character_chosen":"HERMIT","items_purchased":["hermit:Gestalt"],"campfire_rested":2,"item_purchase_floors":[11],"current_hp_per_floor":[75,68,53,53,53,53,53,22,22,44,44,66,55,49,49,0,0],"gold":110,"neow_bonus":"THREE_ENEMY_KILL","is_daily":false,"chose_seed":false,"campfire_upgraded":1,"win_rate":0.0,"timestamp":1608069763,"path_taken":["M","?","?","?","M","E","M","E","T","R","$","R","M","M","R","BOSS"],"items_purchased_type":["Card"],"build_version":"2020-12-13","purchased_purges":0,"victory":false,"max_hp_per_floor":[75,75,75,75,75,75,75,75,75,75,75,75,75,75,75,75,75],"card_choices":[{"not_picked":["hermit:Spite","hermit:TakeCover"],"picked":"hermit:TrackingShot","floor":1},{"not_picked":["hermit:Snipe","hermit:LowProfile"],"picked":"hermit:Headshot","floor":5},{"not_picked":["hermit:PistolWhip","hermit:HighNoon"],"picked":"hermit:Misfire","floor":6},{"not_picked":["hermit:TakeCover","hermit:Maintenance"],"picked":"hermit:Showdown","floor":7},{"not_picked":["hermit:Ricochet","hermit:Vantage"],"picked":"hermit:GoldenBullet","floor":8},{"not_picked":["hermit:Feint","hermit:Roulette","hermit:Snipe","hermit:LowProfile"],"picked":"SKIP","floor":13},{"not_picked":["hermit:LuckOfTheDraw","hermit:Maintenance","hermit:Desperado","hermit:Malice"],"picked":"SKIP","floor":14}],"player_experience":534427,"relics_obtained":[{"floor":6,"key":"Smiling Mask"},{"floor":8,"key":"Question Card"},{"floor":9,"key":"Meat on the Bone"}],"event_choices":[{"cards_removed":["hermit:Strike_Hermit"],"damage_healed":0,"gold_gain":0,"player_choice":"Card Removal","damage_taken":7,"max_hp_gain":0,"max_hp_loss":0,"event_name":"Golden Wing","floor":2,"gold_loss":0},{"damage_healed":68,"gold_gain":0,"player_choice":"Upgrade","damage_taken":15,"max_hp_gain":0,"max_hp_loss":75,"event_name":"betterThird:BetterShining","floor":3,"gold_loss":0,"cards_upgraded":["hermit:Strike_Hermit","hermit:Defend_Hermit"]},{"cards_removed":["hermit:Defend_Hermit"],"damage_healed":0,"gold_gain":0,"player_choice":"Card Removal","damage_taken":0,"max_hp_gain":0,"max_hp_loss":0,"event_name":"The Cleric","floor":4,"gold_loss":50}],"is_beta":false,"boss_relics":[],"items_purged_floors":[],"is_endless":false,"potions_floor_spawned":[1,8,14],"killed_by":"Hexaghost","ascension_level":0}}