{"host":"usewcu4ohw2wtmxk","time":1608061694,"event":{"mods":["AchievementEnabler","BaseMod","BetterRewards","Colored Powertips","Minty Spire (QoL Compilation)","Permanent Neow","Quick Restart","Relic Sorter","Relic Stats","Shop Mod","StSLib"],"gold_per_floor":[118,133,133,133,149,149,167,167,236,266,266,33,89,109,109,213,213,260,260,307,337,337],"floor_reached":21,"playtime":417,"items_purged":["Defend_P"],"score":428,"play_id":"47e9b2a6-3f86-4ed3-99d0-243be65a317d","local_time":"20201216034814","is_ascension_mode":true,"campfire_choices":[{"floor":6.0,"key":"RECALL"},{"floor":8.0,"key":"REST"},{"data":"Wish","floor":15.0,"key":"SMITH"}],"circlet_count":0,"master_deck":["AscendersBane","Strike_P","Strike_P","Strike_P","Strike_P","Defend_P","Defend_P","Eruption+1","Vigilance+1","Indignation","BattleHymn","Wish+1","Omniscience"],"relics":["PureWater","InkBottle","Blood Vial","TheAbacus","Akabeko","Runic Pyramid","CultistMask"],"acts_visited":["Exordium","TheCity"],"potions_floor_usage":[],"damage_taken":[{"damage":0.0,"enemies":"Cultist","floor":1.0,"turns":3.0},{"damage":9.0,"enemies":"Small Slimes","floor":2.0,"turns":4.0},{"damage":7.0,"enemies":"Jaw Worm","floor":5.0,"turns":3.0},{"damage":0.0,"enemies":"Exordium Wildlife","floor":7.0,"turns":3.0},{"damage":0.0,"enemies":"Lagavulin","floor":10.0,"turns":4.0},{"damage":16.0,"enemies":"Gremlin Nob","floor":13.0,"turns":3.0},{"damage":0.0,"enemies":"Red Slaver","floor":14.0,"turns":1.0},{"damage":41.0,"enemies":"The Guardian","floor":16.0,"turns":7.0},{"damage":22.0,"enemies":"3 Byrds","floor":18.0,"turns":6.0},{"damage":0,"enemies":"Chosen","floor":20,"turns":3},{"damage":0,"enemies":"Sentry and Sphere","floor":21,"turns":2}],"seed_played":"-2012416533696157684","potions_obtained":[{"floor":2.0,"key":"PowerPotion"},{"floor":5.0,"key":"Weak Potion"},{"floor":16.0,"key":"LiquidMemories"},{"floor":18.0,"key":"GamblersBrew"}],"is_trial":false,"path_per_floor":["M","M","?","?","M","R","M","R","T","E","?","$","E","M","R","B",null,"M","?","M","M"],"character_chosen":"WATCHER","items_purchased":["TheAbacus"],"campfire_rested":1,"item_purchase_floors":[12],"current_hp_per_floor":[61,52,45,45,38,38,38,58,58,58,58,58,44,46,46,7,53,33,33,35,37,37],"gold":337,"neow_bonus":"UPGRADE_CARD","is_daily":false,"chose_seed":false,"campfire_upgraded":1,"win_rate":0.0,"timestamp":1608061694,"path_taken":["M","M","?","?","?","R","M","R","T","E","?","$","E","M","R","BOSS","M","?","M","M"],"items_purchased_type":["Relic"],"build_version":"2020-12-13","purchased_purges":1,"victory":false,"max_hp_per_floor":[68,68,68,68,68,68,68,68,68,68,68,68,68,68,68,68,68,68,68,68,68,68],"relic_stats":{"Blood Vial":12,"TheAbacus":[42],"counters":[11,39],"obtain_stats":[{"Blood Vial":10,"TheAbacus":12,"CultistMask":19,"PureWater":0,"InkBottle":9,"Akabeko":13,"Runic Pyramid":17},{"Blood Vial":5,"TheAbacus":5,"CultistMask":9,"PureWater":0,"InkBottle":4,"Akabeko":6,"Runic Pyramid":8},{"Blood Vial":17,"TheAbacus":17,"CultistMask":34,"PureWater":0,"InkBottle":13,"Akabeko":20,"Runic Pyramid":28}],"InkBottle":[6]},"card_choices":[{"not_picked":["ThirdEye","SashWhip","PathToVictory"],"picked":"SKIP","floor":1.0},{"not_picked":["SashWhip","FollowUp"],"picked":"Indignation","floor":2.0},{"not_picked":["ClearTheMind","FollowUp","CarveReality"],"picked":"SKIP","floor":5.0},{"not_picked":["Pray","Crescendo"],"picked":"BattleHymn","floor":7.0},{"not_picked":["EmptyBody","Fasting2"],"picked":"Wish","floor":10.0},{"not_picked":["CarveReality","SandsOfTime","FlyingSleeves"],"picked":"SKIP","floor":13.0},{"not_picked":["Swivel","Nirvana","Protect"],"picked":"SKIP","floor":14.0},{"not_picked":["LessonLearned","DevaForm"],"picked":"Omniscience","floor":16.0},{"not_picked":["FollowUp+1","PathToVictory","SashWhip+1"],"picked":"SKIP","floor":18.0},{"not_picked":["EmptyBody","SashWhip+1","BattleHymn"],"picked":"SKIP","floor":20}],"player_experience":264376,"relics_obtained":[{"floor":9.0,"key":"InkBottle"},{"floor":10.0,"key":"Blood Vial"},{"floor":13.0,"key":"Akabeko"}],"event_choices":[{"cards_removed":["Defend_P"],"damage_healed":0.0,"max_hp_gain":0.0,"max_hp_loss":0.0,"gold_gain":0.0,"event_name":"Golden Wing","player_choice":"Card Removal","floor":3.0,"gold_loss":0.0,"damage_taken":7.0},{"damage_healed":0.0,"max_hp_gain":0.0,"max_hp_loss":0.0,"gold_gain":0.0,"event_name":"Upgrade Shrine","player_choice":"Upgraded","floor":4.0,"gold_loss":0.0,"damage_taken":0.0,"cards_upgraded":["Vigilance"]},{"damage_healed":0.0,"max_hp_gain":0.0,"max_hp_loss":0.0,"gold_gain":0.0,"event_name":"Liars Game","player_choice":"Ignored","floor":11.0,"gold_loss":0.0,"damage_taken":0.0},{"damage_healed":0.0,"max_hp_gain":0.0,"max_hp_loss":0.0,"gold_gain":0.0,"event_name":"FaceTrader","player_choice":"Trade","floor":19.0,"gold_loss":0.0,"damage_taken":0.0,"relics_obtained":["CultistMask"]}],"is_beta":false,"boss_relics":[{"not_picked":["Tiny House","Black Star"],"picked":"Runic Pyramid"}],"items_purged_floors":[12],"is_endless":false,"potions_floor_spawned":[2,5,10,14,16,18],"killed_by":"Sentry and Sphere","ascension_level":20}}