{"host":"2d0rd30cigwncx1y","time":1608070587,"event":{"mods":["BaseMod","Colored Map","Colored Powertips","Downfall","MarisaÅiñ∂âJÅ@ñÇóùçπÅj","Minty Spire (QoL Compilation)","Replay The Spire","StSLib","The Alterego","The Servant 0.9.4"],"gold_per_floor":[99,99,99,24,24,59,59,59,59,90,24,42,42,55,71,71,71],"floor_reached":16,"playtime":1155,"items_purged":["Slimebound:FinishingTackle"],"score":131,"play_id":"8a4d3cad-8b17-405e-a51a-de7e2f834684","local_time":"20201215231627","is_ascension_mode":false,"campfire_choices":[{"data":"Slimebound:Split","floor":1,"key":"SMITH"},{"data":"Slimebound:LevelUp","floor":5,"key":"SMITH"},{"data":"Slimebound:Schlurp","floor":8,"key":"SMITH"}],"circlet_count":0,"master_deck":["Slimebound:Strike_Slimebound","Slimebound:Strike_Slimebound","Slimebound:Strike_Slimebound","Slimebound:Tackle","Slimebound:Defend_Slimebound","Slimebound:Defend_Slimebound","Slimebound:Defend_Slimebound","Slimebound:Defend_Slimebound","Slimebound:Split+1","Slimebound:CorrosiveSpit","Slimebound:SplitLeeching","Slimebound:SplitBruiser","Slimebound:SplitMire","Slimebound:LevelUp+1","Slimebound:ItLooksTasty","Slimebound:SplitLeeching+1","Slimebound:Schlurp+1","Slimebound:LeechEnergy","Slimebound:LeechingTouch","Slimebound:Gluttony","Slimebound:Gluttony","Slimebound:Schlurp","Slimebound:SlimeSpikes"],"relics":["Slimebound:AbsorbEndCombat","downfall:HeartsMalice","WingedGreaves","Bottled Flame"],"acts_visited":["Exordium"],"potions_floor_usage":[],"damage_taken":[{"damage":0,"enemies":"2 Louse","floor":2,"turns":1},{"damage":0,"enemies":"downfall:FleeingMerchant","floor":4,"turns":1},{"damage":0,"enemies":"Lagavulin","floor":6,"turns":1},{"damage":37,"enemies":"3 Sentries","floor":10,"turns":5},{"damage":16,"enemies":"downfall:FleeingMerchant","floor":11,"turns":4},{"damage":9,"enemies":"Small Slimes","floor":12,"turns":3},{"damage":23,"enemies":"Jaw Worm","floor":14,"turns":3},{"damage":20,"enemies":"Blue Slaver","floor":15,"turns":2},{"damage":70,"enemies":"downfall:Defect","floor":16,"turns":5}],"seed_played":"4164295334331173547","potions_obtained":[{"floor":6,"key":"Explosive Potion"},{"floor":10,"key":"sneckomod:MuddlingPotion"},{"floor":13,"key":"SteroidPotion"},{"floor":13,"key":"SteroidPotion"}],"is_trial":false,"path_per_floor":["R","M","?","$","R","E","T","R","?","E","$","M","?","M","M","B"],"character_chosen":"SLIMEBOUND","items_purchased":["Slimebound:Gluttony"],"campfire_rested":0,"item_purchase_floors":[11],"current_hp_per_floor":[60,60,60,60,60,60,60,60,60,51,60,59,59,53,53,0,0],"gold":71,"neow_bonus":"THREE_ENEMY_KILL","is_daily":false,"chose_seed":false,"campfire_upgraded":3,"win_rate":0.0,"timestamp":1608070587,"path_taken":["R","M","?","$","R","E","T","R","?","E","?","?","?","?","M","BOSS"],"items_purchased_type":["Card"],"build_version":"2020-12-13","purchased_purges":1,"victory":false,"max_hp_per_floor":[60,60,60,60,60,60,60,60,60,60,60,60,60,60,60,60,60],"card_choices":[{"not_picked":["Slimebound:LeechEnergy","Slimebound:AcidTongue"],"picked":"Slimebound:SplitLeeching","floor":2},{"not_picked":["Slimebound:SplitMire","Slimebound:OozeBath"],"picked":"Slimebound:SplitLeeching","floor":4},{"not_picked":["Slimebound:ItLooksTasty","Slimebound:FinishingTackle"],"picked":"Slimebound:Schlurp","floor":6},{"not_picked":["Slimebound:SlimeSpikes","Slimebound:GrowthPunch"],"picked":"Slimebound:LeechEnergy","floor":10},{"not_picked":["Slimebound:LeechLife","Slimebound:OneTwoCombo"],"picked":"Slimebound:LeechingTouch","floor":11},{"not_picked":["Slimebound:ViciousTackle","Slimebound:Dissolve"],"picked":"Slimebound:Schlurp","floor":12},{"not_picked":["Slimebound:ComboTackle","Slimebound:LeechEnergy"],"picked":"Slimebound:SlimeSpikes","floor":14},{"not_picked":["Slimebound:SlimeBrawl","Slimebound:ViciousTackle","Slimebound:SplitLeeching"],"picked":"SKIP","floor":15}],"player_experience":50277,"relics_obtained":[{"floor":6,"key":"Replay:Baseball"},{"floor":7,"key":"WingedGreaves"},{"floor":10,"key":"Bottled Flame"}],"event_choices":[],"is_beta":false,"boss_relics":[],"items_purged_floors":[4],"is_endless":false,"potions_floor_spawned":[6,10,14,15],"killed_by":"downfall:Defect","ascension_level":0}}