{"host":"h5acbxt0wmjo1kpm","time":1608033505,"event":{"mods":["2.2 Compatiblity","Act Like it!","AlwaysNeverKeys","Aspiration","Bartender","BaseMod","Better Third Choice","Colored Map","Downfall","Elementarium","Gensokyo","GifTheSpireLib","Hallownest","Marisa????????","Minty Spire (QoL Compilation)","Permanent Neow","Potionbrewer","Relic Filter","Replay The Spire","Robot Space Explorer","RumiaBox-????????","Shade Mod","Spicy Shops","StSLib","The Blackbeard","The Dragon Tamer","The Forsaken","The Gatherer","The Problem Sleuth","The Servant 0.9.4","Wandering Minibosses","vexMod"],"gold_per_floor":[99,125,144,164,164,164,164,576,596,631,631,644,137,137,155,250,250,250,250,250,261,246,246,246,257,182,209,229,91,91,125,137,234,334,334,348,845,799,799,649,649,649,649,684,696,732,748,476,496,591,591,617,427,447,447],"floor_reached":56,"playtime":4488,"items_purged":["champ:Strike","champ:Strike","champ:Defend","champ:DefensiveShout"],"score":1955,"play_id":"6e20b2cd-91b7-4f71-b42b-78a919b49bd9","local_time":"20201215035825","is_ascension_mode":false,"campfire_choices":[{"data":"champ:Execute","floor":1,"key":"SMITH"},{"data":"champ:SteelEdge","floor":18,"key":"SMITH"},{"data":"champ:PerfectForm","floor":23,"key":"SMITH"},{"data":"champ:GladiatorStyle","floor":26,"key":"SMITH"},{"floor":35,"key":"RECALL"},{"data":"champ:HoldFirm","floor":40,"key":"SMITH"},{"data":"champ:VampiricStrike","floor":43,"key":"SMITH"}],"circlet_count":0,"master_deck":["champ:Defend+1","champ:Defend","champ:Execute+1","champ:Taunt+1","champ:Haymaker","champ:FocusedGladiator","ReplayTheSpireMod:From All Sides","Calculated Gamble","champ:PreciseThrust","champ:FanOfKnives","champ:VampiricStrike+1","Gensokyo:CrescentMoonSlash","champ:GladiatorStyle+1","champ:PerfectForm+1","champ:PreciseThrust","champ:SteelEdge+1","Elementarium:IceblessedBlade","champ:BladeFlurry","champ:BringItOn+1","champ:CrownThrow","champ:Lariat+1","champ:PerfectForm+1","champ:HoldFirm+1","champ:Shatter","champ:SteelEdge","champ:Improvising","champ:VampiricStrike"],"relics":["champ:ChampionCrown","aspiration:ChemicalBlood","Gensokyo:OccultBall","Question Card","Smiling Mask","champ:FightingForDummies","Bag of Preparation","aspiration:Lifesprig","AddBug","Divine Protection","Smiling Mask","wanderingMiniBosses:CarrionFlame","downfall:HeartBlessingGreen","White_Cape","GodSword5","Elementarium:GoldenMirage","Replay:Wanted Poster","Smiling Mask","vexMod:PaidLearning","MagicDraw1","downfall:HeartBlessingRed","downfall:HeartBlessingBlue","aspiration:HatOfInfinitePower","Replay:Mystery Machine","Torii","Nunchaku","vexMod:RetaliationKit","Toy Ornithopter"],"acts_visited":["Gensokyo:Gensokyo","Elementarium:Elementarium","Hallownest:KingdomsEdge","TheEnding"],"potions_floor_usage":[4,8,8,8,8,13,16,16,16,25,33,33,37,37,45,47,49,54,55,55],"damage_taken":[{"damage":10,"enemies":"Gensokyo:Gryphon","floor":3,"turns":3},{"damage":13,"enemies":"Gensokyo:Python","floor":4,"turns":6},{"damage":59,"enemies":"Gensokyo:Mamizou","floor":8,"turns":8},{"damage":16,"enemies":"Gensokyo:3_Fairies","floor":9,"turns":5},{"damage":0,"enemies":"Gensokyo:Cirno","floor":10,"turns":4},{"damage":8,"enemies":"Gensokyo:VengefulSpirit","floor":12,"turns":5},{"damage":1,"enemies":"downfall:FleeingMerchant","floor":13,"turns":4},{"damage":3,"enemies":"Gensokyo:Kitsune","floor":15,"turns":3},{"damage":50,"enemies":"downfall:Defect","floor":16,"turns":7},{"damage":0,"enemies":"Elementarium:2_ELEMENTALS","floor":21,"turns":2},{"damage":0,"enemies":"downfall:FleeingMerchant","floor":22,"turns":4},{"damage":10,"enemies":"Elementarium:Cyclone","floor":25,"turns":6},{"damage":8,"enemies":"Elementarium:ElementalPortal","floor":27,"turns":6},{"damage":0,"enemies":"Elementarium:STONE_GOLEMS","floor":28,"turns":4},{"damage":0,"enemies":"downfall:FleeingMerchant","floor":29,"turns":4},{"damage":0,"enemies":"Elementarium:GOLDEN_STATUES","floor":31,"turns":2},{"damage":6,"enemies":"Elementarium:CYCLONE_AND_LIVING_STORMCLOUD","floor":32,"turns":5},{"damage":20,"enemies":"downfall:Silent","floor":33,"turns":7},{"damage":0,"enemies":"Hallownest:3_Siblings","floor":36,"turns":3},{"damage":61,"enemies":"Hallownest:2_Littles","floor":37,"turns":4},{"damage":8,"enemies":"downfall:FleeingMerchant","floor":38,"turns":3},{"damage":1,"enemies":"Hallownest:StalkingDevout","floor":44,"turns":4},{"damage":13,"enemies":"Hallownest:2_Wandering_and_1_Horned","floor":45,"turns":2},{"damage":30,"enemies":"Hallownest:Slobbering_and_Violent","floor":47,"turns":2},{"damage":1,"enemies":"Hallownest:Xero_Hu_Marmu","floor":49,"turns":2},{"damage":0,"enemies":"downfall:Ironclad","floor":50,"turns":3},{"damage":0,"enemies":"downfall:CharBossMerchant","floor":52,"turns":3},{"damage":22,"enemies":"downfall:CharBossMerchant","floor":54,"turns":3},{"damage":77,"enemies":"downfall:NeowBoss","floor":55,"turns":10}],"seed_played":"-3785698815346172923","potions_obtained":[{"floor":3,"key":"Adrenaline Potion"},{"floor":4,"key":"potionbrewer:BlacksmithPotion"},{"floor":8,"key":"GamblersBrew"},{"floor":13,"key":"potionbrewer:DiscountPotion"},{"floor":21,"key":"DistilledChaos"},{"floor":31,"key":"SteroidPotion"},{"floor":36,"key":"SneckoOil"},{"floor":37,"key":"Reflective Coating"},{"floor":37,"key":"Weak Potion"},{"floor":37,"key":"BlessingOfTheForge"},{"floor":38,"key":"hexamod:EctoCoolerPotion"},{"floor":44,"key":"DistilledChaos"},{"floor":47,"key":"SteroidPotion"},{"floor":54,"key":"hexamod:EctoCoolerPotion"},{"floor":55,"key":"SteroidPotion"}],"is_trial":false,"path_per_floor":["R","T","M","M","?","?","T","E","M","E","?","M","$","?","M","B",null,"R","?","T","M","$","R","T","M","R","E","M","$","?","?","M","B",null,"R","M","M","$","?","R","T","?","R","E","M","?","M","$","M","B",null,"E","$","R","B",null],"character_chosen":"THE_CHAMP","items_purchased":["champ:PreciseThrust","Bag of Preparation","aspiration:Lifesprig","champ:Lariat","vexMod:PaidLearning","MagicDraw1","Nunchaku","champ:Shatter","Toy Ornithopter","Elixir"],"campfire_rested":0,"item_purchase_floors":[13,13,13,29,38,38,48,48,53,53],"current_hp_per_floor":[90,90,85,77,77,77,77,39,33,33,24,32,31,31,41,5,90,90,90,90,90,90,90,90,86,86,90,90,90,90,90,86,72,90,90,90,80,83,83,95,95,60,60,81,100,75,76,76,86,100,100,100,100,99,100],"gold":447,"neow_bonus":"UPGRADE_CARD","is_daily":false,"chose_seed":false,"campfire_upgraded":6,"win_rate":0.0,"timestamp":1608033505,"path_taken":["R","?","M","M","?","?","T","E","M","E","?","?","$","?","M","BOSS","R","?","?","M","?","R","T","M","R","E","M","$","?","?","M","BOSS","R","M","M","$","?","R","T","?","R","E","?","?","?","?","M","BOSS","E","$","R","BOSS"],"items_purchased_type":["Card","Relic","Relic","Card","Relic","Relic","Relic","Card","Relic","Potion"],"build_version":"2020-12-13","purchased_purges":4,"victory":true,"max_hp_per_floor":[90,90,90,90,90,90,90,90,90,90,90,90,90,90,90,90,90,90,90,90,90,90,90,90,90,90,90,90,90,90,90,90,90,90,90,90,90,90,90,100,100,100,100,100,100,100,100,100,100,100,100,100,100,100,100],"card_choices":[{"not_picked":["champ:Circumvent","champ:Lariat"],"picked":"champ:Haymaker","floor":3},{"not_picked":["champ:TornadoPunch","champ:FlashCut"],"picked":"champ:FocusedGladiator","floor":4},{"not_picked":["champ:GladiatorsShout","champ:PerfectedStrike","champ:BerserkersShout"],"picked":"champ:PreciseThrust","floor":8},{"not_picked":["champ:FalseCounter","champ:BerserkersShout","champ:Encircle"],"picked":"champ:FanOfKnives","floor":9},{"not_picked":["champ:DefensiveShout","champ:Haymaker","champ:RapidStrikes"],"picked":"champ:VampiricStrike","floor":10},{"not_picked":["champ:FocusedBerserking","champ:Circumvent","champ:EnragedBash"],"picked":"champ:GladiatorStyle","floor":12},{"not_picked":["champ:Haymaker","champ:AdrenalArmor","champ:Encircle"],"picked":"champ:PerfectForm","floor":13},{"not_picked":["champ:PerfectedStrike","champ:StanceDance","champ:TornadoPunch"],"picked":"champ:DefensiveShout","floor":15},{"not_picked":["champ:VampiricStrike","champ:ShieldThrow","champ:CrownThrow"],"picked":"champ:SteelEdge","floor":16},{"not_picked":["champ:Backstep","champ:EndlessRage+1","champ:FlashCut","champ:FanOfKnives"],"picked":"SKIP","floor":21},{"not_picked":["champ:GutPunch","champ:RecklessLeap+1","champ:StanceDance+1","champ:GladiatorsShout+1"],"picked":"SKIP","floor":22},{"not_picked":["champ:StanceDance","champ:AdrenalArmor","champ:FaceSlap"],"picked":"champ:BladeFlurry","floor":25},{"not_picked":["champ:FightOn","champ:Encircle","champ:TornadoPunch+1"],"picked":"champ:BringItOn+1","floor":27},{"not_picked":["champ:AdrenalArmor","champ:DefensiveShout","champ:TornadoPunch+1"],"picked":"champ:CrownThrow","floor":28},{"not_picked":["champ:GladiatorsShout+1","champ:FlashCut","champ:SkillfulDodge","champ:FocusedDefense"],"picked":"SKIP","floor":29},{"not_picked":["champ:RisingSlash+1","champ:Duel+1","champ:DefensiveShout","champ:EnragedBash"],"picked":"SKIP","floor":32},{"not_picked":["champ:ShieldSlam","champ:MurderStrike","champ:CheapShot"],"picked":"champ:PerfectForm","floor":33},{"not_picked":["champ:FanOfKnives","champ:HeartStrike+1","champ:DefensiveShout+1","champ:CrookedStrike"],"picked":"SKIP","floor":36},{"not_picked":["champ:FocusedBerserking","champ:IronFortress","champ:SkillfulDodge+1","champ:BladeFlurry+1"],"picked":"SKIP","floor":37},{"not_picked":["champ:FaceSlap","champ:SkillfulDodge","champ:Haymaker+1"],"picked":"champ:HoldFirm","floor":38},{"not_picked":["champ:FightOn","champ:FocusedBerserking","champ:EnragedBash+1","champ:CalledShot"],"picked":"SKIP","floor":44},{"not_picked":["champ:TornadoPunch+1","champ:BringItOn","champ:FocusedGladiator","champ:EnragedBash"],"picked":"SKIP","floor":45},{"not_picked":["champ:AdrenalArmor","champ:TornadoPunch+1","champ:FightOn","champ:FlashCut+1"],"picked":"SKIP","floor":47},{"not_picked":["champ:RisingSlash+1","champ:TornadoPunch","champ:Encircle+1"],"picked":"champ:SteelEdge","floor":49},{"not_picked":["champ:SwordThrow","champ:CheapShot","champ:HeavySlash"],"picked":"champ:Improvising","floor":50},{"not_picked":["champ:Lariat+1","champ:IronFortress","champ:Encircle"],"picked":"champ:VampiricStrike","floor":52},{"not_picked":["champ:TornadoPunch","champ:ArenaPreparation+1","champ:CrookedStrike","champ:GutPunch+1"],"picked":"SKIP","floor":54}],"player_experience":2251852,"relics_obtained":[{"floor":2,"key":"aspiration:ChemicalBlood"},{"floor":7,"key":"Question Card"},{"floor":8,"key":"Smiling Mask"},{"floor":10,"key":"champ:FightingForDummies"},{"floor":16,"key":"Gensokyo:OccultBall"},{"floor":20,"key":"Divine Protection"},{"floor":21,"key":"Smiling Mask"},{"floor":25,"key":"wanderingMiniBosses:CarrionFlame"},{"floor":27,"key":"White_Cape"},{"floor":31,"key":"Elementarium:GoldenMirage"},{"floor":32,"key":"Gensokyo:OccultBall"},{"floor":33,"key":"Gensokyo:OccultBall"},{"floor":36,"key":"Gensokyo:OccultBall"},{"floor":36,"key":"Smiling Mask"},{"floor":37,"key":"Gensokyo:OccultBall"},{"floor":41,"key":"aspiration:HatOfInfinitePower"},{"floor":44,"key":"Gensokyo:OccultBall"},{"floor":44,"key":"Replay:Mystery Machine"},{"floor":46,"key":"Torii"},{"floor":52,"key":"vexMod:RetaliationKit"},{"floor":54,"key":"Gensokyo:OccultBall"}],"event_choices":[{"damage_healed":0,"gold_gain":0,"player_choice":"Take","damage_taken":0,"max_hp_gain":0,"max_hp_loss":0,"event_name":"Elementarium:BladeSeller","floor":19,"gold_loss":0,"cards_obtained":["Elementarium:IceblessedBlade"]},{"damage_healed":0,"gold_gain":0,"player_choice":"Open","damage_taken":0,"relics_obtained":["GodSword5"],"max_hp_gain":0,"max_hp_loss":0,"event_name":"Elementarium:TarCoveredCasket","floor":30,"gold_loss":0,"cards_obtained":["Elementarium:StickyTar"]},{"damage_healed":0,"gold_gain":0,"player_choice":"Fight","damage_taken":0,"max_hp_gain":0,"max_hp_loss":0,"event_name":"Elementarium:GoldenStatues","floor":31,"gold_loss":0}],"is_beta":false,"boss_relics":[{"not_picked":["Replay:Drink Me","aspiration:ServantSkillbook"],"picked":"AddBug"},{"not_picked":["Black Star","aspiration:MarisaSkillbook"],"picked":"Replay:Wanted Poster"}],"items_purged_floors":[13,13,29,48],"is_endless":false,"potions_floor_spawned":[3,4,21,28,31,32,36,37,44],"ascension_level":0}}