{"host":"r1za6d4d5mwllaky","time":1608027393,"event":{"mods":["AchievementEnabler","Act Like it!","Ascension Reborn","Aspiration","BaseMod","Better Match","Better Note","Better Sensory Stone","Challenge The Spire","Colored Map","Conspire","DeckTracker","Downfall","Elementarium","Energized Spire","Hallownest","Hubris","Humility","Infinite Spire","Marked Mod","Minty Spire (QoL Compilation)","Quick Restart","READ ME - Snecko Mod","Random Character Button","Reworked Bosses","Shop Mod","StSLib","Synergy Search","The Bladedancer","The Construct","The Disciple","The Factory","The Hierophant","The Judge","The Jungle","The Mystic","The Necromancer","The Poker Player","The Runesmith","The Sage","The Servant 0.9.4","The Valiant","Unceasing Turn Reminder","Wandering Minibosses","vexMod"],"gold_per_floor":[109,125,125,125,145,125,125],"floor_reached":6,"playtime":196,"items_purged":[],"score":36,"play_id":"5761fbee-538c-493a-813f-b0fb96466d06","local_time":"20201215051633","is_ascension_mode":true,"campfire_choices":[],"circlet_count":0,"master_deck":["hierophant:Strike_Hierophant","hierophant:Strike_Hierophant","hierophant:Strike_Hierophant","hierophant:Punish","hierophant:Defend_Hierophant","hierophant:Defend_Hierophant","hierophant:Defend_Hierophant","hierophant:Defend_Hierophant","hierophant:ChurchCoffers","hierophant:FlamingChariot","hierophant:Alms","hierophant:DisplayOfPower"],"relics":["hierophant:PropheticMaskRelic","NeowsBlessing"],"acts_visited":["Exordium"],"potions_floor_usage":[],"damage_taken":[{"damage":0,"enemies":"Jaw Worm","floor":1,"turns":1},{"damage":0,"enemies":"Small Slimes","floor":2,"turns":1},{"damage":0,"enemies":"conspire:RoseBush","floor":5,"turns":1},{"damage":0,"enemies":"3 Sentries","floor":6,"turns":1}],"seed_played":"6833209396049700891","potions_obtained":[{"floor":2,"key":"champ:CounterPotion"}],"is_trial":false,"path_per_floor":["M","M","?","?","M","E"],"character_chosen":"HIEROPHANT","items_purchased":[],"campfire_rested":0,"item_purchase_floors":[],"current_hp_per_floor":[75,75,75,75,75,75,75],"gold":125,"neow_bonus":"THREE_ENEMY_KILL","is_daily":false,"chose_seed":false,"campfire_upgraded":0,"win_rate":0.0,"timestamp":1608027393,"path_taken":["M","M","?","?","M","E"],"items_purchased_type":[],"build_version":"2020-12-13","purchased_purges":0,"victory":false,"max_hp_per_floor":[75,75,75,75,75,75,75],"card_choices":[{"not_picked":["hierophant:Racketeering","hierophant:Doubloon"],"picked":"hierophant:FlamingChariot","floor":1},{"not_picked":["hierophant:Mercenaries","hierophant:Endure"],"picked":"hierophant:Alms","floor":2},{"not_picked":["hierophant:Patience","hierophant:ConvertCurrency"],"picked":"hierophant:DisplayOfPower","floor":5}],"player_experience":155350,"relics_obtained":[],"event_choices":[],"is_beta":false,"boss_relics":[],"items_purged_floors":[],"is_endless":false,"potions_floor_spawned":[2],"killed_by":"3 Sentries","ascension_level":0}}