{"host":"f55lpzc7830gmx23","time":1608035667,"event":{"mods":["BaseMod","Better Note","Downfall","Hermit","Minty Spire (QoL Compilation)","StSLib","The Blackbeard","The Cursed","The Necromancer"],"gold_per_floor":[109,125,125,77,100,155,155,205,232,257,257,257],"floor_reached":10,"playtime":472,"items_purged":[],"score":103,"play_id":"585b6635-8bb7-4af4-8f4f-bbe67c8286f1","local_time":"20201215133427","is_ascension_mode":true,"campfire_choices":[{"floor":7,"key":"REST"}],"circlet_count":0,"master_deck":["blackbeard:BlackbeardStrike","blackbeard:BlackbeardStrike","blackbeard:BlackbeardStrike","blackbeard:BlackbeardStrike","blackbeard:IntimidatingStrike","blackbeard:BlackbeardDefend","blackbeard:BlackbeardDefend","blackbeard:BlackbeardDefend","blackbeard:BlackbeardDefend","blackbeard:Cutlass","blackbeard:Spear","blackbeard:Bandana","blackbeard:RearmingStrike","blackbeard:WeaponProficiency","blackbeard:RemoveScurvy","blackbeard:DoubleCannonball"],"relics":["blackbeard:LoadTheCannons","NlothsMask","Vajra","blackbeard:TreasureChest"],"acts_visited":["Exordium"],"potions_floor_usage":[6,6,10],"damage_taken":[{"damage":4,"enemies":"Jaw Worm","floor":1,"turns":3},{"damage":0,"enemies":"Cultist","floor":2,"turns":3},{"damage":3,"enemies":"2 Louse","floor":5,"turns":2},{"damage":33,"enemies":"Gremlin Nob","floor":6,"turns":4},{"damage":30,"enemies":"Lagavulin","floor":8,"turns":5},{"damage":20,"enemies":"3 Sentries","floor":10,"turns":3}],"seed_played":"-2928503927779234198","potions_obtained":[{"floor":0,"key":"SpeedPotion"},{"floor":0,"key":"hexamod:EctoCoolerPotion"},{"floor":0,"key":"CultistPotion"}],"is_trial":false,"path_per_floor":["M","M","?","$","M","E","R","E","T","E"],"character_chosen":"BLACKBEARD_CLASS","items_purchased":["blackbeard:RearmingStrike"],"campfire_rested":1,"item_purchase_floors":[4],"current_hp_per_floor":[64,64,64,64,61,28,50,25,25,5,5,5],"gold":257,"neow_bonus":"THREE_SMALL_POTIONS","is_daily":false,"chose_seed":false,"campfire_upgraded":0,"win_rate":0.0,"timestamp":1608035667,"path_taken":["M","M","?","$","M","E","R","E","T","E"],"items_purchased_type":["Card"],"build_version":"2020-12-13","purchased_purges":0,"victory":false,"max_hp_per_floor":[75,75,75,75,75,75,75,75,75,75,75,75],"card_choices":[{"not_picked":["blackbeard:PirateHook","blackbeard:Fencing"],"picked":"blackbeard:Spear","floor":1},{"not_picked":["blackbeard:Dagger","blackbeard:Sword"],"picked":"blackbeard:Bandana","floor":2},{"not_picked":["blackbeard:RearmingStrike","blackbeard:FieryDefense"],"picked":"blackbeard:WeaponProficiency","floor":5},{"not_picked":["blackbeard:MegaUpgrade","blackbeard:InfiniteBarrage"],"picked":"blackbeard:RemoveScurvy","floor":6},{"not_picked":["blackbeard:BlindAttacks","blackbeard:Fencing"],"picked":"blackbeard:DoubleCannonball","floor":8}],"player_experience":406412,"relics_obtained":[{"floor":6,"key":"Vajra"},{"floor":8,"key":"blackbeard:TreasureChest"}],"event_choices":[{"damage_healed":0,"gold_gain":0,"player_choice":"Trade","damage_taken":0,"relics_obtained":["NlothsMask"],"max_hp_gain":0,"max_hp_loss":0,"event_name":"FaceTrader","floor":3,"gold_loss":0}],"is_beta":false,"boss_relics":[],"items_purged_floors":[],"is_endless":false,"potions_floor_spawned":[1],"killed_by":"3 Sentries","ascension_level":7}}