{"host":"u0pt4wuoyrjgzhh2","time":1608015966,"event":{"mods":["AchievementEnabler","Act Like it!","Aspiration","BaseMod","Better Note","Better Vampires","Better-Laid Plans","BetterRewards","Block Reminder","Challenge The Spire","Colored Map","Colored Powertips","Conspire","Dota2Spire","Downfall","Highlight Path","Hubris","Minty Spire (QoL Compilation)","MostiFishMod","Quarter Circle Forward PUNCH!","Quick Restart","Relic Stats","Replay The Spire","RumiaBox-露米娅的神秘盒子","Shop Mod","Spicy Shops","StSLib","SuperFastMode","TestMod","The Jungle","vexMod","【功能Mod】混沌之环修复补丁","【遗物卡牌】REMEMod"],"gold_per_floor":[99,130,130,130,55,55,55,55,55,82,82,118,138,155,176,91,108,215,215,215,236,161,189,210,250,274,302,227,263,282,132,132,152,174,276,276,276,126,143,172,172,195,269,269,303,228,228,228,249,267,336,363,363,482,106,106,288],"floor_reached":58,"playtime":1982,"items_purged":["champ:Strike","champ:MurderStrike","champ:ShieldSigil"],"score":333606,"play_id":"533ef2ca-2540-4f0f-917b-7ef2784217cf","local_time":"20201215150606","is_ascension_mode":true,"campfire_choices":[{"data":"champ:Taunt","floor":1.0,"key":"SMITH"},{"data":"MostiFishMod:ChineseTea","floor":6.0,"key":"SMITH"},{"data":"champ:StrikeOfGenius","floor":11.0,"key":"SMITH"},{"floor":20.0,"key":"RECALL"},{"data":"champ:EnchantSword","floor":22.0,"key":"SMITH"},{"data":"champ:SteelEdge","floor":28.0,"key":"SMITH"},{"data":"Pot Of Greed","floor":37.0,"key":"SMITH"},{"data":"Pot Of Greed","floor":44.0,"key":"SMITH"},{"data":"champ:PerfectForm","floor":46.0,"key":"SMITH"},{"data":"champ:ShieldThrow","floor":56,"key":"SMITH"}],"circlet_count":0,"master_deck":["MostiFishMod:ChineseTea+1","champ:SwordSigil","champ:EnchantCrown+1","champ:ShieldThrow+1","champ:Devastate","champ:SteelEdge+1","champ:PerfectForm+1","champ:HeavySlash","champ:StrikeOfGenius+1","champ:EnchantSword+1","Pot Of Greed+1","Ghostly","Pot Of Greed+1"],"relics":["champ:ChampionCrown","testmod-TestBox","REME_ComplimentaryCards","downfall:HeartsMalice","testmod-Fortitude","BirthdayGift-Icosahedron","Replay:Rubber Ducky","hubris:Towel","SumBook","testmod-TheFather","Strawberry","BrkXgEgg","Potion Belt","REME_DuelDisc","downfall:HeartBlessingRed","Dota2Spire:BladeMail","Ice Cream","vexMod:PlasmaPancake","downfall:HeartBlessingBlue","Grinning Jar","hubris:BottledHeart","testmod-AssaultLearning","testmod-Hope","Sundial","Replay:Bandana","downfall:HeartBlessingGreen","DaveBox","Lizard Tail","Gremlin Horn","hubris:CrystalStatue"],"acts_visited":["Exordium","TheCity","TheBeyond","TheEnding"],"potions_floor_usage":[],"damage_taken":[{"damage":0.0,"enemies":"Lagavulin","floor":2.0,"turns":1.0},{"damage":0.0,"enemies":"downfall:FleeingMerchant","floor":5.0,"turns":1.0},{"damage":0.0,"enemies":"Gremlin Nob","floor":10.0,"turns":1.0},{"damage":21.0,"enemies":"Lagavulin","floor":12.0,"turns":3.0},{"damage":0.0,"enemies":"Jaw Worm","floor":13.0,"turns":2.0},{"damage":0.0,"enemies":"2 Louse","floor":14.0,"turns":2.0},{"damage":0.0,"enemies":"Cultist","floor":15.0,"turns":2.0},{"damage":9.0,"enemies":"downfall:FleeingMerchant","floor":16.0,"turns":2.0},{"damage":12.0,"enemies":"Large Slime","floor":17.0,"turns":2.0},{"damage":6.0,"enemies":"downfall:Defect","floor":18.0,"turns":2.0},{"damage":6.0,"enemies":"Chosen","floor":21.0,"turns":2.0},{"damage":15.0,"enemies":"Book of Stabbing","floor":23.0,"turns":1.0},{"damage":0.0,"enemies":"3 Byrds","floor":24.0,"turns":1.0},{"damage":21.0,"enemies":"Gremlin Leader","floor":25.0,"turns":2.0},{"damage":6.0,"enemies":"REME_1_Revenger","floor":27.0,"turns":2.0},{"damage":6.0,"enemies":"conspire:Head Lice","floor":29.0,"turns":1.0},{"damage":3.0,"enemies":"Cultist and Chosen","floor":30.0,"turns":1.0},{"damage":0.0,"enemies":"Centurion and Healer","floor":33.0,"turns":1.0},{"damage":0.0,"enemies":"Sentry and Sphere","floor":34.0,"turns":1.0},{"damage":0.0,"enemies":"downfall:Ironclad","floor":35.0,"turns":1.0},{"damage":0.0,"enemies":"3 Shapes","floor":39.0,"turns":1.0},{"damage":0.0,"enemies":"R_Hoarder","floor":40.0,"turns":2.0},{"damage":0.0,"enemies":"3 Darklings","floor":42.0,"turns":1.0},{"damage":0.0,"enemies":"Giant Head","floor":45.0,"turns":1.0},{"damage":0,"enemies":"4 Shapes","floor":49,"turns":1},{"damage":0,"enemies":"Spire Growth","floor":50,"turns":2},{"damage":0,"enemies":"Maw","floor":51,"turns":1},{"damage":0,"enemies":"downfall:Watcher","floor":52,"turns":10},{"damage":0,"enemies":"downfall:CharBossMerchant","floor":54,"turns":2},{"damage":0,"enemies":"downfall:NeowBoss","floor":57,"turns":9}],"seed_played":"1244911712582405087","potions_obtained":[{"floor":12.0,"key":"SkillPotion"},{"floor":15.0,"key":"Energy Potion"},{"floor":18.0,"key":"Block Potion"},{"floor":23.0,"key":"CultistPotion"},{"floor":24.0,"key":"Venom Potion"},{"floor":27.0,"key":"Adrenaline Potion"}],"is_trial":false,"path_per_floor":["R","E","?","?","$","R","PTL","PTL","T","E","R","E","M","M","M","$","M","B",null,"R","M","R","E","M","E","T","E","R","E","M","?","?","M","M","B",null,"R","$","M","E","?","M","T","R","E","R","?","?","M","M","M","B",null,"E","$","R","B",null],"character_chosen":"THE_CHAMP","items_purchased":["BrkXgEgg","Potion Belt","testmod-AssaultLearning","hubris:CrystalStatue"],"campfire_rested":0,"item_purchase_floors":[16,16,38,55],"current_hp_per_floor":[90,90,90,95,95,95,95,95,95,95,95,102,102,102,102,102,102,102,102,102,102,102,102,102,102,102,108,118,118,118,118,1,1,1,1,1,1,1,1,1,1,1,1,1,1,1,1,1,1,1,1,1,1,1,1,1,1],"gold":288,"neow_bonus":"THREE_ENEMY_KILL","is_daily":false,"chose_seed":false,"campfire_upgraded":9,"win_rate":0.0,"timestamp":1608015966,"path_taken":["R","E","?","?","?","R","PTL","PTL","T","E","R","E","M","?","M","$","M","BOSS","R","?","R","E","M","E","T","E","R","E","M","?","?","M","M","BOSS","R","$","M","E","?","M","T","R","E","R","?","?","?","M","M","BOSS","E","$","R","BOSS","BOSS"],"items_purchased_type":["Relic","Relic","Relic","Relic"],"build_version":"2020-12-13","purchased_purges":3,"victory":true,"max_hp_per_floor":[90,90,90,95,95,95,95,95,95,95,95,102,102,102,102,102,102,102,102,102,102,102,102,102,102,102,108,118,118,118,118,1,1,1,1,1,1,1,1,1,1,1,1,1,1,1,1,1,1,1,1,1,1,1,1,1,1],"relic_stats":{"Lizard Tail":0,"Gremlin Horn":[2,2],"counters":[31,59],"Sundial":[54],"obtain_stats":[{"Ice Cream":25,"vexMod:PlasmaPancake":27,"hubris:CrystalStatue":55,"DaveBox":0,"Gremlin Horn":54,"champ:ChampionCrown":0,"downfall:HeartBlessingGreen":46,"REME_DuelDisc":19,"BirthdayGift-Icosahedron":0,"Replay:Rubber Ducky":2,"Replay:Bandana":45,"Lizard Tail":49,"downfall:HeartBlessingBlue":28,"Sundial":43,"Strawberry":12,"Dota2Spire:BladeMail":23,"testmod-TheFather":10,"SumBook":9,"Potion Belt":16,"testmod-TestBox":0,"downfall:HeartBlessingRed":22,"downfall:HeartsMalice":0,"BrkXgEgg":16,"hubris:Towel":3,"testmod-Fortitude":0,"hubris:BottledHeart":32,"testmod-AssaultLearning":38,"testmod-Hope":40,"Grinning Jar":29,"REME_ComplimentaryCards":0},{"Ice Cream":14,"vexMod:PlasmaPancake":15,"hubris:CrystalStatue":29,"DaveBox":0,"Gremlin Horn":29,"champ:ChampionCrown":0,"downfall:HeartBlessingGreen":24,"REME_DuelDisc":10,"BirthdayGift-Icosahedron":0,"Replay:Rubber Ducky":1,"Replay:Bandana":24,"Lizard Tail":25,"downfall:HeartBlessingBlue":15,"Sundial":23,"Strawberry":4,"Dota2Spire:BladeMail":12,"testmod-TheFather":3,"SumBook":2,"Potion Belt":8,"testmod-TestBox":0,"downfall:HeartBlessingRed":11,"downfall:HeartsMalice":0,"BrkXgEgg":8,"hubris:Towel":1,"testmod-Fortitude":0,"hubris:BottledHeart":17,"testmod-AssaultLearning":20,"testmod-Hope":22,"Grinning Jar":16,"REME_ComplimentaryCards":0},{"Ice Cream":21,"vexMod:PlasmaPancake":23,"hubris:CrystalStatue":49,"DaveBox":0,"Gremlin Horn":49,"champ:ChampionCrown":0,"downfall:HeartBlessingGreen":33,"REME_DuelDisc":15,"BirthdayGift-Icosahedron":0,"Replay:Rubber Ducky":0,"Replay:Bandana":33,"Lizard Tail":34,"downfall:HeartBlessingBlue":23,"Sundial":32,"Strawberry":3,"Dota2Spire:BladeMail":18,"testmod-TheFather":0,"SumBook":0,"Potion Belt":11,"testmod-TestBox":0,"downfall:HeartBlessingRed":17,"downfall:HeartsMalice":0,"BrkXgEgg":11,"hubris:Towel":0,"testmod-Fortitude":0,"hubris:BottledHeart":25,"testmod-AssaultLearning":28,"testmod-Hope":31,"Grinning Jar":24,"REME_ComplimentaryCards":0}]},"card_choices":[{"not_picked":["champ:ShieldWall","champ:HeartStrike","champ:HeavySlash"],"picked":"SKIP","floor":2.0},{"not_picked":["champ:DefensiveShout","champ:Encircle"],"picked":"champ:SwordSigil","floor":5.0},{"not_picked":["champ:AdrenalArmor","champ:Haymaker"],"picked":"champ:ShieldSigil","floor":10.0},{"not_picked":["champ:Encircle","champ:CalledShot","champ:FlashCut"],"picked":"SKIP","floor":12.0},{"not_picked":["champ:DefensiveStyle","champ:Encircle","champ:EnragedBash"],"picked":"SKIP","floor":13.0},{"not_picked":["champ:PerfectedStrike","champ:TornadoPunch","champ:AdrenalArmor"],"picked":"SKIP","floor":14.0},{"not_picked":["champ:PerfectedStrike","champ:TornadoPunch","champ:AdrenalArmor"],"picked":"SKIP","floor":14.0},{"not_picked":["champ:Riposte","champ:SwordSigil","champ:Haymaker"],"picked":"SKIP","floor":15.0},{"not_picked":["champ:DefensiveShout","champ:TornadoPunch","champ:BringItOn"],"picked":"SKIP","floor":17.0},{"not_picked":["champ:RecklessLeap","champ:PreciseThrust+1","champ:FocusedDefense"],"picked":"SKIP","floor":21.0},{"not_picked":["champ:Backstep","champ:IronFortress+1","champ:Control"],"picked":"SKIP","floor":23.0},{"not_picked":["champ:RapidStrikes","champ:Encircle","champ:ShieldSigil"],"picked":"SKIP","floor":24.0},{"not_picked":["champ:ShieldWall","champ:EndlessRage","champ:GladiatorsShout+1"],"picked":"SKIP","floor":25.0},{"not_picked":["champ:StanceDance","champ:BerserkersShout","champ:GladiatorsShout"],"picked":"SKIP","floor":27.0},{"not_picked":["champ:Balance","champ:PerfectedStrike","champ:RageSigil"],"picked":"SKIP","floor":29.0},{"not_picked":["champ:EnchantSword+1","champ:RageSigil","champ:GutPunch"],"picked":"SKIP","floor":30.0},{"not_picked":["champ:GladiatorsShout","champ:Lariat","champ:PerfectedStrike"],"picked":"SKIP","floor":33.0},{"not_picked":["champ:CalledShot","champ:FalseCounter","champ:BringItOn"],"picked":"SKIP","floor":34.0},{"not_picked":["champ:Aggression+1","champ:ShieldSigil+1","champ:SwordSigil+1"],"picked":"SKIP","floor":39.0},{"not_picked":["champ:Encircle+1","champ:BladeFlurry","champ:DancingMaster+1"],"picked":"SKIP","floor":40.0},{"not_picked":["champ:FanOfKnives+1","champ:RapidStrikes","champ:ArenaPreparation"],"picked":"SKIP","floor":42.0},{"not_picked":["champ:ViciousMockery+1","champ:GladiatorStyle+1","champ:BringItOn+1"],"picked":"SKIP","floor":45.0},{"not_picked":["champ:Backstep+1","champ:IronFortress+1","champ:GutPunch"],"picked":"SKIP","floor":49},{"not_picked":["champ:SkillfulDodge","champ:RageSigil","champ:CrookedStrike+1"],"picked":"SKIP","floor":50},{"not_picked":["champ:RageSigil+1","champ:Circumvent","champ:Haymaker+1"],"picked":"SKIP","floor":51},{"not_picked":["champ:Shatter+1","champ:BladeFlurry+1","champ:StanceDance"],"picked":"SKIP","floor":54}],"player_experience":129722,"relics_obtained":[{"floor":2.0,"key":"Replay:Rubber Ducky"},{"floor":9.0,"key":"SumBook"},{"floor":10.0,"key":"testmod-TheFather"},{"floor":12.0,"key":"Strawberry"},{"floor":23.0,"key":"Dota2Spire:BladeMail"},{"floor":25.0,"key":"Ice Cream"},{"floor":27.0,"key":"vexMod:PlasmaPancake"},{"floor":29.0,"key":"Grinning Jar"},{"floor":40.0,"key":"testmod-Hope"},{"floor":43.0,"key":"Sundial"},{"floor":45.0,"key":"Replay:Bandana"},{"floor":54,"key":"Gremlin Horn"}],"event_choices":[{"damage_healed":0.0,"max_hp_gain":5.0,"max_hp_loss":0.0,"gold_gain":0.0,"event_name":"Big Fish","player_choice":"Donut","floor":4.0,"gold_loss":0.0,"damage_taken":0.0},{"damage_healed":0.0,"max_hp_gain":0.0,"max_hp_loss":0.0,"gold_gain":0.0,"event_name":"conspire:Investor","player_choice":"Leave","floor":47.0,"gold_loss":0.0,"damage_taken":0.0},{"damage_healed":0,"gold_gain":0,"player_choice":"Swap Relic","damage_taken":0,"relics_obtained":["DaveBox"],"max_hp_gain":0,"max_hp_loss":0,"event_name":"给自己的盒子","floor":48,"relics_lost":["DaveBox"],"gold_loss":0}],"is_beta":false,"boss_relics":[{"not_picked":["Philosopher\u0027s Stone","ReplayTheSpireMod:DimensionalGlitch"],"picked":"REME_DuelDisc"},{"not_picked":["BloodWine","ExusiaiGun","FixedStarFall"]}],"items_purged_floors":[5,16,55],"is_endless":false,"potions_floor_spawned":[12,15,18,23,24,27,34,42,45,49,51],"ascension_level":1}}