{"host":"mi0eibewekhugwl1","time":1608011142,"event":{"mods":["AchievementEnabler","BaseMod","Colored Map","Colored Powertips","DeckTracker","Keyboard Shortcuts","Minty Spire (QoL Compilation)","Quick Restart","Rare Cards Sparkle","Relic Stats","StSLib","SuperFastMode","everything is the same but u backflip on backflip"],"gold_per_floor":[116,136,149,149,162,172,172,184,184,184,199,218,238,6,6,6,6],"floor_reached":16,"playtime":376,"items_purged":[],"score":196,"play_id":"aee4b0c7-2134-493d-91fe-80821f01eabb","local_time":"20201215144542","is_ascension_mode":true,"campfire_choices":[{"data":"Shrug It Off","floor":15,"key":"SMITH"}],"circlet_count":0,"master_deck":["AscendersBane","Strike_R","Strike_R","Strike_R","Strike_R","Defend_R","Defend_R","Defend_R","Defend_R","Bash+1","Ghostly Armor","Body Slam+1","Twin Strike","Shrug It Off+1","Reckless Charge+1","Uppercut+1","Immolate+1","Wild Strike+1"],"relics":["Burning Blood","Molten Egg 2"],"acts_visited":["Exordium"],"potions_floor_usage":[16],"damage_taken":[{"damage":11,"enemies":"Small Slimes","floor":1,"turns":5},{"damage":6,"enemies":"Cultist","floor":2,"turns":3},{"damage":3,"enemies":"2 Louse","floor":3,"turns":4},{"damage":18,"enemies":"Exordium Wildlife","floor":5,"turns":6},{"damage":8,"enemies":"2 Fungi Beasts","floor":6,"turns":4},{"damage":27,"enemies":"Exordium Thugs","floor":8,"turns":8},{"damage":11,"enemies":"Looter","floor":11,"turns":3},{"damage":15,"enemies":"Large Slime","floor":12,"turns":5},{"damage":0,"enemies":"3 Louse","floor":13,"turns":2},{"damage":41,"enemies":"Hexaghost","floor":16,"turns":9}],"seed_played":"8050858175953913894","potions_obtained":[{"floor":5,"key":"Regen Potion"},{"floor":6,"key":"BlessingOfTheForge"}],"is_trial":false,"path_per_floor":["M","M","M","?","M","M","?","M","T","?","M","M","M","$","R","B"],"character_chosen":"IRONCLAD","items_purchased":["Immolate+1","Wild Strike+1"],"campfire_rested":0,"item_purchase_floors":[14,14],"current_hp_per_floor":[63,63,66,66,54,52,57,36,36,36,31,22,28,28,28,0,0],"gold":6,"neow_bonus":"REMOVE_CARD","is_daily":false,"chose_seed":false,"campfire_upgraded":1,"win_rate":0.0,"timestamp":1608011142,"path_taken":["M","M","M","?","M","M","?","M","T","?","?","M","?","$","R","BOSS"],"items_purchased_type":["Card","Card"],"build_version":"2020-12-13","purchased_purges":0,"victory":false,"max_hp_per_floor":[75,75,75,75,75,75,80,80,80,80,80,80,80,80,80,80,80],"relic_stats":{"counters":[10,49],"obtain_stats":[{"Molten Egg 2":9,"Burning Blood":0},{"Molten Egg 2":6,"Burning Blood":0},{"Molten Egg 2":30,"Burning Blood":0}],"Burning Blood":54},"card_choices":[{"not_picked":["Perfected Strike","Anger","Clash"],"picked":"SKIP","floor":1},{"not_picked":["Flex","Havoc"],"picked":"Ghostly Armor","floor":2},{"not_picked":["Havoc","Heavy Blade"],"picked":"Body Slam","floor":3},{"not_picked":["Iron Wave","Seeing Red","Havoc"],"picked":"SKIP","floor":5},{"not_picked":["Iron Wave","Seeing Red","Havoc"],"picked":"SKIP","floor":5},{"not_picked":["Sentinel","Perfected Strike","Searing Blow"],"picked":"SKIP","floor":6},{"not_picked":["Sentinel","Body Slam"],"picked":"Twin Strike","floor":8},{"not_picked":["Bloodletting","Reaper+1"],"picked":"Shrug It Off","floor":11},{"not_picked":["Headbutt+1","Thunderclap+1"],"picked":"Reckless Charge+1","floor":12},{"not_picked":["Metallicize","Blood for Blood+1"],"picked":"Uppercut+1","floor":13}],"player_experience":1664839,"relics_obtained":[{"floor":9,"key":"Molten Egg 2"}],"event_choices":[{"damage_healed":0,"gold_gain":0,"player_choice":"Grow","damage_taken":0,"max_hp_gain":0,"max_hp_loss":0,"event_name":"Living Wall","floor":4,"gold_loss":0,"cards_upgraded":["Body Slam"]},{"damage_healed":0,"gold_gain":0,"player_choice":"Donut","damage_taken":0,"max_hp_gain":5,"max_hp_loss":0,"event_name":"Big Fish","floor":7,"gold_loss":0},{"damage_healed":0,"gold_gain":0,"player_choice":"Forge","damage_taken":0,"max_hp_gain":0,"max_hp_loss":0,"event_name":"Accursed Blacksmith","floor":10,"gold_loss":0,"cards_upgraded":["Bash"]}],"is_beta":false,"boss_relics":[],"items_purged_floors":[],"is_endless":false,"potions_floor_spawned":[5,6,12],"killed_by":"Hexaghost","ascension_level":20}}