{"host":"6o1vh5lr98s0jjq7","time":1608042139,"event":{"mods":["2.2 Compatiblity","Act Like it!","Aspiration","BaseMod","Better Altar","Better Match","Better Note","Better Third Choice","Conspire","Downfall","Gensokyo","Hallownest","Infinite Spire","Marisa????????","Minty Spire (QoL Compilation)","Replay The Spire","StSLib","The Alterego","WarShipGirlsR/????R mod"],"gold_per_floor":[118,118,118,43,106,141,205,205,205,267,299,311,311,358,358,457,457,475,489,489,509,532,532,532,532,532,532,38,53,53,53,53,155,255,268,294,294,313,328,328,339,372,372,372,378,378,393,393,393,393,393],"floor_reached":50,"playtime":2814,"items_purged":["Delirium","Pain"],"score":637,"play_id":"97a9576b-cef6-43f6-b6f3-93e6ef69639f","local_time":"20201215082219","is_ascension_mode":false,"campfire_choices":[{"floor":13.0,"key":"REST"},{"floor":23.0,"key":"RECALL"},{"data":"1","floor":30,"key":"LIFT"},{"floor":32,"key":"REST"},{"floor":40,"key":"REST"},{"floor":44,"key":"REST"}],"circlet_count":0,"master_deck":["Strike_MRS","Strike_MRS","Strike_MRS","Strike_MRS","Defend_MRS","Defend_MRS+1","Defend_MRS","Defend_MRS","MasterSpark","UpSweep","expansioncontent:DefensiveMode","OortCloud","UnstableBomb+1","DragonMeteor","OpenUniverse+1","ManaRampage","6A","UltimateShortwave","GrandCross","Pot Of Greed","CollectingQuirk+1","MaximisePower","Swivel+1","PulseMagic+1","DC+1","ReplayTheSpireMod:Black Plague","Apotheosis","Judgement","ManaRampage","MysteriousBeam","ShootTheMoon","ShootingEcho+1","ManaRampage","6A+1","PowerUp","Pot Of Greed+1"],"relics":["MiniHakkero","ReplayTheSpireMod:Ring of Challenge","ReplayTheSpireMod:Ring of Addiction","Chameleon Ring","SacredBark","Tiny Chest","infinitespire:Broken Mirror","Grinning Jar","infinitespire:EmpoweringShard","aspiration:WatcherSkillbook","WarpedTongs","Whetstone","infinitespire:FocusingShard","Girya","War Paint","Replay:Wanted Poster","infinitespire:PuzzleCube","Blood Vial","InkBottle","ReplayTheSpireMod:CursedCoin","Boot","Spirit Poop","aspiration:StickyExplosives_weak"],"acts_visited":["Exordium","TheCity","TheBeyond"],"potions_floor_usage":[29,33,33,33,38,47,50],"damage_taken":[{"damage":3.0,"enemies":"Small Slimes","floor":1.0,"turns":4.0},{"damage":0.0,"enemies":"2 Louse","floor":5.0,"turns":2.0},{"damage":4.0,"enemies":"Replay:BlueRogue","floor":6.0,"turns":3.0},{"damage":0.0,"enemies":"Cultist","floor":7.0,"turns":3.0},{"damage":10.0,"enemies":"Looter","floor":10.0,"turns":3.0},{"damage":13.0,"enemies":"Lagavulin","floor":11.0,"turns":7.0},{"damage":13.0,"enemies":"Gremlin Gang","floor":12.0,"turns":4.0},{"damage":4.0,"enemies":"Gremlin Nob","floor":14.0,"turns":4.0},{"damage":5.0,"enemies":"Slime Boss","floor":16.0,"turns":6.0},{"damage":5.0,"enemies":"Chosen","floor":18.0,"turns":4.0},{"damage":13.0,"enemies":"Shell Parasite","floor":19.0,"turns":3.0},{"damage":0.0,"enemies":"Shelled Parasite and Fungi","floor":21.0,"turns":1.0},{"damage":0,"enemies":"3 Cultists","floor":29,"turns":1},{"damage":0,"enemies":"Champ","floor":33,"turns":3},{"damage":15,"enemies":"3 Darklings","floor":35,"turns":4},{"damage":16,"enemies":"3 Shapes","floor":38,"turns":2},{"damage":18,"enemies":"Jaw Worm Horde","floor":39,"turns":2},{"damage":4,"enemies":"4 Shapes","floor":41,"turns":3},{"damage":4,"enemies":"R_Hoarder","floor":42,"turns":6},{"damage":9,"enemies":"Writhing Mass","floor":47,"turns":2},{"damage":56,"enemies":"Donu and Deca","floor":50,"turns":4}],"seed_played":"-4136537137759073708","potions_obtained":[{"floor":1.0,"key":"BlessingOfTheForge"},{"floor":2.0,"key":"Fire Potion"},{"floor":2.0,"key":"Strength Potion"},{"floor":5.0,"key":"Strength Potion"},{"floor":10.0,"key":"Block Potion"},{"floor":15.0,"key":"Slimebound:ThreeZeroPotion"},{"floor":15.0,"key":"Doom Potion"},{"floor":18.0,"key":"Adrenaline Potion"},{"floor":19.0,"key":"SteroidPotion"},{"floor":21.0,"key":"ColorlessPotion"},{"floor":35,"key":"Energy Potion"},{"floor":42,"key":"EssenceOfSteel"},{"floor":47,"key":"Toxic Potion"}],"is_trial":false,"path_per_floor":["M","?","?","$","M","E","M","?","T","M","E","M","R","E","R","B",null,"M","M","?","M","T","R","?","AVR","T","?","$","M","R","?","R","B",null,"M","T","$","M","M","R","M","E","T","R","$","?","M","T","R","B"],"character_chosen":"MARISA","items_purchased":["War Paint","Apotheosis","Strength Potion","Explosive Potion","SkillPotion","ReplayTheSpireMod:CursedCoin","Boot"],"campfire_rested":4,"item_purchase_floors":[28,28,28,28,28,45,45],"current_hp_per_floor":[72,72,72,72,72,68,68,68,68,58,45,32,54,50,50,49,73,68,55,55,55,55,55,38,38,38,38,38,38,38,38,58,58,65,50,50,50,34,16,34,30,26,26,44,44,44,37,37,54,0,0],"gold":393,"neow_bonus":"RANDOM_COLORLESS","is_daily":false,"chose_seed":false,"campfire_upgraded":0,"win_rate":0.0,"timestamp":1608042139,"path_taken":["M","?","?","$","?","E","M","?","T","M","E","?","R","E","R","BOSS","M","M","?","M","?","R","?","AVR","T","?","$","M","R","?","R","BOSS","M","?","?","M","M","R","?","E","T","R","$","?","M","?","R","BOSS"],"items_purchased_type":["Relic","Card","Potion","Potion","Potion","Relic","Relic"],"build_version":"2020-12-13","purchased_purges":2,"victory":false,"max_hp_per_floor":[75,75,75,75,75,75,75,75,75,75,75,75,75,73,73,73,73,73,73,71,71,71,71,71,69,69,69,69,67,67,67,67,65,65,65,65,63,63,63,63,63,61,61,61,59,59,59,59,59,59,59],"card_choices":[{"not_picked":["Replay:SS_forest_6","expansioncontent:DecasProtection"],"picked":"expansioncontent:DefensiveMode","floor":0.0},{"not_picked":["StarlightTyphoon","Occultation"],"picked":"OortCloud","floor":1.0},{"not_picked":["EarthLightRay","EnergyRecoil"],"picked":"UnstableBomb","floor":5.0},{"not_picked":["OpenUniverse","FairyDestructionRay"],"picked":"DragonMeteor","floor":6.0},{"not_picked":["WitchOfGreed","IllusionStar"],"picked":"OpenUniverse","floor":7.0},{"not_picked":["ChargingUp","IllusionStar"],"picked":"6A","floor":10.0},{"not_picked":["FairyDestructionRay","MysteriousBeam"],"picked":"UltimateShortwave","floor":11.0},{"not_picked":["RefractionSpark","SprinkleStarSeal"],"picked":"GrandCross","floor":12.0},{"not_picked":["WitchOfGreed","StarBarrage"],"picked":"CollectingQuirk","floor":14.0},{"not_picked":["TreasureHunter","UltimateShortwave"],"picked":"MaximisePower","floor":16.0},{"not_picked":["MilkyWay","6A+1","EventHorizon+1"],"picked":"Swivel+1","floor":18.0},{"not_picked":["Collect","FlurryOfBlows","Indignation"],"picked":"PulseMagic+1","floor":19.0},{"not_picked":["LuminesStrike+1","AsteroidBelt","Worship"],"picked":"DC+1","floor":21.0},{"not_picked":["ReplayTheSpireMod:Chaos Vortex","infinitespire:FinalStrike"],"picked":"ReplayTheSpireMod:Black Plague","floor":24.0},{"not_picked":["Replay:ManipulateFuture+1","PulseMagic+1","6A"],"picked":"Judgement","floor":29},{"not_picked":["Brilliance","BlazingStar","SpiritShield"],"picked":"ManaRampage","floor":33},{"not_picked":["Indignation+1","FollowUp","SporeBomb"],"picked":"MysteriousBeam","floor":35},{"not_picked":["MysteriousBeam","EmptyBody","Replay:AtTheReady+1"],"picked":"ShootTheMoon","floor":38},{"not_picked":["IllusionStar","Consecrate","UnstableBomb"],"picked":"ShootingEcho+1","floor":39},{"not_picked":["ClearTheMind","Worship+1","IllusionStar"],"picked":"ManaRampage","floor":41},{"not_picked":["GrandCross","Halt+1","WitchLeyline"],"picked":"6A+1","floor":42},{"not_picked":["Wallop","PathToVictory+1","FlyingSleeves+1"],"picked":"PowerUp","floor":47}],"player_experience":218041,"relics_obtained":[{"floor":2.0,"key":"ReplayTheSpireMod:Ring of Challenge"},{"floor":2.0,"key":"ReplayTheSpireMod:Ring of Addiction"},{"floor":2.0,"key":"Chameleon Ring"},{"floor":2.0,"key":"SacredBark"},{"floor":6.0,"key":"Tiny Chest"},{"floor":11.0,"key":"infinitespire:Broken Mirror"},{"floor":14.0,"key":"Grinning Jar"},{"floor":14.0,"key":"infinitespire:EmpoweringShard"},{"floor":22.0,"key":"Whetstone"},{"floor":26.0,"key":"Girya"},{"floor":36,"key":"infinitespire:PuzzleCube"},{"floor":42,"key":"Blood Vial"},{"floor":43,"key":"InkBottle"},{"floor":48,"key":"aspiration:StickyExplosives_weak"}],"event_choices":[{"damage_healed":0.0,"max_hp_gain":0.0,"max_hp_loss":0.0,"gold_gain":0.0,"event_name":"conspire:LoneGhost","player_choice":"Disagree","floor":3.0,"gold_loss":0.0,"damage_taken":0.0},{"cards_removed":["expansioncontent:DefensiveMode"],"damage_healed":0.0,"max_hp_gain":0.0,"max_hp_loss":0.0,"gold_gain":0.0,"event_name":"betterNote:BetterNote","player_choice":"Take \u0026 Give","floor":8.0,"gold_loss":0.0,"damage_taken":0.0,"cards_obtained":["ManaRampage"]},{"damage_healed":0.0,"max_hp_gain":0.0,"max_hp_loss":0.0,"gold_gain":0.0,"event_name":"Accursed Blacksmith","player_choice":"Rummage","floor":20.0,"gold_loss":0.0,"damage_taken":0.0,"relics_obtained":["WarpedTongs"],"cards_obtained":["Pain"]},{"damage_healed":0.0,"max_hp_gain":0.0,"max_hp_loss":0.0,"gold_gain":0.0,"event_name":"Vampires","player_choice":"Ignored","floor":27.0,"gold_loss":0.0,"damage_taken":0.0},{"cards_removed":["Pot Of Greed"],"damage_healed":0,"gold_gain":0,"player_choice":"Purged","damage_taken":0,"max_hp_gain":0,"max_hp_loss":0,"event_name":"Purifier","floor":31,"gold_loss":0},{"cards_removed":["Guardian:Aged"],"damage_healed":0,"gold_gain":0,"player_choice":"Offered Curse","damage_taken":0,"relics_obtained":["Spirit Poop"],"max_hp_gain":0,"max_hp_loss":0,"event_name":"Bonfire Elementals","floor":46,"gold_loss":0}],"is_beta":false,"boss_relics":[{"not_picked":["Runic Dome","aspiration:RunicSpoon"],"picked":"aspiration:WatcherSkillbook"},{"not_picked":["conspire:SeveredTorchhead","Black Star"],"picked":"Replay:Wanted Poster"}],"items_purged_floors":[4,25],"is_endless":false,"potions_floor_spawned":[1,5,10,18,19,21,35,42,47],"killed_by":"Donu and Deca","ascension_level":0}}