{"host":"f5h077e5av00giy4","time":1608038272,"event":{"mods":["Aspiration","BaseMod","Colored Powertips","Decade(王小明)","Hermit","Hunter 猎人","Koishi","KomeijiMod","Luminous","Marisa（F雨　魔理沙）","Minty Spire (QoL Compilation)","MostiFishMod","Quick Restart","Reimu（博丽灵梦）","Relic Stats","Remilia（蕾米莉亚）","Replay The Spire","RumiaBox-露米娅的神秘盒子","Shop Mod","Spicy Shops","StSLib","TestMod","The Gatherer","The Mystic","The Poker Player","The Runesmith","The Servant 0.9.4","Youmu（魂魄妖梦）","Yuyuko","noobMod","vexMod","【东方二次创作】八云紫mod","【功能Mod】聪明的最终Boss","【遗物卡牌】REMEMod"],"gold_per_floor":[114,131,141,141,153,180,180],"floor_reached":6,"playtime":656,"items_purged":[],"score":48,"play_id":"b9e0c6b0-47ec-4dc6-adae-751dd233f98b","local_time":"20201215211752","is_ascension_mode":false,"campfire_choices":[],"circlet_count":0,"master_deck":["Fantasy Butterflies","Fantasy Butterflies","Fantasy Butterflies","Fantasy Butterflies","Fantasy Butterflies","Dreamy Sakura","Dreamy Sakura","Dreamy Sakura","Dreamy Sakura","Dreamy Sakura","Deathly Ground","Faramita\u0027s Temptation","D_absorption_purple+1","Unknown Petal","Dying Sakura","Gather the Spring","Butterflies in Dream"],"relics":["Coronal","Yuyuko\u0027s fan","testmod-TestBox","ice","DaveBox","REME_ComplimentaryCards","testmod-Justice","MetatronsCube","Question Card","testmod-OneHitWonder"],"acts_visited":["Exordium"],"potions_floor_usage":[6],"damage_taken":[{"damage":13,"enemies":"Small Slimes","floor":1,"turns":3},{"damage":23,"enemies":"Jaw Worm","floor":2,"turns":5},{"damage":8,"enemies":"Cultist","floor":3,"turns":4},{"damage":11,"enemies":"2 Fungi Beasts","floor":5,"turns":3},{"damage":26,"enemies":"3 Sentries","floor":6,"turns":4}],"seed_played":"2000078493197865268","potions_obtained":[{"floor":2,"key":"BlessingOfTheForge"},{"floor":3,"key":"Fire Potion"},{"floor":5,"key":"SteroidPotion"},{"floor":6,"key":"AttackPotion"}],"is_trial":false,"path_per_floor":["M","M","M","?","M","E"],"character_chosen":"YUYOKO","items_purchased":[],"campfire_rested":0,"item_purchase_floors":[],"current_hp_per_floor":[37,29,32,32,33,30,30],"gold":180,"neow_bonus":"UPGRADE_CARD","is_daily":false,"chose_seed":false,"campfire_upgraded":0,"win_rate":0.0,"timestamp":1608038272,"path_taken":["M","M","M","?","M","E"],"items_purchased_type":[],"build_version":"2020-12-13","purchased_purges":0,"victory":false,"max_hp_per_floor":[40,40,40,40,40,40,40],"relic_stats":{"counters":[5,19],"Question Card":4,"obtain_stats":[{"Yuyuko\u0027s fan":0,"testmod-TestBox":0,"DaveBox":0,"Coronal":0,"ice":0,"testmod-Justice":0,"Question Card":1,"testmod-OneHitWonder":6,"REME_ComplimentaryCards":0,"MetatronsCube":0},{"Yuyuko\u0027s fan":0,"testmod-TestBox":0,"DaveBox":0,"Coronal":0,"ice":0,"testmod-Justice":0,"Question Card":1,"testmod-OneHitWonder":5,"REME_ComplimentaryCards":0,"MetatronsCube":0},{"Yuyuko\u0027s fan":0,"testmod-TestBox":0,"DaveBox":0,"Coronal":0,"ice":0,"testmod-Justice":0,"Question Card":3,"testmod-OneHitWonder":19,"REME_ComplimentaryCards":0,"MetatronsCube":0}]},"card_choices":[{"not_picked":["Steamed Phantom","The Forgotten Winter"],"picked":"Unknown Petal","floor":1},{"not_picked":["Gone","Gather the Spring","End of Faramita"],"picked":"Dying Sakura","floor":2},{"not_picked":["Phantom Village","Steamed Phantom","City of Death"],"picked":"Gather the Spring","floor":3},{"not_picked":["Reverse The Screen","End of Faramita","Unborn Light"],"picked":"Butterflies in Dream","floor":5}],"player_experience":248089,"relics_obtained":[{"floor":1,"key":"Question Card"},{"floor":6,"key":"testmod-OneHitWonder"}],"event_choices":[{"damage_healed":0,"gold_gain":0,"player_choice":"Leave","damage_taken":0,"max_hp_gain":0,"max_hp_loss":0,"event_name":"The Cleric","floor":4,"gold_loss":0}],"is_beta":false,"boss_relics":[],"items_purged_floors":[],"is_endless":false,"potions_floor_spawned":[2,3,5,6],"killed_by":"3 Sentries","ascension_level":0}}