{"host":"j49z5jz0n7e8vjox","time":1608064843,"event":{"mods":["AchievementEnabler","BaseMod","Bestiary","Colored Map","Colored Powertips","DeckTracker","Minty Spire (QoL Compilation)"],"gold_per_floor":[118,134,145,158,175,207,224,224,270,270,270,270,295,43,43,162,162,181,11,24,24,38,73,73,116,143,143,164,203,203,216,216,341,341,360,360,25,50,75,75,95,95,95,428,445,445,445,465,465,465,465,465,36,63,63,63],"floor_reached":55,"playtime":13908,"items_purged":["Strike_B","Strike_B"],"score":942,"play_id":"0cd91069-67c5-4466-812a-d10e31ddc5e4","local_time":"20201215144043","is_ascension_mode":true,"campfire_choices":[{"data":"Genetic Algorithm","floor":8,"key":"SMITH"},{"data":"Sunder","floor":11,"key":"SMITH"},{"floor":15,"key":"REST"},{"floor":27,"key":"REST"},{"data":"Echo Form","floor":30,"key":"SMITH"},{"floor":32,"key":"REST"},{"floor":40,"key":"REST"},{"floor":42,"key":"REST"},{"floor":47,"key":"RECALL"},{"floor":49,"key":"REST"},{"data":"Capacitor","floor":52,"key":"SMITH"}],"circlet_count":0,"master_deck":["Strike_B","Defend_B","Defend_B","Defend_B","Defend_B","Zap","Dualcast","Sunder+1","Sweeping Beam","Chill","Go for the Eyes","Conserve Battery","Capacitor+1","Genetic Algorithm+1","Leap","Echo Form+1","Go for the Eyes+1","Genetic Algorithm","Coolheaded+1","Leap+1","RitualDagger","Compile Driver+1","Hologram+1","White Noise+1","Cold Snap+1","Ball Lightning","Seek","Chrysalis","BootSequence+1","Recycle+1","Glacier","Darkness+1","Loop+1","Panacea","Consume+1"],"relics":["Cracked Core","DataDisk","Matryoshka","Vajra","Boot","White Beast Statue","Philosopher\u0027s Stone","HornCleat","Nunchaku","Anchor","Red Mask","SlaversCollar","Strange Spoon","Art of War","Medical Kit","Strawberry"],"acts_visited":["Exordium","TheCity","TheBeyond","TheEnding"],"potions_floor_usage":[4,16,16,25,33,33,39,48,50,54,54,54,55],"damage_taken":[{"damage":0,"enemies":"Cultist","floor":1,"turns":3},{"damage":2,"enemies":"Jaw Worm","floor":2,"turns":3},{"damage":0,"enemies":"2 Louse","floor":3,"turns":2},{"damage":6,"enemies":"Gremlin Gang","floor":4,"turns":4},{"damage":6,"enemies":"Looter","floor":5,"turns":3},{"damage":24,"enemies":"Gremlin Nob","floor":6,"turns":4},{"damage":0,"enemies":"3 Louse","floor":7,"turns":2},{"damage":6,"enemies":"Red Slaver","floor":13,"turns":3},{"damage":1,"enemies":"The Guardian","floor":16,"turns":10},{"damage":10,"enemies":"2 Thieves","floor":18,"turns":4},{"damage":7,"enemies":"Spheric Guardian","floor":20,"turns":6},{"damage":6,"enemies":"Snake Plant","floor":22,"turns":5},{"damage":19,"enemies":"Gremlin Leader","floor":23,"turns":8},{"damage":0,"enemies":"Book of Stabbing","floor":25,"turns":7},{"damage":10,"enemies":"Sentry and Sphere","floor":28,"turns":6},{"damage":5,"enemies":"Masked Bandits","floor":29,"turns":4},{"damage":0,"enemies":"Chosen and Byrds","floor":31,"turns":5},{"damage":21,"enemies":"Collector","floor":33,"turns":11},{"damage":0,"enemies":"3 Shapes","floor":35,"turns":4},{"damage":1,"enemies":"3 Darklings","floor":38,"turns":8},{"damage":20,"enemies":"Spire Growth","floor":39,"turns":8},{"damage":45,"enemies":"Transient","floor":41,"turns":5},{"damage":0,"enemies":"Maw","floor":45,"turns":11},{"damage":8,"enemies":"Sphere and 2 Shapes","floor":48,"turns":6},{"damage":29,"enemies":"Time Eater","floor":50,"turns":13},{"damage":24,"enemies":"Shield and Spear","floor":54,"turns":10},{"damage":43,"enemies":"The Heart","floor":55,"turns":5}],"seed_played":"-1069033856001901837","potions_obtained":[{"floor":1,"key":"EssenceOfSteel"},{"floor":6,"key":"PowerPotion"},{"floor":7,"key":"SmokeBomb"},{"floor":13,"key":"FocusPotion"},{"floor":16,"key":"Weak Potion"},{"floor":18,"key":"Energy Potion"},{"floor":20,"key":"Block Potion"},{"floor":23,"key":"GamblersBrew"},{"floor":25,"key":"FocusPotion"},{"floor":28,"key":"LiquidMemories"},{"floor":29,"key":"FocusPotion"},{"floor":33,"key":"Regen Potion"},{"floor":35,"key":"AttackPotion"},{"floor":39,"key":"FearPotion"},{"floor":45,"key":"LiquidMemories"},{"floor":48,"key":"FearPotion"},{"floor":54,"key":"Weak Potion"}],"is_trial":false,"path_per_floor":["M","M","M","M","M","E","M","R","T","?","R","?","M","$","R","B",null,"M","$","M","?","M","E","?","E","T","R","M","?","R","M","R","B",null,"M","?","$","M","M","R","M","R","T","?","M","?","R","M","R","B",null,"R","$","E","B"],"character_chosen":"DEFECT","items_purchased":["White Beast Statue","Genetic Algorithm","Coolheaded","Strange Spoon","Chrysalis","Medical Kit","Panacea","LiquidMemories"],"campfire_rested":6,"item_purchase_floors":[14,19,19,37,37,53,53,53],"current_hp_per_floor":[68,66,66,60,54,30,30,30,30,30,30,30,24,24,44,43,63,53,53,46,40,34,15,15,15,15,35,25,20,20,20,40,19,57,57,57,57,56,36,56,11,31,31,31,31,31,31,38,58,29,59,59,59,42,0,0],"gold":63,"neow_bonus":"RANDOM_COMMON_RELIC","is_daily":false,"chose_seed":false,"campfire_upgraded":4,"win_rate":0.0,"timestamp":1608064843,"path_taken":["M","M","M","M","M","E","?","R","T","?","R","?","M","$","R","BOSS","M","$","?","?","M","E","?","E","T","R","?","?","R","M","R","BOSS","M","?","$","M","?","R","M","R","T","?","M","?","R","M","R","BOSS","R","$","E","BOSS"],"items_purchased_type":["Relic","Card","Card","Relic","Card","Relic","Card","Potion"],"build_version":"2020-12-13","purchased_purges":2,"victory":false,"max_hp_per_floor":[75,75,75,75,75,75,75,75,75,69,69,69,69,69,69,69,69,69,69,69,69,69,69,69,69,69,69,69,69,69,69,69,69,69,69,69,69,69,69,69,69,69,69,69,69,69,69,69,69,69,69,69,69,76,76,76],"card_choices":[{"not_picked":["Double Energy","Streamline"],"picked":"Sunder","floor":1},{"not_picked":["Turbo","Darkness"],"picked":"Sweeping Beam","floor":2},{"not_picked":["Steam","Scrape"],"picked":"Chill","floor":3},{"not_picked":["Beam Cell","Fusion"],"picked":"Go for the Eyes","floor":4},{"not_picked":["Static Discharge","Blizzard"],"picked":"Conserve Battery","floor":5},{"not_picked":["Gash","Core Surge"],"picked":"Capacitor","floor":6},{"not_picked":["White Noise","Cold Snap"],"picked":"Genetic Algorithm","floor":7},{"not_picked":["Steam","Redo"],"picked":"Leap","floor":13},{"not_picked":["Buffer","Reboot"],"picked":"Echo Form","floor":16},{"not_picked":["Stack+1","Barrage"],"picked":"Go for the Eyes+1","floor":18},{"not_picked":["Stack+1","Conserve Battery"],"picked":"Leap+1","floor":20},{"not_picked":["Streamline+1","Barrage"],"picked":"Compile Driver+1","floor":22},{"not_picked":["Redo+1","Cold Snap","Echo Form"],"picked":"SKIP","floor":23},{"not_picked":["Cold Snap","Leap"],"picked":"Hologram+1","floor":25},{"not_picked":["Coolheaded","Chaos"],"picked":"White Noise+1","floor":28},{"not_picked":["Genetic Algorithm+1","Fusion"],"picked":"Cold Snap+1","floor":29},{"not_picked":["Gash","Fusion"],"picked":"Ball Lightning","floor":31},{"not_picked":["Core Surge","Multi-Cast"],"picked":"Seek","floor":33},{"not_picked":["Streamline+1","Cold Snap","BootSequence"],"picked":"SKIP","floor":35},{"not_picked":["Ball Lightning+1","Blizzard"],"picked":"BootSequence+1","floor":38},{"not_picked":["Go for the Eyes+1","Conserve Battery+1"],"picked":"Recycle+1","floor":39},{"not_picked":["FTL+1","Steam"],"picked":"Glacier","floor":41},{"not_picked":["Leap+1","Go for the Eyes+1"],"picked":"Darkness+1","floor":45},{"not_picked":["Capacitor","Sweeping Beam"],"picked":"Loop+1","floor":48},{"not_picked":["Streamline","Hyperbeam"],"picked":"Consume+1","floor":54}],"player_experience":676668,"relics_obtained":[{"floor":6,"key":"Matryoshka"},{"floor":9,"key":"Vajra"},{"floor":9,"key":"Boot"},{"floor":23,"key":"HornCleat"},{"floor":25,"key":"Nunchaku"},{"floor":26,"key":"Anchor"},{"floor":29,"key":"Red Mask"},{"floor":43,"key":"Art of War"},{"floor":54,"key":"Strawberry"}],"event_choices":[{"damage_healed":0,"gold_gain":0,"player_choice":"Lose Max HP","damage_taken":0,"relics_obtained":["Golden Idol"],"max_hp_gain":0,"max_hp_loss":6,"event_name":"Golden Idol","floor":10,"gold_loss":0},{"cards_removed":["Strike_B"],"damage_healed":0,"gold_gain":0,"player_choice":"Purged","damage_taken":0,"max_hp_gain":0,"max_hp_loss":0,"event_name":"Purifier","floor":12,"gold_loss":0},{"damage_healed":0,"gold_gain":0,"player_choice":"Joined the Cult","damage_taken":6,"max_hp_gain":0,"max_hp_loss":0,"event_name":"Nest","floor":21,"gold_loss":0,"cards_obtained":["RitualDagger"]},{"damage_healed":0,"gold_gain":0,"player_choice":"Bought 0 Potions","damage_taken":0,"max_hp_gain":0,"max_hp_loss":0,"event_name":"The Woman in Blue","floor":24,"gold_loss":0},{"damage_healed":0,"gold_gain":0,"player_choice":"Fought Bandits","damage_taken":0,"max_hp_gain":0,"max_hp_loss":0,"event_name":"Masked Bandits","floor":29,"gold_loss":0},{"damage_healed":0,"gold_gain":0,"player_choice":"Upgraded","damage_taken":0,"max_hp_gain":0,"max_hp_loss":0,"event_name":"Upgrade Shrine","floor":36,"gold_loss":0,"cards_upgraded":["Coolheaded"]},{"damage_healed":0,"gold_gain":333,"player_choice":"Gave Idol","damage_taken":0,"max_hp_gain":0,"max_hp_loss":0,"event_name":"The Moai Head","floor":44,"relics_lost":["Golden Idol"],"gold_loss":0},{"damage_healed":0,"gold_gain":0,"player_choice":"Memory 1","damage_taken":0,"max_hp_gain":0,"max_hp_loss":0,"event_name":"SensoryStone","floor":46,"gold_loss":0}],"is_beta":false,"boss_relics":[{"not_picked":["Fusion Hammer","Pandora\u0027s Box"],"picked":"Philosopher\u0027s Stone"},{"not_picked":["FrozenCore","Tiny House"],"picked":"SlaversCollar"}],"items_purged_floors":[19,53],"is_endless":false,"potions_floor_spawned":[1,6,7,13,16,18,20,22,23,25,28,29,31,33,35,38,39,41,45,48,54],"killed_by":"The Heart","ascension_level":6}}