{"host":"0kaxg9rjckhp4v2r","time":1608063899,"event":{"mods":["AchievementEnabler","BaseMod","Bestiary","Better Altar","Better Match","Better Note","Better Sensory Stone","Better Silent Start","Better Skull","Better Third Choice","Better-Laid Plans","Colored Powertips","Disable Question Mark Monsters","Emptier Cage","Minty Spire (QoL Compilation)","Quick Restart","SacredBarkPlus","StSLib","The Dragon Tamer","Unceasing Turn Reminder","yUi"],"gold_per_floor":[110,120,71,171,182,200,200,200,200,200,200,215,215,245,245,340,340,356,356,19,19,35,35,35,51,51,69,69,80,111,111,111,207,207,227,238,147,147,166,194,194,208,208,219,62,77,94,119,119,119],"floor_reached":51,"playtime":2578,"items_purged":["Defend_G"],"score":895,"play_id":"dfff0835-ab7a-473f-941a-b2de465dcc66","local_time":"20201215152459","is_ascension_mode":true,"campfire_choices":[{"data":"Cloak And Dagger","floor":8.0,"key":"SMITH"},{"data":"Accuracy","floor":10.0,"key":"SMITH"},{"data":"Dagger Throw","floor":15.0,"key":"SMITH"},{"data":"Envenom","floor":23.0,"key":"SMITH"},{"data":"Leg Sweep","floor":28.0,"key":"SMITH"},{"data":"Phantasmal Killer","floor":32,"key":"SMITH"},{"data":"Calculated Gamble","floor":41,"key":"SMITH"},{"data":"Blade Dance","floor":49,"key":"SMITH"}],"circlet_count":0,"master_deck":["Strike_G+1","Strike_G","Defend_G","Defend_G","Defend_G","Survivor+1","Neutralize+1","Accuracy+1","Backstab","Cloak And Dagger+1","Dagger Throw+1","Flying Knee","Envenom+1","Dash+1","Expertise+1","Leg Sweep+1","Outmaneuver+1","Phantasmal Killer+1","Die Die Die+1","Choke+1","Calculated Gamble+1","Infinite Blades","Deflect","Infinite Blades+1","Blade Dance+1","Reflex+1","Acrobatics","PiercingWail+1","Concentrate+1"],"relics":["Ring of the Serpent","Bag of Preparation","Pear","White Beast Statue","Tiny Chest","Paper Crane","Blood Vial","Molten Egg 2","Omamori","InkBottle","Ornamental Fan","Cursed Key","Question Card","Dead Branch","Happy Flower","Blood Vial"],"acts_visited":["Exordium","TheCity","TheBeyond"],"potions_floor_usage":[30,30,30,33,39,40,40],"damage_taken":[{"damage":0.0,"enemies":"2 Louse","floor":1.0,"turns":2.0},{"damage":0.0,"enemies":"Cultist","floor":2.0,"turns":5.0},{"damage":0.0,"enemies":"Jaw Worm","floor":5.0,"turns":4.0},{"damage":0.0,"enemies":"Blue Slaver","floor":6.0,"turns":5.0},{"damage":0.0,"enemies":"Looter","floor":12.0,"turns":3.0},{"damage":5.0,"enemies":"3 Sentries","floor":14.0,"turns":5.0},{"damage":33.0,"enemies":"Hexaghost","floor":16.0,"turns":11.0},{"damage":2.0,"enemies":"2 Thieves","floor":18.0,"turns":4.0},{"damage":6.0,"enemies":"Spheric Guardian","floor":22.0,"turns":4.0},{"damage":0.0,"enemies":"3 Cultists","floor":25.0,"turns":6.0},{"damage":5.0,"enemies":"Snake Plant","floor":27.0,"turns":4.0},{"damage":1.0,"enemies":"Snecko","floor":29.0,"turns":4.0},{"damage":19,"enemies":"Slavers","floor":30,"turns":7},{"damage":12,"enemies":"Champ","floor":33,"turns":12},{"damage":7,"enemies":"3 Darklings","floor":35,"turns":5},{"damage":0,"enemies":"3 Shapes","floor":36,"turns":3},{"damage":14,"enemies":"Jaw Worm Horde","floor":39,"turns":4},{"damage":10,"enemies":"Reptomancer","floor":40,"turns":4},{"damage":7,"enemies":"3 Darklings","floor":42,"turns":3},{"damage":8,"enemies":"Transient","floor":44,"turns":5},{"damage":0,"enemies":"Jaw Worm Horde","floor":46,"turns":2},{"damage":0,"enemies":"Sphere and 2 Shapes","floor":47,"turns":2},{"damage":0,"enemies":"Giant Head","floor":48,"turns":4},{"damage":18,"enemies":"Awakened One","floor":50,"turns":7}],"seed_played":"4127835954425167966","potions_obtained":[{"floor":1.0,"key":"Dexterity Potion"},{"floor":2.0,"key":"Explosive Potion"},{"floor":6.0,"key":"Poison Potion"},{"floor":16.0,"key":"Weak Potion"},{"floor":22.0,"key":"Fire Potion"},{"floor":30,"key":"DistilledChaos"},{"floor":33,"key":"Block Potion"},{"floor":35,"key":"SkillPotion"},{"floor":36,"key":"FairyPotion"},{"floor":39,"key":"Energy Potion"},{"floor":40,"key":"Energy Potion"},{"floor":42,"key":"Dexterity Potion"}],"is_trial":false,"path_per_floor":["M","M","$","?","M","M","?","R","T","R","?","M","T","E","R","B",null,"M","?","$","?","M","R","T","M","T","M","R","M","E","T","R","B",null,"M","M","$","?","M","E","R","M","T","M","$","M","M","E","R","B",null],"character_chosen":"THE_SILENT","items_purchased":["Cloak And Dagger","Paper Crane","Infinite Blades","Deflect","Happy Flower"],"campfire_rested":0,"item_purchase_floors":[3,20,37,37,45],"current_hp_per_floor":[70,70,70,70,70,70,63,63,63,63,49,49,59,54,54,21,80,78,78,78,57,53,53,53,55,55,52,52,53,36,36,36,26,80,73,75,75,75,63,55,55,50,50,44,44,46,48,50,50,36],"gold":119,"neow_bonus":"UPGRADE_CARD","is_daily":false,"chose_seed":false,"campfire_upgraded":8,"win_rate":0.0,"timestamp":1608063899,"path_taken":["M","M","$","?","?","M","?","R","T","R","?","M","?","E","R","BOSS","M","?","$","?","M","R","?","?","T","M","R","M","E","?","R","BOSS","M","M","$","?","M","E","R","M","T","?","$","M","M","E","R","BOSS"],"items_purchased_type":["Card","Relic","Card","Card","Relic"],"build_version":"2020-12-13","purchased_purges":1,"victory":true,"max_hp_per_floor":[70,70,70,70,70,70,70,70,70,70,70,70,80,80,80,80,80,80,80,80,80,80,80,80,80,80,80,80,80,80,80,80,80,80,80,80,80,80,80,80,80,80,80,80,80,80,80,80,80,80],"card_choices":[{"not_picked":["Concentrate","Setup"],"picked":"Accuracy","floor":1.0},{"not_picked":["Prepared","Dagger Throw"],"picked":"Backstab","floor":2.0},{"not_picked":["Sucker Punch","Concentrate","Underhanded Strike"],"picked":"SKIP","floor":5.0},{"not_picked":["Underhanded Strike","Quick Slash","Prepared"],"picked":"SKIP","floor":6.0},{"not_picked":["Underhanded Strike","Quick Slash","Prepared"],"picked":"SKIP","floor":6.0},{"not_picked":["PiercingWail","Backflip"],"picked":"Dagger Throw","floor":12.0},{"not_picked":["Catalyst","Dagger Throw"],"picked":"Flying Knee","floor":14.0},{"not_picked":["Corpse Explosion","Tools of the Trade"],"picked":"Envenom","floor":16.0},{"not_picked":["Sucker Punch","Dagger Spray+1"],"picked":"Dash+1","floor":18.0},{"not_picked":["PiercingWail","Prepared"],"picked":"Expertise+1","floor":22.0},{"not_picked":["Distraction","Dagger Throw+1"],"picked":"Leg Sweep","floor":25.0},{"not_picked":["Backstab+1","Backflip","Dagger Throw+1"],"picked":"SKIP","floor":27.0},{"not_picked":["Acrobatics","Masterful Stab+1"],"picked":"Outmaneuver+1","floor":29.0},{"not_picked":["Cloak And Dagger","Backflip"],"picked":"Phantasmal Killer","floor":30},{"not_picked":["Adrenaline","Storm of Steel"],"picked":"Die Die Die+1","floor":33},{"not_picked":["Dagger Throw+1","Deadly Poison"],"picked":"Choke+1","floor":35},{"not_picked":["Deadly Poison","Distraction"],"picked":"Calculated Gamble","floor":36},{"not_picked":["Deadly Poison+1","Dagger Throw+1","Flying Knee+1"],"picked":"SKIP","floor":39},{"not_picked":["Dagger Spray+1","Underhanded Strike+1"],"picked":"Infinite Blades+1","floor":40},{"not_picked":["Flechettes+1","Corpse Explosion","Dagger Throw+1"],"picked":"Blade Dance","floor":42},{"not_picked":["Deadly Poison","PiercingWail+1","Sucker Punch+1"],"picked":"Reflex+1","floor":44},{"not_picked":["Dagger Throw+1","Sucker Punch+1","Catalyst"],"picked":"Acrobatics","floor":46},{"not_picked":["Sucker Punch+1","Bouncing Flask+1","Skewer+1"],"picked":"PiercingWail+1","floor":47},{"not_picked":["PiercingWail","Cloak And Dagger","Escape Plan"],"picked":"Concentrate+1","floor":48}],"player_experience":271776,"relics_obtained":[{"floor":9.0,"key":"Bag of Preparation"},{"floor":13.0,"key":"Pear"},{"floor":14.0,"key":"White Beast Statue"},{"floor":24.0,"key":"Molten Egg 2"},{"floor":26.0,"key":"Omamori"},{"floor":30,"key":"InkBottle"},{"floor":31,"key":"Ornamental Fan"},{"floor":40,"key":"Question Card"},{"floor":43,"key":"Dead Branch"},{"floor":48,"key":"Blood Vial"}],"event_choices":[{"damage_healed":0.0,"max_hp_gain":0.0,"max_hp_loss":0.0,"gold_gain":100.0,"event_name":"Golden Shrine","player_choice":"Pray","floor":4.0,"gold_loss":0.0,"damage_taken":0.0},{"cards_removed":["Strike_G"],"damage_healed":0.0,"max_hp_gain":0.0,"max_hp_loss":0.0,"gold_gain":0.0,"event_name":"Golden Wing","player_choice":"Card Removal","floor":7.0,"gold_loss":0.0,"damage_taken":7.0},{"damage_healed":63.0,"max_hp_gain":0.0,"max_hp_loss":70.0,"gold_gain":0.0,"event_name":"betterThird:BetterShining","player_choice":"Upgrade","floor":11.0,"gold_loss":0.0,"damage_taken":14.0,"cards_upgraded":["Survivor","Strike_G"]},{"damage_healed":0.0,"max_hp_gain":0.0,"max_hp_loss":0.0,"gold_gain":0.0,"event_name":"The Mausoleum","player_choice":"Opened","floor":19.0,"gold_loss":0.0,"damage_taken":0.0,"relics_obtained":["Tiny Chest"]},{"damage_healed":0.0,"max_hp_gain":78.0,"max_hp_loss":57.0,"gold_gain":0.0,"event_name":"betterAltar:BetterAltar","player_choice":" Vial ","floor":21.0,"potions_obtained":[],"relics_lost":[],"gold_loss":0.0,"damage_taken":21.0,"relics_obtained":["Blood Vial"]},{"cards_removed":["Strike_G"],"damage_healed":0,"gold_gain":0,"player_choice":"Purged","damage_taken":0,"max_hp_gain":0,"max_hp_loss":0,"event_name":"Purifier","floor":38,"gold_loss":0}],"is_beta":false,"boss_relics":[{"not_picked":["Fusion Hammer","Astrolabe"],"picked":"Ring of the Serpent"},{"not_picked":["Busted Crown","SlaversCollar"],"picked":"Cursed Key"}],"items_purged_floors":[20],"is_endless":false,"potions_floor_spawned":[1,2,6,16,18,22,25,27,29,30,33,35,36,39,40,42,44,46,47,48],"ascension_level":4}}