{"host":"detovitglhtzaqdj","time":1608000107,"event":{"mods":["2.2 Compatiblity","AchievementEnabler","Aspiration","BaseMod","Better Altar","Better Match","Better Note","Better Sensory Stone","Better Skull","Better Third Choice","Card Filter","Colored Map","Colored Powertips","Current Relic Mod","Curses Come First","Custom Start","Downfall","Emptier Cage","Friendly Minions","Highlight Path","Minty Spire (QoL Compilation)","Quick Restart","Red Circlet Mod","Relic Filter","Relic Stats","Remove Card Discount Mod","Replay The Spire","Shop Mod","Somnambulant","StSLib","The Exordian Avenger","The Jungle","TheHeartMod","Thieving Mod","Transform Curses","Virulent Crown"],"gold_per_floor":[111,128,142,158,158,158,184,203,278,278,295,139,139,156,156,251,251,271,231,231,231,248,248,248,248],"floor_reached":24,"playtime":1404,"items_purged":["Delirium"],"score":313,"play_id":"f334d9e6-d0fb-49f4-9c10-4ab080eb58ff","local_time":"20201215134147","is_ascension_mode":false,"campfire_choices":[{"floor":6.0,"key":"REST"},{"data":"Apotheosis","floor":13.0,"key":"SMITH"},{"floor":15.0,"key":"REST"},{"floor":23,"key":"REST"}],"circlet_count":0,"master_deck":["Apotheosis+1","Mayhem","Mayhem","Mayhem","Mayhem","Mayhem","Mayhem","Mayhem","Mayhem+1","Mayhem","Mayhem","Mayhem","Mayhem","Mayhem","Mayhem","Mayhem","Anger+1","Anger+1","Anger+1","Anger+1","Anger+1","Echo Form","Double Energy","Double Energy","Double Energy","Double Energy","Double Energy","PiercingWail","Backstab","Crippling Poison","Outmaneuver","Terror","Terror","Apotheosis+1","Noxious Fumes","Deadly Poison","Deadly Poison","Noxious Fumes+1","Quick Slash+1","Envenom","Prepared+1","Blade Dance"],"relics":["Ring of the Snake","Bottled Tornado","Bottled Lightning","Bottled Flame","Membership Card","Blue Doll","Replay:PocketPolymizer","aspiration:MysteriousAuxiliaryCore","Odd Mushroom","Molten Egg 2","MerchantsRug","HandDrill","Runic Pyramid","sneckomod:BlankCard"],"acts_visited":["Exordium","TheCity"],"potions_floor_usage":[],"damage_taken":[{"damage":15.0,"enemies":"Cultist","floor":1.0,"turns":4.0},{"damage":6.0,"enemies":"2 Louse","floor":2.0,"turns":4.0},{"damage":8.0,"enemies":"Small Slimes","floor":3.0,"turns":4.0},{"damage":20.0,"enemies":"Looter","floor":4.0,"turns":4.0},{"damage":13.0,"enemies":"The Mushroom Lair","floor":7.0,"turns":4.0},{"damage":0.0,"enemies":"Large Slime","floor":8.0,"turns":5.0},{"damage":10.0,"enemies":"Exordium Thugs","floor":11.0,"turns":4.0},{"damage":16.0,"enemies":"Blue Slaver","floor":14.0,"turns":3.0},{"damage":16,"enemies":"Fading Forest","floor":16,"turns":10},{"damage":32,"enemies":"3 Byrds","floor":18,"turns":5},{"damage":20,"enemies":"Shell Parasite","floor":22,"turns":4},{"damage":32,"enemies":"Slavers","floor":24,"turns":2}],"seed_played":"-2859170238106188218","potions_obtained":[{"floor":3.0,"key":"Guardian:BlockOnCardUsePotion"},{"floor":4.0,"key":"SteroidPotion"},{"floor":7.0,"key":"Weak Potion"},{"floor":14.0,"key":"Weak Potion"},{"floor":16,"key":"EssenceOfSteel"},{"floor":18,"key":"DuplicationPotion"}],"is_trial":true,"path_per_floor":["M","M","M","M","?","R","?","M","T","?","M","$","R","M","R","B",null,"M","?","?","T","M","R","E"],"character_chosen":"THE_SILENT","items_purchased":["MerchantsRug","HandDrill","Deadly Poison","Noxious Fumes+1"],"campfire_rested":3,"item_purchase_floors":[12,12,12,12],"current_hp_per_floor":[55,49,41,21,21,42,29,29,29,29,19,19,19,3,24,20,70,38,38,38,38,18,39,7,7],"gold":248,"neow_bonus":"","is_daily":false,"chose_seed":false,"campfire_upgraded":1,"win_rate":0.0,"timestamp":1608000107,"path_taken":["M","?","?","M","?","R","?","M","T","?","M","?","R","M","R","BOSS","M","?","?","?","M","R","E"],"items_purchased_type":["Relic","Relic","Card","Card"],"build_version":"2020-12-13","purchased_purges":1,"victory":false,"max_hp_per_floor":[70,70,70,70,70,70,70,70,70,70,70,70,70,70,70,70,70,70,70,70,70,70,70,70,70],"relic_stats":{"counters":[12,53],"HandDrill":[6],"obtain_stats":[{"MerchantsRug":12,"Replay:PocketPolymizer":0,"sneckomod:BlankCard":21,"Blue Doll":0,"Bottled Tornado":0,"Odd Mushroom":7,"Bottled Flame":0,"Molten Egg 2":9,"HandDrill":12,"Bottled Lightning":0,"Membership Card":0,"aspiration:MysteriousAuxiliaryCore":0,"Ring of the Snake":0,"Runic Pyramid":17},{"MerchantsRug":7,"Replay:PocketPolymizer":0,"sneckomod:BlankCard":10,"Blue Doll":0,"Bottled Tornado":0,"Odd Mushroom":5,"Bottled Flame":0,"Molten Egg 2":6,"HandDrill":7,"Bottled Lightning":0,"Membership Card":0,"aspiration:MysteriousAuxiliaryCore":0,"Ring of the Snake":0,"Runic Pyramid":9},{"MerchantsRug":29,"Replay:PocketPolymizer":0,"sneckomod:BlankCard":47,"Blue Doll":0,"Bottled Tornado":0,"Odd Mushroom":20,"Bottled Flame":0,"Molten Egg 2":25,"HandDrill":29,"Bottled Lightning":0,"Membership Card":0,"aspiration:MysteriousAuxiliaryCore":0,"Ring of the Snake":0,"Runic Pyramid":42}],"Ring of the Snake":[24]},"card_choices":[{"not_picked":["Dagger Spray","Infinite Blades"],"picked":"PiercingWail","floor":1.0},{"not_picked":["Outmaneuver","Deadly Poison"],"picked":"Backstab","floor":2.0},{"not_picked":["Underhanded Strike","Sneak Up"],"picked":"Crippling Poison","floor":3.0},{"not_picked":["Acrobatics","Setup"],"picked":"Outmaneuver","floor":4.0},{"not_picked":["Dagger Spray","ReplayTheSpireMod:Necrosis"],"picked":"Terror","floor":7.0},{"not_picked":["Hidden Blade","Setup"],"picked":"Terror","floor":8.0},{"not_picked":["Flying Knee+1","Deadly Poison"],"picked":"Noxious Fumes","floor":11.0},{"not_picked":["Eviscerate+1","Deflect"],"picked":"Quick Slash+1","floor":14.0},{"not_picked":["ReplayTheSpireMod:From All Sides+1","Bullet Time"],"picked":"Envenom","floor":16},{"not_picked":["Well Laid Plans","Dagger Throw+1"],"picked":"Prepared","floor":18},{"not_picked":["Concentrate","Cloak And Dagger"],"picked":"Blade Dance","floor":22}],"player_experience":36408,"relics_obtained":[{"floor":7.0,"key":"Odd Mushroom"},{"floor":9.0,"key":"Molten Egg 2"},{"floor":21,"key":"sneckomod:BlankCard"}],"event_choices":[{"damage_healed":0.0,"max_hp_gain":0.0,"max_hp_loss":0.0,"gold_gain":0.0,"event_name":"Mushrooms","player_choice":"Fought Mushrooms","floor":7.0,"gold_loss":0.0,"damage_taken":0.0},{"damage_healed":29.0,"max_hp_gain":0.0,"max_hp_loss":70.0,"gold_gain":0.0,"event_name":"betterThird:BetterShining","player_choice":"Embrace","floor":10.0,"gold_loss":0.0,"damage_taken":0.0},{"damage_healed":0,"gold_gain":0,"player_choice":"Upgraded Two","damage_taken":0,"max_hp_gain":0,"max_hp_loss":0,"event_name":"Designer","floor":19,"gold_loss":40,"cards_upgraded":["Prepared","Mayhem"]},{"cards_removed":["Apotheosis"],"damage_healed":0,"gold_gain":0,"player_choice":"Give","damage_taken":0,"max_hp_gain":0,"max_hp_loss":0,"event_name":"betterNote:BetterNote","floor":20,"gold_loss":0,"cards_obtained":["Pain"]}],"is_beta":false,"boss_relics":[{"not_picked":["Replay:Wanted Poster","HoveringKite"],"picked":"Runic Pyramid"}],"items_purged_floors":[12],"is_endless":false,"potions_floor_spawned":[3,4,7,14,16,18,22],"killed_by":"Slavers","ascension_level":0}}