{"host":"J","time":1608058533,"event":{"mods":["AchievementEnabler","BaseMod","Block Reminder","Highlight Path","Minty Spire (QoL Compilation)","Permanent Neow","Quick Restart","Relic Stats","UnlockEverythingMod"],"gold_per_floor":[119,134,151,226,226,271,271,324,324,414,80,110,138,103,103,205,205,234,243,277,307,307,307,307,307],"floor_reached":24,"playtime":3840,"items_purged":[],"score":408,"play_id":"b2c2636d-172d-4bc5-bacd-4fb46ea82069","local_time":"20201215195533","is_ascension_mode":true,"campfire_choices":[{"data":"Hologram","floor":7.0,"key":"SMITH"},{"data":"Zap","floor":15.0,"key":"SMITH"},{"floor":23.0,"key":"RECALL"}],"circlet_count":0,"master_deck":["AscendersBane","Zap+1","Dualcast","Glacier","Beam Cell","Self Repair","Redo","Sweeping Beam","Skim","Beam Cell","Compile Driver","Conserve Battery","Compile Driver","Hologram+1","Scrape","Consume","Go for the Eyes","Chill","Compile Driver","Creative AI","Force Field","Writhe","Conserve Battery"],"relics":["Pandora\u0027s Box","Golden Idol","CeramicFish","StrikeDummy","MealTicket","Emotion Chip","Fusion Hammer","Ancient Tea Set","Red Mask"],"acts_visited":["TheCity"],"potions_floor_usage":[],"damage_taken":[{"damage":3.0,"enemies":"Small Slimes","floor":1.0,"turns":4.0},{"damage":13.0,"enemies":"2 Louse","floor":2.0,"turns":3.0},{"damage":2.0,"enemies":"Cultist","floor":3.0,"turns":5.0},{"damage":4.0,"enemies":"Gremlin Nob","floor":6.0,"turns":3.0},{"damage":22.0,"enemies":"Lagavulin","floor":8.0,"turns":8.0},{"damage":36.0,"enemies":"3 Sentries","floor":10.0,"turns":7.0},{"damage":9.0,"enemies":"Large Slime","floor":12.0,"turns":7.0},{"damage":0.0,"enemies":"Exordium Wildlife","floor":13.0,"turns":3.0},{"damage":23.0,"enemies":"The Guardian","floor":16.0,"turns":10.0},{"damage":14.0,"enemies":"Spheric Guardian","floor":18.0,"turns":4.0},{"damage":13.0,"enemies":"Masked Bandits","floor":20.0,"turns":7.0},{"damage":0.0,"enemies":"Chosen","floor":21.0,"turns":6.0},{"damage":43,"enemies":"Book of Stabbing","floor":24,"turns":6}],"seed_played":"5053239612335722293","potions_obtained":[{"floor":2.0,"key":"ColorlessPotion"},{"floor":3.0,"key":"SteroidPotion"},{"floor":6.0,"key":"SpeedPotion"},{"floor":12.0,"key":"Swift Potion"},{"floor":16.0,"key":"SpeedPotion"},{"floor":18.0,"key":"FocusPotion"}],"is_trial":false,"path_per_floor":["M","M","M","?","?","E","R","E","T","?","$","M","M","?","R","B",null,"M","?","?","M","?","R","E"],"character_chosen":"DEFECT","items_purchased":["Emotion Chip"],"campfire_rested":0,"item_purchase_floors":[11],"current_hp_per_floor":[68,62,67,56,56,52,52,37,37,8,23,21,21,37,37,21,53,46,46,40,47,41,41,0,0],"gold":307,"neow_bonus":"BOSS_RELIC","is_daily":false,"chose_seed":false,"campfire_upgraded":2,"win_rate":0.0,"timestamp":1608058533,"path_taken":["M","M","M","?","?","E","R","E","T","?","$","M","M","?","R","BOSS","M","?","?","M","?","R","E"],"items_purchased_type":["Relic"],"build_version":"2020-12-07","purchased_purges":0,"victory":false,"max_hp_per_floor":[71,71,71,71,64,64,64,64,64,64,64,64,64,64,64,64,64,64,64,64,64,64,64,64,64],"relic_stats":{"Emotion Chip":[16,8,8,0,0],"counters":[13,73],"Golden Idol":83,"CeramicFish":81,"Pandora\u0027s Box":["Glacier","Beam Cell","Self Repair","Redo","Sweeping Beam","Skim","Beam Cell","Compile Driver"],"MealTicket":15,"obtain_stats":[{"Emotion Chip":11,"Golden Idol":5,"CeramicFish":6,"Pandora\u0027s Box":0,"MealTicket":10,"Fusion Hammer":17,"Red Mask":20,"Cracked Core":0,"StrikeDummy":8,"Ancient Tea Set":19},{"Emotion Chip":6,"Golden Idol":3,"CeramicFish":4,"Pandora\u0027s Box":0,"MealTicket":6,"Fusion Hammer":9,"Red Mask":11,"Cracked Core":0,"StrikeDummy":5,"Ancient Tea Set":10},{"Emotion Chip":30,"Golden Idol":12,"CeramicFish":15,"Pandora\u0027s Box":0,"MealTicket":30,"Fusion Hammer":50,"Red Mask":61,"Cracked Core":0,"StrikeDummy":23,"Ancient Tea Set":54}]},"card_choices":[{"not_picked":["Go for the Eyes","Blizzard"],"picked":"Conserve Battery","floor":1.0},{"not_picked":["Sweeping Beam","Recycle"],"picked":"Compile Driver","floor":2.0},{"not_picked":["Leap","Stack"],"picked":"Hologram","floor":3.0},{"not_picked":["Steam Power","Turbo"],"picked":"Scrape","floor":6.0},{"not_picked":["Thunder Strike","Sweeping Beam"],"picked":"Consume","floor":8.0},{"not_picked":["FTL","Gash"],"picked":"Go for the Eyes","floor":10.0},{"not_picked":["Blizzard","Ball Lightning"],"picked":"Chill","floor":12.0},{"not_picked":["Hologram","Reinforced Body"],"picked":"Compile Driver","floor":13.0},{"not_picked":["Reboot","Rainbow"],"picked":"Creative AI","floor":16.0},{"not_picked":["Barrage","Static Discharge"],"picked":"Force Field","floor":18.0},{"not_picked":["Hologram","Streamline+1"],"picked":"Conserve Battery","floor":21.0}],"player_experience":164135,"relics_obtained":[{"floor":6.0,"key":"CeramicFish"},{"floor":8.0,"key":"StrikeDummy"},{"floor":10.0,"key":"MealTicket"},{"floor":20.0,"key":"Red Mask"}],"event_choices":[{"damage_healed":0.0,"max_hp_gain":0.0,"max_hp_loss":0.0,"gold_gain":75.0,"event_name":"World of Goop","player_choice":"Gather Gold","floor":4.0,"gold_loss":0.0,"damage_taken":11.0},{"damage_healed":0.0,"max_hp_gain":0.0,"max_hp_loss":7.0,"gold_gain":0.0,"event_name":"Golden Idol","player_choice":"Lose Max HP","floor":5.0,"gold_loss":0.0,"damage_taken":0.0,"relics_obtained":["Golden Idol"]},{"damage_healed":0.0,"max_hp_gain":0.0,"max_hp_loss":0.0,"gold_gain":0.0,"event_name":"Dead Adventurer","player_choice":"Searched \u00271\u0027 times","floor":10.0,"gold_loss":0.0,"damage_taken":0.0},{"damage_healed":16.0,"max_hp_gain":0.0,"max_hp_loss":0.0,"gold_gain":0.0,"event_name":"The Cleric","player_choice":"Healed","floor":14.0,"gold_loss":35.0,"damage_taken":0.0},{"damage_healed":0.0,"max_hp_gain":0.0,"max_hp_loss":0.0,"gold_gain":0.0,"event_name":"The Mausoleum","player_choice":"Opened","floor":19.0,"gold_loss":0.0,"damage_taken":0.0,"relics_obtained":["Ancient Tea Set"],"cards_obtained":["Writhe"]},{"damage_healed":0.0,"max_hp_gain":0.0,"max_hp_loss":0.0,"gold_gain":0.0,"event_name":"Masked Bandits","player_choice":"Fought Bandits","floor":20.0,"gold_loss":0.0,"damage_taken":0.0},{"damage_healed":0.0,"max_hp_gain":0.0,"max_hp_loss":0.0,"gold_gain":0.0,"event_name":"Knowing Skull","player_choice":"","floor":22.0,"potions_obtained":[],"gold_loss":0.0,"damage_taken":6.0,"cards_obtained":[]}],"is_beta":true,"boss_relics":[{"not_picked":["Astrolabe","Empty Cage"],"picked":"Fusion Hammer"}],"items_purged_floors":[],"is_endless":false,"potions_floor_spawned":[2,3,6,12,16,18],"killed_by":"Book of Stabbing","ascension_level":20}}