{"host":"bid6lzrefpuw0ao6","time":1608014239,"event":{"mods":["AchievementEnabler","Act Like it!","BaseMod","BetterRewards","Colored Powertips","Gold Saver","Minty Spire (QoL Compilation)","MostiFishMod","Quick Restart","Relic Stats","RumiaBox-露米娅的神秘盒子","Shop Mod","Spicy Shops","StSLib","SuperFastMode","TestMod","[功能]商店购物价格优惠80%","【功能Mod】Neow奖励","【功能Mod】混沌之环修复补丁","【功能Mod】精心准备","【遗物Mod】简单游戏","【遗物卡牌】REMEMod","没有小屋子和绿帽子啦","篝火指南"],"gold_per_floor":[947,947,947,974,991,1034,823,858,883,900,1000,1020,1047,1061,1074,1155,1155,1169,1071,1096,1096,1105,1140,1140,1140,1164,1187,1207,1234,1234,1261,1261,1338,1338,1349,1349,1322,1334,1351,1351,1386,1386,1386,1421,1421,1439,1404,1404,1367,1367,1367,1367,1284,1224,1253,853],"floor_reached":57,"playtime":2312,"items_purged":["Dropkick","Strike_G","Strike_G","Strike_G","Defend_G","Defend_G","Blade Dance","Tactician","Defend_G","Defend_G","Strike_G+1","Strike_G+1","Defend_G+1","Infinite Blades+1","Prepared+1","Tactician+1","Neutralize","Survivor","Backflip+1","Doubt"],"score":4339,"play_id":"eee01775-974e-49fa-a0d9-7698286783fa","local_time":"20201215143719","is_ascension_mode":true,"campfire_choices":[{"data":"1","floor":25,"key":"LIFT"},{"data":"2","floor":30,"key":"LIFT"},{"data":"3","floor":32,"key":"LIFT"},{"floor":40,"key":"RECALL"}],"circlet_count":0,"master_deck":["AscendersBane","Blade Dance+1","Accuracy+1","Calculated Gamble+1","Acrobatics","Blade Dance+1","Terror+1","Accuracy+1","Tactician+1","Venomology+1","Finisher+1","Backflip+1","MostiFishMod:NightSea+1","Panacea+1","Footwork+1","testmod-AutoReboundSystem+1"],"relics":["Ring of the Snake","DaveBox","testmod-TestBox","EasyRelic","REME_ComplimentaryCards","RhineCircuit","testmod-SaigiyounoYou","Dodecahedron","Oddly Smooth Stone","HornCleat","DianDianMeat","OrangePellets","Tiny Chest","testmod-DragonStarHat","testmod-LifeArmor","MagicDraw2","Sling","MerchantsRug","Singing Bowl","Bird Faced Urn","GodSword5","Lantern","HandDrill","Ornamental Fan","Pen Nib","Frozen Egg 2","Mummified Hand","Lizard Tail","Membership Card","Molten Egg 2","Gremlin Horn","TheAbacus","Anchor","GodSword1","Toxic Egg 2","testmod-Nyarlathotep","Ancient Tea Set","Incense Burner","Kunai","Sundial","CeramicFish","ClockworkSouvenir","Happy Flower","Girya","White Beast Statue","testmod-IndustrialRevolution","Bag of Marbles","SecretRecord","testmod-AssaultLearning","Boot","REME_LimitBreaker","Technique","Orichalcum","ImportantClient","OneHitWonderSystem","Potion Belt","Juzu Bracelet","Bag of Preparation","Vajra","SSSystem","Toy Ornithopter","testmod-FatalChain","Blood Vial","testmod-Prudence","Akabeko","GodSword4","MealTicket","GodSword7","Ccalipers","REME_OnlineShoppingPlatform","Dream Catcher","Bottled Tornado","testmod-TurbochargingSystem","Bronze Scales","BrkXgEgg","REME_HourglassOfDeath","testmod-Justice","Shuriken","MagicDraw4","Bottled Lightning"],"acts_visited":["Exordium","TheCity","TheBeyond","TheEnding"],"potions_floor_usage":[15,15,31,31,31,31,33,33,35,35,35,38,56,56,56,56,56,56,56,56,56,56,56,56,56,56,56,56,56,56,56,56],"damage_taken":[{"damage":0.0,"enemies":"Small Slimes","floor":1.0,"turns":1.0},{"damage":0,"enemies":"2 Louse","floor":5,"turns":2},{"damage":0,"enemies":"Gremlin Nob","floor":6,"turns":1},{"damage":0,"enemies":"3 Sentries","floor":8,"turns":1},{"damage":0,"enemies":"Jaw Worm","floor":10,"turns":1},{"damage":0,"enemies":"2 Fungi Beasts","floor":12,"turns":1},{"damage":0,"enemies":"Lagavulin","floor":13,"turns":1},{"damage":0,"enemies":"Lots of Slimes","floor":14,"turns":1},{"damage":0,"enemies":"Slime Boss","floor":16,"turns":3},{"damage":0,"enemies":"Chosen","floor":18,"turns":1},{"damage":0,"enemies":"Book of Stabbing","floor":23,"turns":1},{"damage":0,"enemies":"Shell Parasite","floor":28,"turns":1},{"damage":0,"enemies":"Slavers","floor":29,"turns":1},{"damage":0,"enemies":"Gremlin Leader","floor":31,"turns":1},{"damage":0,"enemies":"Champ","floor":33,"turns":1},{"damage":0,"enemies":"3 Shapes","floor":35,"turns":1},{"damage":0,"enemies":"3 Darklings","floor":38,"turns":1},{"damage":0,"enemies":"Jaw Worm Horde","floor":39,"turns":1},{"damage":0,"enemies":"Reptomancer","floor":41,"turns":1},{"damage":0,"enemies":"Nemesis","floor":44,"turns":1},{"damage":0,"enemies":"Transient","floor":46,"turns":1},{"damage":0,"enemies":"Donu and Deca","floor":50,"turns":1},{"damage":0,"enemies":"Time Eater","floor":51,"turns":2},{"damage":0,"enemies":"Shield and Spear","floor":55,"turns":1},{"damage":0,"enemies":"The Heart","floor":56,"turns":5}],"seed_played":"8452718160668628371","potions_obtained":[{"floor":6,"key":"Strength Potion"},{"floor":18,"key":"Ancient Potion"},{"floor":28,"key":"AttackPotion"},{"floor":31,"key":"ColorlessPotion"},{"floor":33,"key":"Strength Potion"},{"floor":41,"key":"PowerPotion"}],"is_trial":false,"path_per_floor":["M","?","?","T","M","E","R","E","T","M","R","M","E","M","R","B",null,"M","$","T","?","?","E","?","R","T","T","M","E","R","E","R","B",null,"M","?","$","M","M","R","E","?","T","E","?","M","R","T","R","B","B",null,"R","$","E","B",null],"character_chosen":"THE_SILENT","items_purchased":["Dodecahedron","Oddly Smooth Stone","HornCleat","Blade Dance","OrangePellets","Tiny Chest","testmod-DragonStarHat","testmod-LifeArmor","MagicDraw2","Sling","testmod-Charity","MerchantsRug","Blade Dance","Singing Bowl","Bird Faced Urn","Medical Kit","GodSword5","Accuracy","PreservedInsect","Lantern","HandDrill","Ornamental Fan","Whetstone","Prepared","Accuracy","Calculated Gamble","Pen Nib","Frozen Egg 2","Mummified Hand","Lizard Tail","Membership Card","Molten Egg 2","Gremlin Horn","TheAbacus","Acrobatics","Anchor","Lee\u0027s Waffle","Tactician","Omamori","GodSword1","Orrery","Toxic Egg 2","testmod-Nyarlathotep","Ancient Tea Set","Incense Burner","Kunai","Sundial","CeramicFish","Blade Dance+1","Terror+1","Accuracy+1","ClockworkSouvenir","Happy Flower","Girya","White Beast Statue","DollysMirror","Prepared+1","testmod-IndustrialRevolution","Bag of Marbles","Ninja Scroll","REME_ArchaeologicalTools","Backflip+1","testmod-AssaultLearning","REME_LimitBreaker","testmod-SpacePotion","Strength Potion","DuplicationPotion","Technique","Orichalcum","Infinite Blades+1","Potion Belt","Juzu Bracelet","Finisher+1","Akabeko","GodSword4","MostiFishMod:NightSea+1","REME_OnlineShoppingPlatform","Dream Catcher","testmod-TurbochargingSystem","Bronze Scales","Panacea+1","BrkXgEgg","Footwork+1","REME_HourglassOfDeath","testmod-Justice","testmod-AutoReboundSystem+1","Shuriken","MagicDraw4","Bottled Lightning"],"campfire_rested":0,"item_purchase_floors":[0,0,0,0,0,0,0,0,0,0,0,0,0,0,0,0,0,0,0,0,0,0,0,0,0,0,0,0,0,0,0,0,0,0,0,0,0,0,0,0,0,0,0,0,0,0,0,0,0,0,0,0,0,0,0,0,0,0,0,7,7,7,11,15,15,15,15,15,15,15,19,19,19,37,37,37,47,47,49,49,49,53,53,53,53,53,54,54,54],"current_hp_per_floor":[176,123,123,123,144,175,190,192,192,194,194,196,198,200,216,233,1,3,19,1,1,20,3,1,1,1,1,3,3,1,3,1,3,1,3,1,21,3,3,1,3,3,1,3,1,3,1,1,22,1,1,1,46,25,3,1],"gold":853,"neow_bonus":"","is_daily":false,"chose_seed":false,"campfire_upgraded":0,"win_rate":0.0,"timestamp":1608014239,"path_taken":["M","?","?","?","M","E","R","E","T","M","R","M","E","M","R","BOSS","M","$","?","?","?","E","?","R","T","?","M","E","R","E","R","BOSS","M","?","$","M","M","R","E","?","T","E","?","M","R","?","R","BOSS","BOSS","R","$","E","BOSS"],"items_purchased_type":["Relic","Relic","Relic","Card","Relic","Relic","Relic","Relic","Relic","Relic","Relic","Relic","Card","Relic","Relic","Relic","Relic","Card","Relic","Relic","Relic","Relic","Relic","Card","Card","Card","Relic","Relic","Relic","Relic","Relic","Relic","Relic","Relic","Card","Relic","Relic","Card","Relic","Relic","Relic","Relic","Relic","Relic","Relic","Relic","Relic","Relic","Card","Card","Card","Relic","Relic","Relic","Relic","Relic","Card","Relic","Relic","Relic","Relic","Card","Relic","Relic","Potion","Potion","Potion","Relic","Relic","Card","Relic","Relic","Card","Relic","Relic","Card","Relic","Relic","Relic","Relic","Card","Relic","Card","Relic","Relic","Card","Relic","Relic","Relic"],"build_version":"2020-12-13","purchased_purges":20,"victory":true,"max_hp_per_floor":[176,176,159,159,161,175,190,192,192,194,194,196,198,200,216,233,1,3,19,1,1,20,3,1,1,1,1,3,3,1,3,1,3,1,3,1,21,3,3,1,3,3,1,3,1,3,1,1,22,1,1,1,46,25,3,1],"relic_stats":{"Singing Bowl":152,"Gremlin Horn":[17,26],"CeramicFish":242,"Juzu Bracelet":7,"Bag of Preparation":[41],"Boot":[16],"Blood Vial":60,"Lizard Tail":0,"Dream Catcher":0,"TheAbacus":[204],"Mummified Hand":[335],"Sundial":[22],"Tiny Chest":12,"MealTicket":30,"HandDrill":[12],"Kunai":[43],"Ring of the Snake":[174],"Happy Flower":[31],"counters":[92,148],"Pen Nib":[24],"Orichalcum":[18],"OrangePellets":[15],"Ornamental Fan":[236],"Shuriken":[7],"Bird Faced Urn":[32],"Bronze Scales":[173],"obtain_stats":[{"testmod-LifeArmor":42,"testmod-NegativeEmotionEnhancer":34,"Sling":100,"testmod-BlackFramedGlasses":92,"Blood Vial":10,"testmod-Prudence":34,"HandDrill":84,"Necronomicon":129,"DianDianMeat":83,"MerchantsRug":5,"testmod-TestBox":0,"testmod-Register":5,"Blue Candle":83,"Tingsha":93,"Eternal Feather":110,"Pen Nib":42,"REME_LimitBreaker":15,"TimeFreeze":117,"Akabeko":42,"Bird Faced Urn":115,"MutagenicStrength":135,"SentryEyes":83,"StrikeDummy":108,"Unceasing Top":92,"testmod-HeartOfDaVinci":42,"DonationBox:ReiMu":52,"Regal Pillow":108,"Singing Bowl":15,"Torii":59,"DianPoetry":84,"testmod-EqualTreatment":0,"Ancient Tea Set":56,"testmod-CasingShield":42,"Chemical X":92,"Ring of the Snake":0,"Potion Belt":73,"Lee\u0027s Waffle":83,"Golden Idol":57,"Circlet":94,"PreservedInsect":56,"ChaoDraw":56,"Ornamental Fan":42,"Art of War":42,"REME_ComplimentaryCards":0,"Ice Cream":92,"Calipers":119,"Gremlin Horn":75,"testmod-PortableAltar":121,"Centennial Puzzle":8,"Ccalipers":71,"testmod-Laevatain":92,"Prayer Wheel":84,"DaCapo":115,"OneHitWonderSystem":17,"REME_OnlineShoppingPlatform":47,"ImportantClient":16,"Girya":15,"testmod-FatalChain":83,"AddBug":1,"Du-Vu Doll":84,"OrangePellets":0,"testmod-RealStoneCalender":128,"REME_HourglassOfDeath":53,"PlanX":92,"GodSword7":5,"GodSword6":115,"GodSword5":115,"GodSword4":73,"GodSword3":108,"testmod-OneHitWonder":73,"Pocketwatch":42,"GodSword1":75,"Ying":32,"SecretRecord":84,"Snake Skull":108,"Juzu Bracelet":59,"PrismaticShard":1,"testmod-BouquetWithThorns":108,"testmod-Charity":84,"Dream Catcher":56,"Nunchaku":56,"Tough Bandages":84,"testmod-CrystalShield":84,"testmod-Alchemist":83,"testmod-InjuryResistance":84,"TheAbacus":93,"testmod-Motorcycle":73,"Red Mask":80,"ShadowXiaoBlade":17,"testmod-Justice":84,"Odd Mushroom":114,"Medical Kit":115,"Mercury Hourglass":115,"Cauldron":99,"Bag of Marbles":56,"Membership Card":15,"FossilizedHelix":44,"RuthlessExorcism:ReiMu":6,"Whetstone":32,"Ginger":84,"MagicDraw4":7,"Bottled Tornado":48,"MagicDraw3":56,"Boot":73,"MagicDraw2":42,"MagicDraw1":42,"Sundial":76,"MealTicket":15,"Kunai":73,"testmod-IntensifyImprint":56,"testmod-Maize":92,"Pear":29,"Dodecahedron":83,"Paper Crane":24,"EasyRelic":0,"testmod-Fortitude":93,"BionicSphere":84,"Pandora\u0027s Box":86,"Technique":15,"Lantern":42,"DaveBox":0,"StoneCalendar":93,"Bag of Preparation":42,"SynthV:C4":108,"Civilization":92,"Matryoshka":73,"Shovel":92,"Ninja Scroll":42,"testmod-Muramasa":92,"ImprovedEquipment":75,"Thread and Needle":73,"The Courier":40,"BrkXgEgg":56,"testmod-CyclicPeriapt":115,"Omamori":43,"testmod-TurbochargingSystem":49,"LastBattle":73,"Frozen Egg 2":73,"testmod-ConstraintPeriapt":128,"PureWhite:ReiMu":92,"testmod-Hope":23,"Orrery":73,"Turnip":92,"YidongShenshe:ReiMu":54,"Bottled Lightning":54,"Toy Ornithopter":41,"CeramicFish":73,"Vajra":9,"SSSystem":25,"Tea:ReiMu":109,"testmod-IWantAll":115,"Lizard Tail":92,"HornCleat":83,"Mastiff:ReiMu":5,"DollysMirror":0,"Strawberry":42,"testmod-DragonStarHat":73,"Toxic Egg 2":108,"MoreBug":108,"Happy Flower":32,"Oddly Smooth Stone":56,"Letter Opener":42,"War Paint":59,"Question Card":1,"testmod-SaigiyounoYou":0,"RhineCircuit":0,"Bottled Flame":108,"Transparent":69,"Shuriken":108,"Bronze Scales":5,"testmod-Acrobat":62,"Molten Egg 2":76,"ArrowTower":73,"Meat on the Bone":56,"Darkstone Periapt":115,"SacredBark":138,"Mango":92,"Incense Burner":93,"testmod-Nyarlathotep":84,"testmod-BloodSacrificeSpiritualization":104,"ClockworkSouvenir":134,"Frozen Eye":136,"Mummified Hand":42,"Pantograph":83,"Tiny Chest":42,"testmod-Déjàvu":26,"testmod-ArcanaOfDestiny":32,"Orichalcum":108,"testmod-IndustrialRevolution":59,"White Beast Statue":56,"testmod-Antiphasic":31,"Anchor":42,"CaptainsWheel":84,"testmod-AssaultLearning":83,"testmod-Faith":99,"TungstenRod":92},{"testmod-LifeArmor":33,"testmod-NegativeEmotionEnhancer":26,"Sling":54,"testmod-BlackFramedGlasses":52,"Blood Vial":8,"testmod-Prudence":82,"HandDrill":50,"Necronomicon":65,"DianDianMeat":50,"MerchantsRug":4,"testmod-TestBox":0,"testmod-Register":4,"Blue Candle":50,"Tingsha":52,"Eternal Feather":57,"Pen Nib":33,"REME_LimitBreaker":75,"TimeFreeze":60,"Akabeko":33,"Bird Faced Urn":60,"MutagenicStrength":66,"SentryEyes":50,"StrikeDummy":57,"Unceasing Top":52,"testmod-HeartOfDaVinci":33,"DonationBox:ReiMu":40,"Regal Pillow":57,"Singing Bowl":11,"Torii":41,"DianPoetry":50,"testmod-EqualTreatment":0,"Ancient Tea Set":41,"testmod-CasingShield":33,"Chemical X":52,"Ring of the Snake":0,"Potion Belt":45,"Lee\u0027s Waffle":50,"Golden Idol":41,"Circlet":52,"PreservedInsect":41,"ChaoDraw":41,"Ornamental Fan":33,"Art of War":33,"REME_ComplimentaryCards":67,"Ice Cream":52,"Calipers":61,"Gremlin Horn":45,"testmod-PortableAltar":62,"Centennial Puzzle":7,"Ccalipers":45,"testmod-Laevatain":52,"Prayer Wheel":50,"DaCapo":60,"OneHitWonderSystem":76,"REME_OnlineShoppingPlatform":88,"ImportantClient":12,"Girya":11,"testmod-FatalChain":50,"AddBug":68,"Du-Vu Doll":50,"OrangePellets":0,"testmod-RealStoneCalender":65,"REME_HourglassOfDeath":90,"PlanX":52,"GodSword7":4,"GodSword6":60,"GodSword5":60,"GodSword4":45,"GodSword3":57,"testmod-OneHitWonder":45,"Pocketwatch":33,"GodSword1":45,"Ying":25,"SecretRecord":50,"Snake Skull":57,"Juzu Bracelet":41,"PrismaticShard":1,"testmod-BouquetWithThorns":57,"testmod-Charity":50,"Dream Catcher":41,"Nunchaku":41,"Tough Bandages":50,"testmod-CrystalShield":50,"testmod-Alchemist":50,"testmod-InjuryResistance":50,"TheAbacus":52,"testmod-Motorcycle":45,"Red Mask":49,"ShadowXiaoBlade":12,"testmod-Justice":50,"Odd Mushroom":60,"Medical Kit":60,"Mercury Hourglass":60,"Cauldron":54,"Bag of Marbles":41,"Membership Card":11,"FossilizedHelix":34,"RuthlessExorcism:ReiMu":5,"Whetstone":25,"Ginger":50,"MagicDraw4":6,"Bottled Tornado":88,"MagicDraw3":41,"Boot":45,"MagicDraw2":33,"MagicDraw1":33,"Sundial":45,"MealTicket":11,"Kunai":45,"testmod-IntensifyImprint":41,"testmod-Maize":52,"Pear":23,"Dodecahedron":50,"Paper Crane":19,"EasyRelic":0,"testmod-Fortitude":52,"BionicSphere":50,"Pandora\u0027s Box":51,"Technique":11,"Lantern":33,"DaveBox":0,"StoneCalendar":52,"Bag of Preparation":33,"SynthV:C4":57,"Civilization":52,"Matryoshka":45,"Shovel":52,"Ninja Scroll":33,"testmod-Muramasa":52,"ImprovedEquipment":45,"Thread and Needle":45,"The Courier":32,"BrkXgEgg":41,"testmod-CyclicPeriapt":60,"Omamori":33,"testmod-TurbochargingSystem":88,"LastBattle":45,"Frozen Egg 2":45,"testmod-ConstraintPeriapt":65,"PureWhite:ReiMu":52,"testmod-Hope":18,"Orrery":45,"Turnip":52,"YidongShenshe:ReiMu":41,"Bottled Lightning":90,"Toy Ornithopter":33,"CeramicFish":45,"Vajra":7,"SSSystem":20,"Tea:ReiMu":57,"testmod-IWantAll":60,"Lizard Tail":52,"HornCleat":50,"Mastiff:ReiMu":4,"DollysMirror":67,"Strawberry":33,"testmod-DragonStarHat":45,"Toxic Egg 2":57,"MoreBug":57,"Happy Flower":25,"Oddly Smooth Stone":41,"Letter Opener":33,"War Paint":41,"Question Card":1,"testmod-SaigiyounoYou":67,"RhineCircuit":67,"Bottled Flame":57,"Transparent":44,"Shuriken":57,"Bronze Scales":4,"testmod-Acrobat":42,"Molten Egg 2":45,"ArrowTower":45,"Meat on the Bone":41,"Darkstone Periapt":60,"SacredBark":67,"Mango":52,"Incense Burner":52,"testmod-Nyarlathotep":50,"testmod-BloodSacrificeSpiritualization":56,"ClockworkSouvenir":66,"Frozen Eye":66,"Mummified Hand":33,"Pantograph":50,"Tiny Chest":33,"testmod-Déjàvu":20,"testmod-ArcanaOfDestiny":25,"Orichalcum":57,"testmod-IndustrialRevolution":41,"White Beast Statue":41,"testmod-Antiphasic":25,"Anchor":33,"CaptainsWheel":50,"testmod-AssaultLearning":50,"testmod-Faith":54,"TungstenRod":52},{"testmod-LifeArmor":74,"testmod-NegativeEmotionEnhancer":58,"Sling":102,"testmod-BlackFramedGlasses":100,"Blood Vial":23,"testmod-Prudence":133,"HandDrill":98,"Necronomicon":113,"DianDianMeat":98,"MerchantsRug":12,"testmod-TestBox":0,"testmod-Register":12,"Blue Candle":98,"Tingsha":100,"Eternal Feather":105,"Pen Nib":74,"REME_LimitBreaker":124,"TimeFreeze":108,"Akabeko":74,"Bird Faced Urn":108,"MutagenicStrength":114,"SentryEyes":98,"StrikeDummy":105,"Unceasing Top":100,"testmod-HeartOfDaVinci":74,"DonationBox:ReiMu":87,"Regal Pillow":105,"Singing Bowl":26,"Torii":88,"DianPoetry":98,"testmod-EqualTreatment":0,"Ancient Tea Set":88,"testmod-CasingShield":74,"Chemical X":100,"Ring of the Snake":0,"Potion Belt":93,"Lee\u0027s Waffle":98,"Golden Idol":88,"Circlet":100,"PreservedInsect":88,"ChaoDraw":88,"Ornamental Fan":74,"Art of War":74,"REME_ComplimentaryCards":115,"Ice Cream":100,"Calipers":109,"Gremlin Horn":93,"testmod-PortableAltar":110,"Centennial Puzzle":22,"Ccalipers":93,"testmod-Laevatain":100,"Prayer Wheel":98,"DaCapo":108,"OneHitWonderSystem":127,"REME_OnlineShoppingPlatform":139,"ImportantClient":29,"Girya":26,"testmod-FatalChain":98,"AddBug":116,"Du-Vu Doll":98,"OrangePellets":0,"testmod-RealStoneCalender":113,"REME_HourglassOfDeath":142,"PlanX":100,"GodSword7":12,"GodSword6":108,"GodSword5":108,"GodSword4":93,"GodSword3":105,"testmod-OneHitWonder":93,"Pocketwatch":74,"GodSword1":93,"Ying":53,"SecretRecord":98,"Snake Skull":105,"Juzu Bracelet":88,"PrismaticShard":2,"testmod-BouquetWithThorns":105,"testmod-Charity":98,"Dream Catcher":88,"Nunchaku":88,"Tough Bandages":98,"testmod-CrystalShield":98,"testmod-Alchemist":98,"testmod-InjuryResistance":98,"TheAbacus":100,"testmod-Motorcycle":93,"Red Mask":97,"ShadowXiaoBlade":29,"testmod-Justice":98,"Odd Mushroom":108,"Medical Kit":108,"Mercury Hourglass":108,"Cauldron":102,"Bag of Marbles":88,"Membership Card":26,"FossilizedHelix":75,"RuthlessExorcism:ReiMu":15,"Whetstone":53,"Ginger":98,"MagicDraw4":18,"Bottled Tornado":139,"MagicDraw3":88,"Boot":93,"MagicDraw2":74,"MagicDraw1":74,"Sundial":93,"MealTicket":26,"Kunai":93,"testmod-IntensifyImprint":88,"testmod-Maize":100,"Pear":47,"Dodecahedron":98,"Paper Crane":40,"EasyRelic":0,"testmod-Fortitude":100,"BionicSphere":98,"Pandora\u0027s Box":99,"Technique":26,"Lantern":74,"DaveBox":0,"StoneCalendar":100,"Bag of Preparation":74,"SynthV:C4":105,"Civilization":100,"Matryoshka":93,"Shovel":100,"Ninja Scroll":74,"testmod-Muramasa":100,"ImprovedEquipment":93,"Thread and Needle":93,"The Courier":70,"BrkXgEgg":88,"testmod-CyclicPeriapt":108,"Omamori":74,"testmod-TurbochargingSystem":139,"LastBattle":93,"Frozen Egg 2":93,"testmod-ConstraintPeriapt":113,"PureWhite:ReiMu":100,"testmod-Hope":38,"Orrery":93,"Turnip":100,"YidongShenshe:ReiMu":88,"Bottled Lightning":142,"Toy Ornithopter":74,"CeramicFish":93,"Vajra":22,"SSSystem":41,"Tea:ReiMu":105,"testmod-IWantAll":108,"Lizard Tail":100,"HornCleat":98,"Mastiff:ReiMu":12,"DollysMirror":115,"Strawberry":74,"testmod-DragonStarHat":93,"Toxic Egg 2":105,"MoreBug":105,"Happy Flower":53,"Oddly Smooth Stone":88,"Letter Opener":74,"War Paint":88,"Question Card":2,"testmod-SaigiyounoYou":115,"RhineCircuit":115,"Bottled Flame":105,"Transparent":92,"Shuriken":105,"Bronze Scales":12,"testmod-Acrobat":89,"Molten Egg 2":93,"ArrowTower":93,"Meat on the Bone":88,"Darkstone Periapt":108,"SacredBark":115,"Mango":100,"Incense Burner":100,"testmod-Nyarlathotep":98,"testmod-BloodSacrificeSpiritualization":104,"ClockworkSouvenir":114,"Frozen Eye":114,"Mummified Hand":74,"Pantograph":98,"Tiny Chest":74,"testmod-Déjàvu":41,"testmod-ArcanaOfDestiny":53,"Orichalcum":105,"testmod-IndustrialRevolution":88,"White Beast Statue":88,"testmod-Antiphasic":53,"Anchor":74,"CaptainsWheel":98,"testmod-AssaultLearning":98,"testmod-Faith":102,"TungstenRod":100}],"Toy Ornithopter":0},"card_choices":[{"not_picked":["Bane+1","Prepared","Dagger Spray+1"],"picked":"Singing Bowl","floor":0.0},{"not_picked":["Well Laid Plans+1","Prepared","Deadly Poison"],"picked":"Singing Bowl","floor":0.0},{"not_picked":["Sucker Punch+1","All Out Attack+1","Bullet Time"],"picked":"Singing Bowl","floor":0.0},{"not_picked":["Blade Dance","Flying Knee+1","Outmaneuver"],"picked":"Singing Bowl","floor":0.0},{"not_picked":["Caltrops+1","MostiFishMod:UniGreen","Dash+1"],"picked":"Singing Bowl","floor":0.0},{"not_picked":["Blade Dance+1","Finisher+1","Poisoned Stab+1"],"picked":"Singing Bowl","floor":1},{"not_picked":["Bane+1","Deflect+1","Dodge and Roll+1"],"picked":"Singing Bowl","floor":5},{"not_picked":["Glass Knife+1","Night Terror+1"],"picked":"Tactician+1","floor":6},{"not_picked":["Finisher+1","Flying Knee+1","Prepared+1"],"picked":"Singing Bowl","floor":8},{"not_picked":["Masterful Stab+1","MostiFishMod:InvigoratingSolution+1","Sucker Punch+1"],"picked":"Singing Bowl","floor":10},{"not_picked":["Finisher+1","PiercingWail+1","Deflect+1"],"picked":"Singing Bowl","floor":12},{"not_picked":["Bouncing Flask+1","Noxious Fumes+1","MostiFishMod:Confrontation+1"],"picked":"Singing Bowl","floor":13},{"not_picked":["REME_ShadowStrike+1","Finisher+1","Dodge and Roll+1"],"picked":"Singing Bowl","floor":14},{"not_picked":["Night Terror+1","Wraith Form v2+1"],"picked":"Venomology+1","floor":16},{"not_picked":["Dagger Throw+1","Infinite Blades+1","Dagger Spray+1"],"picked":"Singing Bowl","floor":18},{"not_picked":["Dagger Spray+1","Crippling Poison+1","Leg Sweep+1"],"picked":"Singing Bowl","floor":23},{"not_picked":["Backflip+1","PiercingWail+1","Endless Agony+1"],"picked":"Singing Bowl","floor":28},{"not_picked":["Leg Sweep+1","Deadly Poison+1","Reflex+1"],"picked":"Singing Bowl","floor":29},{"not_picked":["Dodge and Roll+1","Riddle With Holes+1","Deflect+1"],"picked":"Singing Bowl","floor":31},{"not_picked":["Glass Knife+1","Burst+1","MostiFishMod:Dislodge+1"],"picked":"Singing Bowl","floor":33},{"not_picked":["Prepared+1","PiercingWail+1","Dagger Throw+1"],"picked":"Singing Bowl","floor":35},{"not_picked":["Crippling Poison+1","MostiFishMod:PoisonShield+1","Flechettes+1"],"picked":"Singing Bowl","floor":38},{"not_picked":["Dagger Spray+1","Dodge and Roll+1","Slice+1"],"picked":"Singing Bowl","floor":39},{"not_picked":["MostiFishMod:VineMother+1","REME_ShadowStrike+1","MostiFishMod:PerfectParry+1"],"picked":"Singing Bowl","floor":41},{"not_picked":["Blind+1","testmod-Bloodthirsty+1","testmod-LifeRuler+1"],"picked":"Singing Bowl","floor":42},{"not_picked":["PiercingWail+1","Bane+1","Prepared+1"],"picked":"Singing Bowl","floor":44},{"not_picked":["Deadly Poison+1","MostiFishMod:FrostNova+1","Distraction+1"],"picked":"Singing Bowl","floor":46},{"not_picked":["Expertise+1","Deflect+1","Infinite Blades+1"],"picked":"Singing Bowl","floor":55}],"player_experience":248291,"relics_obtained":[{"floor":1,"key":"AddBug"},{"floor":1,"key":"Question Card"},{"floor":1,"key":"PrismaticShard"},{"floor":6,"key":"Art of War"},{"floor":8,"key":"testmod-Acrobat"},{"floor":13,"key":"Boot"},{"floor":16,"key":"ImportantClient"},{"floor":20,"key":"Bag of Preparation"},{"floor":23,"key":"Vajra"},{"floor":26,"key":"SSSystem"},{"floor":27,"key":"Toy Ornithopter"},{"floor":29,"key":"testmod-FatalChain"},{"floor":31,"key":"Blood Vial"},{"floor":41,"key":"MealTicket"},{"floor":43,"key":"GodSword7"},{"floor":44,"key":"Ccalipers"},{"floor":48,"key":"Bottled Tornado"}],"event_choices":[{"damage_healed":0,"gold_gain":0,"player_choice":"Entered Light","damage_taken":53,"max_hp_gain":0,"max_hp_loss":0,"event_name":"Shining Light","floor":2,"gold_loss":0,"cards_upgraded":["Defend_G","Accuracy"]},{"damage_healed":0,"gold_gain":0,"player_choice":"Lose Max HP","damage_taken":0,"relics_obtained":["Golden Idol"],"max_hp_gain":0,"max_hp_loss":17,"event_name":"Golden Idol","floor":3,"gold_loss":0},{"damage_healed":0,"gold_gain":0,"player_choice":"0 cards matched","damage_taken":0,"max_hp_gain":0,"max_hp_loss":0,"event_name":"Match and Keep!","floor":21,"gold_loss":0,"cards_obtained":[]},{"damage_healed":0,"gold_gain":0,"player_choice":"Read","damage_taken":0,"max_hp_gain":0,"max_hp_loss":0,"event_name":"The Library","floor":22,"gold_loss":0,"cards_obtained":["Backflip"]},{"cards_removed":["Prepared"],"damage_healed":0,"gold_gain":0,"player_choice":"Elegance","damage_taken":0,"max_hp_gain":0,"max_hp_loss":0,"event_name":"Back to Basics","floor":24,"gold_loss":0},{"damage_healed":0,"gold_gain":0,"player_choice":"Ignored","damage_taken":0,"max_hp_gain":0,"max_hp_loss":0,"event_name":"给自己的盒子","floor":36,"gold_loss":0},{"damage_healed":0,"gold_gain":0,"player_choice":"Memory 1","damage_taken":0,"max_hp_gain":0,"max_hp_loss":0,"event_name":"SensoryStone","floor":42,"gold_loss":0},{"cards_removed":["Accuracy"],"damage_healed":0,"gold_gain":0,"player_choice":"Removed Power","damage_taken":0,"max_hp_gain":0,"max_hp_loss":0,"event_name":"Falling","floor":45,"gold_loss":0}],"is_beta":false,"boss_relics":[{"not_picked":["xbg","Astrolabe"],"picked":"OneHitWonderSystem"},{"not_picked":["testmod-CardMagician","BloodWine"],"picked":"testmod-Prudence"}],"items_purged_floors":[0,0,0,0,0,0,0,7,7,7,7,7,11,19,19,19,37,37,47,54],"is_endless":false,"potions_floor_spawned":[5,6,8,10,12,13,14,16,18,23,28,29,31,33,35,38,39,41,44,46,55],"ascension_level":20}}