{"host":"by3dnjj711vo194a","time":1608038008,"event":{"mods":["2.2 Compatiblity","AchievementEnabler","BaseMod","Colored Map","DeckTracker","KOR Keyword Fix","Keyboard Shortcuts","Minty Spire (QoL Compilation)","Permanent Neow","Quick Restart","StSLib","SuperFastMode","everything is the same but u backflip on backflip"],"gold_per_floor":[115,115,133,133,149,149,176,176,176,176,176,210,210,135,135,232,232,252,252,252,167,185,218,218,250,274,287,287,316,316,328,328,432,432,443,265,265,13,25,25,44,59,59,91,103,120,120,135,135,135,135,135,10,38,38],"floor_reached":56,"playtime":2420,"items_purged":["Regret","Catalyst","Doppelganger"],"score":1337,"play_id":"52a7c367-3619-4402-8502-7578f3e298bf","local_time":"20201215221328","is_ascension_mode":true,"campfire_choices":[{"data":"Neutralize","floor":6.0,"key":"SMITH"},{"data":"Prepared","floor":8.0,"key":"SMITH"},{"floor":10.0,"key":"REST"},{"floor":13.0,"key":"REST"},{"data":"Infinite Blades","floor":15.0,"key":"SMITH"},{"floor":24.0,"key":"REST"},{"floor":28.0,"key":"REST"},{"data":"Night Terror","floor":30.0,"key":"SMITH"},{"floor":32.0,"key":"REST"},{"data":"Adrenaline","floor":40.0,"key":"SMITH"},{"floor":47,"key":"RECALL"},{"floor":49,"key":"REST"},{"data":"Blade Dance","floor":52,"key":"SMITH"}],"circlet_count":0,"master_deck":["Survivor","Neutralize+1","Infinite Blades+1","PiercingWail","Footwork+1","Prepared+1","Escape Plan","Wraith Form v2+1","Caltrops+1","Adrenaline+1","Night Terror+1","Noxious Fumes+1","Quick Slash+1","Accuracy+1","Acrobatics","Storm of Steel","Calculated Gamble+1","After Image+1","Crippling Poison","Blade Dance+1","Blade Dance+1","Dagger Spray+1","After Image+1","Adrenaline","Accuracy+1","Prepared+1"],"relics":["Ring of the Snake","Frozen Egg 2","HornCleat","Mercury Hourglass","Regal Pillow","Pandora\u0027s Box","Ninja Scroll","Dream Catcher","Sundial","Omamori","Anchor","WristBlade","Shuriken","Whetstone","Pocketwatch"],"acts_visited":["Exordium","TheCity","TheBeyond","TheEnding"],"potions_floor_usage":[55,55,55],"damage_taken":[{"damage":10.0,"enemies":"Cultist","floor":1.0,"turns":4.0},{"damage":3.0,"enemies":"2 Louse","floor":3.0,"turns":3.0},{"damage":6.0,"enemies":"Jaw Worm","floor":5.0,"turns":6.0},{"damage":21.0,"enemies":"Lagavulin","floor":7.0,"turns":9.0},{"damage":19.0,"enemies":"Gremlin Nob","floor":12.0,"turns":6.0},{"damage":48.0,"enemies":"Hexaghost","floor":16.0,"turns":18.0},{"damage":23.0,"enemies":"Shell Parasite","floor":18.0,"turns":5.0},{"damage":0.0,"enemies":"Spheric Guardian","floor":22.0,"turns":2.0},{"damage":25.0,"enemies":"Gremlin Leader","floor":23.0,"turns":5.0},{"damage":5.0,"enemies":"Book of Stabbing","floor":25.0,"turns":6.0},{"damage":16.0,"enemies":"Snake Plant","floor":27.0,"turns":3.0},{"damage":16.0,"enemies":"Gremlin Leader","floor":29.0,"turns":6.0},{"damage":11.0,"enemies":"Cultist and Chosen","floor":31.0,"turns":4.0},{"damage":2.0,"enemies":"Champ","floor":33.0,"turns":9.0},{"damage":2.0,"enemies":"3 Shapes","floor":35.0,"turns":4.0},{"damage":0.0,"enemies":"Orb Walker","floor":39.0,"turns":3.0},{"damage":1.0,"enemies":"3 Darklings","floor":41.0,"turns":3.0},{"damage":0,"enemies":"Transient","floor":42,"turns":5},{"damage":15,"enemies":"Nemesis","floor":44,"turns":6},{"damage":8,"enemies":"4 Shapes","floor":45,"turns":3},{"damage":0,"enemies":"Sphere and 2 Shapes","floor":46,"turns":3},{"damage":0,"enemies":"Maw","floor":48,"turns":4},{"damage":14,"enemies":"Time Eater","floor":50,"turns":7},{"damage":0,"enemies":"Shield and Spear","floor":54,"turns":3},{"damage":23,"enemies":"The Heart","floor":55,"turns":7}],"seed_played":"-2618482555841196918","potions_obtained":[{"floor":3.0,"key":"FearPotion"},{"floor":5.0,"key":"LiquidMemories"},{"floor":7.0,"key":"Swift Potion"},{"floor":25.0,"key":"GamblersBrew"},{"floor":27.0,"key":"SneckoOil"},{"floor":29.0,"key":"LiquidMemories"}],"is_trial":false,"path_per_floor":["M","?","M","?","M","R","E","R","T","R","?","E","R","$","R","B",null,"M","?","?","?","M","E","R","E","T","M","R","E","R","M","R","B",null,"M","$","?","$","M","R","M","M","T","E","M","M","R","M","R","B",null,"R","$","E","B",null],"character_chosen":"THE_SILENT","items_purchased":["Accuracy+1","Shuriken"],"campfire_rested":6,"item_purchase_floors":[36,38],"current_hp_per_floor":[60,60,57,57,51,51,30,30,30,51,37,18,54,54,54,6,70,47,47,47,47,47,22,58,53,53,37,70,54,54,43,70,68,70,68,68,68,68,68,68,67,67,67,52,44,44,44,44,70,56,70,70,70,70,47],"gold":38,"neow_bonus":"THREE_CARDS","is_daily":false,"chose_seed":false,"campfire_upgraded":6,"win_rate":0.0,"timestamp":1608038008,"path_taken":["M","?","M","?","M","R","E","R","T","R","?","E","R","?","R","BOSS","M","?","?","?","M","E","R","E","T","M","R","E","R","?","R","BOSS","M","$","?","$","M","R","M","M","T","E","M","M","R","M","R","BOSS","R","$","E","BOSS"],"items_purchased_type":["Card","Relic"],"build_version":"2020-12-13","purchased_purges":3,"victory":true,"max_hp_per_floor":[70,70,70,70,70,70,70,70,70,70,70,70,70,70,70,70,70,70,70,70,70,70,70,70,70,70,70,70,70,70,70,70,70,70,70,70,70,70,70,70,70,70,70,70,70,70,70,70,70,70,70,70,70,70,70],"card_choices":[{"not_picked":["Poisoned Stab","Footwork"],"picked":"Infinite Blades","floor":0.0},{"not_picked":["Catalyst","Infinite Blades"],"picked":"PiercingWail","floor":1.0},{"not_picked":["Catalyst","Cloak And Dagger"],"picked":"Footwork+1","floor":3.0},{"not_picked":["Dagger Throw","Bane"],"picked":"Prepared","floor":5.0},{"not_picked":["Noxious Fumes+1","Deflect"],"picked":"Escape Plan","floor":7.0},{"not_picked":["Venomology","Flying Knee","Dodge and Roll"],"picked":"SKIP","floor":12.0},{"not_picked":["Venomology","Doppelganger"],"picked":"Wraith Form v2+1","floor":16.0},{"not_picked":["Acrobatics","PiercingWail"],"picked":"Accuracy+1","floor":18.0},{"not_picked":["Sucker Punch","Deflect","Setup"],"picked":"SKIP","floor":22.0},{"not_picked":["Slice","Deflect"],"picked":"Calculated Gamble+1","floor":23.0},{"not_picked":["Backstab+1","Acrobatics"],"picked":"After Image+1","floor":24.0},{"not_picked":["Sucker Punch","Bane"],"picked":"Crippling Poison","floor":25.0},{"not_picked":["Bouncing Flask","Slice"],"picked":"Blade Dance+1","floor":27.0},{"not_picked":["Quick Slash+1","Poisoned Stab+1"],"picked":"Blade Dance","floor":28.0},{"not_picked":["Deadly Poison","Bane"],"picked":"Dagger Spray+1","floor":29.0},{"not_picked":["Slice+1","Flying Knee"],"picked":"After Image+1","floor":31.0},{"not_picked":["Wraith Form v2+1","Unload"],"picked":"Adrenaline","floor":33.0},{"not_picked":["Dash+1","Outmaneuver+1","Underhanded Strike"],"picked":"SKIP","floor":35.0},{"not_picked":["Bouncing Flask","Slice","Flying Knee+1"],"picked":"SKIP","floor":39.0},{"not_picked":["Expertise","Poisoned Stab"],"picked":"Prepared+1","floor":41},{"not_picked":["Poisoned Stab","Sucker Punch","Quick Slash+1"],"picked":"SKIP","floor":42},{"not_picked":["Doppelganger","Finisher","Outmaneuver+1"],"picked":"SKIP","floor":44},{"not_picked":["Dodge and Roll+1","Acrobatics+1","Underhanded Strike+1"],"picked":"SKIP","floor":45},{"not_picked":["Bouncing Flask+1","Predator","Underhanded Strike"],"picked":"SKIP","floor":46},{"not_picked":["Acrobatics+1","Tactician+1","Leg Sweep"],"picked":"SKIP","floor":48},{"not_picked":["Noxious Fumes+1","Caltrops+1","PiercingWail"],"picked":"SKIP","floor":54}],"player_experience":124904,"relics_obtained":[{"floor":7.0,"key":"HornCleat"},{"floor":9.0,"key":"Mercury Hourglass"},{"floor":12.0,"key":"Regal Pillow"},{"floor":23.0,"key":"Dream Catcher"},{"floor":25.0,"key":"Sundial"},{"floor":26.0,"key":"Omamori"},{"floor":29.0,"key":"Anchor"},{"floor":44,"key":"Whetstone"},{"floor":54,"key":"Pocketwatch"}],"event_choices":[{"damage_healed":0.0,"max_hp_gain":0.0,"max_hp_loss":0.0,"gold_gain":0.0,"event_name":"Big Fish","player_choice":"Box","floor":2.0,"gold_loss":0.0,"damage_taken":0.0,"relics_obtained":["Frozen Egg 2"],"cards_obtained":["Regret"]},{"cards_removed":["Strike_G"],"damage_healed":0.0,"max_hp_gain":0.0,"max_hp_loss":0.0,"gold_gain":0.0,"event_name":"Living Wall","player_choice":"Forget","floor":4.0,"gold_loss":0.0,"damage_taken":0.0},{"damage_healed":0.0,"max_hp_gain":0.0,"max_hp_loss":0.0,"gold_gain":0.0,"event_name":"Shining Light","player_choice":"Entered Light","floor":11.0,"gold_loss":0.0,"damage_taken":14.0,"cards_upgraded":["Defend_G","Defend_G"]},{"damage_healed":0.0,"max_hp_gain":0.0,"max_hp_loss":0.0,"gold_gain":0.0,"cards_transformed":["Skewer","Glass Knife"],"event_name":"Drug Dealer","player_choice":"Became Test Subject","floor":19.0,"gold_loss":0.0,"damage_taken":0.0,"cards_obtained":["Acrobatics","Storm of Steel"]},{"damage_healed":0.0,"max_hp_gain":0.0,"max_hp_loss":0.0,"gold_gain":0.0,"event_name":"Vampires","player_choice":"Ignored","floor":20.0,"gold_loss":0.0,"damage_taken":0.0},{"damage_healed":0.0,"max_hp_gain":0.0,"max_hp_loss":0.0,"gold_gain":0.0,"event_name":"Addict","player_choice":"Obtained Relic","floor":21.0,"gold_loss":85.0,"damage_taken":0.0,"relics_obtained":["Ninja Scroll"]},{"damage_healed":0.0,"max_hp_gain":0.0,"max_hp_loss":0.0,"gold_gain":0.0,"cards_transformed":["Underhanded Strike"],"event_name":"Transmorgrifier","player_choice":"Transformed","floor":37.0,"gold_loss":0.0,"damage_taken":0.0,"cards_obtained":["Doppelganger"]}],"is_beta":false,"boss_relics":[{"not_picked":["Tiny House","Sozu"],"picked":"Pandora\u0027s Box"},{"not_picked":["HoveringKite","Runic Pyramid"],"picked":"WristBlade"}],"items_purged_floors":[14,36,53],"is_endless":false,"potions_floor_spawned":[3,5,7,25,27,29,39,42,44,45,54],"ascension_level":2}}