{"host":"ab2s6ezjqdgtrlyf","time":1608041287,"event":{"mods":["BaseMod","Colored Map","Highlight Path","Marked Mod","Minty Spire (QoL Compilation)","Quick Restart","Relic Stats","Replay The Spire","StSLib","Waifu the Spire","vexMod"],"gold_per_floor":[109,109,134,134,154,154,79,91,91,143,143,160,175,187,187,187,187],"floor_reached":16,"playtime":334,"items_purged":["Strike_B"],"score":179,"play_id":"c3cf8212-7fc0-4e0a-bc4e-21aea389e1a5","local_time":"20201215220807","is_ascension_mode":true,"campfire_choices":[{"data":"Darkness","floor":6,"key":"SMITH"},{"floor":15,"key":"REST"}],"circlet_count":0,"master_deck":["AscendersBane","Strike_B","Strike_B","Defend_B","Defend_B","Zap","Dualcast","Lockon","Darkness+1","Conserve Battery","Sweeping Beam"],"relics":["Cracked Core","Centennial Puzzle","Replay:Antivirus Software","Replay:Mystery Machine"],"acts_visited":["Exordium"],"potions_floor_usage":[],"damage_taken":[{"damage":6,"enemies":"Cultist","floor":1,"turns":3},{"damage":7,"enemies":"Jaw Worm","floor":5,"turns":2},{"damage":9,"enemies":"Small Slimes","floor":8,"turns":2},{"damage":14,"enemies":"Red Slaver","floor":12,"turns":2},{"damage":10,"enemies":"Large Slime","floor":13,"turns":3},{"damage":0,"enemies":"Exordium Wildlife","floor":14,"turns":2},{"damage":0,"enemies":"Slime Boss","floor":16,"turns":1}],"seed_played":"-4424061944315096596","potions_obtained":[{"floor":1,"key":"Dexterity Potion"},{"floor":8,"key":"BlessingOfTheForge"},{"floor":14,"key":"DistilledChaos"}],"is_trial":false,"path_per_floor":["M","$","T","?","M","R","$","M","T","T","?","M","M","M","R_BF","B"],"character_chosen":"DEFECT","items_purchased":[],"campfire_rested":1,"item_purchase_floors":[],"current_hp_per_floor":[58,58,58,58,51,51,51,42,42,42,42,28,18,18,39,39,39],"gold":187,"neow_bonus":"TRANSFORM_CARD","is_daily":false,"chose_seed":false,"campfire_upgraded":1,"win_rate":0.0,"timestamp":1608041287,"path_taken":["M","$","?","?","M","R","?","M","T","?","?","?","M","M","R_BF","BOSS"],"items_purchased_type":[],"build_version":"2020-12-13","purchased_purges":1,"victory":false,"max_hp_per_floor":[71,71,71,71,71,71,71,71,71,71,71,71,71,71,71,71,71],"relic_stats":{"Centennial Puzzle":[12],"counters":[7,14],"obtain_stats":[{"Centennial Puzzle":3,"Replay:Antivirus Software":9,"Replay:Mystery Machine":10,"Cracked Core":0},{"Centennial Puzzle":1,"Replay:Antivirus Software":3,"Replay:Mystery Machine":3,"Cracked Core":0},{"Centennial Puzzle":3,"Replay:Antivirus Software":7,"Replay:Mystery Machine":7,"Cracked Core":0}]},"card_choices":[{"not_picked":["Loop","Conserve Battery"],"picked":"Darkness","floor":1},{"not_picked":["FTL","Streamline","ReplaySolidLightProjector"],"picked":"SKIP","floor":5},{"not_picked":["Cold Snap","Rebound"],"picked":"Conserve Battery","floor":8},{"not_picked":["Double Energy","ReplayTheSpireMod:GoodbyeWorld","Sweeping Beam"],"picked":"SKIP","floor":12},{"not_picked":["Rebound","Steam","Hologram"],"picked":"SKIP","floor":13},{"not_picked":["Streamline","Conserve Battery","FIFO Queue"],"picked":"SKIP","floor":14}],"player_experience":782432,"relics_obtained":[{"floor":3,"key":"Centennial Puzzle"},{"floor":9,"key":"Replay:Antivirus Software"},{"floor":10,"key":"Replay:Mystery Machine"}],"event_choices":[{"damage_healed":0,"gold_gain":0,"cards_transformed":["Strike_B"],"player_choice":"Transformed","damage_taken":0,"max_hp_gain":0,"max_hp_loss":0,"event_name":"Transmorgrifier","floor":11,"gold_loss":0,"cards_obtained":["Sweeping Beam"]}],"is_beta":false,"boss_relics":[],"items_purged_floors":[7],"is_endless":false,"potions_floor_spawned":[1,8,14],"killed_by":"Slime Boss","ascension_level":19}}