{"host":"2e3z4r48quhw80cc","time":1608028072,"event":{"mods":["BaseMod","Minty Spire (QoL Compilation)","Quick Restart","StSLib","SuperFastMode"],"gold_per_floor":[113,63,63,338,356,356,391,408,408,440,456,475,286,297,297,392,392,404,414,414,513,513,513,524,524,524,524,90,90,120,120,120,218,218,237,237,237,249,97,97,60,60,60,87,87,102,113,145,145,145],"floor_reached":51,"playtime":2439,"items_purged":["Regret"],"score":891,"play_id":"bfdaeae2-052a-4153-bef0-bc0b74d3e414","local_time":"20201215192752","is_ascension_mode":true,"campfire_choices":[{"data":"Zap","floor":6.0,"key":"SMITH"},{"data":"White Noise","floor":15.0,"key":"SMITH"},{"data":"Dualcast","floor":23.0,"key":"SMITH"},{"data":"Force Field","floor":29.0,"key":"SMITH"},{"data":"Fission","floor":32.0,"key":"SMITH"},{"floor":40.0,"key":"REST"},{"floor":42.0,"key":"REST"},{"floor":45,"key":"REST"},{"floor":49,"key":"RECALL"}],"circlet_count":0,"master_deck":["Strike_B","Strike_B","Defend_B","Defend_B","Zap+1","Dualcast+1","Chill","Lockon+1","Echo Form+1","Glacier","Static Discharge+1","Force Field+1","Ball Lightning","Self Repair+1","White Noise+1","Buffer+1","Creative AI+1","Heatsinks+1","Thunder Strike+1","Self Repair+1","Fission+1","Core Surge+1","Madness","Madness","Storm+1","Redo+1"],"relics":["Cracked Core","NeowsBlessing","Frozen Egg 2","Sundial","Cables","SlaversCollar","Molten Egg 2","Thread and Needle","Bag of Preparation","Fusion Hammer","Potion Belt","Toxic Egg 2","Question Card","Nunchaku"],"acts_visited":["Exordium","TheCity","TheBeyond"],"potions_floor_usage":[50,50,50,50],"damage_taken":[{"damage":0.0,"enemies":"Cultist","floor":1.0,"turns":1.0},{"damage":0.0,"enemies":"Jaw Worm","floor":5.0,"turns":1.0},{"damage":0.0,"enemies":"Gremlin Nob","floor":7.0,"turns":1.0},{"damage":5.0,"enemies":"Small Slimes","floor":8.0,"turns":4.0},{"damage":22.0,"enemies":"Lagavulin","floor":10.0,"turns":7.0},{"damage":1.0,"enemies":"3 Louse","floor":11.0,"turns":3.0},{"damage":15.0,"enemies":"Lots of Slimes","floor":12.0,"turns":5.0},{"damage":11.0,"enemies":"Looter","floor":14.0,"turns":2.0},{"damage":13.0,"enemies":"Slime Boss","floor":16.0,"turns":8.0},{"damage":22.0,"enemies":"Shell Parasite","floor":18.0,"turns":6.0},{"damage":14.0,"enemies":"3 Byrds","floor":19.0,"turns":5.0},{"damage":22.0,"enemies":"Snake Plant","floor":24.0,"turns":4.0},{"damage":15.0,"enemies":"Slavers","floor":30.0,"turns":6.0},{"damage":23.0,"enemies":"Collector","floor":33.0,"turns":10.0},{"damage":17.0,"enemies":"Orb Walker","floor":35.0,"turns":3.0},{"damage":8.0,"enemies":"3 Darklings","floor":38.0,"turns":4.0},{"damage":20,"enemies":"Reptomancer","floor":44,"turns":4},{"damage":2,"enemies":"Sphere and 2 Shapes","floor":46,"turns":4},{"damage":0,"enemies":"Jaw Worm Horde","floor":47,"turns":2},{"damage":0,"enemies":"Nemesis","floor":48,"turns":5},{"damage":7,"enemies":"Donu and Deca","floor":50,"turns":5}],"seed_played":"-7000279094393960373","potions_obtained":[{"floor":1.0,"key":"Weak Potion"},{"floor":5.0,"key":"FearPotion"},{"floor":10.0,"key":"FocusPotion"},{"floor":11.0,"key":"FocusPotion"},{"floor":14.0,"key":"Fire Potion"},{"floor":16.0,"key":"DistilledChaos"},{"floor":30.0,"key":"Regen Potion"},{"floor":33.0,"key":"FearPotion"},{"floor":44,"key":"EssenceOfSteel"},{"floor":47,"key":"PotionOfCapacity"}],"is_trial":false,"path_per_floor":["M","?","$","?","M","R","E","M","T","E","M","M","$","M","R","B",null,"M","M","?","?","?","R","M","?","T","?","$","R","E","?","R","B",null,"M","?","?","M","$","R","$","R","T","E","R","M","M","E","R","B",null],"character_chosen":"DEFECT","items_purchased":["Self Repair+1","White Noise","Heatsinks+1","Thread and Needle","Thunder Strike+1","Potion Belt","Storm+1"],"campfire_rested":3,"item_purchase_floors":[13,13,28,28,28,39,41],"current_hp_per_floor":[75,75,75,75,75,75,75,70,70,48,47,32,32,31,31,28,75,63,59,45,45,45,45,43,43,43,43,43,43,48,48,48,60,80,80,80,70,72,72,80,80,80,80,80,80,80,80,80,80,80],"gold":145,"neow_bonus":"THREE_ENEMY_KILL","is_daily":false,"chose_seed":false,"campfire_upgraded":5,"win_rate":0.0,"timestamp":1608028072,"path_taken":["M","?","$","?","?","R","E","M","T","E","M","M","$","M","R","BOSS","M","M","?","?","?","R","?","?","T","?","$","R","E","?","R","BOSS","M","?","?","M","$","R","?","R","T","E","R","?","M","E","R","BOSS"],"items_purchased_type":["Card","Card","Card","Relic","Card","Relic","Card"],"build_version":"2020-12-13","purchased_purges":1,"victory":true,"max_hp_per_floor":[75,75,75,75,75,75,75,75,75,75,75,75,75,75,75,75,75,75,75,80,80,80,80,80,80,80,80,80,80,80,80,80,80,80,80,80,80,80,80,80,80,80,80,80,80,80,80,80,80,80],"card_choices":[{"not_picked":["Reinforced Body","Sweeping Beam"],"picked":"Chill","floor":1.0},{"not_picked":["Redo","Compile Driver"],"picked":"Lockon","floor":5.0},{"not_picked":["Cold Snap","Steam"],"picked":"Echo Form+1","floor":7.0},{"not_picked":["Redo","Streamline"],"picked":"Glacier","floor":8.0},{"not_picked":["Sunder","Compile Driver"],"picked":"Static Discharge+1","floor":10.0},{"not_picked":["Doom and Gloom","Streamline"],"picked":"Force Field","floor":11.0},{"not_picked":["Compile Driver","Redo"],"picked":"Ball Lightning","floor":12.0},{"not_picked":["Streamline","Rebound","Melter"],"picked":"SKIP","floor":14.0},{"not_picked":["Streamline","Rebound","Melter"],"picked":"SKIP","floor":14.0},{"not_picked":["Multi-Cast","Fission"],"picked":"Buffer+1","floor":16.0},{"not_picked":["Gash+1","Streamline","Skim"],"picked":"SKIP","floor":18.0},{"not_picked":["Rip and Tear+1","Hologram+1","Turbo"],"picked":"SKIP","floor":19.0},{"not_picked":["Conserve Battery","Compile Driver","Stack"],"picked":"SKIP","floor":24.0},{"not_picked":["Beam Cell+1","Aggregate","Stack"],"picked":"SKIP","floor":30.0},{"not_picked":["Echo Form+1","Seek"],"picked":"Core Surge+1","floor":33.0},{"not_picked":["Turbo+1","Streamline+1","Recycle"],"picked":"SKIP","floor":35.0},{"not_picked":["Ball Lightning+1","Scrape+1","Sunder+1"],"picked":"SKIP","floor":38.0},{"not_picked":["Streamline+1","Turbo+1"],"picked":"Redo+1","floor":44},{"not_picked":["Reprogram+1","Sweeping Beam+1","Redo+1","Cold Snap+1"],"picked":"SKIP","floor":46},{"not_picked":["Go for the Eyes+1","Hologram+1","Sweeping Beam+1","BootSequence+1"],"picked":"SKIP","floor":47},{"not_picked":["Go for the Eyes+1","Compile Driver+1","Rebound+1","Doom and Gloom+1"],"picked":"SKIP","floor":48}],"player_experience":45869,"relics_obtained":[{"floor":7.0,"key":"Frozen Egg 2"},{"floor":9.0,"key":"Sundial"},{"floor":10.0,"key":"Cables"},{"floor":26.0,"key":"Molten Egg 2"},{"floor":30.0,"key":"Bag of Preparation"},{"floor":43.0,"key":"Toxic Egg 2"},{"floor":44,"key":"Question Card"},{"floor":48,"key":"Nunchaku"}],"event_choices":[{"cards_removed":["Defend_B"],"damage_healed":0.0,"max_hp_gain":0.0,"max_hp_loss":0.0,"gold_gain":0.0,"event_name":"The Cleric","player_choice":"Card Removal","floor":2.0,"gold_loss":50.0,"damage_taken":0.0},{"damage_healed":0.0,"max_hp_gain":0.0,"max_hp_loss":0.0,"gold_gain":275.0,"event_name":"Golden Shrine","player_choice":"Desecrate","floor":4.0,"gold_loss":0.0,"damage_taken":0.0,"cards_obtained":["Regret"]},{"damage_healed":0.0,"max_hp_gain":5.0,"max_hp_loss":0.0,"gold_gain":0.0,"event_name":"Forgotten Altar","player_choice":"Shed Blood","floor":20.0,"gold_loss":0.0,"damage_taken":19.0},{"damage_healed":0.0,"max_hp_gain":0.0,"max_hp_loss":0.0,"gold_gain":99.0,"event_name":"Nest","player_choice":"Stole From Cult","floor":21.0,"gold_loss":0.0,"damage_taken":0.0},{"damage_healed":0.0,"max_hp_gain":0.0,"max_hp_loss":0.0,"gold_gain":0.0,"event_name":"Upgrade Shrine","player_choice":"Upgraded","floor":22.0,"gold_loss":0.0,"damage_taken":0.0,"cards_upgraded":["Lockon"]},{"cards_removed":["Defend_B"],"damage_healed":0.0,"max_hp_gain":0.0,"max_hp_loss":0.0,"gold_gain":0.0,"event_name":"Back to Basics","player_choice":"Elegance","floor":25.0,"gold_loss":0.0,"damage_taken":0.0},{"damage_healed":0.0,"max_hp_gain":0.0,"max_hp_loss":0.0,"gold_gain":0.0,"event_name":"The Library","player_choice":"Read","floor":27.0,"gold_loss":0.0,"damage_taken":0.0,"cards_obtained":["Creative AI"]},{"damage_healed":0.0,"max_hp_gain":0.0,"max_hp_loss":0.0,"gold_gain":0.0,"cards_transformed":["Strike_B","Strike_B"],"event_name":"Drug Dealer","player_choice":"Became Test Subject","floor":31.0,"gold_loss":0.0,"damage_taken":0.0,"cards_obtained":["Self Repair","Fission"]},{"damage_healed":0.0,"max_hp_gain":0.0,"max_hp_loss":0.0,"gold_gain":0.0,"event_name":"Tomb of Lord Red Mask","player_choice":"Ignored","floor":36.0,"gold_loss":0.0,"damage_taken":0.0},{"damage_healed":0.0,"max_hp_gain":0.0,"max_hp_loss":0.0,"gold_gain":0.0,"event_name":"Winding Halls","player_choice":"Embrace Madness","floor":37.0,"gold_loss":0.0,"damage_taken":10.0,"cards_obtained":["Madness","Madness"]}],"is_beta":false,"boss_relics":[{"not_picked":["Sozu","Astrolabe"],"picked":"SlaversCollar"},{"not_picked":["Pandora\u0027s Box","Calling Bell"],"picked":"Fusion Hammer"}],"items_purged_floors":[13],"is_endless":false,"potions_floor_spawned":[1,5,10,11,14,16,18,30,33,44,47],"ascension_level":3}}