{"host":"ks12kfi5c4d9hdxy","time":1608027331,"event":{"mods":["Act Like it!","BaseMod","Conspire","Gensokyo","GifTheSpireLib","Koishi","LagranYue(拉格朗・月)","Marisa（F雨　魔理沙）","Minty Spire (QoL Compilation)","Quick Restart","Reimu（博丽灵梦）","Remilia（蕾米莉亚）","Replay The Spire","RumiaBox-露米娅的神秘盒子","Shop Mod","StSLib","SuperFastMode","The Administrix","The Servant 0.9.4","Youmu（魂魄妖梦）","Yuyuko","【东方二次创作】八云紫mod","【功能Mod】混沌之环修复补丁","【功能Mod】聪明的最终Boss","篝火指南"],"gold_per_floor":[116,41,60,60,74,104,118,153,180,192,192,192,192],"floor_reached":12,"playtime":313,"items_purged":["Strike_MRS"],"score":153,"play_id":"159f43da-5249-48a4-8573-46d2da43ee28","local_time":"20201215181531","is_ascension_mode":true,"campfire_choices":[],"circlet_count":0,"master_deck":["AscendersBane","Strike_MRS","Strike_MRS","Strike_MRS","Defend_MRS","Defend_MRS","Defend_MRS","Defend_MRS","MasterSpark","UpSweep","WitchLeyline","AlicesGift+1","StarDustReverie+1","WitchLeyline","GasGiant","MilkyWay"],"relics":["MiniHakkero","LagranYue:RandomDrawCardRelic","NeowsBlessing","Golden Egg","Replay:Wax Seal","Mastiff:ReiMu","Gensokyo:NagashiBinaDoll"],"acts_visited":["Exordium"],"potions_floor_usage":[12],"damage_taken":[{"damage":0.0,"enemies":"Gensokyo:Gryphon","floor":1.0,"turns":1.0},{"damage":0.0,"enemies":"Gensokyo:2_Kodama","floor":3.0,"turns":1.0},{"damage":2.0,"enemies":"Gensokyo:3_Fairies","floor":5.0,"turns":2.0},{"damage":36.0,"enemies":"Gensokyo:Cirno","floor":6.0,"turns":6.0},{"damage":6.0,"enemies":"Gensokyo:2_Rabbits","floor":7.0,"turns":2.0},{"damage":5.0,"enemies":"Gensokyo:Mamizou","floor":8.0,"turns":5.0},{"damage":4.0,"enemies":"Gensokyo:Kitsune","floor":10.0,"turns":3.0},{"damage":12,"enemies":"Gensokyo:Cirno","floor":12,"turns":3}],"seed_played":"8382882982793948820","potions_obtained":[{"floor":1.0,"key":"Elixir"},{"floor":8.0,"key":"Adrenaline Potion"},{"floor":10.0,"key":"Venom Potion"}],"is_trial":false,"path_per_floor":["M","$","M","?","M","E","M","E","T","M","?","E"],"character_chosen":"MARISA","items_purchased":[],"campfire_rested":0,"item_purchase_floors":[],"current_hp_per_floor":[63,63,63,63,61,25,19,14,14,10,10,0,0],"gold":192,"neow_bonus":"THREE_ENEMY_KILL","is_daily":false,"chose_seed":false,"campfire_upgraded":0,"win_rate":0.0,"timestamp":1608027331,"path_taken":["M","$","?","?","M","E","M","E","T","?","?","E"],"items_purchased_type":[],"build_version":"2020-12-13","purchased_purges":1,"victory":false,"max_hp_per_floor":[70,70,70,70,70,70,70,70,70,70,70,70,70],"card_choices":[{"not_picked":["EventHorizon","GalacticHalo"],"picked":"WitchLeyline","floor":1.0},{"not_picked":["IllusionStar","SporeBomb","LuminesStrike"],"picked":"SKIP","floor":3.0},{"not_picked":["LuminesStrike","DragonMeteor","SporeBomb"],"picked":"SKIP","floor":5.0},{"not_picked":["SprinkleStarSeal","Orbital"],"picked":"StarDustReverie","floor":6.0},{"not_picked":["MilkyWay","LuminesStrike"],"picked":"WitchLeyline","floor":7.0},{"not_picked":["LuminesStrike","SprinkleStarSeal"],"picked":"GasGiant","floor":8.0},{"not_picked":["LuminesStrike","WitchOfGreed"],"picked":"MilkyWay","floor":10.0}],"player_experience":503619,"relics_obtained":[{"floor":6.0,"key":"Golden Egg"},{"floor":8.0,"key":"Replay:Wax Seal"},{"floor":9.0,"key":"Mastiff:ReiMu"}],"event_choices":[],"is_beta":false,"boss_relics":[],"items_purged_floors":[2],"is_endless":false,"potions_floor_spawned":[1,8,10],"killed_by":"Gensokyo:Cirno","ascension_level":18}}