{"host":"cz3p2o9n3b1gdmkz","time":1608013766,"event":{"mods":["AchievementEnabler","BaseMod","CapriCore","GungeonMod","Hermit","Lobotomy","Minty Spire (QoL Compilation)","Replay The Spire","Shop Mod","StSLib","SuperFastMode","The Cursed","The Dragon Tamer","The Gatherer","The Jungle","The Poker Player","The Runesmith"],"gold_per_floor":[118,118,118,118,118,118,149,169,169,169,181,197,197,40,40,138,138,156,156,167,185,185,185,217,236,263,263,263,263,313,324,324,430,430,448,448,499,377,427,427,462,310,310,333,342,342,374,299,299,304,304,304,304,50,84,89],"floor_reached":57,"playtime":2682,"items_purged":["Writhe","DemoMod:RustySidearm+1"],"score":1336,"play_id":"5f0656dd-43ea-4888-a29a-ad8a030cb708","local_time":"20201215152926","is_ascension_mode":true,"campfire_choices":[{"data":"DemoMod:ManualReload","floor":6.0,"key":"SMITH"},{"data":"DemoMod:ManualReload","floor":13.0,"key":"SMITH"},{"floor":15.0,"key":"REST"},{"floor":23.0,"key":"REST"},{"floor":27.0,"key":"RECALL"},{"floor":32.0,"key":"DIG"},{"floor":40.0,"key":"REST"},{"floor":46.0,"key":"REST"},{"floor":49.0,"key":"REST"},{"floor":53,"key":"REST"}],"circlet_count":0,"master_deck":["DemoMod:Strike_Huntress","DemoMod:Defend_Huntress","DemoMod:Defend_Huntress","DemoMod:Roll+1","DemoMod:ManualReload+1","DemoMod:CrossBow","DemoMod:ManualReload+1","DemoMod:Slinger","DemoMod:Evolver","DemoMod:Evolver","DemoMod:FullFirepower+1","DemoMod:EasyReloadBullets","DemoMod:TableSutra","DemoMod:DoubleVision+1","DemoMod:LifeOrb+1","DemoMod:ThirdPartyController+1","DemoMod:TableSutra+1","DemoMod:BattleInHaste+1","DemoMod:BlankBullets+1"],"relics":["DemoMod:RiddleOfLead","Replay:Rubber Ducky","Golden Egg","DollysMirror","Fusion Hammer","Runesmith:AutoHammer","CeramicFish","Simple Rune","Blue Doll","Sozu","Replay:Kaleidoscope","Orrery","FossilizedHelix","Replay:Mystery Machine","DemoMod:MeatBun","Boot","DemoMod:HoleyGrail"],"acts_visited":["Exordium","TheCity","TheBeyond","TheEnding"],"potions_floor_usage":[],"damage_taken":[{"damage":10.0,"enemies":"Small Slimes","floor":1.0,"turns":2.0},{"damage":17.0,"enemies":"3 Sentries","floor":7.0,"turns":10.0},{"damage":0.0,"enemies":"2 Louse","floor":8.0,"turns":3.0},{"damage":0.0,"enemies":"Cultist","floor":11.0,"turns":2.0},{"damage":2.0,"enemies":"3 Louse","floor":12.0,"turns":4.0},{"damage":24.0,"enemies":"Hexaghost","floor":16.0,"turns":9.0},{"damage":4.0,"enemies":"Shell Parasite","floor":18.0,"turns":2.0},{"damage":0.0,"enemies":"Chosen","floor":20.0,"turns":1.0},{"damage":12.0,"enemies":"Snecko","floor":21.0,"turns":4.0},{"damage":0.0,"enemies":"Book of Stabbing","floor":24.0,"turns":3.0},{"damage":5.0,"enemies":"Shelled Parasite and Fungi","floor":25.0,"turns":3.0},{"damage":0.0,"enemies":"3 Cultists","floor":31.0,"turns":3.0},{"damage":5.0,"enemies":"Champ","floor":33.0,"turns":5.0},{"damage":0.0,"enemies":"3 Darklings","floor":35.0,"turns":2.0},{"damage":0.0,"enemies":"2 Orb Walkers","floor":37.0,"turns":2.0},{"damage":0.0,"enemies":"Mind Bloom Boss Battle","floor":39.0,"turns":3.0},{"damage":0.0,"enemies":"Reptomancer","floor":41.0,"turns":3.0},{"damage":0.0,"enemies":"3 Shapes","floor":44.0,"turns":2.0},{"damage":0.0,"enemies":"Giant Head","floor":47.0,"turns":2.0},{"damage":0,"enemies":"Replay:Hell Engine","floor":50,"turns":2},{"damage":0,"enemies":"Shield and Spear","floor":55,"turns":3},{"damage":54,"enemies":"The Heart","floor":56,"turns":6}],"seed_played":"1591638957967190079","potions_obtained":[{"floor":7.0,"key":"GamblersBrew"},{"floor":11.0,"key":"Explosive Potion"},{"floor":18.0,"key":"DuplicationPotion"}],"is_trial":false,"path_per_floor":["M","?","?","?","?","R","E","M","T","?","M","M","R","$","R","B",null,"M","?","M","M","?","R","E","M","T","R","?","?","T","M","R","B",null,"M","?","?","$","?","R","E","$","T","M","?","R","E","$","R","B",null,null,"R","$","E","B",null],"character_chosen":"HUNTRESS","items_purchased":["DollysMirror","Orrery","DemoMod:MeatBun","DemoMod:BlankBullets"],"campfire_rested":6,"item_purchase_floors":[14,38,42,54],"current_hp_per_floor":[70,70,63,45,45,45,28,28,28,21,21,19,19,19,46,22,90,86,86,86,74,74,90,90,85,85,85,85,85,85,85,85,80,90,90,90,90,90,90,90,90,90,90,90,90,90,90,90,90,90,90,90,90,90,90,36],"gold":89,"neow_bonus":"BOSS_RELIC","is_daily":false,"chose_seed":false,"campfire_upgraded":2,"win_rate":0.0,"timestamp":1608013766,"path_taken":["M","?","?","?","?","R","E","?","T","?","M","M","R","$","R","BOSS","M","?","?","M","?","R","E","?","T","R","?","?","?","M","R","BOSS","M","?","?","$","?","R","E","$","T","M","?","R","E","$","R","BOSS","R","$","E","BOSS"],"items_purchased_type":["Relic","Relic","Relic","Card"],"build_version":"2020-12-13","purchased_purges":2,"victory":true,"max_hp_per_floor":[80,80,90,90,90,90,90,90,90,90,90,90,90,90,90,90,90,90,90,90,90,90,90,90,90,90,90,90,90,90,90,90,90,90,90,90,90,90,90,90,90,90,90,90,90,90,90,90,90,90,90,90,90,90,90,90],"card_choices":[{"not_picked":["DemoMod:Casey","DemoMod:SAA","DemoMod:CursedBullets"],"picked":"SKIP","floor":1.0},{"not_picked":["DemoMod:TripleGun","DemoMod:StickyCrossBow"],"picked":"DemoMod:Slinger","floor":7.0},{"not_picked":["DemoMod:Casey","DemoMod:AWP","DemoMod:Purify"],"picked":"SKIP","floor":8.0},{"not_picked":["DemoMod:DoubleSwitch","DemoMod:StickyCrossBow","DemoMod:StrategicReserve"],"picked":"SKIP","floor":11.0},{"not_picked":["DemoMod:DoubleSwitch","DemoMod:StickyCrossBow","DemoMod:StrategicReserve"],"picked":"SKIP","floor":11.0},{"not_picked":["DemoMod:StrategicReserve","DemoMod:AC15","DemoMod:MachoBrace"],"picked":"SKIP","floor":12.0},{"not_picked":["DemoMod:FightSabre","DemoMod:BulletBore"],"picked":"DemoMod:FullFirepower","floor":16.0},{"not_picked":["DemoMod:GunstockTap","DemoMod:Polaris","DemoMod:DoubleSwitch"],"picked":"SKIP","floor":18.0},{"not_picked":["DemoMod:Unity","DemoMod:Rummage","DemoMod:SAA"],"picked":"SKIP","floor":20.0},{"not_picked":["DemoMod:DoubleSwitch","DemoMod:DirectionalPad"],"picked":"DemoMod:TableSutra","floor":21.0},{"not_picked":["DemoMod:MachoBrace","DemoMod:ZorGun","DemoMod:GunstockTap+1"],"picked":"SKIP","floor":24.0},{"not_picked":["DemoMod:JK47","DemoMod:RadGun+1","DemoMod:Purify"],"picked":"SKIP","floor":25.0},{"not_picked":["DemoMod:Ejector","DemoMod:SAA","DemoMod:AWP"],"picked":"SKIP","floor":31.0},{"not_picked":["DemoMod:BlackHoleGun","DemoMod:Gungine"],"picked":"DemoMod:DoubleVision","floor":33.0},{"not_picked":["DemoMod:AWP+1","DemoMod:Polaris+1","DemoMod:DirectionalPad"],"picked":"SKIP","floor":35.0},{"not_picked":["DemoMod:SAA+1","DemoMod:Casey+1"],"picked":"DemoMod:LifeOrb+1","floor":38.0},{"not_picked":["DemoMod:StickyCrossBow","DemoMod:LifeOrb"],"picked":"DemoMod:ThirdPartyController","floor":38.0},{"not_picked":["DemoMod:AC15","DemoMod:SniperShot+1"],"picked":"DemoMod:TableSutra+1","floor":38.0},{"not_picked":["DemoMod:Rummage","DemoMod:Gungine","DemoMod:Polaris+1"],"picked":"SKIP","floor":41.0},{"not_picked":["DemoMod:Unmoved","DemoMod:Replace+1"],"picked":"DemoMod:BattleInHaste+1","floor":44.0},{"not_picked":["DemoMod:SAA+1","DemoMod:Casey+1","DemoMod:Purify+1"],"picked":"SKIP","floor":47.0},{"not_picked":["DemoMod:Replace+1","DemoMod:RadGun","DemoMod:Casey"],"picked":"SKIP","floor":55}],"player_experience":947590,"relics_obtained":[{"floor":7.0,"key":"Replay:Rubber Ducky"},{"floor":9.0,"key":"Golden Egg"},{"floor":24.0,"key":"Runesmith:AutoHammer"},{"floor":26.0,"key":"CeramicFish"},{"floor":30.0,"key":"Simple Rune"},{"floor":32.0,"key":"Blue Doll"},{"floor":37.0,"key":"Replay:Kaleidoscope"},{"floor":39.0,"key":"FossilizedHelix"},{"floor":41.0,"key":"Replay:Mystery Machine"},{"floor":47.0,"key":"Boot"},{"floor":55,"key":"DemoMod:HoleyGrail"}],"event_choices":[{"damage_healed":0.0,"max_hp_gain":0.0,"max_hp_loss":0.0,"gold_gain":0.0,"event_name":"Shining Light","player_choice":"Entered Light","floor":4.0,"gold_loss":0.0,"damage_taken":18.0,"cards_upgraded":["DemoMod:Strike_Huntress","DemoMod:RustySidearm"]},{"damage_healed":0.0,"max_hp_gain":0.0,"max_hp_loss":0.0,"gold_gain":0.0,"event_name":"Match and Keep!","player_choice":"3 cards matched","floor":5.0,"gold_loss":0.0,"damage_taken":0.0,"cards_obtained":["DemoMod:ManualReload","DemoMod:Slinger","DemoMod:Evolver"]},{"cards_removed":["DemoMod:Strike_Huntress"],"damage_healed":0.0,"max_hp_gain":0.0,"max_hp_loss":0.0,"gold_gain":0.0,"event_name":"Golden Wing","player_choice":"Card Removal","floor":10.0,"gold_loss":0.0,"damage_taken":7.0},{"damage_healed":0.0,"max_hp_gain":0.0,"max_hp_loss":0.0,"gold_gain":0.0,"cards_transformed":["DemoMod:Strike_Huntress"],"event_name":"Transmorgrifier","player_choice":"Transformed","floor":19.0,"gold_loss":0.0,"damage_taken":0.0,"cards_obtained":["DemoMod:EasyReloadBullets"]},{"cards_removed":["DemoMod:Defend_Huntress"],"damage_healed":0.0,"max_hp_gain":0.0,"max_hp_loss":0.0,"gold_gain":0.0,"event_name":"Purifier","player_choice":"Purged","floor":22.0,"gold_loss":0.0,"damage_taken":0.0},{"damage_healed":0.0,"max_hp_gain":0.0,"max_hp_loss":0.0,"gold_gain":0.0,"event_name":"Ghosts","player_choice":"Ignored","floor":28.0,"gold_loss":0.0,"damage_taken":0.0},{"cards_removed":["DemoMod:Defend_Huntress"],"damage_healed":0.0,"max_hp_gain":0.0,"max_hp_loss":0.0,"gold_gain":0.0,"event_name":"Back to Basics","player_choice":"Elegance","floor":29.0,"gold_loss":0.0,"damage_taken":0.0},{"cards_removed":["DemoMod:Slinger"],"damage_healed":0.0,"max_hp_gain":0.0,"max_hp_loss":0.0,"gold_gain":0.0,"event_name":"Falling","player_choice":"Removed Power","floor":36.0,"gold_loss":0.0,"damage_taken":0.0},{"damage_healed":0.0,"max_hp_gain":0.0,"max_hp_loss":0.0,"gold_gain":0.0,"event_name":"Mysterious Sphere","player_choice":"Fight","floor":37.0,"gold_loss":0.0,"damage_taken":0.0},{"damage_healed":0.0,"max_hp_gain":0.0,"max_hp_loss":0.0,"gold_gain":0.0,"event_name":"MindBloom","player_choice":"Fight","floor":39.0,"gold_loss":0.0,"damage_taken":0.0},{"damage_healed":23.0,"max_hp_gain":0.0,"max_hp_loss":0.0,"gold_gain":0.0,"event_name":"Winding Halls","player_choice":"Writhe","floor":45.0,"gold_loss":0.0,"damage_taken":0.0,"cards_obtained":["Writhe"]}],"is_beta":false,"boss_relics":[{"not_picked":["Runic Pyramid","Honey Jar"],"picked":"Fusion Hammer"},{"not_picked":["DemoMod:ElasticCartridgeClip","ReplayTheSpireMod:DimensionalGlitch"],"picked":"Sozu"}],"items_purged_floors":[48,54],"is_endless":false,"potions_floor_spawned":[7,11,18,21,24,35,39],"ascension_level":4}}