{"host":"2hea6pl5vmah38iy","time":1608043244,"event":{"mods":["AchievementEnabler","BaseMod","Colored Map","DeckTracker","Keyboard Shortcuts","Minty Spire (QoL Compilation)","Rare Cards Sparkle","StSLib","SuperFastMode","everything is the same but u backflip on backflip"],"gold_per_floor":[112,131,148,168,46,78,78,78,78,107,117,135,135,135,135,208,208,208,163,163,163,163,163,163,163,163,163,163,163,163,163,163],"floor_reached":31,"playtime":1757,"items_purged":["Defend_P"],"score":551,"play_id":"de3cbc48-285f-4a8b-88a6-76cf816cebbc","local_time":"20201215234044","is_ascension_mode":true,"campfire_choices":[{"data":"Worship","floor":7.0,"key":"SMITH"},{"floor":15,"key":"REST"},{"floor":25,"key":"REST"}],"circlet_count":0,"master_deck":["AscendersBane","Strike_P","Strike_P+1","Strike_P","Defend_P+1","Defend_P","Eruption","Vigilance","Worship+1","Pray+1","FlyingSleeves","CrushJoints+1","Judgement+1","Brilliance","FlurryOfBlows+1","SashWhip+1","Prostrate","FlurryOfBlows","ClearTheMind","Devotion","LessonLearned","Devotion","Prostrate+1","Study","FlurryOfBlows"],"relics":["PureWater","Thread and Needle","Pen Nib","Ornamental Fan","Prayer Wheel","Ectoplasm","Damaru","Gremlin Horn","Bottled Tornado","InkBottle","Toxic Egg 2"],"acts_visited":["Exordium","TheCity"],"potions_floor_usage":[11,23,29,30],"damage_taken":[{"damage":0.0,"enemies":"Cultist","floor":1.0,"turns":3.0},{"damage":0.0,"enemies":"Jaw Worm","floor":2.0,"turns":3.0},{"damage":0.0,"enemies":"2 Louse","floor":3.0,"turns":2.0},{"damage":0.0,"enemies":"Exordium Thugs","floor":4.0,"turns":4.0},{"damage":36.0,"enemies":"Gremlin Nob","floor":6.0,"turns":5.0},{"damage":10.0,"enemies":"Lagavulin","floor":10.0,"turns":7.0},{"damage":2.0,"enemies":"Gremlin Gang","floor":11.0,"turns":5.0},{"damage":1,"enemies":"Large Slime","floor":12,"turns":3},{"damage":25,"enemies":"Slime Boss","floor":16,"turns":8},{"damage":6,"enemies":"Shell Parasite","floor":18,"turns":4},{"damage":7,"enemies":"2 Thieves","floor":19,"turns":3},{"damage":1,"enemies":"Snecko","floor":21,"turns":4},{"damage":12,"enemies":"Slavers","floor":23,"turns":4},{"damage":10,"enemies":"Shelled Parasite and Fungi","floor":24,"turns":3},{"damage":7,"enemies":"Gremlin Leader","floor":27,"turns":3},{"damage":0,"enemies":"Centurion and Healer","floor":28,"turns":3},{"damage":17,"enemies":"Book of Stabbing","floor":29,"turns":3},{"damage":0,"enemies":"Snake Plant","floor":30,"turns":5},{"damage":38,"enemies":"Slavers","floor":31,"turns":3}],"seed_played":"-916689988938144439","potions_obtained":[{"floor":2.0,"key":"Fire Potion"},{"floor":3.0,"key":"FairyPotion"},{"floor":11,"key":"Fruit Juice"},{"floor":16,"key":"BottledMiracle"},{"floor":21,"key":"LiquidMemories"},{"floor":23,"key":"LiquidMemories"},{"floor":29,"key":"Block Potion"}],"is_trial":false,"path_per_floor":["M","M","M","M","$","E","R","?","T","E","M","M","?","?","R","B",null,"M","M","T","M","?","E","M","R","T","E","M","E","M","E"],"character_chosen":"WATCHER","items_purchased":["CrushJoints"],"campfire_rested":2,"item_purchase_floors":[5],"current_hp_per_floor":[65,65,65,65,65,29,29,29,29,19,22,21,7,7,28,3,53,47,40,40,39,39,27,17,38,38,31,31,14,14,0,0],"gold":163,"neow_bonus":"ONE_RARE_RELIC","is_daily":false,"chose_seed":false,"campfire_upgraded":1,"win_rate":0.0,"timestamp":1608043244,"path_taken":["M","M","M","M","$","E","R","?","T","E","M","M","?","?","R","BOSS","M","M","?","M","?","E","M","R","T","E","?","E","?","E"],"items_purchased_type":["Card"],"build_version":"2020-12-13","purchased_purges":1,"victory":false,"max_hp_per_floor":[65,65,65,65,65,65,65,65,65,65,70,70,70,70,70,70,70,70,70,70,70,70,70,70,70,70,70,70,70,70,70,70],"card_choices":[{"not_picked":["Halt","Indignation"],"picked":"Worship","floor":1.0},{"not_picked":["Consecrate","Conclude","ThirdEye"],"picked":"SKIP","floor":2.0},{"not_picked":["Crescendo","CarveReality"],"picked":"Pray","floor":3.0},{"not_picked":["ReachHeaven","ThirdEye"],"picked":"FlyingSleeves","floor":4.0},{"not_picked":["Consecrate","Nirvana","JustLucky"],"picked":"SKIP","floor":6.0},{"not_picked":["Tantrum","EmptyBody","Vengeance"],"picked":"SKIP","floor":10.0},{"not_picked":["PathToVictory","InnerPeace","JustLucky"],"picked":"SKIP","floor":11},{"not_picked":["Halt","JustLucky","Judgement"],"picked":"SKIP","floor":11},{"not_picked":["EmptyFist","EmptyBody","ThirdEye"],"picked":"SKIP","floor":12},{"not_picked":["WreathOfFlame","Halt","ClearTheMind"],"picked":"SKIP","floor":12},{"not_picked":["Blasphemy","MasterReality"],"picked":"Brilliance","floor":16},{"not_picked":["ThirdEye","Indignation"],"picked":"FlurryOfBlows+1","floor":18},{"not_picked":["FearNoEvil","ClearTheMind+1","SashWhip"],"picked":"SKIP","floor":18},{"not_picked":["FearNoEvil","ClearTheMind+1"],"picked":"SashWhip","floor":18},{"not_picked":["Indignation","Adaptation"],"picked":"Prostrate","floor":19},{"not_picked":["CutThroughFate","Collect"],"picked":"FlurryOfBlows","floor":19},{"not_picked":["SashWhip","WheelKick","Wireheading"],"picked":"SKIP","floor":21},{"not_picked":["Vengeance","EmptyBody+1","BowlingBash"],"picked":"SKIP","floor":21},{"not_picked":["TalkToTheHand","Protect","Nirvana"],"picked":"SKIP","floor":23},{"not_picked":["BowlingBash","Evaluate"],"picked":"LessonLearned","floor":24},{"not_picked":["EmptyFist","PathToVictory","CrushJoints"],"picked":"SKIP","floor":24},{"not_picked":["ReachHeaven","Crescendo","Fasting2"],"picked":"SKIP","floor":27},{"not_picked":["Halt","Fasting2"],"picked":"Devotion","floor":28},{"not_picked":["EmptyMind","PathToVictory","Crescendo+1"],"picked":"SKIP","floor":28},{"not_picked":["ClearTheMind+1","FollowUp"],"picked":"Prostrate+1","floor":29},{"not_picked":["JustLucky","CutThroughFate"],"picked":"Study","floor":30},{"not_picked":["CutThroughFate","JustLucky"],"picked":"FlurryOfBlows","floor":30}],"player_experience":414944,"relics_obtained":[{"floor":6.0,"key":"Pen Nib"},{"floor":9.0,"key":"Ornamental Fan"},{"floor":10.0,"key":"Prayer Wheel"},{"floor":20,"key":"Damaru"},{"floor":23,"key":"Gremlin Horn"},{"floor":26,"key":"Bottled Tornado"},{"floor":27,"key":"InkBottle"},{"floor":29,"key":"Toxic Egg 2"}],"event_choices":[{"damage_healed":0.0,"max_hp_gain":0.0,"max_hp_loss":0.0,"gold_gain":0.0,"event_name":"Match and Keep!","player_choice":"1 cards matched","floor":8.0,"gold_loss":0.0,"damage_taken":0.0,"cards_obtained":["Judgement"]},{"damage_healed":0,"gold_gain":0,"player_choice":"Entered Light","damage_taken":14,"max_hp_gain":0,"max_hp_loss":0,"event_name":"Shining Light","floor":13,"gold_loss":0,"cards_upgraded":["Defend_P","CrushJoints"]},{"damage_healed":0,"gold_gain":0,"player_choice":"Upgraded","damage_taken":0,"max_hp_gain":0,"max_hp_loss":0,"event_name":"Upgrade Shrine","floor":14,"gold_loss":0,"cards_upgraded":["Pray"]},{"damage_healed":0,"gold_gain":0,"cards_transformed":["Strike_P","Defend_P"],"player_choice":"Became Test Subject","damage_taken":0,"max_hp_gain":0,"max_hp_loss":0,"event_name":"Drug Dealer","floor":22,"gold_loss":0,"cards_obtained":["ClearTheMind","Devotion"]}],"is_beta":false,"boss_relics":[{"not_picked":["Snecko Eye","Busted Crown"],"picked":"Ectoplasm"}],"items_purged_floors":[5],"is_endless":false,"potions_floor_spawned":[2,3,11,16,21,23,28,29],"killed_by":"Slavers","ascension_level":13}}