{"host":"cr9rpoy6dx9riis3","time":1608073719,"event":{"mods":["AchievementEnabler","BaseMod","Better Altar","Better Note","Better Sensory Stone","Better Skull","Better Third Choice","Better-Laid Plans","BetterRewards","Block Reminder","Curses Come First","Displayed Cursed Tome","Emptier Cage","Marked Mod","Minty Spire (QoL Compilation)","Permanent Neow","Relic Sorter","StSLib","The Blue Laboratory","Transform Curses"],"gold_per_floor":[111,36,36,56,56,70,70,119,119,119,139,139,169,180,180,180,180],"floor_reached":16,"playtime":355,"items_purged":["Strike_R"],"score":173,"play_id":"2d689cf6-f40e-48df-8398-7c36f653a849","local_time":"20201216000839","is_ascension_mode":true,"campfire_choices":[{"data":"Hemokinesis","floor":7,"key":"SMITH"},{"data":"Disarm","floor":12,"key":"SMITH"},{"data":"Blood for Blood","floor":15,"key":"SMITH"}],"circlet_count":0,"master_deck":["Strike_R","Strike_R","Strike_R","Strike_R","Defend_R","Defend_R","Defend_R","Defend_R","Bash","Hemokinesis+1","Disarm+1","Blood for Blood+1","Blood for Blood"],"relics":["Burning Blood","Darkstone Periapt","White Beast Statue","Strange Spoon"],"acts_visited":["Exordium"],"potions_floor_usage":[13,13,13,16,16],"damage_taken":[{"damage":4,"enemies":"2 Louse","floor":1,"turns":3},{"damage":6,"enemies":"Jaw Worm","floor":4,"turns":5},{"damage":4,"enemies":"Cultist","floor":6,"turns":3},{"damage":9,"enemies":"2 Fungi Beasts","floor":11,"turns":3},{"damage":41,"enemies":"3 Sentries","floor":13,"turns":7},{"damage":17,"enemies":"Blue Slaver","floor":14,"turns":3},{"damage":46,"enemies":"Slime Boss","floor":16,"turns":5}],"seed_played":"5750079961816169023","potions_obtained":[{"floor":4,"key":"blueLaboratory:PolymorphPotion"},{"floor":11,"key":"Explosive Potion"},{"floor":13,"key":"blueLaboratory:BottleOfRum"},{"floor":14,"key":"blueLaboratory:EnragingPotion"}],"is_trial":false,"path_per_floor":["M","$","?","M","$","M","R","T","T","?","M","R","E","M","R","B"],"character_chosen":"IRONCLAD","items_purchased":["Strange Spoon","Swift Potion"],"campfire_rested":0,"item_purchase_floors":[0,0],"current_hp_per_floor":[80,80,80,80,80,80,80,80,80,80,77,77,42,31,31,0,0],"gold":180,"neow_bonus":"","is_daily":false,"chose_seed":false,"campfire_upgraded":3,"win_rate":0.0,"timestamp":1608073719,"path_taken":["M","$","?","M","$","M","R","?","T","?","?","R","E","M","R","BOSS"],"items_purchased_type":["Relic","Potion"],"build_version":"2020-12-13","purchased_purges":1,"victory":false,"max_hp_per_floor":[80,80,80,80,80,80,80,80,80,80,80,80,80,80,80,80,80],"card_choices":[{"not_picked":["Anger","Sword Boomerang","Shrug It Off"],"picked":"SKIP","floor":1},{"not_picked":["Perfected Strike","Cleave"],"picked":"Hemokinesis","floor":4},{"not_picked":["Sword Boomerang","Wild Strike","Clash"],"picked":"SKIP","floor":6},{"not_picked":["Juggernaut","Dual Wield"],"picked":"Disarm","floor":11},{"not_picked":["Wild Strike","True Grit"],"picked":"Blood for Blood","floor":13},{"not_picked":["Intimidate","Spot Weakness"],"picked":"Blood for Blood","floor":14}],"player_experience":708806,"relics_obtained":[{"floor":9,"key":"White Beast Statue"},{"floor":13,"key":"Darkstone Periapt"}],"event_choices":[{"damage_healed":0,"gold_gain":0,"player_choice":"Leave","damage_taken":0,"max_hp_gain":0,"max_hp_loss":0,"event_name":"The Cleric","floor":3,"gold_loss":0},{"damage_healed":0,"gold_gain":0,"player_choice":"Bought 0 Potions","damage_taken":0,"max_hp_gain":0,"max_hp_loss":0,"event_name":"The Woman in Blue","floor":10,"gold_loss":0}],"is_beta":false,"boss_relics":[],"items_purged_floors":[2],"is_endless":false,"potions_floor_spawned":[4,11,13,14],"killed_by":"Slime Boss","ascension_level":3}}