{"host":"jlioisuqr94vbevf","time":1608031463,"event":{"mods":["BaseMod","Colored Powertips","Minty Spire (QoL Compilation)","StSLib"],"gold_per_floor":[113,131,148,166,166,194,194,194,194,221,221,221,221,239,239,339,339,356,366,381,229,244,269,269,302,302,302,50,69,4,17,17,117,117,136,60,70,70,90,90,117,117,143,160,175,175,175,190,190,190],"floor_reached":51,"playtime":3641,"items_purged":["Regret"],"score":874,"play_id":"ebe0573e-b45a-4f4a-8b06-7239ed69d157","local_time":"20201215122423","is_ascension_mode":true,"campfire_choices":[{"data":"Dodge and Roll","floor":8,"key":"SMITH"},{"floor":11,"key":"REST"},{"data":"Infinite Blades","floor":13,"key":"SMITH"},{"data":"Blade Dance","floor":15,"key":"SMITH"},{"floor":24,"key":"REST"},{"data":"Envenom","floor":27,"key":"SMITH"},{"floor":32,"key":"REST"},{"floor":40,"key":"REST"},{"floor":42,"key":"REST"},{"data":"Accuracy","floor":46,"key":"SMITH"},{"floor":49,"key":"REST"}],"circlet_count":0,"master_deck":["Strike_G","Strike_G","Strike_G","Strike_G","Defend_G","Defend_G","Defend_G","Defend_G","Defend_G","Survivor","Neutralize+1","Bandage Up","Deflect","Flying Knee","Dodge and Roll+1","Infinite Blades+1","Crippling Poison","Infinite Blades","Blade Dance+1","Envenom+1","Quick Slash","Dagger Spray","Dodge and Roll+1","Slice","Cloak And Dagger","Deflect","Prepared+1","Backflip","Choke+1","Phantasmal Killer","Accuracy+1","Slice+1","Outmaneuver+1","Acrobatics+1","Footwork","Wraith Form v2","PiercingWail"],"relics":["Ring of the Snake","Toy Ornithopter","Oddly Smooth Stone","Mummified Hand","Ginger","WristBlade","Du-Vu Doll","Potion Belt","Bottled Flame","Molten Egg 2","Shuriken","Philosopher\u0027s Stone","Ninja Scroll","Dead Branch","Omamori"],"acts_visited":["Exordium","TheCity","TheBeyond"],"potions_floor_usage":[6,6,16,23,25,25,33,37,50],"damage_taken":[{"damage":1,"enemies":"Cultist","floor":1,"turns":4},{"damage":2,"enemies":"Jaw Worm","floor":2,"turns":6},{"damage":4,"enemies":"2 Louse","floor":3,"turns":4},{"damage":3,"enemies":"2 Fungi Beasts","floor":4,"turns":6},{"damage":15,"enemies":"Gremlin Nob","floor":6,"turns":5},{"damage":25,"enemies":"3 Sentries","floor":10,"turns":15},{"damage":1,"enemies":"Looter","floor":14,"turns":4},{"damage":24,"enemies":"Hexaghost","floor":16,"turns":11},{"damage":3,"enemies":"Chosen","floor":18,"turns":4},{"damage":0,"enemies":"3 Byrds","floor":19,"turns":5},{"damage":17,"enemies":"Snake Plant","floor":20,"turns":4},{"damage":8,"enemies":"Centurion and Healer","floor":22,"turns":6},{"damage":17,"enemies":"Book of Stabbing","floor":23,"turns":5},{"damage":26,"enemies":"Slavers","floor":25,"turns":5},{"damage":11,"enemies":"Shelled Parasite and Fungi","floor":29,"turns":3},{"damage":13,"enemies":"Sentry and Sphere","floor":31,"turns":4},{"damage":45,"enemies":"Automaton","floor":33,"turns":7},{"damage":1,"enemies":"Orb Walker","floor":35,"turns":2},{"damage":0,"enemies":"3 Darklings","floor":37,"turns":3},{"damage":16,"enemies":"Writhing Mass","floor":39,"turns":5},{"damage":29,"enemies":"Nemesis","floor":41,"turns":5},{"damage":0,"enemies":"Transient","floor":44,"turns":5},{"damage":14,"enemies":"Spire Growth","floor":45,"turns":2},{"damage":1,"enemies":"Maw","floor":48,"turns":4},{"damage":52,"enemies":"Awakened One","floor":50,"turns":9}],"seed_played":"1502484834433454840","potions_obtained":[{"floor":1,"key":"Fire Potion"},{"floor":3,"key":"Weak Potion"},{"floor":10,"key":"Ancient Potion"},{"floor":14,"key":"FearPotion"},{"floor":19,"key":"CunningPotion"},{"floor":23,"key":"EssenceOfSteel"},{"floor":29,"key":"SteroidPotion"},{"floor":35,"key":"LiquidMemories"},{"floor":41,"key":"Ancient Potion"}],"is_trial":false,"path_per_floor":["M","M","M","M","?","E","?","R","T","E","R","?","R","M","R","B",null,"M","M","M","$","M","E","R","E","T","R","$","M","?","M","R","B",null,"M","$","M","T","M","R","E","R","T","M","M","R","?","M","R","B",null],"character_chosen":"THE_SILENT","items_purchased":["Slice","Cloak And Dagger","Molten Egg 2","Accuracy"],"campfire_rested":6,"item_purchase_floors":[21,21,28,36],"current_hp_per_floor":[69,70,70,67,67,52,45,45,45,24,45,45,45,48,48,33,61,62,62,49,49,45,37,58,44,44,44,44,37,37,24,45,9,55,54,54,59,59,47,68,39,60,60,64,54,54,54,57,67,24],"gold":190,"neow_bonus":"RANDOM_COLORLESS","is_daily":false,"chose_seed":false,"campfire_upgraded":5,"win_rate":0.0,"timestamp":1608031463,"path_taken":["M","?","M","M","?","E","?","R","T","E","R","?","R","M","R","BOSS","M","M","M","$","M","E","R","E","T","R","$","M","?","M","R","BOSS","M","$","M","?","?","R","E","R","T","M","M","R","?","M","R","BOSS"],"items_purchased_type":["Card","Card","Relic","Card"],"build_version":"2020-12-13","purchased_purges":1,"victory":true,"max_hp_per_floor":[70,70,70,70,70,70,70,70,70,70,70,70,70,70,70,70,70,70,70,70,70,70,70,70,70,70,70,70,70,70,70,70,70,70,70,70,70,70,70,70,70,70,70,70,70,70,67,67,67,67],"card_choices":[{"not_picked":["Forethought","Dark Shackles"],"picked":"Bandage Up","floor":0},{"not_picked":["Riddle With Holes","Deadly Poison"],"picked":"Deflect","floor":1},{"not_picked":["Dagger Spray","Tactician"],"picked":"Flying Knee","floor":2},{"not_picked":["Quick Slash","Skewer"],"picked":"Dodge and Roll","floor":3},{"not_picked":["Acrobatics","Prepared"],"picked":"Infinite Blades","floor":4},{"not_picked":["Deflect","Die Die Die"],"picked":"Crippling Poison","floor":6},{"not_picked":["Reflex","Flechettes"],"picked":"Infinite Blades","floor":10},{"not_picked":["All Out Attack","Poisoned Stab"],"picked":"Blade Dance","floor":14},{"not_picked":["A Thousand Cuts","Grand Finale"],"picked":"Envenom","floor":16},{"not_picked":["Acrobatics","Expertise+1"],"picked":"Quick Slash","floor":18},{"not_picked":["Slice","Deadly Poison"],"picked":"Dagger Spray","floor":19},{"not_picked":["Heel Hook","Endless Agony"],"picked":"Dodge and Roll+1","floor":20},{"not_picked":["Slice","Envenom"],"picked":"Deflect","floor":22},{"not_picked":["Blade Dance","Flying Knee"],"picked":"Prepared+1","floor":23},{"not_picked":["Poisoned Stab","Bane","Cloak And Dagger"],"picked":"SKIP","floor":25},{"not_picked":["Acrobatics","Infinite Blades+1"],"picked":"Backflip","floor":29},{"not_picked":["PiercingWail","Flying Knee+1"],"picked":"Choke+1","floor":31},{"not_picked":["Corpse Explosion","Tools of the Trade"],"picked":"Phantasmal Killer","floor":33},{"not_picked":["Dagger Throw+1","Outmaneuver","Quick Slash+1"],"picked":"SKIP","floor":35},{"not_picked":["Underhanded Strike+1","Poisoned Stab+1"],"picked":"Slice+1","floor":37},{"not_picked":["Deflect+1","Reflex+1"],"picked":"Outmaneuver+1","floor":39},{"not_picked":["Outmaneuver+1","Blade Dance+1"],"picked":"Acrobatics+1","floor":41},{"not_picked":["Predator+1","Backflip"],"picked":"Footwork","floor":44},{"not_picked":["Tactician+1","Setup+1"],"picked":"Wraith Form v2","floor":45},{"not_picked":["Poisoned Stab+1","Flying Knee+1"],"picked":"PiercingWail","floor":48}],"player_experience":340571,"relics_obtained":[{"floor":6,"key":"Toy Ornithopter"},{"floor":9,"key":"Oddly Smooth Stone"},{"floor":10,"key":"Mummified Hand"},{"floor":23,"key":"Du-Vu Doll"},{"floor":25,"key":"Potion Belt"},{"floor":26,"key":"Bottled Flame"},{"floor":38,"key":"Ninja Scroll"},{"floor":41,"key":"Dead Branch"},{"floor":43,"key":"Omamori"}],"event_choices":[{"damage_healed":0,"gold_gain":0,"player_choice":"Grow","damage_taken":0,"max_hp_gain":0,"max_hp_loss":0,"event_name":"Living Wall","floor":5,"gold_loss":0,"cards_upgraded":["Neutralize"]},{"cards_removed":["Strike_G"],"damage_healed":0,"gold_gain":0,"player_choice":"Card Removal","damage_taken":7,"max_hp_gain":0,"max_hp_loss":0,"event_name":"Golden Wing","floor":7,"gold_loss":0},{"damage_healed":0,"gold_gain":0,"player_choice":"Box","damage_taken":0,"relics_obtained":["Ginger"],"max_hp_gain":0,"max_hp_loss":0,"event_name":"Big Fish","floor":12,"gold_loss":0,"cards_obtained":["Regret"]},{"damage_healed":0,"gold_gain":0,"player_choice":"Paid Gold","damage_taken":0,"relics_obtained":["Shuriken"],"max_hp_gain":0,"max_hp_loss":0,"event_name":"WeMeetAgain","floor":30,"gold_loss":65},{"cards_removed":["Parasite"],"damage_healed":0,"gold_gain":0,"player_choice":"Purged","damage_taken":0,"max_hp_gain":0,"max_hp_loss":0,"event_name":"Purifier","floor":47,"gold_loss":0}],"is_beta":false,"boss_relics":[{"not_picked":["Velvet Choker","Empty Cage"],"picked":"WristBlade"},{"not_picked":["Busted Crown","Ring of the Serpent"],"picked":"Philosopher\u0027s Stone"}],"items_purged_floors":[21],"is_endless":false,"potions_floor_spawned":[1,3,10,14,19,23,29,35,41],"ascension_level":5}}