{"host":"rmsq46plbpwfbxcc","time":1608041765,"event":{"mods":["AchievementEnabler","BaseMod","Colored Map","DeckTracker","Minty Spire (QoL Compilation)","Permanent Neow","SuperFastMode"],"gold_per_floor":[113,128,128,140,159,159,186,186,212,212,226,253,253,125,125,202,202,212,231,231,56,56,56,88,105,131,131,174,49,49,67,67,152,152,179,108,0,19,31,31,69,69,95,151,189,189,39,57,57,57],"floor_reached":51,"playtime":1844,"items_purged":["Pain","Strike_G","Strike_G","Defend_G"],"score":1578,"play_id":"7e6c988b-08f6-45fb-8997-44e31866faf7","local_time":"20201215231605","is_ascension_mode":true,"campfire_choices":[{"data":"Neutralize","floor":6.0,"key":"SMITH"},{"data":"Blade Dance","floor":8.0,"key":"SMITH"},{"data":"Choke","floor":13.0,"key":"SMITH"},{"data":"Cloak And Dagger","floor":15.0,"key":"SMITH"},{"data":"Envenom","floor":23.0,"key":"SMITH"},{"data":"Accuracy","floor":27.0,"key":"SMITH"},{"data":"Footwork","floor":30.0,"key":"SMITH"},{"data":"Well Laid Plans","floor":32.0,"key":"SMITH"},{"data":"After Image","floor":40.0,"key":"SMITH"},{"data":"Accuracy","floor":42.0,"key":"SMITH"},{"data":"Blur","floor":46.0,"key":"SMITH"},{"data":"Survivor","floor":49.0,"key":"SMITH"}],"circlet_count":0,"master_deck":["AscendersBane","Strike_G","Strike_G","Defend_G","Defend_G","Defend_G","Survivor+1","Neutralize+1","CurseOfTheBell","Choke+1","Blade Dance+1","Backflip","Cloak And Dagger+1","Corpse Explosion+1","Well Laid Plans+1","Envenom+1","Accuracy+1","Footwork+1","Predator","Die Die Die","After Image+1","Accuracy+1","Escape Plan+1","Backstab+1","Bane","Cloak And Dagger+1","Blur+1"],"relics":["Calling Bell","Juzu Bracelet","StrikeDummy","Thread and Needle","WarpedTongs","Lantern","PreservedInsect","Anchor","Bird Faced Urn","Coffee Dripper","Nilry\u0027s Codex","FossilizedHelix","CeramicFish","Snake Skull","Black Star","Red Mask","Nunchaku","Mummified Hand","Oddly Smooth Stone","Ice Cream","War Paint","Kunai"],"acts_visited":["Exordium","TheCity","TheBeyond"],"potions_floor_usage":[50,50],"damage_taken":[{"damage":0.0,"enemies":"2 Louse","floor":1.0,"turns":4.0},{"damage":0.0,"enemies":"Cultist","floor":2.0,"turns":4.0},{"damage":2.0,"enemies":"Jaw Worm","floor":4.0,"turns":4.0},{"damage":0.0,"enemies":"3 Louse","floor":5.0,"turns":3.0},{"damage":2.0,"enemies":"Gremlin Nob","floor":7.0,"turns":2.0},{"damage":8.0,"enemies":"Gremlin Gang","floor":11.0,"turns":4.0},{"damage":8.0,"enemies":"3 Sentries","floor":12.0,"turns":8.0},{"damage":10.0,"enemies":"The Guardian","floor":16.0,"turns":13.0},{"damage":0.0,"enemies":"2 Thieves","floor":18.0,"turns":4.0},{"damage":2.0,"enemies":"3 Byrds","floor":19.0,"turns":4.0},{"damage":1.0,"enemies":"Slavers","floor":24.0,"turns":4.0},{"damage":0.0,"enemies":"Snake Plant","floor":25.0,"turns":3.0},{"damage":30.0,"enemies":"Book of Stabbing","floor":28.0,"turns":6.0},{"damage":0.0,"enemies":"Automaton","floor":33.0,"turns":8.0},{"damage":0.0,"enemies":"3 Darklings","floor":35.0,"turns":3.0},{"damage":0.0,"enemies":"Orb Walker","floor":38.0,"turns":4.0},{"damage":0.0,"enemies":"Maw","floor":39.0,"turns":6.0},{"damage":35.0,"enemies":"Reptomancer","floor":41.0,"turns":6.0},{"damage":0.0,"enemies":"2 Orb Walkers","floor":44.0,"turns":5.0},{"damage":0.0,"enemies":"Nemesis","floor":45.0,"turns":6.0},{"damage":0.0,"enemies":"Jaw Worm Horde","floor":48.0,"turns":3.0},{"damage":0,"enemies":"Time Eater","floor":50,"turns":9}],"seed_played":"-1130848338201563134","potions_obtained":[{"floor":4.0,"key":"FearPotion"},{"floor":7.0,"key":"Swift Potion"},{"floor":11.0,"key":"Swift Potion"},{"floor":12.0,"key":"SkillPotion"},{"floor":16.0,"key":"Fruit Juice"},{"floor":19.0,"key":"Energy Potion"},{"floor":24.0,"key":"LiquidMemories"},{"floor":33.0,"key":"Dexterity Potion"},{"floor":39.0,"key":"PowerPotion"},{"floor":45.0,"key":"Fire Potion"},{"floor":48.0,"key":"Strength Potion"}],"is_trial":false,"path_per_floor":["M","M","?","M","M","R","E","R","T","?","M","E","R","$","R","B",null,"M","M","?","$","?","R","E","M","T","R","E","$","R","?","R","B",null,"M","$","?","M","M","R","E","R","T","?","E","R","$","M","R","B",null],"character_chosen":"THE_SILENT","items_purchased":["Cloak And Dagger","Envenom","Escape Plan"],"campfire_rested":0,"item_purchase_floors":[14,21,36],"current_hp_per_floor":[59,59,59,57,57,57,55,55,55,44,36,28,28,28,28,18,59,59,59,38,38,32,32,35,37,37,37,13,13,13,13,13,23,59,63,63,63,71,71,71,44,44,44,58,71,71,71,71,71,71],"gold":57,"neow_bonus":"BOSS_RELIC","is_daily":false,"chose_seed":false,"campfire_upgraded":12,"win_rate":0.0,"timestamp":1608041765,"path_taken":["M","M","?","M","M","R","E","R","T","?","M","E","R","$","R","BOSS","M","M","?","$","?","R","E","M","T","R","E","$","R","?","R","BOSS","M","$","?","M","M","R","E","R","T","?","E","R","$","M","R","BOSS"],"items_purchased_type":["Card","Card","Card"],"build_version":"2020-11-30","purchased_purges":4,"victory":true,"max_hp_per_floor":[66,66,66,66,66,66,66,66,66,66,66,66,66,66,66,66,71,71,71,71,71,71,71,71,71,71,71,71,71,71,71,71,71,71,71,71,71,71,71,71,71,71,71,71,71,71,71,71,71,71],"card_choices":[{"not_picked":["Skewer","Outmaneuver","Quick Slash"],"picked":"SKIP","floor":1.0},{"not_picked":["Crippling Poison","Expertise"],"picked":"Choke","floor":2.0},{"not_picked":["Predator","Sucker Punch"],"picked":"Blade Dance","floor":4.0},{"not_picked":["Flying Knee","Infinite Blades","Dagger Throw"],"picked":"SKIP","floor":5.0},{"not_picked":["Dodge and Roll","Corpse Explosion"],"picked":"Backflip","floor":7.0},{"not_picked":["Slice","Crippling Poison","Endless Agony"],"picked":"SKIP","floor":11.0},{"not_picked":["Blade Dance","Grand Finale","Sucker Punch"],"picked":"SKIP","floor":12.0},{"not_picked":["Venomology","Grand Finale"],"picked":"Corpse Explosion","floor":16.0},{"not_picked":["Backflip","Flying Knee"],"picked":"Well Laid Plans","floor":18.0},{"not_picked":["Dagger Throw","Dodge and Roll","Dagger Spray"],"picked":"SKIP","floor":19.0},{"not_picked":["Dagger Spray","Slice","Sucker Punch"],"picked":"SKIP","floor":24.0},{"not_picked":["Dagger Spray","Eviscerate"],"picked":"Accuracy","floor":25.0},{"not_picked":["Dagger Spray","Outmaneuver"],"picked":"Footwork","floor":28.0},{"not_picked":["Envenom","Corpse Explosion"],"picked":"After Image","floor":33.0},{"not_picked":["Outmaneuver","Well Laid Plans"],"picked":"Accuracy","floor":35.0},{"not_picked":["Dagger Spray+1","Blade Dance"],"picked":"Backstab+1","floor":38.0},{"not_picked":["Flying Knee","Heel Hook+1","Sucker Punch+1"],"picked":"SKIP","floor":39.0},{"not_picked":["Outmaneuver","Deflect"],"picked":"Bane","floor":41.0},{"not_picked":["Concentrate","Sucker Punch"],"picked":"Cloak And Dagger+1","floor":44.0},{"not_picked":["Riddle With Holes","Bane"],"picked":"Blur","floor":45.0},{"not_picked":["Quick Slash+1","Doppelganger","Dagger Spray"],"picked":"SKIP","floor":48.0}],"player_experience":1328270,"relics_obtained":[{"floor":0.0,"key":"Juzu Bracelet"},{"floor":0.0,"key":"StrikeDummy"},{"floor":0.0,"key":"Thread and Needle"},{"floor":7.0,"key":"Lantern"},{"floor":9.0,"key":"PreservedInsect"},{"floor":12.0,"key":"Bird Faced Urn"},{"floor":20.0,"key":"Nilry\u0027s Codex"},{"floor":24.0,"key":"FossilizedHelix"},{"floor":26.0,"key":"CeramicFish"},{"floor":28.0,"key":"Snake Skull"},{"floor":41.0,"key":"Nunchaku"},{"floor":41.0,"key":"Mummified Hand"},{"floor":43.0,"key":"Oddly Smooth Stone"},{"floor":44.0,"key":"Ice Cream"},{"floor":45.0,"key":"War Paint"},{"floor":45.0,"key":"Kunai"}],"event_choices":[{"damage_healed":0.0,"max_hp_gain":0.0,"max_hp_loss":0.0,"gold_gain":0.0,"event_name":"Accursed Blacksmith","player_choice":"Rummage","floor":3.0,"gold_loss":0.0,"damage_taken":0.0,"relics_obtained":["WarpedTongs"],"cards_obtained":["Pain"]},{"damage_healed":0.0,"max_hp_gain":0.0,"max_hp_loss":0.0,"gold_gain":0.0,"event_name":"Scrap Ooze","player_choice":"Success","floor":10.0,"gold_loss":0.0,"damage_taken":11.0,"relics_obtained":["Anchor"]},{"damage_healed":0.0,"max_hp_gain":0.0,"max_hp_loss":0.0,"gold_gain":0.0,"event_name":"Cursed Tome","player_choice":"Obtained Book","floor":20.0,"gold_loss":0.0,"damage_taken":21.0},{"damage_healed":0.0,"max_hp_gain":0.0,"max_hp_loss":0.0,"gold_gain":0.0,"event_name":"Knowing Skull","player_choice":"","floor":22.0,"potions_obtained":[],"gold_loss":0.0,"damage_taken":6.0,"cards_obtained":[]},{"damage_healed":0.0,"max_hp_gain":0.0,"max_hp_loss":0.0,"gold_gain":0.0,"cards_transformed":["Defend_G","Strike_G"],"event_name":"Drug Dealer","player_choice":"Became Test Subject","floor":31.0,"gold_loss":0.0,"damage_taken":0.0,"cards_obtained":["Predator","Die Die Die"]},{"damage_healed":0.0,"max_hp_gain":0.0,"max_hp_loss":0.0,"gold_gain":0.0,"event_name":"Tomb of Lord Red Mask","player_choice":"Paid","floor":37.0,"gold_loss":108.0,"damage_taken":0.0,"relics_obtained":["Red Mask"]},{"damage_healed":0.0,"max_hp_gain":0.0,"max_hp_loss":0.0,"gold_gain":0.0,"event_name":"Mysterious Sphere","player_choice":"Fight","floor":44.0,"gold_loss":0.0,"damage_taken":0.0}],"is_beta":false,"boss_relics":[{"not_picked":["SlaversCollar","Pandora\u0027s Box"],"picked":"Coffee Dripper"},{"not_picked":["HoveringKite","Velvet Choker"],"picked":"Black Star"}],"items_purged_floors":[14,21,29,47],"is_endless":false,"potions_floor_spawned":[4,7,11,12,16,19,24,33,39,45,48],"ascension_level":16}}