{"host":"6hzrz31j95f2y1pa","time":1608014343,"event":{"mods":["BaseMod","Colored Map","Downfall","Minty Spire (QoL Compilation)","StSLib"],"gold_per_floor":[99,110,143,154,154,154,154,179,191,116,116,126,142,153,173,271,271,271,291,304,320,320,320,320],"floor_reached":23,"playtime":1321,"items_purged":[],"score":205,"play_id":"15d38909-33ee-47e6-952a-29a90e3c1cf9","local_time":"20201215013903","is_ascension_mode":false,"campfire_choices":[{"data":"champ:DefensiveStyle","floor":1.0,"key":"SMITH"},{"data":"champ:DefensiveShout","floor":6.0,"key":"SMITH"},{"floor":10.0,"key":"REST"},{"data":"champ:SteelEdge","floor":18.0,"key":"SMITH"},{"data":"champ:FalseCounter","floor":22,"key":"SMITH"}],"circlet_count":0,"master_deck":["champ:Strike+1","champ:Strike+1","champ:Strike","champ:Strike","champ:Defend+1","champ:Defend","champ:Defend","champ:Defend","champ:Execute","champ:Taunt","champ:DefensiveStyle+1","champ:RisingSlash","champ:DefensiveShout+1","champ:TornadoPunch","Regret","champ:RapidStrikes","champ:FalseCounter+1","champ:SteelEdge+1","CurseOfTheBell","champ:SkillfulDodge","champ:BringItOn+1","champ:Circumvent"],"relics":["champ:ChampionCrown","Bag of Preparation","Singing Bowl","Akabeko","downfall:HeartBlessingGreen","Calling Bell","Juzu Bracelet","Sundial","Prayer Wheel"],"acts_visited":["Exordium","TheCity"],"potions_floor_usage":[],"damage_taken":[{"damage":5.0,"enemies":"Small Slimes","floor":2.0,"turns":4.0},{"damage":50.0,"enemies":"Gremlin Nob","floor":3.0,"turns":5.0},{"damage":6.0,"enemies":"Cultist","floor":4.0,"turns":4.0},{"damage":16.0,"enemies":"Lagavulin","floor":8.0,"turns":6.0},{"damage":1.0,"enemies":"2 Louse","floor":9.0,"turns":2.0},{"damage":2.0,"enemies":"2 Fungi Beasts","floor":12.0,"turns":2.0},{"damage":0.0,"enemies":"Exordium Wildlife","floor":13.0,"turns":3.0},{"damage":21.0,"enemies":"Large Slime","floor":14.0,"turns":4.0},{"damage":12.0,"enemies":"Exordium Thugs","floor":15.0,"turns":4.0},{"damage":50.0,"enemies":"downfall:Defect","floor":16.0,"turns":6.0},{"damage":24.0,"enemies":"Shell Parasite","floor":19.0,"turns":5.0},{"damage":17,"enemies":"3 Cultists","floor":20,"turns":7},{"damage":12,"enemies":"Snecko","floor":21,"turns":4},{"damage":61,"enemies":"Gremlin Leader","floor":23,"turns":11}],"seed_played":"-5777200842989473738","potions_obtained":[{"floor":3.0,"key":"LiquidMemories"},{"floor":8.0,"key":"champ:OpenerPotion"},{"floor":12.0,"key":"Dexterity Potion"},{"floor":14.0,"key":"DistilledChaos"}],"is_trial":false,"path_per_floor":["R","M","E","M","?","R","T","E","M","R","?","M","M","M","M","B",null,"R","M","M","M","R","E"],"character_chosen":"THE_CHAMP","items_purchased":[],"campfire_rested":1,"item_purchase_floors":[],"current_hp_per_floor":[90,90,50,49,49,49,49,43,42,69,69,69,71,61,54,9,96,96,80,65,55,55,0,0],"gold":320,"neow_bonus":"THREE_CARDS","is_daily":false,"chose_seed":false,"campfire_upgraded":4,"win_rate":0.0,"timestamp":1608014343,"path_taken":["R","M","E","M","?","R","T","E","M","R","?","M","M","M","M","BOSS","R","M","M","M","R","E"],"items_purchased_type":[],"build_version":"2020-12-13","purchased_purges":0,"victory":false,"max_hp_per_floor":[90,90,90,90,90,90,90,92,92,92,92,94,96,96,96,96,96,96,96,98,100,100,100,100],"card_choices":[{"not_picked":["champ:Circumvent","champ:StanceDance"],"picked":"champ:DefensiveStyle","floor":0.0},{"not_picked":["champ:StanceDance","champ:GladiatorsShout","champ:HeartStrike"],"picked":"SKIP","floor":2.0},{"not_picked":["champ:BerserkerStyle","champ:StanceDance"],"picked":"champ:RisingSlash","floor":3.0},{"not_picked":["champ:FlashCut","champ:BerserkerStyle"],"picked":"champ:DefensiveShout","floor":4.0},{"not_picked":["champ:DefensiveShout","champ:Haymaker","champ:FocusedGladiator"],"picked":"Singing Bowl","floor":8.0},{"not_picked":["champ:BerserkersShout","champ:Haymaker"],"picked":"champ:TornadoPunch","floor":9.0},{"not_picked":["champ:EnragedBash","champ:FocusedBerserking","champ:FightOn"],"picked":"Singing Bowl","floor":12.0},{"not_picked":["champ:AdrenalArmor","champ:FlashCut","champ:DeathBlow"],"picked":"Singing Bowl","floor":13.0},{"not_picked":["champ:HeartStrike","champ:AdrenalArmor"],"picked":"champ:RapidStrikes","floor":14.0},{"not_picked":["champ:DancingMaster","champ:DefensiveShout"],"picked":"champ:FalseCounter","floor":15.0},{"not_picked":["champ:CrownThrow","champ:PerfectForm"],"picked":"champ:SteelEdge","floor":16.0},{"not_picked":["champ:PreciseThrust","champ:GladiatorsShout+1"],"picked":"champ:SkillfulDodge","floor":19.0},{"not_picked":["champ:DefensiveStyle","champ:FlashCut","champ:BringItOn+1"],"picked":"SKIP","floor":19.0},{"not_picked":["champ:DefensiveStyle","champ:FlashCut"],"picked":"champ:BringItOn+1","floor":19.0},{"not_picked":["champ:AdrenalArmor","champ:BerserkersShout","champ:DefensiveStyle"],"picked":"Singing Bowl","floor":20},{"not_picked":["champ:Backstep","champ:LastStand","champ:Haymaker+1"],"picked":"SKIP","floor":20},{"not_picked":["champ:BringItOn","champ:GladiatorsShout","champ:DeathBlow"],"picked":"Singing Bowl","floor":21},{"not_picked":["champ:BladeFlurry+1","champ:FightOn"],"picked":"champ:Circumvent","floor":21}],"player_experience":1180806,"relics_obtained":[{"floor":3.0,"key":"Bag of Preparation"},{"floor":7.0,"key":"Singing Bowl"},{"floor":8.0,"key":"Akabeko"},{"floor":17.0,"key":"Juzu Bracelet"},{"floor":17.0,"key":"Sundial"},{"floor":17.0,"key":"Prayer Wheel"}],"event_choices":[],"is_beta":false,"boss_relics":[{"not_picked":["Ectoplasm","SacredBark"],"picked":"Calling Bell"}],"items_purged_floors":[],"is_endless":false,"potions_floor_spawned":[3,8,12,13,14],"killed_by":"Gremlin Leader","ascension_level":0}}