{"host":"684z1xpuwaoqmmh1","time":1608044723,"event":{"mods":["Bard","BaseMod","Downfall","Hermit","Jorbs\u0027s Wanderer Trilogy","Marisa????????","Minty Spire (QoL Compilation)","StSLib","The Hierophant","The Mystic","The Runesmith"],"gold_per_floor":[99,111,144,144,177,177,226,226,401,401,401],"floor_reached":10,"playtime":278,"items_purged":[],"score":94,"play_id":"d4acd335-e18b-4a99-b70c-adaaa09b8bbe","local_time":"20201215170523","is_ascension_mode":true,"campfire_choices":[{"data":"champ:Execute","floor":1,"key":"SMITH"},{"data":"champ:Taunt","floor":6,"key":"SMITH"},{"floor":8,"key":"RECALL"}],"circlet_count":0,"master_deck":["champ:Strike","champ:Strike","champ:Strike","champ:Strike+1","champ:Defend+1","champ:Defend","champ:Defend+1","champ:Defend","champ:Execute+1","champ:Taunt+1","champ:GutPunch","champ:RageSigil","Regret","champ:GutPunch","Doubt"],"relics":["champ:ChampionCrown","Dead Branch","Meat on the Bone","Akabeko"],"acts_visited":["Exordium"],"potions_floor_usage":[10],"damage_taken":[{"damage":14,"enemies":"Jaw Worm","floor":2,"turns":3},{"damage":40,"enemies":"Lagavulin","floor":3,"turns":6},{"damage":52,"enemies":"Gremlin Nob","floor":5,"turns":5},{"damage":29,"enemies":"3 Sentries","floor":10,"turns":3}],"seed_played":"4988485104462293328","potions_obtained":[{"floor":3,"key":"SkillPotion"},{"floor":5,"key":"SmokeBomb"}],"is_trial":false,"path_per_floor":["R","M","E","?","E","R","T","R","?","E"],"character_chosen":"THE_CHAMP","items_purchased":[],"campfire_rested":0,"item_purchase_floors":[],"current_hp_per_floor":[90,86,61,61,23,23,23,23,23,0,0],"gold":401,"neow_bonus":"TEN_PERCENT_HP_BONUS","is_daily":false,"chose_seed":false,"campfire_upgraded":2,"win_rate":0.0,"timestamp":1608044723,"path_taken":["R","M","E","?","E","R","T","R","?","E"],"items_purchased_type":[],"build_version":"2020-12-13","purchased_purges":0,"victory":false,"max_hp_per_floor":[99,99,99,99,99,99,99,99,99,99,99],"card_choices":[{"not_picked":["champ:PerfectedStrike","champ:RageSigil"],"picked":"champ:GutPunch","floor":2},{"not_picked":["champ:Duel","champ:TornadoPunch"],"picked":"champ:RageSigil","floor":3},{"not_picked":["champ:PerfectedStrike","champ:Lariat"],"picked":"champ:GutPunch","floor":5}],"player_experience":2312109,"relics_obtained":[{"floor":3,"key":"Dead Branch"},{"floor":5,"key":"Meat on the Bone"},{"floor":7,"key":"Akabeko"}],"event_choices":[],"is_beta":false,"boss_relics":[],"items_purged_floors":[],"is_endless":false,"potions_floor_spawned":[3,5],"killed_by":"3 Sentries","ascension_level":6}}