{"host":"2fgwwnzqc97k7iys","time":1608058821,"event":{"mods":["BaseMod","Colored Map","Minty Spire (QoL Compilation)","Quick Restart","Relic Stats"],"gold_per_floor":[112,132,142,142,92,92,166,180,250,283,294,324,324,324,324,324,324],"floor_reached":16,"playtime":487,"items_purged":[],"score":154,"play_id":"303f4c08-5146-4205-95e6-f4c802f7a24c","local_time":"20201215130021","is_ascension_mode":true,"campfire_choices":[{"data":"Zap","floor":6,"key":"SMITH"},{"data":"Reinforced Body","floor":15,"key":"SMITH"}],"circlet_count":0,"master_deck":["Strike_B+1","Strike_B","Defend_B","Defend_B","Defend_B","Defend_B","Zap+1","Dualcast","Cold Snap","Compile Driver","Auto Shields","Ball Lightning+1","Cold Snap","Reinforced Body+1","Melter"],"relics":["Cracked Core","NeowsBlessing","Gremlin Horn","Question Card","Bag of Marbles","WingedGreaves","Meat on the Bone"],"acts_visited":["Exordium"],"potions_floor_usage":[12,16],"damage_taken":[{"damage":0,"enemies":"Jaw Worm","floor":1,"turns":1},{"damage":0,"enemies":"2 Louse","floor":2,"turns":1},{"damage":0,"enemies":"Cultist","floor":3,"turns":1},{"damage":0,"enemies":"Looter","floor":8,"turns":3},{"damage":28,"enemies":"Gremlin Nob","floor":10,"turns":4},{"damage":3,"enemies":"Blue Slaver","floor":11,"turns":2},{"damage":14,"enemies":"3 Sentries","floor":12,"turns":8},{"damage":15,"enemies":"Slime Boss","floor":16,"turns":5}],"seed_played":"2311512452558992885","potions_obtained":[{"floor":3,"key":"LiquidBronze"},{"floor":8,"key":"Fruit Juice"},{"floor":11,"key":"Dexterity Potion"},{"floor":12,"key":"SpeedPotion"}],"is_trial":false,"path_per_floor":["M","M","M","?","?","R","T","M","T","E","M","E","?","T","R","B"],"character_chosen":"DEFECT","items_purchased":[],"campfire_rested":0,"item_purchase_floors":[],"current_hp_per_floor":[68,68,68,68,68,68,68,68,68,40,37,23,8,8,8,0,0],"gold":324,"neow_bonus":"THREE_ENEMY_KILL","is_daily":false,"chose_seed":false,"campfire_upgraded":2,"win_rate":0.0,"timestamp":1608058821,"path_taken":["M","M","M","?","?","R","?","M","T","E","?","E","?","?","R","BOSS"],"items_purchased_type":[],"build_version":"2020-12-13","purchased_purges":0,"victory":false,"max_hp_per_floor":[75,75,75,75,75,75,75,75,75,75,75,75,75,75,75,80,80],"relic_stats":{"Gremlin Horn":[2,2],"counters":[8,25],"Question Card":3,"obtain_stats":[{"NeowsBlessing":0,"Gremlin Horn":7,"WingedGreaves":12,"Bag of Marbles":10,"Cracked Core":0,"Question Card":9,"Meat on the Bone":14},{"NeowsBlessing":0,"Gremlin Horn":3,"WingedGreaves":7,"Bag of Marbles":5,"Cracked Core":0,"Question Card":4,"Meat on the Bone":7},{"NeowsBlessing":0,"Gremlin Horn":3,"WingedGreaves":20,"Bag of Marbles":10,"Cracked Core":0,"Question Card":6,"Meat on the Bone":20}],"Meat on the Bone":0},"card_choices":[{"not_picked":["FTL","Double Energy"],"picked":"Cold Snap","floor":1},{"not_picked":["Gash","Rip and Tear"],"picked":"Compile Driver","floor":2},{"not_picked":["Stack","Heatsinks"],"picked":"Auto Shields","floor":3},{"not_picked":["Stack","Streamline"],"picked":"Ball Lightning","floor":8},{"not_picked":["Barrage","Beam Cell","White Noise"],"picked":"Cold Snap","floor":10},{"not_picked":["Compile Driver","Redo","Beam Cell"],"picked":"Reinforced Body","floor":11},{"not_picked":["Stack","Reboot","Scrape"],"picked":"Melter","floor":12}],"player_experience":451437,"relics_obtained":[{"floor":7,"key":"Gremlin Horn"},{"floor":9,"key":"Question Card"},{"floor":10,"key":"Bag of Marbles"},{"floor":12,"key":"WingedGreaves"},{"floor":14,"key":"Meat on the Bone"}],"event_choices":[{"cards_removed":["Strike_B"],"damage_healed":0,"gold_gain":0,"player_choice":"Forget","damage_taken":0,"max_hp_gain":0,"max_hp_loss":0,"event_name":"Living Wall","floor":4,"gold_loss":0},{"cards_removed":["Strike_B"],"damage_healed":0,"gold_gain":0,"player_choice":"Card Removal","damage_taken":0,"max_hp_gain":0,"max_hp_loss":0,"event_name":"The Cleric","floor":5,"gold_loss":50},{"damage_healed":0,"gold_gain":0,"player_choice":"Entered Light","damage_taken":15,"max_hp_gain":0,"max_hp_loss":0,"event_name":"Shining Light","floor":13,"gold_loss":0,"cards_upgraded":["Ball Lightning","Strike_B"]}],"is_beta":false,"boss_relics":[],"items_purged_floors":[],"is_endless":false,"potions_floor_spawned":[3,8,11,12],"killed_by":"Slime Boss","ascension_level":8}}