{"host":"abdxwahegzejqccj","time":1608023076,"event":{"mods":["BaseMod","Better Note","BetterRewards","Colored Powertips","Downfall","Hermit","Minty Spire (QoL Compilation)","Replay The Spire","StSLib","The Cursed","The Hierophant"],"gold_per_floor":[99,116,216,236,236,264,264,289,306,335,335,29,48,33,51,153,153,78,94,119,119,150,163,163,197,214,245,162,162,162,182,202,307,307,307,324,352,372,385,404,404,404,419,419,419,419,429,92,92,92],"floor_reached":49,"playtime":3235,"items_purged":["Guardian:Strike_Guardian"],"score":673,"play_id":"abd45007-cb52-4456-b33e-29b5d31fb326","local_time":"20201215200436","is_ascension_mode":true,"campfire_choices":[{"data":"Guardian:CurlUp","floor":1.0,"key":"SMITH"},{"data":"Guardian:FloatingOrbs","floor":5.0,"key":"SMITH"},{"floor":18.0,"key":"DIG"},{"data":"Guardian:Harden","floor":21.0,"key":"SMITH"},{"data":"Guardian:FloatingOrbs","floor":35.0,"key":"SMITH"},{"floor":42,"key":"REST"},{"floor":44,"key":"REST"}],"circlet_count":0,"master_deck":["Guardian:Strike_Guardian+1","Guardian:Strike_Guardian+1","Guardian:Strike_Guardian","Guardian:Defend_Guardian","Guardian:Defend_Guardian","Guardian:Defend_Guardian","Guardian:Defend_Guardian","Guardian:CurlUp+1","Guardian:TwinSlam","Voices","Guardian:FloatingOrbs+1","Guardian:PiercingHide","Guardian:Planning","Guardian:FloatingOrbs","Guardian:TemporalStrike","Guardian:FloatingOrbs+1","Guardian:Harden+1","Guardian:Incinerate","Guardian:RollAttack","Guardian:Suspension+1","Guardian:PiercingHide+1","Guardian:ShieldSpikes+1","Guardian:VentSteam+1","Guardian:EvasiveProtocol+1","Pain","Guardian:SphericShield+1","Guardian:DonusPower","Guardian:SpikerProtocol+1","Guardian:TemporalStrike+1","Guardian:FuturePlans","Guardian:TimeCapacitor+1","Guardian:Gem_Yellow","Guardian:SpikerProtocol+1"],"relics":["Guardian:ModeShifter","Art of War","Incense Burner","Divine Protection","Bottled Lightning","Toy Ornithopter","MealTicket","downfall:HeartBlessingGreen","Singing Bowl","Golden Egg","Mirror","Ornamental Fan","Dream Catcher","Whetstone","Turnip","Honey Jar","Quantum Egg","Bottled Flame","Replay:Baseball","Membership Card","Nunchaku"],"acts_visited":["Exordium","TheCity","TheBeyond"],"potions_floor_usage":[48,48],"damage_taken":[{"damage":0.0,"enemies":"Jaw Worm","floor":2.0,"turns":4.0},{"damage":0.0,"enemies":"2 Louse","floor":4.0,"turns":3.0},{"damage":34.0,"enemies":"Gremlin Nob","floor":6.0,"turns":6.0},{"damage":24.0,"enemies":"Lagavulin","floor":8.0,"turns":9.0},{"damage":0.0,"enemies":"Small Slimes","floor":9.0,"turns":3.0},{"damage":19.0,"enemies":"Gremlin Nob","floor":10.0,"turns":5.0},{"damage":0.0,"enemies":"downfall:FleeingMerchant","floor":12.0,"turns":4.0},{"damage":4.0,"enemies":"2 Fungi Beasts","floor":13.0,"turns":4.0},{"damage":2.0,"enemies":"downfall:FleeingMerchant","floor":14.0,"turns":4.0},{"damage":0.0,"enemies":"Large Slime","floor":15.0,"turns":6.0},{"damage":28.0,"enemies":"downfall:Silent","floor":16.0,"turns":9.0},{"damage":0.0,"enemies":"Chosen","floor":19.0,"turns":5.0},{"damage":0.0,"enemies":"Book of Stabbing","floor":20.0,"turns":6.0},{"damage":1.0,"enemies":"Gremlin Leader","floor":22.0,"turns":8.0},{"damage":0.0,"enemies":"Spheric Guardian","floor":23.0,"turns":5.0},{"damage":0.0,"enemies":"Slavers","floor":25.0,"turns":6.0},{"damage":7.0,"enemies":"Snecko","floor":26.0,"turns":6.0},{"damage":47.0,"enemies":"Gremlin Leader","floor":27.0,"turns":8.0},{"damage":0.0,"enemies":"downfall:FleeingMerchant","floor":28.0,"turns":4.0},{"damage":4.0,"enemies":"Centurion and Healer","floor":31.0,"turns":7.0},{"damage":0.0,"enemies":"Snake Plant","floor":32.0,"turns":4.0},{"damage":43.0,"enemies":"downfall:Watcher","floor":33.0,"turns":12.0},{"damage":3.0,"enemies":"Orb Walker","floor":36.0,"turns":5.0},{"damage":33.0,"enemies":"Reptomancer","floor":37.0,"turns":8.0},{"damage":0.0,"enemies":"3 Shapes","floor":38.0,"turns":2.0},{"damage":15.0,"enemies":"3 Darklings","floor":39.0,"turns":6.0},{"damage":22.0,"enemies":"4 Shapes","floor":40.0,"turns":6.0},{"damage":1,"enemies":"Sphere and 2 Shapes","floor":43,"turns":6},{"damage":0,"enemies":"Spire Growth","floor":47,"turns":5},{"damage":0,"enemies":"downfall:FleeingMerchant","floor":48,"turns":4},{"damage":0,"enemies":"Transient","floor":49,"turns":1}],"seed_played":"-3414226385936388512","potions_obtained":[{"floor":4.0,"key":"hexamod:EctoCoolerPotion"},{"floor":9.0,"key":"champ:CounterPotion"},{"floor":13.0,"key":"Toxic Potion"},{"floor":15.0,"key":"Reflective Coating"},{"floor":16.0,"key":"Reflective Coating"},{"floor":22.0,"key":"PowerPotion"},{"floor":25.0,"key":"Venom Potion"},{"floor":31.0,"key":"LiquidMemories"},{"floor":32.0,"key":"SteroidPotion"},{"floor":37.0,"key":"LifebloodPotion"},{"floor":39.0,"key":"EssenceOfSteel"},{"floor":47,"key":"FearPotion"}],"is_trial":false,"path_per_floor":["R","M","?","M","R","E","T","E","M","E","?","$","M","$","M","B",null,"R","M","E","R","E","M","T","E","M","E","$","?","?","M","M","B",null,"R","M","E","M","M","M","T","R","M","R","?","?","M","$","M"],"character_chosen":"GUARDIAN","items_purchased":["Toy Ornithopter","MealTicket","Guardian:EvasiveProtocol","Membership Card","Guardian:SpikerProtocol","Nunchaku","AttackPotion","Adrenaline Potion"],"campfire_rested":2,"item_purchase_floors":[12,12,28,48,48,48,48,48],"current_hp_per_floor":[96,96,96,96,96,62,62,38,38,19,19,19,15,28,28,5,96,96,96,96,96,95,95,95,96,89,47,62,62,62,58,58,15,96,96,93,63,63,50,28,28,59,58,88,88,88,88,100,100,100],"gold":92,"neow_bonus":"TWENTY_PERCENT_HP_BONUS","is_daily":false,"chose_seed":false,"campfire_upgraded":4,"win_rate":0.0,"timestamp":1608023076,"path_taken":["R","M","?","M","R","E","T","E","M","E","?","$","M","$","M","BOSS","R","M","E","R","E","M","T","E","M","E","$","?","?","?","M","BOSS","R","M","E","M","M","M","T","R","M","R","?","?","M","$","M"],"items_purchased_type":["Relic","Relic","Card","Relic","Card","Relic","Potion","Potion"],"build_version":"2020-12-13","purchased_purges":1,"victory":false,"max_hp_per_floor":[96,96,96,96,96,96,96,96,96,96,96,96,96,96,96,96,96,96,96,96,96,96,96,96,96,96,96,96,96,96,96,96,96,96,96,96,96,96,98,98,98,100,100,100,100,100,100,100,100,100],"card_choices":[{"not_picked":["Guardian:PrismaticBeam","Guardian:GuardianWhirl"],"picked":"Guardian:Gem_Red","floor":2.0},{"not_picked":["Guardian:Suspension","Guardian:PrimingBeam"],"picked":"Guardian:FloatingOrbs","floor":4.0},{"not_picked":["Guardian:Reroute","Guardian:Suspension"],"picked":"Guardian:Gem_Purple","floor":6.0},{"not_picked":["Guardian:RefractedBeam","Guardian:TemporalStrike"],"picked":"Guardian:PiercingHide","floor":8.0},{"not_picked":["Guardian:Clone","Guardian:Preprogram"],"picked":"Guardian:Gem_Lightblue","floor":9.0},{"not_picked":["Guardian:Gem_Green","Guardian:FastForward"],"picked":"Guardian:Planning","floor":10.0},{"not_picked":["Guardian:Gem_Green","Guardian:Gem_Cyan"],"picked":"Guardian:FloatingOrbs","floor":12.0},{"not_picked":["Guardian:Suspension","Guardian:TimeBomb"],"picked":"Guardian:TemporalStrike","floor":13.0},{"not_picked":["Guardian:RollAttack","Guardian:PolyBeam"],"picked":"Guardian:FloatingOrbs","floor":14.0},{"not_picked":["Guardian:Recover","Guardian:RollAttack"],"picked":"Guardian:Gem_Cyan","floor":15.0},{"not_picked":["Guardian:GemFire","Guardian:GatlingBeam"],"picked":"Guardian:Gem_Orange","floor":16.0},{"not_picked":["Guardian:ShieldCharger","Guardian:PolyBeam"],"picked":"Guardian:Harden","floor":19.0},{"not_picked":["Guardian:DonusPower","Guardian:Suspension"],"picked":"Guardian:Gem_Synthetic","floor":20.0},{"not_picked":["Guardian:DonusPower","Guardian:Gem_Cyan"],"picked":"Guardian:Incinerate","floor":22.0},{"not_picked":["Guardian:Gem_Green","Guardian:WalkerClaw"],"picked":"Guardian:RollAttack","floor":23.0},{"not_picked":["Guardian:Emergency","Guardian:TemporalStrike"],"picked":"Guardian:Suspension+1","floor":25.0},{"not_picked":["Guardian:ShieldCharger","Guardian:MultiBeam"],"picked":"Guardian:PiercingHide+1","floor":26.0},{"not_picked":["Guardian:CrystalBeam","Guardian:SentryBeam"],"picked":"Guardian:ShieldSpikes+1","floor":27.0},{"not_picked":["Guardian:CrystalBeam+1","Guardian:Planning"],"picked":"Guardian:VentSteam","floor":28.0},{"not_picked":["Guardian:Planning","Guardian:TemporalShield"],"picked":"Guardian:Gem_Fragmented","floor":31.0},{"not_picked":["Guardian:Gem_Cyan","Guardian:BronzeOrb+1"],"picked":"Guardian:Gem_Blue","floor":32.0},{"not_picked":["Guardian:FastForward","Guardian:HyperBeam_Guardian"],"picked":"Guardian:SphericShield","floor":33.0},{"not_picked":["Guardian:Gem_Red","Guardian:VentSteam+1","Guardian:TimeCapacitor+1"],"picked":"Guardian:Gem_Crimson","floor":36.0},{"not_picked":["Guardian:Gem_Red","Guardian:Orbwalk","Guardian:Suspension+1"],"picked":"Guardian:DonusPower","floor":37.0},{"not_picked":["Guardian:Gem_Lightblue","Guardian:ChargeCore","Guardian:WalkerClaw+1"],"picked":"Guardian:SpikerProtocol+1","floor":38.0},{"not_picked":["Guardian:DonusPower","Guardian:TemporalStrike+1","Guardian:Reroute","Guardian:Repulse+1"],"picked":"Singing Bowl","floor":39.0},{"not_picked":["Guardian:Clone+1","Guardian:PiercingHide+1","Guardian:Gem_Lightblue"],"picked":"Guardian:Gem_Red","floor":40.0},{"not_picked":["Guardian:Incinerate+1","Guardian:ChargeCore+1","Guardian:ExploitGems","Guardian:CrystalBeam+1"],"picked":"Singing Bowl","floor":42},{"not_picked":["Guardian:TimeCapacitor","Guardian:TemporalStrike+1","Guardian:ShieldCharger+1"],"picked":"Guardian:Gem_Cyan","floor":43},{"not_picked":["Guardian:SentryBeam","Guardian:Reroute","Guardian:TemporalShield+1"],"picked":"Guardian:FuturePlans","floor":44},{"not_picked":["Guardian:RollAttack+1","Guardian:Gem_Crimson","Guardian:Preprogram+1"],"picked":"Guardian:TimeCapacitor+1","floor":47},{"not_picked":["Guardian:GuardianWhirl","Guardian:PrismaticBarrier","Guardian:Gem_Green"],"picked":"Guardian:Gem_Yellow","floor":48}],"player_experience":372166,"relics_obtained":[{"floor":6.0,"key":"Art of War"},{"floor":7.0,"key":"Incense Burner"},{"floor":8.0,"key":"Divine Protection"},{"floor":10.0,"key":"Bottled Lightning"},{"floor":18.0,"key":"Singing Bowl"},{"floor":20.0,"key":"Golden Egg"},{"floor":22.0,"key":"Mirror"},{"floor":24.0,"key":"Ornamental Fan"},{"floor":25.0,"key":"Dream Catcher"},{"floor":27.0,"key":"Whetstone"},{"floor":37.0,"key":"Quantum Egg"},{"floor":41.0,"key":"Bottled Flame"},{"floor":45,"key":"Replay:Baseball"}],"event_choices":[],"is_beta":false,"boss_relics":[{"not_picked":["Replay:Drink Me","ChewingGum","Busted Crown"]},{"not_picked":["Replay:Bronze Core","Snecko Eye"],"picked":"Honey Jar"}],"items_purged_floors":[48],"is_endless":false,"potions_floor_spawned":[4,9,13,15,16,22,25,31,32,37,39,47],"killed_by":"Transient","ascension_level":1}}