{"host":"8fjsnt81u6xsmhji","time":1608019444,"event":{"mods":["BaseMod","Colored Powertips","Downfall","Glutton Mod","Minty Spire (QoL Compilation)","Quick Restart","Somnambulant","StSLib","The Bug Knight","The Construct","The Forsaken","The Hierophant","The Mystic"],"gold_per_floor":[99,129,54,89,89,106,129,148,148,148,148,160,172,187,201,201,201],"floor_reached":16,"playtime":1012,"items_purged":[],"score":170,"play_id":"c8476c91-4c69-49f7-adf1-5463f806b423","local_time":"20201215020404","is_ascension_mode":true,"campfire_choices":[{"floor":1.0,"key":"RECALL"},{"data":"champ:Taunt","floor":3.0,"key":"SMITH"},{"data":"champ:IgnorePain","floor":10.0,"key":"SMITH"}],"circlet_count":0,"master_deck":["champ:Strike","champ:Strike","champ:Strike","champ:Defend","champ:Defend","champ:Defend","champ:Defend","champ:Execute","champ:Taunt+1","champ:CheapShot","champ:IgnorePain+1","champ:BladeFlurry","champ:FanOfKnives","champ:EndlessRage","champ:ViciousMockery","champ:GutPunch","champ:BladeFlurry"],"relics":["champ:ChampionCrown","downfall:HeartsMalice","Pantograph","downfall:HeartBlessingRed","HollowMod:StagPassRelic","Oddly Smooth Stone"],"acts_visited":["Exordium"],"potions_floor_usage":[],"damage_taken":[{"damage":0.0,"enemies":"Lagavulin","floor":2.0,"turns":1.0},{"damage":0.0,"enemies":"3 Sentries","floor":4.0,"turns":1.0},{"damage":0.0,"enemies":"Cultist","floor":5.0,"turns":1.0},{"damage":11.0,"enemies":"Small Slimes","floor":6.0,"turns":3.0},{"damage":0.0,"enemies":"2 Louse","floor":8.0,"turns":2.0},{"damage":15.0,"enemies":"Exordium Thugs","floor":12.0,"turns":5.0},{"damage":21.0,"enemies":"Gremlin Gang","floor":13.0,"turns":7.0},{"damage":0.0,"enemies":"3 Louse","floor":14.0,"turns":3.0},{"damage":9.0,"enemies":"2 Fungi Beasts","floor":15.0,"turns":4.0},{"damage":87,"enemies":"downfall:Defect","floor":16,"turns":6}],"seed_played":"-3620868224059847860","potions_obtained":[{"floor":6.0,"key":"champ:OpenerPotion"},{"floor":13.0,"key":"BlessingOfTheForge"},{"floor":14.0,"key":"Regen Potion"}],"is_trial":false,"path_per_floor":["R","E","R","E","M","M","T","M","?","R","?","M","M","M","M","B"],"character_chosen":"THE_CHAMP","items_purchased":[],"campfire_rested":0,"item_purchase_floors":[],"current_hp_per_floor":[90,90,90,90,90,84,84,84,84,84,84,75,59,59,56,0,0],"gold":201,"neow_bonus":"THREE_ENEMY_KILL","is_daily":false,"chose_seed":false,"campfire_upgraded":2,"win_rate":0.0,"timestamp":1608019444,"path_taken":["R","E","R","E","M","M","T","?","?","R","?","M","M","M","M","BOSS"],"items_purchased_type":[],"build_version":"2020-12-13","purchased_purges":0,"victory":false,"max_hp_per_floor":[90,90,90,90,90,90,90,90,90,90,90,90,90,90,90,90,90],"card_choices":[{"not_picked":["champ:TornadoPunch","champ:StanceDance"],"picked":"champ:CheapShot","floor":2.0},{"not_picked":["champ:TornadoPunch","champ:FlashCut"],"picked":"champ:IgnorePain","floor":4.0},{"not_picked":["champ:StanceDance","champ:IronFortress"],"picked":"champ:BladeFlurry","floor":5.0},{"not_picked":["champ:BerserkersShout","champ:FightOn"],"picked":"champ:FanOfKnives","floor":6.0},{"not_picked":["champ:GutPunch","champ:CrownThrow"],"picked":"champ:EndlessRage","floor":8.0},{"not_picked":["champ:PerfectedStrike","champ:DeathBlow"],"picked":"champ:ViciousMockery","floor":12.0},{"not_picked":["champ:FightOn","champ:FalseCounter"],"picked":"champ:GutPunch","floor":13.0},{"not_picked":["champ:Encircle","champ:FanOfKnives","champ:FightOn"],"picked":"SKIP","floor":14.0},{"not_picked":["champ:PerfectedStrike","champ:EnGarde"],"picked":"champ:BladeFlurry","floor":15.0}],"player_experience":550929,"relics_obtained":[{"floor":2.0,"key":"Pantograph"},{"floor":4.0,"key":"HollowMod:StagPassRelic"},{"floor":7.0,"key":"Oddly Smooth Stone"}],"event_choices":[{"cards_removed":["champ:Strike"],"damage_healed":0.0,"max_hp_gain":0.0,"max_hp_loss":0.0,"gold_gain":0.0,"event_name":"The Cleric","player_choice":"Card Removal","floor":11.0,"gold_loss":0.0,"damage_taken":0.0}],"is_beta":false,"boss_relics":[],"items_purged_floors":[],"is_endless":false,"potions_floor_spawned":[6,13,14],"killed_by":"downfall:Defect","ascension_level":1}}