{"host":"egwexuw5uvnxf11j","time":1608004654,"event":{"mods":["2.2 Compatiblity","Aspiration","BaseMod","Better Altar","Better Note","Better Sensory Stone","Better Third Choice","Displayed Cursed Tome","Downfall","Hermit","Key Reminder","Koishi","Marisa????????","Minty Spire (QoL Compilation)","Quick Restart","Shade Mod","Spicy Shops","StSLib","The Construct","The Cursed","The Hierophant","The Runesmith","The Senshi","The Servant 0.9.4","Transform Curses"],"gold_per_floor":[116,41,41,52,67,102,157,157,204,204,379,124,142,173,173,269,269,287,26,46,58,58,58,76,106,106,106,123,133,146,87,87,189,189,205,62,81,81,92,92,92,92],"floor_reached":41,"playtime":3430,"items_purged":["Regret"],"score":448,"play_id":"f829b8a8-594a-43ae-b831-30fb6fe5eab0","local_time":"20201214225734","is_ascension_mode":false,"campfire_choices":[{"floor":8,"key":"REST"},{"data":"Shade:AuraOfUnlife","floor":15,"key":"SMITH"},{"data":"Apotheosis","floor":23,"key":"SMITH"},{"floor":27,"key":"REST"},{"floor":32,"key":"REST"},{"floor":40,"key":"REST"}],"circlet_count":0,"master_deck":["Shade:Strike_Shade","Shade:Strike_Shade","Shade:Strike_Shade","Shade:Strike_Shade","Shade:Defend_Shade","Shade:Defend_Shade","Shade:Defend_Shade","Shade:AnimateDead+1","Shade:CarefulCut","Shade:Doomsay","Shade:FeralStrike","Shade:CoffinDance","Shade:WallOfFlesh","Shade:FingerOfDeath","Shade:AncientSpear","Shade:AuraOfUnlife+1","Doubt","Shade:Bonestorm","Shade:StitchTogether","Shade:Trample","Shade:GraveStillness","Shade:SoulPierce","Shade:OpenGraves","Apotheosis+1","Shade:FleshOffering","Shade:Premonition","Shade:CommandSoldier+1","Shade:LyeBath+1","Shade:AuraOfUnlife","Shade:Awaken","Shade:Frenzy+1","Shade:SkeletonArmy+1","Shade:PressTheAttack+1","Shade:SkeletonHug","Shade:FleshOffering","Shade:MadHubris","Shade:GraveStillness+1","Shade:Putrefaction","Shade:CommandSoldier","Panache","Discovery","Parasite","Shade:FuneraryArmor+1","Shade:SkeletonHug+1"],"relics":["Shade:YorickSkull","aspiration:FrozenJewel","Dream Catcher","TungstenRod","Vajra","Pear","keyreminder:keyreminder","aspiration:MobileForge","Bag of Marbles","Runesmith:Locket","SacredBark"],"acts_visited":["Exordium","TheCity","TheBeyond"],"potions_floor_usage":[16,25,33,33,39,41],"damage_taken":[{"damage":0,"enemies":"Small Slimes","floor":1,"turns":3},{"damage":0,"enemies":"2 Louse","floor":4,"turns":2},{"damage":2,"enemies":"Jaw Worm","floor":5,"turns":3},{"damage":28,"enemies":"Lagavulin","floor":6,"turns":7},{"damage":0,"enemies":"Gremlin Gang","floor":13,"turns":2},{"damage":3,"enemies":"3 Sentries","floor":14,"turns":9},{"damage":38,"enemies":"Slime Boss","floor":16,"turns":12},{"damage":0,"enemies":"Chosen","floor":18,"turns":5},{"damage":12,"enemies":"2 Thieves","floor":20,"turns":4},{"damage":0,"enemies":"3 Cultists","floor":21,"turns":5},{"damage":21,"enemies":"Snecko","floor":24,"turns":6},{"damage":13,"enemies":"Gremlin Leader","floor":25,"turns":5},{"damage":21,"enemies":"Snake Plant","floor":28,"turns":4},{"damage":0,"enemies":"Centurion and Healer","floor":29,"turns":7},{"damage":0,"enemies":"3 Cultists","floor":30,"turns":5},{"damage":7,"enemies":"Champ","floor":33,"turns":12},{"damage":24,"enemies":"Orb Walker","floor":35,"turns":5},{"damage":1,"enemies":"3 Shapes","floor":37,"turns":2},{"damage":27,"enemies":"Writhing Mass","floor":39,"turns":7},{"damage":46,"enemies":"Nemesis","floor":41,"turns":6}],"seed_played":"-8341915238851852980","potions_obtained":[{"floor":13,"key":"Energy Potion"},{"floor":14,"key":"Dexterity Potion"},{"floor":16,"key":"FearPotion"},{"floor":18,"key":"SteroidPotion"},{"floor":24,"key":"Fire Potion"},{"floor":29,"key":"construct:ShiftPotion"},{"floor":30,"key":"Dexterity Potion"},{"floor":33,"key":"Explosive Potion"},{"floor":37,"key":"BlessingOfTheForge"}],"is_trial":false,"path_per_floor":["M","$","?","M","M","E","?","R","T","?","?","$","M","E","R","B",null,"M","$","M","M","?","R","M","E","T","R","M","M","M","$","R","B",null,"M","$","M","?","M","R","E"],"character_chosen":"SHADE","items_purchased":["Shade:CoffinDance","Shade:WallOfFlesh","Vajra","Shade:Bonestorm","Shade:StitchTogether","Apotheosis","Shade:FleshOffering","Shade:SkeletonHug","Shade:Putrefaction"],"campfire_rested":4,"item_purchase_floors":[2,2,12,12,12,19,19,31,36],"current_hp_per_floor":[65,65,65,65,63,35,35,54,54,54,54,54,54,68,68,37,75,75,75,63,63,63,63,42,29,29,51,30,30,30,30,52,45,75,51,51,50,50,23,45,0,0],"gold":92,"neow_bonus":"TRANSFORM_CARD","is_daily":false,"chose_seed":false,"campfire_upgraded":2,"win_rate":0.0,"timestamp":1608004654,"path_taken":["M","$","?","M","M","E","?","R","T","?","?","$","M","E","R","BOSS","M","$","M","M","?","R","M","E","T","R","M","M","?","$","R","BOSS","M","$","M","?","M","R","E"],"items_purchased_type":["Card","Card","Relic","Card","Card","Card","Card","Card","Card"],"build_version":"2020-12-13","purchased_purges":1,"victory":false,"max_hp_per_floor":[65,65,65,65,65,65,65,65,65,65,65,65,65,75,75,75,75,75,75,75,75,75,75,75,75,75,75,75,75,75,75,75,75,75,75,75,75,75,75,75,75,75],"card_choices":[{"not_picked":["Shade:Patience","Shade:FuneraryArmor"],"picked":"Shade:FeralStrike","floor":1},{"not_picked":["Shade:RavenousHorde","Shade:GreyBargain"],"picked":"Shade:FingerOfDeath","floor":4},{"not_picked":["Shade:FingerOfDeath","Shade:SkeletonHug"],"picked":"Shade:AncientSpear","floor":5},{"not_picked":["Shade:OneIsEnough","Shade:PotionOfRestlessness"],"picked":"Shade:AuraOfUnlife","floor":6},{"not_picked":["Shade:SpontaneousRitual","Shade:Frenzy"],"picked":"Shade:Trample","floor":13},{"not_picked":["Shade:FuneraryArmor","Shade:Brains"],"picked":"Shade:GraveStillness","floor":14},{"not_picked":["Shade:SelfBurial","Shade:Tombstone"],"picked":"Shade:SoulPierce","floor":16},{"not_picked":["Shade:GreyBargain+1","Shade:GoDigging"],"picked":"Shade:OpenGraves","floor":18},{"not_picked":["Shade:RitualOffering+1","Shade:FuneraryArmor"],"picked":"Shade:Premonition","floor":20},{"not_picked":["Shade:FeralStrike","Shade:PressTheAttack+1"],"picked":"Shade:CommandSoldier+1","floor":21},{"not_picked":["Shade:OpenGraves+1","Shade:ScuttlingHand"],"picked":"Shade:LyeBath+1","floor":24},{"not_picked":["Shade:FuneraryArmor","Shade:Bite_Shade"],"picked":"Shade:AuraOfUnlife","floor":25},{"not_picked":["Shade:SanguineRitual+1","Shade:PotionOfRestlessness"],"picked":"Shade:Awaken","floor":27},{"not_picked":["Shade:FuneraryJewels","Shade:SelfBurial"],"picked":"Shade:Frenzy+1","floor":28},{"not_picked":["Shade:Excise","Shade:ExtraLimbs"],"picked":"Shade:SkeletonArmy+1","floor":29},{"not_picked":["Shade:Doomsay","Shade:Brains"],"picked":"Shade:PressTheAttack+1","floor":30},{"not_picked":["Shade:CoffinDance","Shade:SanguineRitual+1"],"picked":"Shade:FleshOffering","floor":32},{"not_picked":["Shade:Coordination","Shade:SoulPierce"],"picked":"Shade:MadHubris","floor":33},{"not_picked":["Shade:WallOfFlesh","Shade:FuneraryArmor+1"],"picked":"Shade:GraveStillness+1","floor":35},{"not_picked":["Shade:RitualOffering+1","Shade:ExtraLimbs"],"picked":"Shade:CommandSoldier","floor":37},{"not_picked":["expansioncontent:PrepareCrush","expansioncontent:StudyTheSpire"],"picked":"Panache","floor":38},{"not_picked":["expansioncontent:DarkVoid","Purity"],"picked":"Discovery","floor":38},{"not_picked":["Shade:Patience+1","Shade:StitchTogether+1"],"picked":"Shade:FuneraryArmor+1","floor":39},{"not_picked":["Shade:GraveStillness","Shade:BoneShards"],"picked":"Shade:SkeletonHug+1","floor":40}],"player_experience":2083728,"relics_obtained":[{"floor":6,"key":"aspiration:FrozenJewel"},{"floor":9,"key":"Dream Catcher"},{"floor":14,"key":"Pear"},{"floor":25,"key":"Bag of Marbles"},{"floor":26,"key":"Runesmith:Locket"}],"event_choices":[{"damage_healed":0,"gold_gain":0,"player_choice":"Grow","damage_taken":0,"max_hp_gain":0,"max_hp_loss":0,"event_name":"Living Wall","floor":3,"gold_loss":0,"cards_upgraded":["Shade:AnimateDead"]},{"damage_healed":0,"gold_gain":55,"player_choice":"Gained Gold","damage_taken":0,"max_hp_gain":0,"max_hp_loss":0,"event_name":"Golden Wing","floor":7,"gold_loss":0},{"damage_healed":0,"gold_gain":0,"player_choice":"Box","damage_taken":0,"relics_obtained":["TungstenRod"],"max_hp_gain":0,"max_hp_loss":0,"event_name":"Big Fish","floor":10,"gold_loss":0,"cards_obtained":["Regret"]},{"damage_healed":0,"gold_gain":175,"player_choice":"AGREE","damage_taken":204,"max_hp_gain":0,"max_hp_loss":0,"event_name":"betterThird:BetterSerpent","floor":11,"gold_loss":0},{"cards_removed":["Shade:AncientSpear"],"damage_healed":0,"gold_gain":0,"player_choice":"Give","damage_taken":0,"max_hp_gain":0,"max_hp_loss":0,"event_name":"betterNote:BetterNote","floor":22,"gold_loss":0,"cards_obtained":["None"]},{"damage_healed":0,"gold_gain":3,"player_choice":"1","damage_taken":0,"max_hp_gain":0,"max_hp_loss":0,"event_name":"betterStone:BetterStone","floor":38,"gold_loss":0}],"is_beta":false,"boss_relics":[{"not_picked":["aspiration:IroncladSkillbook","Runic Pyramid"],"picked":"aspiration:MobileForge"},{"not_picked":["Velvet Choker","aspiration:PoetsPen_weak"],"picked":"SacredBark"}],"items_purged_floors":[12],"is_endless":false,"potions_floor_spawned":[13,14,16,18,24,29,30,33,37],"killed_by":"Nemesis","ascension_level":0}}