{"host":"k8gerrcpv9xe1nxe","time":1608006793,"event":{"mods":["2.2 Compatiblity","AchievementEnabler","BaseMod","Bestiary","Minty Spire (QoL Compilation)","Relic Stats","StSLib"],"gold_per_floor":[119,132,13,25,25,59,59,76,99,130,130,159,176,191,191,290,290,308,46,61,160,178,178,196,230,230,249,268,268,268,283,283,385,385,401,416,123,133,183,183,216,316,365,365,378,404,18,36,36,36],"floor_reached":51,"playtime":2070,"items_purged":["Strike_P","Defend_P"],"score":995,"play_id":"ceb3fb2f-7a40-4f95-b741-bd444360bb15","local_time":"20201214233313","is_ascension_mode":true,"campfire_choices":[{"floor":11,"key":"REST"},{"floor":15,"key":"REST"},{"data":"Halt","floor":23,"key":"SMITH"},{"floor":29,"key":"REST"},{"floor":32,"key":"REST"},{"floor":40,"key":"REST"},{"floor":44,"key":"REST"},{"floor":49,"key":"REST"}],"circlet_count":0,"master_deck":["Strike_P+1","Strike_P+1","Strike_P+1","Defend_P","Defend_P+1","Defend_P+1","Eruption","Vigilance+1","CutThroughFate+1","CarveReality+1","ReachHeaven+1","BowlingBash+1","Tantrum","EmptyFist+1","Conclude","Halt+1","LessonLearned+1","Wallop+1","EmptyBody+1","Wallop"],"relics":["SacredBark","Ancient Tea Set","PreservedInsect","Omamori","GoldenEye","Centennial Puzzle","Runic Pyramid","Yang","Tiny Chest","Singing Bowl","Nilry\u0027s Codex","Fusion Hammer","Pen Nib","Calipers","Ginger","MealTicket","Happy Flower","Mango"],"acts_visited":["Exordium","TheCity","TheBeyond"],"potions_floor_usage":[22,24,31,33,41,50,50],"damage_taken":[{"damage":7,"enemies":"Cultist","floor":1,"turns":3},{"damage":0,"enemies":"Small Slimes","floor":2,"turns":3},{"damage":0,"enemies":"2 Louse","floor":4,"turns":2},{"damage":20,"enemies":"3 Sentries","floor":6,"turns":6},{"damage":0,"enemies":"Exordium Thugs","floor":8,"turns":3},{"damage":22,"enemies":"Lagavulin","floor":10,"turns":4},{"damage":10,"enemies":"Gremlin Nob","floor":12,"turns":3},{"damage":10,"enemies":"Red Slaver","floor":13,"turns":3},{"damage":0,"enemies":"Large Slime","floor":14,"turns":3},{"damage":0,"enemies":"Slime Boss","floor":16,"turns":3},{"damage":10,"enemies":"3 Byrds","floor":18,"turns":3},{"damage":5,"enemies":"Chosen","floor":20,"turns":4},{"damage":14,"enemies":"Snake Plant","floor":22,"turns":4},{"damage":0,"enemies":"3 Cultists","floor":24,"turns":4},{"damage":10,"enemies":"Gremlin Leader","floor":25,"turns":3},{"damage":16,"enemies":"Centurion and Healer","floor":27,"turns":10},{"damage":8,"enemies":"Cultist and Chosen","floor":28,"turns":6},{"damage":12,"enemies":"Snake Plant","floor":31,"turns":6},{"damage":7,"enemies":"Automaton","floor":33,"turns":6},{"damage":17,"enemies":"3 Darklings","floor":35,"turns":4},{"damage":9,"enemies":"Orb Walker","floor":36,"turns":4},{"damage":15,"enemies":"Spire Growth","floor":38,"turns":4},{"damage":0,"enemies":"Mind Bloom Boss Battle","floor":39,"turns":5},{"damage":31,"enemies":"Giant Head","floor":41,"turns":8},{"damage":18,"enemies":"Transient","floor":45,"turns":5},{"damage":8,"enemies":"4 Shapes","floor":48,"turns":5},{"damage":46,"enemies":"Awakened One","floor":50,"turns":6}],"seed_played":"8369644875845521130","potions_obtained":[{"floor":4,"key":"CultistPotion"},{"floor":6,"key":"Strength Potion"},{"floor":22,"key":"ColorlessPotion"},{"floor":28,"key":"BottledMiracle"},{"floor":38,"key":"Fire Potion"},{"floor":48,"key":"PowerPotion"}],"is_trial":false,"path_per_floor":["M","M","$","M","$","E","?","M","T","E","R","E","M","M","R","B",null,"M","$","M","?","M","R","M","E","T","M","M","R","?","M","R","B",null,"M","M","$","M","?","R","E","?","T","R","M","T","$","M","R","B",null],"character_chosen":"WATCHER","items_purchased":["ReachHeaven","Fire Potion","Yang","Pen Nib","LiquidMemories","Mango"],"campfire_rested":7,"item_purchase_floors":[3,3,19,37,37,47],"current_hp_per_floor":[65,65,65,65,65,45,33,33,33,11,32,22,12,12,33,33,72,62,62,57,57,43,43,43,33,33,19,11,33,17,7,29,24,78,63,56,56,43,45,70,41,41,41,67,51,51,80,74,105,59],"gold":36,"neow_bonus":"BOSS_RELIC","is_daily":false,"chose_seed":false,"campfire_upgraded":1,"win_rate":0.0,"timestamp":1608006793,"path_taken":["M","M","$","M","?","E","?","M","T","E","R","E","M","M","R","BOSS","M","$","M","?","M","R","M","E","T","M","M","R","?","M","R","BOSS","M","M","$","M","?","R","E","?","T","R","M","?","$","?","R","BOSS"],"items_purchased_type":["Card","Potion","Relic","Relic","Potion","Relic"],"build_version":"2020-12-13","purchased_purges":2,"victory":true,"max_hp_per_floor":[72,72,72,72,72,72,72,72,72,72,72,72,72,72,72,72,72,72,72,72,72,72,72,72,72,72,74,74,74,74,76,76,78,78,80,82,82,84,86,86,88,88,88,88,90,90,104,106,106,106],"relic_stats":{"Centennial Puzzle":[44],"Singing Bowl":20,"Happy Flower":[3],"counters":[27,120],"Yang":[195],"Tiny Chest":1,"MealTicket":15,"PreservedInsect":219,"Pen Nib":[8],"Ginger":[0],"GoldenEye":[25],"obtain_stats":[{"Calipers":39,"Singing Bowl":26,"Happy Flower":46,"Nilry\u0027s Codex":30,"SacredBark":0,"Yang":19,"Mango":47,"PreservedInsect":7,"Pen Nib":37,"Omamori":9,"Ginger":41,"Ancient Tea Set":6,"GoldenEye":10,"Centennial Puzzle":12,"Tiny Chest":25,"MealTicket":43,"Fusion Hammer":34,"PureWater":0,"Runic Pyramid":17},{"Calipers":23,"Singing Bowl":15,"Happy Flower":25,"Nilry\u0027s Codex":17,"SacredBark":0,"Yang":11,"Mango":25,"PreservedInsect":4,"Pen Nib":21,"Omamori":5,"Ginger":24,"Ancient Tea Set":4,"GoldenEye":6,"Centennial Puzzle":7,"Tiny Chest":15,"MealTicket":24,"Fusion Hammer":19,"PureWater":0,"Runic Pyramid":10},{"Calipers":96,"Singing Bowl":51,"Happy Flower":109,"Nilry\u0027s Codex":67,"SacredBark":0,"Yang":36,"Mango":109,"PreservedInsect":14,"Pen Nib":87,"Omamori":17,"Ginger":104,"Ancient Tea Set":14,"GoldenEye":21,"Centennial Puzzle":24,"Tiny Chest":51,"MealTicket":104,"Fusion Hammer":79,"PureWater":0,"Runic Pyramid":33}]},"card_choices":[{"not_picked":["Crescendo","PathToVictory"],"picked":"CutThroughFate","floor":1},{"not_picked":["EmptyBody","Swivel"],"picked":"CarveReality","floor":2},{"not_picked":["Collect","Omniscience"],"picked":"BowlingBash","floor":4},{"not_picked":["EmptyMind","ClearTheMind"],"picked":"Tantrum","floor":6},{"not_picked":["InnerPeace","Protect"],"picked":"EmptyFist","floor":8},{"not_picked":["Protect","EmptyFist"],"picked":"Conclude","floor":10},{"not_picked":["Establishment","JustLucky","Sanctity"],"picked":"SKIP","floor":12},{"not_picked":["Consecrate","Pray"],"picked":"Halt","floor":13},{"not_picked":["ClearTheMind","FlyingSleeves","EmptyFist"],"picked":"SKIP","floor":14},{"not_picked":["Scrawl","SpiritShield"],"picked":"LessonLearned","floor":16},{"not_picked":["BowlingBash","JustLucky+1","Protect"],"picked":"SKIP","floor":18},{"not_picked":["Crescendo","LessonLearned","BowlingBash+1"],"picked":"SKIP","floor":20},{"not_picked":["LikeWater","Consecrate"],"picked":"Wallop+1","floor":22},{"not_picked":["FlurryOfBlows","JustLucky+1","Consecrate+1"],"picked":"SKIP","floor":24},{"not_picked":["Pray","Collect+1"],"picked":"EmptyBody","floor":25},{"not_picked":["Crescendo","Collect+1","BattleHymn"],"picked":"Singing Bowl","floor":27},{"not_picked":["Collect","FearNoEvil"],"picked":"Wallop","floor":28},{"not_picked":["EmptyMind","CutThroughFate","LikeWater"],"picked":"Singing Bowl","floor":31},{"not_picked":["Ragnarok","ConjureBlade","MasterReality"],"picked":"Singing Bowl","floor":33},{"not_picked":["CrushJoints","SandsOfTime","WaveOfTheHand"],"picked":"Singing Bowl","floor":35},{"not_picked":["PathToVictory+1","Prostrate+1","FlurryOfBlows+1"],"picked":"Singing Bowl","floor":36},{"not_picked":["Vengeance+1","PathToVictory+1","Prostrate"],"picked":"Singing Bowl","floor":38},{"not_picked":["SignatureMove","ThirdEye+1","Tantrum"],"picked":"Singing Bowl","floor":39},{"not_picked":["Omniscience","WindmillStrike","WreathOfFlame+1"],"picked":"Singing Bowl","floor":41},{"not_picked":["Protect+1","SandsOfTime","FlurryOfBlows"],"picked":"Singing Bowl","floor":45},{"not_picked":["FollowUp","Pray+1","WaveOfTheHand"],"picked":"Singing Bowl","floor":48}],"player_experience":60344,"relics_obtained":[{"floor":6,"key":"Ancient Tea Set"},{"floor":9,"key":"Omamori"},{"floor":10,"key":"GoldenEye"},{"floor":12,"key":"Centennial Puzzle"},{"floor":25,"key":"Tiny Chest"},{"floor":26,"key":"Singing Bowl"},{"floor":30,"key":"Nilry\u0027s Codex"},{"floor":39,"key":"Calipers"},{"floor":41,"key":"Ginger"},{"floor":43,"key":"MealTicket"},{"floor":46,"key":"Happy Flower"}],"event_choices":[{"damage_healed":0,"gold_gain":0,"player_choice":"Success","damage_taken":12,"relics_obtained":["PreservedInsect"],"max_hp_gain":0,"max_hp_loss":0,"event_name":"Scrap Ooze","floor":7,"gold_loss":0},{"damage_healed":0,"gold_gain":99,"player_choice":"Stole From Cult","damage_taken":0,"max_hp_gain":0,"max_hp_loss":0,"event_name":"Nest","floor":21,"gold_loss":0},{"damage_healed":0,"gold_gain":0,"player_choice":"Obtained Book","damage_taken":16,"max_hp_gain":0,"max_hp_loss":0,"event_name":"Cursed Tome","floor":30,"gold_loss":0},{"damage_healed":0,"gold_gain":0,"player_choice":"Fight","damage_taken":0,"max_hp_gain":0,"max_hp_loss":0,"event_name":"MindBloom","floor":39,"gold_loss":0},{"damage_healed":0,"gold_gain":100,"player_choice":"Pray","damage_taken":0,"max_hp_gain":0,"max_hp_loss":0,"event_name":"Golden Shrine","floor":42,"gold_loss":0}],"is_beta":false,"boss_relics":[{"not_picked":["Runic Dome","VioletLotus"],"picked":"Runic Pyramid"},{"not_picked":["Astrolabe","Pandora\u0027s Box"],"picked":"Fusion Hammer"}],"items_purged_floors":[37,47],"is_endless":false,"potions_floor_spawned":[4,6,13,16,18,22,28,38,39,48],"ascension_level":4}}