{"host":"llpusn9usp8rznkj","time":1608013104,"event":{"mods":["2.2 Compatiblity","BaseMod","Colored Map","Colored Powertips","Conspire","Downfall","Hubris","Minty Spire (QoL Compilation)","Rare Cards Sparkle","Replay The Spire","StSLib","The Cursed"],"gold_per_floor":[113,113,113,5,25,60,60,78,78,78,78,28,60,75,75,81,81],"floor_reached":16,"playtime":358,"items_purged":[],"score":266,"play_id":"c7235b5c-2a86-4a95-aaaa-514dee1c04b1","local_time":"20201215011824","is_ascension_mode":true,"campfire_choices":[{"data":"expansioncontent:DonusPower","floor":7.0,"key":"SMITH"},{"data":"Bash","floor":11.0,"key":"SMITH"},{"data":"Strike_R","floor":15.0,"key":"PURGE"}],"circlet_count":0,"master_deck":["AscendersBane","Strike_R","Strike_R+1","Strike_R+1","Defend_R","Defend_R","Defend_R","Defend_R","Bash+1","expansioncontent:DonusPower+1","Headbutt","ReplayTheSpireMod:Stacked","conspire:SpireCoStock"],"relics":["Burning Blood","NeowsBlessing","hubris:Icosahedron","ReplayTheSpireMod:Ninjato","hubris:BottledRain","Self Forming Clay","Whetstone"],"acts_visited":["Exordium"],"potions_floor_usage":[],"damage_taken":[{"damage":0.0,"enemies":"Jaw Worm","floor":1.0,"turns":1.0},{"damage":0.0,"enemies":"Small Slimes","floor":5.0,"turns":1.0},{"damage":0.0,"enemies":"Gremlin Nob","floor":6.0,"turns":1.0},{"damage":9.0,"enemies":"2 Louse","floor":8.0,"turns":3.0},{"damage":30.0,"enemies":"3 Sentries","floor":13.0,"turns":8.0},{"damage":10.0,"enemies":"Exordium Thugs","floor":14.0,"turns":5.0},{"damage":56,"enemies":"Slime Boss","floor":16,"turns":7}],"seed_played":"1129438766863346714","potions_obtained":[{"floor":1.0,"key":"BlessingOfTheForge"},{"floor":6.0,"key":"Adrenaline Potion"}],"is_trial":false,"path_per_floor":["M","?","?","$","M","E","R","M","T","T","R","?","E","M","R_BF","B"],"character_chosen":"IRONCLAD","items_purchased":["expansioncontent:DonusPower"],"campfire_rested":0,"item_purchase_floors":[4],"current_hp_per_floor":[74,67,67,67,73,75,75,72,72,72,72,72,48,44,44,0,0],"gold":81,"neow_bonus":"THREE_ENEMY_KILL","is_daily":false,"chose_seed":false,"campfire_upgraded":2,"win_rate":0.0,"timestamp":1608013104,"path_taken":["M","?","?","$","M","E","R","M","T","?","R","?","E","M","R_BF","BOSS"],"items_purchased_type":["Card"],"build_version":"2020-12-13","purchased_purges":0,"victory":false,"max_hp_per_floor":[75,75,75,75,75,75,75,75,75,75,75,75,75,75,75,75,75],"card_choices":[{"not_picked":["ReplayTheSpireMod:LeadingStrike","hubris:ReadiedAction","Wild Strike"],"picked":"SKIP","floor":1.0},{"not_picked":["ReplayTheSpireMod:Strike From Hell","Massacre"],"picked":"Headbutt","floor":5.0},{"not_picked":["Wild Strike","Heavy Blade","Feel No Pain"],"picked":"SKIP","floor":6.0},{"not_picked":["Wild Strike","Second Wind"],"picked":"ReplayTheSpireMod:Stacked","floor":8.0},{"not_picked":["Anger","ReplayReversal","Wild Strike"],"picked":"SKIP","floor":13.0},{"not_picked":["Headbutt","Searing Blow","True Grit"],"picked":"SKIP","floor":14.0}],"player_experience":972776,"relics_obtained":[{"floor":6.0,"key":"ReplayTheSpireMod:Ninjato"},{"floor":9.0,"key":"hubris:BottledRain"},{"floor":10.0,"key":"Self Forming Clay"},{"floor":13.0,"key":"Whetstone"}],"event_choices":[{"cards_removed":["Strike_R"],"damage_healed":0.0,"max_hp_gain":0.0,"max_hp_loss":0.0,"gold_gain":0.0,"event_name":"Golden Wing","player_choice":"Card Removal","floor":2.0,"gold_loss":0.0,"damage_taken":7.0},{"damage_healed":0.0,"max_hp_gain":0.0,"max_hp_loss":0.0,"gold_gain":0.0,"event_name":"conspire:Investor","player_choice":"Invest 1","floor":12.0,"gold_loss":0.0,"damage_taken":0.0}],"is_beta":false,"boss_relics":[],"items_purged_floors":[],"is_endless":false,"potions_floor_spawned":[1,6],"killed_by":"Slime Boss","ascension_level":20}}