{"host":"2yqfi47fogfu1ic4","time":1608037701,"event":{"mods":["AchievementEnabler","BaseMod","Colored Map","Colored Powertips","Highlight Path","Minty Spire (QoL Compilation)","Permanent Neow","Relic Stats","StSLib"],"gold_per_floor":[363,117,130,130,158,202,202,202,229,252,169,169,197,220,220,306,306,331,239,254,263,279,279,279,279],"floor_reached":24,"playtime":2044,"items_purged":["Strike_G","Strike_G","Strike_G"],"score":496,"play_id":"c541b11a-ac8c-43ee-afdf-3e897227b70d","local_time":"20201215140821","is_ascension_mode":true,"campfire_choices":[{"data":"Phantasmal Killer","floor":8.0,"key":"SMITH"},{"floor":15.0,"key":"REST"},{"floor":23,"key":"REST"}],"circlet_count":0,"master_deck":["AscendersBane","Strike_G","Defend_G","Defend_G","Defend_G","Defend_G","Defend_G","Survivor","Neutralize","Underhanded Strike","Catalyst","Dagger Throw","Phantasmal Killer+1","Poisoned Stab","Footwork","Deadly Poison","Backstab","Burst","Bane+1","PiercingWail","Bouncing Flask"],"relics":["Ring of the Snake","TwistedFunnel","CeramicFish","Anchor","Smiling Mask","Snecko Eye"],"acts_visited":["Exordium","TheCity"],"potions_floor_usage":[16,18,22],"damage_taken":[{"damage":3.0,"enemies":"Cultist","floor":1.0,"turns":4.0},{"damage":0.0,"enemies":"Jaw Worm","floor":3.0,"turns":2.0},{"damage":3.0,"enemies":"2 Louse","floor":5.0,"turns":2.0},{"damage":24.0,"enemies":"Gremlin Nob","floor":6.0,"turns":4.0},{"damage":0.0,"enemies":"Gremlin Gang","floor":10.0,"turns":4.0},{"damage":0.0,"enemies":"Blue Slaver","floor":13.0,"turns":3.0},{"damage":0.0,"enemies":"2 Fungi Beasts","floor":14.0,"turns":3.0},{"damage":0,"enemies":"Slime Boss","floor":16,"turns":7},{"damage":31,"enemies":"2 Thieves","floor":18,"turns":5},{"damage":10,"enemies":"Spheric Guardian","floor":20,"turns":4},{"damage":3,"enemies":"Shelled Parasite and Fungi","floor":22,"turns":6},{"damage":35,"enemies":"Book of Stabbing","floor":24,"turns":3}],"seed_played":"-2301930028142722188","potions_obtained":[{"floor":1.0,"key":"Weak Potion"},{"floor":3.0,"key":"Strength Potion"},{"floor":13.0,"key":"BlessingOfTheForge"},{"floor":14.0,"key":"Fire Potion"},{"floor":18,"key":"Strength Potion"}],"is_trial":false,"path_per_floor":["M","$","M","?","M","E","?","R","T","M","$","?","M","M","R","B",null,"M","$","M","?","M","R","E"],"character_chosen":"THE_SILENT","items_purchased":["TwistedFunnel","Footwork","PiercingWail"],"campfire_rested":2,"item_purchase_floors":[2,11,19],"current_hp_per_floor":[56,56,56,45,42,18,23,23,23,23,23,23,23,23,42,42,59,28,28,18,18,15,34,0,0],"gold":279,"neow_bonus":"TWO_FIFTY_GOLD","is_daily":false,"chose_seed":false,"campfire_upgraded":1,"win_rate":0.0,"timestamp":1608037701,"path_taken":["M","$","?","?","M","E","?","R","T","M","$","?","?","M","R","BOSS","M","$","M","?","M","R","E"],"items_purchased_type":["Relic","Card","Card"],"build_version":"2020-12-13","purchased_purges":3,"victory":false,"max_hp_per_floor":[60,60,60,60,60,60,65,65,65,65,65,65,65,65,65,65,65,65,65,65,65,65,65,65,65],"relic_stats":{"counters":[12,47],"CeramicFish":90,"Snecko Eye":[27,31,38,36],"Smiling Mask":125,"obtain_stats":[{"TwistedFunnel":2,"Anchor":6,"CeramicFish":4,"Snecko Eye":17,"Smiling Mask":9,"Ring of the Snake":0},{"TwistedFunnel":1,"Anchor":4,"CeramicFish":2,"Snecko Eye":8,"Smiling Mask":4,"Ring of the Snake":0},{"TwistedFunnel":4,"Anchor":12,"CeramicFish":6,"Snecko Eye":29,"Smiling Mask":12,"Ring of the Snake":0}],"Ring of the Snake":[24]},"card_choices":[{"not_picked":["Finisher","Calculated Gamble"],"picked":"Underhanded Strike","floor":1.0},{"not_picked":["Skewer","Cloak And Dagger"],"picked":"Catalyst","floor":3.0},{"not_picked":["Outmaneuver","Quick Slash"],"picked":"Dagger Throw","floor":5.0},{"not_picked":["Acrobatics","Underhanded Strike"],"picked":"Phantasmal Killer","floor":6.0},{"not_picked":["Slice","Dagger Spray"],"picked":"Poisoned Stab","floor":10.0},{"not_picked":["Skewer","Accuracy"],"picked":"Deadly Poison","floor":13.0},{"not_picked":["Setup","Finisher"],"picked":"Backstab","floor":14.0},{"not_picked":["A Thousand Cuts","Glass Knife"],"picked":"Burst","floor":16},{"not_picked":["Slice","All Out Attack"],"picked":"Bane+1","floor":18},{"not_picked":["Prepared","Backstab","Setup"],"picked":"SKIP","floor":20},{"not_picked":["Poisoned Stab","Flying Knee","Masterful Stab"],"picked":"SKIP","floor":22}],"player_experience":1781182,"relics_obtained":[{"floor":6.0,"key":"Anchor"},{"floor":9.0,"key":"Smiling Mask"}],"event_choices":[{"damage_healed":0.0,"max_hp_gain":0.0,"max_hp_loss":0.0,"gold_gain":0.0,"event_name":"Scrap Ooze","player_choice":"Success","floor":4.0,"gold_loss":0.0,"damage_taken":11.0,"relics_obtained":["CeramicFish"]},{"damage_healed":0.0,"max_hp_gain":5.0,"max_hp_loss":0.0,"gold_gain":0.0,"event_name":"Big Fish","player_choice":"Donut","floor":7.0,"gold_loss":0.0,"damage_taken":0.0},{"cards_removed":["Strike_G"],"damage_healed":0.0,"max_hp_gain":0.0,"max_hp_loss":0.0,"gold_gain":0.0,"event_name":"Purifier","player_choice":"Purged","floor":12.0,"gold_loss":0.0,"damage_taken":0.0},{"damage_healed":0,"gold_gain":0,"player_choice":"Read","damage_taken":0,"max_hp_gain":0,"max_hp_loss":0,"event_name":"The Library","floor":21,"gold_loss":0,"cards_obtained":["Bouncing Flask"]}],"is_beta":false,"boss_relics":[{"not_picked":["Tiny House","Fusion Hammer"],"picked":"Snecko Eye"}],"items_purged_floors":[2,11,19],"is_endless":false,"potions_floor_spawned":[1,3,13,14,18],"killed_by":"Book of Stabbing","ascension_level":20}}