{"host":"diimjn7l8zzl9nqr","time":1608017534,"event":{"mods":["BaseMod","DeckTracker","Keyboard Shortcuts","Minty Spire (QoL Compilation)","Permanent Neow","Quick Restart","StSLib"],"gold_per_floor":[111,130,140,65,65,65,95,118,118,118,132,132,196,34,34,34,34],"floor_reached":16,"playtime":534,"items_purged":["Strike_R"],"score":108,"play_id":"759bcd13-c4a0-429d-b853-fa6a043b3759","local_time":"20201215163214","is_ascension_mode":true,"campfire_choices":[{"data":"Whirlwind","floor":6,"key":"SMITH"},{"data":"True Grit","floor":10,"key":"SMITH"},{"data":"Dark Shackles","floor":12,"key":"SMITH"},{"floor":15,"key":"REST"}],"circlet_count":0,"master_deck":["Strike_R","Strike_R","Strike_R","Defend_R","Defend_R","Defend_R","Defend_R","Bash","Dark Shackles+1","Whirlwind+1","True Grit+1","True Grit","Shrug It Off","Reaper"],"relics":["Burning Blood","Bottled Lightning","Odd Mushroom","Bag of Preparation","PreservedInsect"],"acts_visited":["Exordium"],"potions_floor_usage":[8],"damage_taken":[{"damage":2,"enemies":"Cultist","floor":1,"turns":4},{"damage":3,"enemies":"2 Louse","floor":2,"turns":2},{"damage":2,"enemies":"Jaw Worm","floor":3,"turns":4},{"damage":15,"enemies":"Lagavulin","floor":7,"turns":7},{"damage":21,"enemies":"The Mushroom Lair","floor":8,"turns":4},{"damage":2,"enemies":"2 Fungi Beasts","floor":11,"turns":4},{"damage":26,"enemies":"3 Sentries","floor":13,"turns":6},{"damage":28,"enemies":"The Guardian","floor":16,"turns":10}],"seed_played":"-8880108316561841473","potions_obtained":[{"floor":1,"key":"ColorlessPotion"},{"floor":3,"key":"FearPotion"},{"floor":8,"key":"Block Potion"},{"floor":11,"key":"GamblersBrew"}],"is_trial":false,"path_per_floor":["M","M","M","$","?","R","E","?","T","R","M","R","?","$","R","B"],"character_chosen":"IRONCLAD","items_purchased":["Reaper"],"campfire_rested":1,"item_purchase_floors":[14],"current_hp_per_floor":[80,80,80,80,73,73,64,49,49,49,53,53,33,33,57,33,33],"gold":34,"neow_bonus":"RANDOM_COLORLESS","is_daily":false,"chose_seed":false,"campfire_upgraded":3,"win_rate":0.0,"timestamp":1608017534,"path_taken":["M","?","M","$","?","R","E","?","T","R","M","R","?","$","R","BOSS"],"items_purchased_type":["Card"],"build_version":"2020-12-13","purchased_purges":1,"victory":false,"max_hp_per_floor":[80,80,80,80,80,80,80,80,80,80,80,80,80,80,80,80,80],"card_choices":[{"not_picked":["Finesse","Jack Of All Trades"],"picked":"Dark Shackles","floor":0},{"not_picked":["Heavy Blade","Wild Strike"],"picked":"Whirlwind","floor":1},{"not_picked":["Heavy Blade","Warcry","Entrench"],"picked":"SKIP","floor":2},{"not_picked":["Thunderclap","Rage"],"picked":"True Grit","floor":3},{"not_picked":["Infernal Blade","Havoc","Iron Wave"],"picked":"SKIP","floor":7},{"not_picked":["Whirlwind","Havoc"],"picked":"True Grit","floor":11},{"not_picked":["Spot Weakness","True Grit"],"picked":"Shrug It Off","floor":13}],"player_experience":88519,"relics_obtained":[{"floor":7,"key":"Bottled Lightning"},{"floor":8,"key":"Odd Mushroom"},{"floor":9,"key":"Bag of Preparation"},{"floor":13,"key":"PreservedInsect"}],"event_choices":[{"cards_removed":["Strike_R"],"damage_healed":0,"gold_gain":0,"player_choice":"Card Removal","damage_taken":7,"max_hp_gain":0,"max_hp_loss":0,"event_name":"Golden Wing","floor":5,"gold_loss":0},{"damage_healed":0,"gold_gain":0,"player_choice":"Fought Mushrooms","damage_taken":0,"max_hp_gain":0,"max_hp_loss":0,"event_name":"Mushrooms","floor":8,"gold_loss":0},{"damage_healed":0,"gold_gain":0,"player_choice":"Searched \u00272\u0027 times","damage_taken":0,"max_hp_gain":0,"max_hp_loss":0,"event_name":"Dead Adventurer","floor":13,"gold_loss":0}],"is_beta":false,"boss_relics":[],"items_purged_floors":[4],"is_endless":false,"potions_floor_spawned":[1,3,8,11],"killed_by":"The Guardian","ascension_level":2}}