{"host":"mi0eibewekhugwl1","time":1608042908,"event":{"mods":["AchievementEnabler","BaseMod","Colored Map","Colored Powertips","DeckTracker","Keyboard Shortcuts","Minty Spire (QoL Compilation)","Quick Restart","Rare Cards Sparkle","Relic Stats","StSLib","SuperFastMode","everything is the same but u backflip on backflip"],"gold_per_floor":[114,264,103,120,135,135,169,169,169,26,26,38,51,76,76,76,76],"floor_reached":16,"playtime":336,"items_purged":["Doubt","Strike_B"],"score":220,"play_id":"5837ce72-ba04-4d12-8980-a8c4f463c53b","local_time":"20201215233508","is_ascension_mode":true,"campfire_choices":[{"data":"Biased Cognition","floor":6,"key":"SMITH"},{"floor":11,"key":"REST"},{"data":"Chaos","floor":15,"key":"SMITH"}],"circlet_count":0,"master_deck":["AscendersBane","Strike_B","Strike_B","Strike_B","Defend_B","Defend_B","Defend_B","Defend_B","Zap+1","Dualcast","Coolheaded","Biased Cognition+1","Compile Driver","Chill","Buffer","Chaos+1","Conserve Battery","Echo Form+1","Glacier"],"relics":["Cracked Core","Eternal Feather","Frozen Egg 2","Question Card"],"acts_visited":["Exordium"],"potions_floor_usage":[],"damage_taken":[{"damage":4,"enemies":"Small Slimes","floor":1,"turns":3},{"damage":6,"enemies":"2 Louse","floor":4,"turns":2},{"damage":0,"enemies":"Cultist","floor":5,"turns":2},{"damage":25,"enemies":"Lagavulin","floor":7,"turns":5},{"damage":6,"enemies":"3 Louse","floor":12,"turns":4},{"damage":0,"enemies":"Blue Slaver","floor":13,"turns":3},{"damage":9,"enemies":"3 Sentries","floor":14,"turns":12},{"damage":60,"enemies":"Hexaghost","floor":16,"turns":14}],"seed_played":"715893287973555811","potions_obtained":[{"floor":1,"key":"Energy Potion"},{"floor":4,"key":"ColorlessPotion"},{"floor":12,"key":"LiquidBronze"}],"is_trial":false,"path_per_floor":["M","?","$","M","M","R","E","?","T","$","R","M","M","E","R","B"],"character_chosen":"DEFECT","items_purchased":["Biased Cognition","Chaos"],"campfire_rested":1,"item_purchase_floors":[3,10],"current_hp_per_floor":[60,60,60,54,54,54,29,29,29,29,59,53,53,44,53,0,0],"gold":76,"neow_bonus":"UPGRADE_CARD","is_daily":false,"chose_seed":false,"campfire_upgraded":2,"win_rate":0.0,"timestamp":1608042908,"path_taken":["M","?","$","M","M","R","E","?","T","$","R","M","?","E","R","BOSS"],"items_purchased_type":["Card","Card"],"build_version":"2020-12-13","purchased_purges":2,"victory":false,"max_hp_per_floor":[71,71,71,71,71,71,71,71,71,71,71,71,71,71,71,71,71],"relic_stats":{"counters":[8,45],"Eternal Feather":18,"Question Card":0,"obtain_stats":[{"Eternal Feather":7,"Frozen Egg 2":9,"Cracked Core":0,"Question Card":14},{"Eternal Feather":4,"Frozen Egg 2":4,"Cracked Core":0,"Question Card":7},{"Eternal Feather":12,"Frozen Egg 2":12,"Cracked Core":0,"Question Card":31}]},"card_choices":[{"not_picked":["Scrape","Go for the Eyes"],"picked":"Coolheaded","floor":1},{"not_picked":["Reprogram","Go for the Eyes"],"picked":"Compile Driver","floor":4},{"not_picked":["Darkness","Leap","Skim"],"picked":"SKIP","floor":5},{"not_picked":["Darkness","Scrape"],"picked":"Chill","floor":7},{"not_picked":["Compile Driver","Streamline"],"picked":"Conserve Battery","floor":12},{"not_picked":["Turbo","Steam"],"picked":"Echo Form+1","floor":13},{"not_picked":["Stack","Redo"],"picked":"Glacier","floor":14}],"player_experience":1666609,"relics_obtained":[{"floor":7,"key":"Eternal Feather"},{"floor":9,"key":"Frozen Egg 2"},{"floor":14,"key":"Question Card"}],"event_choices":[{"damage_healed":0,"gold_gain":150,"player_choice":"AGREE","damage_taken":0,"max_hp_gain":0,"max_hp_loss":0,"event_name":"Liars Game","floor":2,"gold_loss":0,"cards_obtained":["Doubt"]},{"damage_healed":0,"gold_gain":0,"player_choice":"1 cards matched","damage_taken":0,"max_hp_gain":0,"max_hp_loss":0,"event_name":"Match and Keep!","floor":8,"gold_loss":0,"cards_obtained":["Buffer"]}],"is_beta":false,"boss_relics":[],"items_purged_floors":[3,10],"is_endless":false,"potions_floor_spawned":[1,4,12,14],"killed_by":"Hexaghost","ascension_level":20}}