{"host":"kw4o7b3ro2ktmmbe","time":1608022582,"event":{"mods":["BaseMod","Minty Spire (QoL Compilation)","StSLib","The Death Knight","Treasure Hunter"],"gold_per_floor":[99,49,49,49,49,49,49,20,20,20,20,20,20,20,20,20,20,20,20,20,20,20,20,20,20,20,20,20,20,20,20,20,20,20,20,20,0,0,0,0,0,0,0,0,0,0,0,0,0,0],"floor_reached":51,"playtime":5427,"items_purged":[],"score":932,"play_id":"634cfab8-6bf1-45d4-8e77-928121cf2467","local_time":"20201215215622","is_ascension_mode":true,"campfire_choices":[{"data":"DeathKnight:DarkSuccor","floor":7.0,"key":"SMITH"},{"data":"DeathKnight:DancingRuneblade","floor":10.0,"key":"SMITH"},{"data":"DeathKnight:Runesurge","floor":15.0,"key":"SMITH"},{"data":"DeathKnight:UnholyPresence","floor":23,"key":"SMITH"},{"data":"DeathKnight:WraithWalk","floor":32,"key":"SMITH"},{"data":"DeathKnight:Simulacrum","floor":40,"key":"SMITH"},{"floor":49,"key":"REST"}],"circlet_count":0,"master_deck":["DeathKnight:Strike_DeathKnight","DeathKnight:Strike_DeathKnight","DeathKnight:Strike_DeathKnight","DeathKnight:Strike_DeathKnight","DeathKnight:Defend_DeathKnight","DeathKnight:Defend_DeathKnight","DeathKnight:Defend_DeathKnight","DeathKnight:Defend_DeathKnight","DeathKnight:Defend_DeathKnight","DeathKnight:RuneTap","DeathKnight:RuneStrike","DeathKnight:WraithWalk+1","DeathKnight:UnholyAssault","DeathKnight:DarkSuccor+1","TH:PixieDust","DeathKnight:DancingRuneblade+1","DeathKnight:AntiMagicShell","TH:CursedSword","DeathKnight:Runesurge+1","DeathKnight:DeathAndDecay","TH:CursedSword","TH:EnergyPotion","DeathKnight:Simulacrum+1","DeathKnight:UnholyPresence+1","TH:Mimic","DeathKnight:Contagion","TH:BikiniMail","Writhe","TH:CursedSword","TH:ArmorSpikes","DeathKnight:Runesurge","CurseOfTheBell","DeathKnight:DarkSuccor+1","Writhe","DeathKnight:DarkSuccor+1","Parasite","DeathKnight:AntiMagicShell","DeathKnight:ShatteringStrikes+1","TH:Mimic","TH:Mimic","DeathKnight:Simulacrum","Apotheosis","TH:BikiniMail","Trip","TH:TreasureMap","DeathKnight:FoulBulwark+1","TH:EnergyPotion","DeathKnight:BloodBoil+1"],"relics":["Ectoplasm","The Courier","Ice Cream","Toy Ornithopter","Du-Vu Doll","DeathKnight:Shadowmourne","Pantograph","Meat on the Bone","Oddly Smooth Stone","DeathKnight:Scourgestone","Calling Bell","Orichalcum","Darkstone Periapt","Gambling Chip","Red Mask","StrikeDummy","Question Card","DeathKnight:AbominationHead","DeathKnight:PreciousRibbon"],"acts_visited":["Exordium","TheCity","TheBeyond"],"potions_floor_usage":[24,28,29,33,42,46,50],"damage_taken":[{"damage":7.0,"enemies":"Small Slimes","floor":1.0,"turns":4.0},{"damage":2.0,"enemies":"Jaw Worm","floor":4.0,"turns":4.0},{"damage":1.0,"enemies":"2 Louse","floor":5.0,"turns":2.0},{"damage":8.0,"enemies":"Gremlin Nob","floor":6.0,"turns":3.0},{"damage":3.0,"enemies":"Exordium Thugs","floor":11.0,"turns":4.0},{"damage":1.0,"enemies":"Blue Slaver","floor":12.0,"turns":3.0},{"damage":1.0,"enemies":"2 Fungi Beasts","floor":13.0,"turns":3.0},{"damage":2.0,"enemies":"Lagavulin","floor":14.0,"turns":4.0},{"damage":36.0,"enemies":"Hexaghost","floor":16.0,"turns":7.0},{"damage":0.0,"enemies":"Spheric Guardian","floor":18.0,"turns":2.0},{"damage":0.0,"enemies":"Shell Parasite","floor":19.0,"turns":3.0},{"damage":0.0,"enemies":"Cultist and Chosen","floor":20.0,"turns":3.0},{"damage":48,"enemies":"Slavers","floor":24,"turns":3},{"damage":8,"enemies":"Snecko","floor":25,"turns":3},{"damage":33,"enemies":"Book of Stabbing","floor":28,"turns":5},{"damage":27,"enemies":"Shelled Parasite and Fungi","floor":29,"turns":3},{"damage":18,"enemies":"Colosseum Slavers","floor":30,"turns":3},{"damage":0,"enemies":"Snake Plant","floor":31,"turns":2},{"damage":34,"enemies":"Automaton","floor":33,"turns":8},{"damage":6,"enemies":"Orb Walker","floor":35,"turns":3},{"damage":0,"enemies":"3 Shapes","floor":38,"turns":3},{"damage":0,"enemies":"Writhing Mass","floor":39,"turns":4},{"damage":5,"enemies":"Sphere and 2 Shapes","floor":41,"turns":4},{"damage":24,"enemies":"Maw","floor":42,"turns":4},{"damage":31,"enemies":"Nemesis","floor":44,"turns":3},{"damage":4,"enemies":"Reptomancer","floor":46,"turns":4},{"damage":12,"enemies":"Giant Head","floor":48,"turns":5},{"damage":7,"enemies":"Donu and Deca","floor":50,"turns":7}],"seed_played":"-403640387915991365","potions_obtained":[{"floor":1.0,"key":"Block Potion"},{"floor":4.0,"key":"Fire Potion"},{"floor":12.0,"key":"FairyPotion"},{"floor":13.0,"key":"Explosive Potion"},{"floor":20.0,"key":"BlessingOfTheForge"},{"floor":24,"key":"BlessingOfTheForge"},{"floor":28,"key":"DistilledChaos"},{"floor":29,"key":"LiquidMemories"},{"floor":38,"key":"PowerPotion"},{"floor":39,"key":"PowerPotion"},{"floor":46,"key":"Weak Potion"},{"floor":48,"key":"DeathKnight:RunicPotion"}],"is_trial":false,"path_per_floor":["M","?","?","M","M","E","R","$","T","R","M","M","M","E","R","B",null,"M","M","M","?","$","R","E","M","T","?","E","M","?","M","R","B",null,"M","?","?","M","M","R","M","M","T","E","?","E","$","E","R","B",null],"character_chosen":"DEATH_KNIGHT","items_purchased":["DeathKnight:AntiMagicShell"],"campfire_rested":1,"item_purchase_floors":[8],"current_hp_per_floor":[68,68,65,63,62,54,54,54,54,54,51,55,54,52,52,16,75,75,75,75,75,75,75,32,24,24,24,34,24,18,30,30,48,75,69,81,81,81,87,87,82,63,63,44,34,47,47,47,73,86],"gold":0,"neow_bonus":"BOSS_RELIC","is_daily":false,"chose_seed":false,"campfire_upgraded":6,"win_rate":0.0,"timestamp":1608022582,"path_taken":["M","?","?","M","M","E","R","?","T","R","M","?","M","E","R","BOSS","M","M","M","?","?","R","E","M","T","?","E","M","?","?","R","BOSS","M","?","?","M","M","R","M","?","T","E","?","E","$","E","R","BOSS"],"items_purchased_type":["Card"],"build_version":"2020-12-13","purchased_purges":0,"victory":true,"max_hp_per_floor":[75,75,75,75,75,75,75,75,75,75,75,75,75,75,75,75,75,75,75,75,75,75,75,75,75,75,75,75,75,75,75,75,75,75,75,81,81,81,87,87,87,87,87,87,87,87,87,87,87,87],"card_choices":[{"not_picked":["DeathKnight:Ossuary","DeathKnight:ScourgeStrike"],"picked":"DeathKnight:WraithWalk","floor":1.0},{"not_picked":["DeathKnight:Lichborne","DeathKnight:ShatteringStrikes"],"picked":"DeathKnight:UnholyAssault","floor":4.0},{"not_picked":["DeathKnight:BloodPact","DeathKnight:BloodTap"],"picked":"DeathKnight:DarkSuccor","floor":5.0},{"not_picked":["TH:CopperCoins"],"picked":"TH:PixieDust","floor":6.0},{"not_picked":["DeathKnight:MindFreeze","DeathKnight:ShatteringStrikes"],"picked":"DeathKnight:DancingRuneblade","floor":6.0},{"not_picked":["TH:Mimic"],"picked":"TH:CursedSword","floor":9.0},{"not_picked":["DeathKnight:DeathCoil","DeathKnight:BoneSpear"],"picked":"DeathKnight:Runesurge","floor":11.0},{"not_picked":["DeathKnight:ScourgeStrike","DeathKnight:DeathCoil","DeathKnight:BloodStrike"],"picked":"SKIP","floor":12.0},{"not_picked":["DeathKnight:FrostStrike","DeathKnight:IcyTouch"],"picked":"DeathKnight:DeathAndDecay","floor":13.0},{"not_picked":["TH:BikiniMail"],"picked":"TH:CursedSword","floor":14.0},{"not_picked":["DeathKnight:DeathCoil","DeathKnight:BoneStorm","DeathKnight:IcyTouch"],"picked":"SKIP","floor":14.0},{"not_picked":["TH:CopperCoins"],"picked":"TH:EnergyPotion","floor":16.0},{"not_picked":["DeathKnight:BoneStorm","DeathKnight:SindragosasBreath"],"picked":"DeathKnight:Simulacrum","floor":16.0},{"not_picked":["DeathKnight:Obliterate","DeathKnight:ShatteringStrikes+1","DeathKnight:BloodBoil"],"picked":"SKIP","floor":18.0},{"not_picked":["DeathKnight:DeathAndDecay","DeathKnight:RunicCorruption+1"],"picked":"DeathKnight:UnholyPresence","floor":19.0},{"not_picked":["DeathKnight:IceboundArmor+1","DeathKnight:UnholyFrenzy","DeathKnight:RuneShock"],"picked":"SKIP","floor":20.0},{"not_picked":["TH:EnergyPotion"],"picked":"TH:Mimic","floor":24},{"not_picked":["DeathKnight:Obliterate+1","DeathKnight:BludPresence"],"picked":"DeathKnight:Contagion","floor":24},{"not_picked":["DeathKnight:ThirstingStrike+1","DeathKnight:Lichborne","DeathKnight:Culling"],"picked":"SKIP","floor":25},{"not_picked":["TH:EnergyPotion"],"picked":"TH:BikiniMail","floor":26},{"not_picked":["TH:EnergyPotion"],"picked":"TH:CursedSword","floor":28},{"not_picked":["DeathKnight:UnholyFrenzy","DeathKnight:Obliterate","DeathKnight:MindFreeze"],"picked":"SKIP","floor":28},{"not_picked":["DeathKnight:Parry+1","DeathKnight:DreadStrike","DeathKnight:Obliterate"],"picked":"SKIP","floor":29},{"not_picked":["DeathKnight:RunicCorruption+1","DeathKnight:DeathAndDecay","DeathKnight:BloodTap"],"picked":"SKIP","floor":31},{"not_picked":["TH:Mimic"],"picked":"TH:ArmorSpikes","floor":33},{"not_picked":["DeathKnight:SindragosasBreath","DeathKnight:ArmyOfTheDead"],"picked":"DeathKnight:Runesurge","floor":33},{"not_picked":["DeathKnight:RuneShock","DeathKnight:Contagion"],"picked":"DeathKnight:DarkSuccor+1","floor":35},{"not_picked":["DeathKnight:IcyTouch+1","DeathKnight:BoneShield"],"picked":"DeathKnight:DarkSuccor+1","floor":38},{"not_picked":["DeathKnight:Pestilence","DeathKnight:HornOfWinter"],"picked":"DeathKnight:AntiMagicShell","floor":39},{"not_picked":["DeathKnight:Rot","DeathKnight:BloodPact+1"],"picked":"DeathKnight:ShatteringStrikes+1","floor":41},{"not_picked":["DeathKnight:MindFreeze","DeathKnight:BoneShield","DeathKnight:UnholyFrenzy"],"picked":"SKIP","floor":42},{"not_picked":["TH:EnergyPotion"],"picked":"TH:Mimic","floor":43},{"not_picked":["TH:EnergyPotion"],"picked":"TH:Mimic","floor":44},{"not_picked":["DeathKnight:HowlingBlast","DeathKnight:Culling+1"],"picked":"DeathKnight:Simulacrum","floor":44},{"not_picked":["Dark Shackles","Discovery","TH:CursedSword"],"picked":"Apotheosis","floor":45},{"not_picked":["TH:Mimic","Madness","Trip"],"picked":"TH:BikiniMail","floor":45},{"not_picked":["Secret Technique","Jack Of All Trades","Dramatic Entrance"],"picked":"Trip","floor":45},{"not_picked":["TH:DeckOfManyThings","TH:ArmorSpikes"],"picked":"TH:TreasureMap","floor":46},{"not_picked":["DeathKnight:MindFreeze","DeathKnight:FrosPresence+1","DeathKnight:BloodTap+1"],"picked":"DeathKnight:FoulBulwark+1","floor":46},{"not_picked":["TH:CopperCoins","TH:ArmorSpikes"],"picked":"TH:EnergyPotion","floor":48},{"not_picked":["DeathKnight:RaiseAlly+1","DeathKnight:DeathAndDecay+1","DeathKnight:ChainsOfIce+1"],"picked":"DeathKnight:BloodBoil+1","floor":48}],"player_experience":1790363,"relics_obtained":[{"floor":6.0,"key":"Ice Cream"},{"floor":9.0,"key":"Toy Ornithopter"},{"floor":14.0,"key":"Du-Vu Doll"},{"floor":24,"key":"Pantograph"},{"floor":26,"key":"Meat on the Bone"},{"floor":28,"key":"DeathKnight:Scourgestone"},{"floor":34,"key":"Orichalcum"},{"floor":34,"key":"Darkstone Periapt"},{"floor":34,"key":"Gambling Chip"},{"floor":43,"key":"StrikeDummy"},{"floor":44,"key":"Question Card"},{"floor":46,"key":"DeathKnight:AbominationHead"},{"floor":48,"key":"DeathKnight:PreciousRibbon"}],"event_choices":[{"cards_removed":["DeathKnight:Strike_DeathKnight"],"damage_healed":0.0,"max_hp_gain":0.0,"max_hp_loss":0.0,"gold_gain":0.0,"event_name":"The Cleric","player_choice":"Card Removal","floor":2.0,"gold_loss":50.0,"damage_taken":0.0},{"damage_healed":0.0,"max_hp_gain":0.0,"max_hp_loss":0.0,"gold_gain":0.0,"event_name":"Scrap Ooze","player_choice":"Success","floor":3.0,"gold_loss":0.0,"damage_taken":3.0,"relics_obtained":["The Courier"]},{"damage_healed":0,"gold_gain":0,"player_choice":"Leave","damage_taken":0,"max_hp_gain":0,"max_hp_loss":0,"event_name":"FaceTrader","floor":21,"gold_loss":0},{"damage_healed":0,"gold_gain":0,"player_choice":"Opened","damage_taken":0,"relics_obtained":["Oddly Smooth Stone"],"max_hp_gain":0,"max_hp_loss":0,"event_name":"The Mausoleum","floor":27,"gold_loss":0,"cards_obtained":["Writhe"]},{"damage_healed":0,"gold_gain":0,"player_choice":"Fight","damage_taken":0,"max_hp_gain":0,"max_hp_loss":0,"event_name":"Colosseum","floor":30,"gold_loss":0},{"damage_healed":0,"gold_gain":0,"player_choice":"Fled From Nobs","damage_taken":0,"max_hp_gain":0,"max_hp_loss":0,"event_name":"Colosseum","floor":30,"gold_loss":0},{"damage_healed":19,"gold_gain":0,"player_choice":"Writhe","damage_taken":0,"max_hp_gain":0,"max_hp_loss":0,"event_name":"Winding Halls","floor":36,"gold_loss":0,"cards_obtained":["Writhe"]},{"damage_healed":0,"gold_gain":0,"player_choice":"Paid","damage_taken":0,"relics_obtained":["Red Mask"],"max_hp_gain":0,"max_hp_loss":0,"event_name":"Tomb of Lord Red Mask","floor":37,"gold_loss":20},{"damage_healed":0,"gold_gain":0,"player_choice":"Memory 3","damage_taken":10,"max_hp_gain":0,"max_hp_loss":0,"event_name":"SensoryStone","floor":45,"gold_loss":0}],"is_beta":false,"boss_relics":[{"not_picked":["SlaversCollar","Cursed Key"],"picked":"DeathKnight:Shadowmourne"},{"not_picked":["Astrolabe","Pandora\u0027s Box"],"picked":"Calling Bell"}],"items_purged_floors":[],"is_endless":false,"potions_floor_spawned":[1,4,12,13,20,24,28,29,30,38,39,46,48],"ascension_level":3}}