{"host":"xz534terrkr331jc","time":1608067735,"event":{"mods":["BaseMod","Better Third Choice","Downfall","Hermit","Jorbs\u0027s Wanderer Trilogy","Marisa????????","Minty Spire (QoL Compilation)","Shade Mod","StSLib","The Cursed","The Hierophant","The Servant 0.9.4","The Wild Card"],"gold_per_floor":[99,99,99,99,99,130,130,130,130,162,162,262,276,289,301,301,301],"floor_reached":16,"playtime":934,"items_purged":[],"score":156,"play_id":"f7a4b673-be61-45c8-a95e-fa379c35f445","local_time":"20201215222855","is_ascension_mode":false,"campfire_choices":[{"data":"champ:Execute","floor":1,"key":"SMITH"},{"data":"champ:DefensiveShout","floor":3,"key":"SMITH"},{"data":"champ:Taunt","floor":5,"key":"SMITH"},{"data":"champ:FanOfKnives","floor":8,"key":"SMITH"}],"circlet_count":0,"master_deck":["champ:Strike","champ:Strike","champ:Strike+1","champ:Strike+1","champ:Defend","champ:Defend","champ:Defend","champ:Defend+1","champ:Execute+1","champ:Taunt+1","champ:DefensiveShout+1","champ:FanOfKnives+1","Regret","champ:CrookedStrike","champ:GutPunch","champ:Encircle"],"relics":["champ:ChampionCrown","downfall:HeartsMalice","Ornamental Fan","StrikeDummy","Dead Branch","champ:DefensiveTrainingManual"],"acts_visited":["Exordium"],"potions_floor_usage":[],"damage_taken":[{"damage":0,"enemies":"2 Louse","floor":2,"turns":1},{"damage":0,"enemies":"Lagavulin","floor":6,"turns":1},{"damage":0,"enemies":"Gremlin Nob","floor":10,"turns":1},{"damage":7,"enemies":"Small Slimes","floor":13,"turns":2},{"damage":2,"enemies":"Jaw Worm","floor":14,"turns":2},{"damage":9,"enemies":"Gremlin Gang","floor":15,"turns":3},{"damage":80,"enemies":"downfall:Defect","floor":16,"turns":6}],"seed_played":"8952035203745625397","potions_obtained":[{"floor":13,"key":"BlessingOfTheForge"},{"floor":15,"key":"LiquidMemories"}],"is_trial":false,"path_per_floor":["R","M","R","?","R","E","T","R","?","E","?","?","M","M","M","B"],"character_chosen":"THE_CHAMP","items_purchased":[],"campfire_rested":0,"item_purchase_floors":[],"current_hp_per_floor":[90,90,90,78,78,78,78,78,78,78,78,78,71,74,68,0,0],"gold":301,"neow_bonus":"THREE_ENEMY_KILL","is_daily":false,"chose_seed":false,"campfire_upgraded":4,"win_rate":0.0,"timestamp":1608067735,"path_taken":["R","M","R","?","R","E","T","R","?","E","?","?","?","M","M","BOSS"],"items_purchased_type":[],"build_version":"2020-12-13","purchased_purges":0,"victory":false,"max_hp_per_floor":[90,90,90,90,90,90,90,90,90,90,90,90,90,90,90,90,90],"card_choices":[{"not_picked":["champ:StanceDance","champ:ShieldWall"],"picked":"champ:DefensiveShout","floor":2},{"not_picked":["champ:BladeFlurry","champ:HeavySlash"],"picked":"champ:FanOfKnives","floor":6},{"not_picked":["champ:GladiatorsShout","champ:TornadoPunch"],"picked":"champ:CrookedStrike","floor":10},{"not_picked":["champ:CrookedStrike","champ:FocusedBerserking"],"picked":"champ:GutPunch","floor":13},{"not_picked":["champ:Encircle","champ:GutPunch","champ:FightOn"],"picked":"SKIP","floor":14},{"not_picked":["champ:BerserkersShout","champ:StanceDance"],"picked":"champ:Encircle","floor":15}],"player_experience":532420,"relics_obtained":[{"floor":6,"key":"StrikeDummy"},{"floor":7,"key":"Dead Branch"},{"floor":10,"key":"champ:DefensiveTrainingManual"}],"event_choices":[{"damage_healed":0,"gold_gain":0,"player_choice":"Relic ","damage_taken":12,"max_hp_gain":0,"max_hp_loss":0,"event_name":"betterThird:BetterScrap","floor":4,"gold_loss":0,"cards_obtained":["Chill"]}],"is_beta":false,"boss_relics":[],"items_purged_floors":[],"is_endless":false,"potions_floor_spawned":[13,15],"killed_by":"downfall:Defect","ascension_level":0}}