{"host":"0fm1w3v00gid44jl","time":1608065407,"event":{"mods":["AchievementEnabler","BaseMod","Colored Map","Colored Powertips","Displayed Cursed Tome","Downfall","Googly Eyes","Highlight Path","Minty Spire (QoL Compilation)","Permanent Neow","Relic Stats","StSLib","SuperFastMode","slay the spire mod where everything is the same but ironclad has a cowboy hat"],"gold_per_floor":[99,99,99,117,23,23,23,58,5,5,17,32,17,36,53,150,150],"floor_reached":16,"playtime":56276,"items_purged":[],"score":150,"play_id":"4eaaaea7-283a-4232-91cb-46794f19aeed","local_time":"20201215145007","is_ascension_mode":false,"campfire_choices":[{"data":"champ:ShieldThrow","floor":1,"key":"SMITH"},{"data":"champ:Taunt","floor":3,"key":"SMITH"},{"data":"champ:DeathBlow","floor":6,"key":"SMITH"},{"data":"champ:Duel","floor":10,"key":"SMITH"}],"circlet_count":0,"master_deck":["champ:Strike","champ:Strike","champ:Strike","champ:Strike","champ:Defend","champ:Defend","champ:Defend","champ:Defend","champ:Execute","champ:Taunt+1","champ:ShieldThrow+1","champ:StanceDance","champ:Duel+1","champ:DeathBlow+1","champ:RisingSlash","champ:DefensiveShout","champ:RisingSlash","champ:StanceDance","champ:Lariat","champ:Backstep","champ:BringItOn","champ:Balance"],"relics":["champ:ChampionCrown","MealTicket","Du-Vu Doll"],"acts_visited":["Exordium"],"potions_floor_usage":[],"damage_taken":[{"damage":5,"enemies":"Cultist","floor":4,"turns":3},{"damage":10,"enemies":"downfall:FleeingMerchant","floor":5,"turns":4},{"damage":8,"enemies":"Gremlin Nob","floor":8,"turns":4},{"damage":36,"enemies":"downfall:FleeingMerchant","floor":9,"turns":4},{"damage":3,"enemies":"Jaw Worm","floor":11,"turns":2},{"damage":25,"enemies":"Small Slimes","floor":12,"turns":2},{"damage":0,"enemies":"downfall:FleeingMerchant","floor":13,"turns":4},{"damage":8,"enemies":"Red Slaver","floor":14,"turns":3},{"damage":1,"enemies":"Exordium Wildlife","floor":15,"turns":4},{"damage":57,"enemies":"downfall:Watcher","floor":16,"turns":8}],"seed_played":"-5154029563828982606","potions_obtained":[{"floor":2,"key":"BlessingOfTheForge"},{"floor":2,"key":"EntropicBrew"},{"floor":2,"key":"Regen Potion"}],"is_trial":false,"path_per_floor":["R","?","R","M","$","R","T","E","$","R","M","M","$","M","M","B"],"character_chosen":"THE_CHAMP","items_purchased":["champ:DeathBlow","champ:RisingSlash"],"campfire_rested":0,"item_purchase_floors":[5,9],"current_hp_per_floor":[90,90,90,90,90,90,90,87,90,90,90,90,90,82,81,74,74],"gold":150,"neow_bonus":"ONE_RANDOM_RARE_CARD","is_daily":false,"chose_seed":false,"campfire_upgraded":4,"win_rate":0.0,"timestamp":1608065407,"path_taken":["R","?","R","M","?","R","T","E","$","R","M","M","$","M","M","BOSS"],"items_purchased_type":["Card","Card"],"build_version":"2020-12-13","purchased_purges":0,"victory":false,"max_hp_per_floor":[90,90,90,90,90,90,90,90,90,90,90,90,90,90,90,90,90],"relic_stats":{"counters":[10,38],"MealTicket":3,"obtain_stats":[{"Du-Vu Doll":8,"champ:ChampionCrown":0,"MealTicket":7},{"Du-Vu Doll":3,"champ:ChampionCrown":0,"MealTicket":2},{"Du-Vu Doll":11,"champ:ChampionCrown":0,"MealTicket":7}]},"card_choices":[{"not_picked":["champ:PreciseThrust","champ:FanOfKnives"],"picked":"champ:StanceDance","floor":4},{"not_picked":["champ:BerserkersShout","champ:StanceDance"],"picked":"champ:Duel","floor":5},{"not_picked":["champ:ViciousMockery","champ:IronFortress"],"picked":"champ:RisingSlash","floor":8},{"not_picked":["champ:Riposte","champ:Encircle"],"picked":"champ:DefensiveShout","floor":9},{"not_picked":["champ:HeartStrike","champ:GladiatorsShout"],"picked":"champ:StanceDance","floor":11},{"not_picked":["champ:DefensiveStyle","champ:CrookedStrike"],"picked":"champ:Lariat","floor":12},{"not_picked":["champ:GladiatorsShout","champ:CheapShot"],"picked":"champ:Backstep","floor":13},{"not_picked":["champ:SkillfulDodge","champ:CrookedStrike"],"picked":"champ:BringItOn","floor":14},{"not_picked":["champ:SkillfulDodge","champ:ArenaPreparation"],"picked":"champ:Balance","floor":15}],"player_experience":1234934,"relics_obtained":[{"floor":7,"key":"MealTicket"},{"floor":8,"key":"Du-Vu Doll"}],"event_choices":[{"damage_healed":0,"gold_gain":0,"player_choice":"Got Potions","damage_taken":0,"max_hp_gain":0,"max_hp_loss":0,"event_name":"Lab","floor":2,"gold_loss":0}],"is_beta":false,"boss_relics":[],"items_purged_floors":[],"is_endless":false,"potions_floor_spawned":[11,12,14,16],"killed_by":"downfall:Watcher","ascension_level":0}}