{"host":"udyc8f81k2jocuhg","time":1608049522,"event":{"mods":["2.2 Compatiblity","BaseMod","Better Third Choice","Colored Powertips","Conspire","Custom Start","GifTheSpireLib","Hermit","Minty Spire (QoL Compilation)","Permanent Neow","Quick Restart","Relic Filter","Relic Stats","Replay The Spire","Shop Mod","Spikes Relics","StSLib","Stuff the Spire"],"gold_per_floor":[113,125,141,158,158,192,192,218,267,280,610,166,166,181,181,255,255,273,293,309,341,341,374,387,421,421,421,421],"floor_reached":27,"playtime":3707,"items_purged":["Regret"],"score":656,"play_id":"16f3a564-bc7e-4333-abba-a3f768e77749","local_time":"20201215172522","is_ascension_mode":true,"campfire_choices":[{"data":"Replay:Poison Smokescreen","floor":7.0,"key":"SMITH"},{"floor":13.0,"key":"REST"},{"data":"Sadistic Nature","floor":15.0,"key":"SMITH"}],"circlet_count":0,"master_deck":["AscendersBane","Strike_G","Strike_G","Strike_G","Strike_G","Strike_G","Defend_G","Defend_G","Defend_G","Defend_G","Defend_G","Survivor","Neutralize","Draining Mist","Infinite Blades","Neutralize","Accuracy","Sadistic Nature+1","StuffTheSpire:MirrorStance","Bouncing Flask","After Image","Leg Sweep","Poisoned Stab+1","Doubt","Leg Sweep","Replay:Poison Smokescreen+1"],"relics":["Cursed Key","Art of War","StuffTheSpire:WitherSkull","StuffTheSpire:Mouthbags","Old Coin","BargainBundle","StuffTheSpire:Experiment12","Molten Egg 2","Omamori","WingedGreaves","conspire:Boomerang"],"acts_visited":["Exordium","TheCity"],"potions_floor_usage":[25],"damage_taken":[{"damage":0.0,"enemies":"Jaw Worm","floor":1.0,"turns":4.0},{"damage":0.0,"enemies":"Cultist","floor":2.0,"turns":3.0},{"damage":0.0,"enemies":"Small Slimes","floor":3.0,"turns":3.0},{"damage":7.0,"enemies":"3 Louse","floor":4.0,"turns":4.0},{"damage":15.0,"enemies":"Lagavulin","floor":6.0,"turns":5.0},{"damage":29.0,"enemies":"3 Sentries","floor":8.0,"turns":10.0},{"damage":1.0,"enemies":"Exordium Wildlife","floor":10.0,"turns":4.0},{"damage":3.0,"enemies":"Gremlin Nob","floor":11.0,"turns":4.0},{"damage":3.0,"enemies":"Exordium Thugs","floor":14.0,"turns":4.0},{"damage":0.0,"enemies":"Fading Forest","floor":16.0,"turns":11.0},{"damage":5.0,"enemies":"Spheric Guardian","floor":18.0,"turns":4.0},{"damage":0.0,"enemies":"Shell Parasite","floor":19.0,"turns":5.0},{"damage":16.0,"enemies":"Sentry and Sphere","floor":20.0,"turns":7.0},{"damage":10.0,"enemies":"conspire:MimicChest","floor":21.0,"turns":5.0},{"damage":18.0,"enemies":"Replay:Snechameleon","floor":23.0,"turns":6.0},{"damage":1.0,"enemies":"3 Cultists","floor":24.0,"turns":4.0},{"damage":0,"enemies":"Gremlin Leader","floor":25,"turns":6},{"damage":12,"enemies":"Book of Stabbing","floor":27,"turns":2}],"seed_played":"4132487454263768859","potions_obtained":[{"floor":1.0,"key":"BlessingOfTheForge"},{"floor":3.0,"key":"GamblersBrew"},{"floor":4.0,"key":"Toxic Potion"},{"floor":6.0,"key":"Block Potion"},{"floor":16.0,"key":"Weak Potion"},{"floor":20.0,"key":"SteroidPotion"},{"floor":21.0,"key":"Poison Potion"},{"floor":23.0,"key":"FearPotion"}],"is_trial":false,"path_per_floor":["M","M","M","M","?","E","R","E","T","M","E","$","R","M","R","B",null,"M","M","M","?","T","E","M","E","T","E"],"character_chosen":"THE_SILENT","items_purchased":["BargainBundle","Sadistic Nature","StuffTheSpire:Experiment12","StuffTheSpire:MirrorStance"],"campfire_rested":1,"item_purchase_floors":[12,12,12,12],"current_hp_per_floor":[59,59,59,52,52,37,37,8,8,7,4,4,23,20,20,36,59,54,54,38,28,28,10,9,9,9,0,0],"gold":421,"neow_bonus":"BOSS_RELIC","is_daily":false,"chose_seed":false,"campfire_upgraded":2,"win_rate":0.0,"timestamp":1608049522,"path_taken":["M","M","M","M","?","E","R","E","T","M","E","$","R","M","R","BOSS","M","?","M","?","?","E","M","E","T","E"],"items_purchased_type":["Relic","Card","Relic","Card"],"build_version":"2020-11-30","purchased_purges":1,"victory":false,"max_hp_per_floor":[66,66,66,66,66,66,66,66,66,66,66,66,66,66,66,66,66,66,66,66,66,66,66,66,66,66,66,66],"relic_stats":{"counters":[18,91],"Art of War":[9],"Cursed Key":3,"obtain_stats":[{"StuffTheSpire:Experiment12":12,"BargainBundle":12,"StuffTheSpire:WitherSkull":8,"StuffTheSpire:Mouthbags":9,"Molten Egg 2":21,"WingedGreaves":25,"Art of War":6,"Omamori":23,"conspire:Boomerang":26,"Cursed Key":0,"Ring of the Snake":0,"Old Coin":11},{"StuffTheSpire:Experiment12":8,"BargainBundle":8,"StuffTheSpire:WitherSkull":6,"StuffTheSpire:Mouthbags":6,"Molten Egg 2":14,"WingedGreaves":17,"Art of War":5,"Omamori":15,"conspire:Boomerang":17,"Cursed Key":0,"Ring of the Snake":0,"Old Coin":8},{"StuffTheSpire:Experiment12":37,"BargainBundle":37,"StuffTheSpire:WitherSkull":29,"StuffTheSpire:Mouthbags":29,"Molten Egg 2":73,"WingedGreaves":89,"Art of War":19,"Omamori":79,"conspire:Boomerang":89,"Cursed Key":0,"Ring of the Snake":0,"Old Coin":37}]},"card_choices":[{"not_picked":["Sucker Punch","Hidden Blade"],"picked":"Draining Mist","floor":1.0},{"not_picked":["Dash","StuffTheSpire:Python"],"picked":"Infinite Blades","floor":2.0},{"not_picked":["Backstab","Hidden Blade","ReplayTheSpireMod:The Works"],"picked":"SKIP","floor":3.0},{"not_picked":["Flying Knee","PiercingWail"],"picked":"Replay:Poison Smokescreen","floor":4.0},{"not_picked":["StuffTheSpire:Injection","Choke","StuffTheSpire:Incantation"],"picked":"SKIP","floor":6.0},{"not_picked":["Storm of Steel","ReplayTheSpireMod:Tripwire","StuffTheSpire:MirrorStance"],"picked":"SKIP","floor":8.0},{"not_picked":["Backflip","Acrobatics"],"picked":"Accuracy","floor":10.0},{"not_picked":["Quick Slash","StuffTheSpire:ClusterCrunch","StuffTheSpire:MirrorStance"],"picked":"SKIP","floor":11.0},{"not_picked":["Sucker Punch","Draining Mist"],"picked":"Bouncing Flask","floor":14.0},{"not_picked":["Phantasmal Killer","Atom Bomb"],"picked":"After Image","floor":16.0},{"not_picked":["Backstab","Fluid Movement+1"],"picked":"Leg Sweep","floor":18.0},{"not_picked":["Dagger Spray","Deadly Poison","Underhanded Strike"],"picked":"SKIP","floor":19.0},{"not_picked":["StuffTheSpire:Python","Bullet Time","StuffTheSpire:Injection+1"],"picked":"SKIP","floor":20.0},{"not_picked":["Flechettes+1","Blade Dance+1"],"picked":"Poisoned Stab+1","floor":21.0},{"not_picked":["Poisoned Stab+1","Blade Dance"],"picked":"Leg Sweep","floor":23.0},{"not_picked":["Quick Slash+1","Draining Mist","Dash+1"],"picked":"SKIP","floor":24.0},{"not_picked":["Flying Knee+1","Pace","ReplayTheSpireMod:Tripwire"],"picked":"SKIP","floor":25}],"player_experience":1910366,"relics_obtained":[{"floor":6.0,"key":"Art of War"},{"floor":8.0,"key":"StuffTheSpire:WitherSkull"},{"floor":9.0,"key":"StuffTheSpire:Mouthbags"},{"floor":11.0,"key":"Old Coin"},{"floor":21.0,"key":"Molten Egg 2"},{"floor":23.0,"key":"Omamori"},{"floor":25,"key":"WingedGreaves"},{"floor":26,"key":"conspire:Boomerang"}],"event_choices":[{"damage_healed":0.0,"max_hp_gain":0.0,"max_hp_loss":0.0,"gold_gain":0.0,"event_name":"Match and Keep!","player_choice":"1 cards matched","floor":5.0,"gold_loss":0.0,"damage_taken":0.0,"cards_obtained":["Neutralize"]}],"is_beta":false,"boss_relics":[{"not_picked":["conspire:RoyalGoblet","Sandwich","Ectoplasm"]}],"items_purged_floors":[12],"is_endless":false,"potions_floor_spawned":[1,3,4,6,16,20,21,23],"killed_by":"Book of Stabbing","ascension_level":15}}