{"host":"zr590xw2unlz0wv7","time":1608043089,"event":{"mods":["BaseMod","Minty Spire (QoL Compilation)","READ ME - Guardian Mod","StSLib"],"gold_per_floor":[118,132,145,145,3,37,37,72,72,104,114,114,142,171,183,300,312,336,348,275,287,299,311,129,146,170,170,184,202,202,536,536,536,536],"floor_reached":33,"playtime":1787,"items_purged":[],"score":366,"play_id":"ccf7e4c1-a635-4e35-9ce8-d6160f776f6f","local_time":"20201215223809","is_ascension_mode":true,"campfire_choices":[{"data":"Exhume","floor":7.0,"key":"SMITH"},{"floor":12.0,"key":"REST"},{"floor":15.0,"key":"REST"},{"data":"Writhe","floor":23.0,"key":"PURGE"},{"floor":30.0,"key":"REST"},{"floor":32.0,"key":"REST"}],"circlet_count":0,"master_deck":["Strike_R","Strike_R","Strike_R","Strike_R","Strike_R","Defend_R","Defend_R","Defend_R","Defend_R","Bash","Metallicize","Perfected Strike","Shockwave","Trip","Burning Pact","Bash","Offering","Exhume+1","Fiend Fire","Clash+1","Flex","Perfected Strike+1","Demon Form","Perfected Strike+1","Pommel Strike+1","RitualDagger+1","Disarm","Demon Form"],"relics":["Burning Blood","NeowsBlessing","Letter Opener","Question Card","Molten Egg 2","Mercury Hourglass","MawBank","SacredBark","Peace Pipe","HornCleat","Bag of Marbles","Tiny Chest","Old Coin"],"acts_visited":["Exordium","TheCity"],"potions_floor_usage":[],"damage_taken":[{"damage":0.0,"enemies":"Cultist","floor":1.0,"turns":1.0},{"damage":0.0,"enemies":"Small Slimes","floor":2.0,"turns":2.0},{"damage":0.0,"enemies":"Jaw Worm","floor":3.0,"turns":1.0},{"damage":24.0,"enemies":"Gremlin Nob","floor":6.0,"turns":4.0},{"damage":18.0,"enemies":"3 Sentries","floor":8.0,"turns":7.0},{"damage":36.0,"enemies":"Lagavulin","floor":10.0,"turns":5.0},{"damage":6.0,"enemies":"Blue Slaver","floor":11.0,"turns":1.0},{"damage":16.0,"enemies":"Gremlin Nob","floor":13.0,"turns":3.0},{"damage":12.0,"enemies":"Exordium Thugs","floor":14.0,"turns":1.0},{"damage":38.0,"enemies":"Hexaghost","floor":16.0,"turns":5.0},{"damage":17.0,"enemies":"Spheric Guardian","floor":18.0,"turns":3.0},{"damage":12.0,"enemies":"Chosen","floor":25.0,"turns":2.0},{"damage":5.0,"enemies":"3 Cultists","floor":28.0,"turns":4.0},{"damage":27.0,"enemies":"Snake Plant","floor":29.0,"turns":2.0},{"damage":46.0,"enemies":"Gremlin Leader","floor":31.0,"turns":4.0},{"damage":78,"enemies":"Automaton","floor":33,"turns":6}],"seed_played":"-4309995990601917975","potions_obtained":[{"floor":1.0,"key":"Ancient Potion"},{"floor":6.0,"key":"HeartOfIron"},{"floor":8.0,"key":"ElixirPotion"},{"floor":10.0,"key":"LiquidMemories"},{"floor":16.0,"key":"BloodPotion"},{"floor":28.0,"key":"SteroidPotion"},{"floor":29.0,"key":"PowerPotion"}],"is_trial":false,"path_per_floor":["M","M","M","?","$","E","R","E","T","E","M","R","E","M","R","B",null,"M","?","?","?","$","R","$","M","T","?","M","M","R","E","R","B"],"character_chosen":"IRONCLAD","items_purchased":["Offering","Pommel Strike+1","Bag of Marbles"],"campfire_rested":4,"item_purchase_floors":[5,24,24],"current_hp_per_floor":[80,80,80,80,80,62,62,50,50,20,20,44,34,28,52,20,65,54,54,54,54,54,54,54,48,48,42,43,22,46,38,62,0,0],"gold":536,"neow_bonus":"THREE_ENEMY_KILL","is_daily":false,"chose_seed":false,"campfire_upgraded":1,"win_rate":0.0,"timestamp":1608043089,"path_taken":["M","M","?","?","?","E","R","E","T","E","M","R","E","M","R","BOSS","M","?","?","?","$","R","?","?","T","?","M","M","R","E","R","BOSS"],"items_purchased_type":["Card","Card","Relic"],"build_version":"2020-12-13","purchased_purges":0,"victory":false,"max_hp_per_floor":[80,80,80,80,80,80,80,80,80,80,80,80,80,80,80,80,80,80,80,80,80,80,80,80,80,80,80,80,80,80,80,80,80,80],"card_choices":[{"not_picked":["Dropkick","Sword Boomerang"],"picked":"Metallicize","floor":1.0},{"not_picked":["Thunderclap","Bloodletting"],"picked":"Perfected Strike","floor":2.0},{"not_picked":["Cleave","Iron Wave"],"picked":"Shockwave","floor":3.0},{"not_picked":["Clothesline","Berserk"],"picked":"Exhume","floor":6.0},{"not_picked":["Flex","Headbutt"],"picked":"Fiend Fire","floor":8.0},{"not_picked":["Body Slam+1","Twin Strike+1","Sentinel"],"picked":"Clash+1","floor":10.0},{"not_picked":["Rampage+1","Clash+1","True Grit"],"picked":"Flex","floor":11.0},{"not_picked":["Body Slam+1","Wild Strike+1","Dropkick+1"],"picked":"Perfected Strike+1","floor":13.0},{"not_picked":["Searing Blow+1","Impervious","Clash+1","Sword Boomerang+1"],"picked":"SKIP","floor":14.0},{"not_picked":["Double Tap","Juggernaut","Offering"],"picked":"Demon Form","floor":16.0},{"not_picked":["Shrug It Off","Clothesline+1","Headbutt+1"],"picked":"Perfected Strike+1","floor":18.0},{"not_picked":["Wild Strike+1","Sword Boomerang+1","Shockwave+1","Body Slam+1"],"picked":"SKIP","floor":25.0},{"not_picked":["Heavy Blade+1","Shockwave","Burning Pact"],"picked":"Disarm","floor":28.0},{"not_picked":["Body Slam+1","Cleave+1","Shrug It Off","Heavy Blade+1"],"picked":"SKIP","floor":29.0},{"not_picked":["Reckless Charge+1","Shrug It Off","Hemokinesis+1"],"picked":"Demon Form","floor":31.0}],"player_experience":482833,"relics_obtained":[{"floor":6.0,"key":"Letter Opener"},{"floor":8.0,"key":"Question Card"},{"floor":9.0,"key":"Molten Egg 2"},{"floor":10.0,"key":"Mercury Hourglass"},{"floor":13.0,"key":"MawBank"},{"floor":26.0,"key":"Tiny Chest"},{"floor":31.0,"key":"Old Coin"}],"event_choices":[{"damage_healed":0.0,"max_hp_gain":0.0,"max_hp_loss":0.0,"gold_gain":0.0,"event_name":"Match and Keep!","player_choice":"3 cards matched","floor":4.0,"gold_loss":0.0,"damage_taken":0.0,"cards_obtained":["Trip","Burning Pact","Bash"]},{"damage_healed":0.0,"max_hp_gain":0.0,"max_hp_loss":0.0,"gold_gain":0.0,"event_name":"Vampires","player_choice":"Ignored","floor":19.0,"gold_loss":0.0,"damage_taken":0.0},{"damage_healed":0.0,"max_hp_gain":0.0,"max_hp_loss":0.0,"gold_gain":0.0,"event_name":"Addict","player_choice":"Obtained Relic","floor":20.0,"gold_loss":85.0,"damage_taken":0.0,"relics_obtained":["Peace Pipe"]},{"damage_healed":0.0,"max_hp_gain":0.0,"max_hp_loss":0.0,"gold_gain":0.0,"event_name":"The Mausoleum","player_choice":"Opened","floor":21.0,"gold_loss":0.0,"damage_taken":0.0,"relics_obtained":["HornCleat"],"cards_obtained":["Writhe"]},{"damage_healed":0.0,"max_hp_gain":0.0,"max_hp_loss":0.0,"gold_gain":0.0,"event_name":"Nest","player_choice":"Joined the Cult","floor":27.0,"gold_loss":0.0,"damage_taken":6.0,"cards_obtained":["RitualDagger"]}],"is_beta":false,"boss_relics":[{"not_picked":["Sozu","Black Star"],"picked":"SacredBark"}],"items_purged_floors":[],"is_endless":false,"potions_floor_spawned":[1,6,8,10,16,28,29],"killed_by":"Automaton","ascension_level":5}}