{"host":"6bsan6hkua32tfq7","time":1608022655,"event":{"mods":["BaseMod","Better Third Choice","Colored Map","Downfall","Highlight Path","Minty Spire (QoL Compilation)","StSLib"],"gold_per_floor":[114,39,54,71,82,82,7,71,96,136,164,184,184,132,132,216,288,301,301,316,316,216,216,239,261,261,299,299,330,379,404,404,488,488,507,541,561,573,59,85,97,144,156,179,538,578,590,615,627,639,651,663,675,34,75,75],"floor_reached":57,"playtime":3561,"items_purged":["Defend_G","Sucker Punch","Choke"],"score":3210,"play_id":"03ac132f-010c-4e63-b526-1f28a8eca897","local_time":"20201215095735","is_ascension_mode":true,"campfire_choices":[{"data":"Dagger Spray","floor":6,"key":"SMITH"},{"floor":13,"key":"REST"},{"data":"Blade Dance","floor":15,"key":"SMITH"},{"data":"Wraith Form v2","floor":23,"key":"SMITH"},{"data":"Terror","floor":28,"key":"SMITH"},{"data":"PiercingWail","floor":32,"key":"SMITH"},{"floor":41,"key":"REST"},{"floor":47,"key":"RECALL"},{"data":"Well Laid Plans","floor":49,"key":"SMITH"},{"floor":53,"key":"REST"}],"circlet_count":0,"master_deck":["AscendersBane","Survivor","Neutralize","Dagger Spray+1","Deflect","Blade Dance+1","Concentrate","Footwork","PiercingWail","Storm of Steel","Dash","Well Laid Plans+1","Burst","Crippling Poison","Wraith Form v2+1","After Image","Storm of Steel","PiercingWail+1","PiercingWail","Terror+1","After Image","Blade Dance+1","Infinite Blades","Noxious Fumes"],"relics":["Ring of the Snake","NeowsBlessing","CeramicFish","Oddly Smooth Stone","Dead Branch","betterThird:SlimedRelic","Pandora\u0027s Box","Shuriken","Mango","Singing Bowl","Ancient Tea Set","Red Mask","Black Star","Unceasing Top","Incense Burner","Regal Pillow","MawBank","Lizard Tail","Centennial Puzzle","Old Coin","Anchor","Sundial","Calipers","Pantograph","Ninja Scroll","Akabeko"],"acts_visited":["Exordium","TheCity","TheBeyond","TheEnding"],"potions_floor_usage":[8,16,18,29,45,50,50,56,56],"damage_taken":[{"damage":0,"enemies":"Cultist","floor":1,"turns":1},{"damage":0,"enemies":"Small Slimes","floor":3,"turns":1},{"damage":0,"enemies":"Jaw Worm","floor":4,"turns":1},{"damage":26,"enemies":"Exordium Wildlife","floor":5,"turns":7},{"damage":6,"enemies":"3 Sentries","floor":8,"turns":3},{"damage":13,"enemies":"3 Sentries","floor":10,"turns":6},{"damage":0,"enemies":"2 Fungi Beasts","floor":11,"turns":2},{"damage":5,"enemies":"Looter","floor":12,"turns":2},{"damage":0,"enemies":"Slime Boss","floor":16,"turns":7},{"damage":8,"enemies":"Chosen","floor":18,"turns":4},{"damage":21,"enemies":"2 Thieves","floor":20,"turns":3},{"damage":0,"enemies":"Chosen and Byrds","floor":24,"turns":6},{"damage":11,"enemies":"Snake Plant","floor":25,"turns":6},{"damage":10,"enemies":"Gremlin Leader","floor":27,"turns":8},{"damage":0,"enemies":"Book of Stabbing","floor":29,"turns":7},{"damage":2,"enemies":"Masked Bandits","floor":31,"turns":4},{"damage":0,"enemies":"Automaton","floor":33,"turns":6},{"damage":0,"enemies":"3 Darklings","floor":35,"turns":6},{"damage":5,"enemies":"Mind Bloom Boss Battle","floor":36,"turns":8},{"damage":12,"enemies":"Orb Walker","floor":37,"turns":2},{"damage":4,"enemies":"Writhing Mass","floor":38,"turns":9},{"damage":12,"enemies":"Reptomancer","floor":40,"turns":4},{"damage":0,"enemies":"Giant Head","floor":42,"turns":2},{"damage":4,"enemies":"Spire Growth","floor":44,"turns":5},{"damage":13,"enemies":"2 Orb Walkers","floor":45,"turns":4},{"damage":7,"enemies":"Reptomancer","floor":46,"turns":6},{"damage":0,"enemies":"Transient","floor":48,"turns":6},{"damage":22,"enemies":"Awakened One","floor":50,"turns":9},{"damage":51,"enemies":"Donu and Deca","floor":51,"turns":8},{"damage":20,"enemies":"Shield and Spear","floor":55,"turns":18},{"damage":133,"enemies":"The Heart","floor":56,"turns":13}],"seed_played":"6618834679132755509","potions_obtained":[{"floor":5,"key":"SteroidPotion"},{"floor":8,"key":"LiquidBronze"},{"floor":10,"key":"hexamod:EctoCoolerPotion"},{"floor":16,"key":"Regen Potion"},{"floor":18,"key":"Dexterity Potion"},{"floor":24,"key":"EssenceOfSteel"},{"floor":33,"key":"Fire Potion"},{"floor":38,"key":"Weak Potion"},{"floor":45,"key":"AttackPotion"},{"floor":46,"key":"DistilledChaos"},{"floor":55,"key":"hexamod:EctoCoolerPotion"}],"is_trial":false,"path_per_floor":["M","$","M","M","M","R","?","?","T","E","M","M","R","?","R","B",null,"M","?","M","?","$","R","M","M","T","E","R","E","T","?","R","B",null,"M","?","M","M","$","E","R","E","T","M","?","E","R","M","R","B","B",null,"R","$","E","B",null],"character_chosen":"THE_SILENT","items_purchased":["Incense Burner","Infinite Blades","Calipers","Pantograph","Dexterity Potion"],"campfire_rested":3,"item_purchase_floors":[39,39,54,54,54],"current_hp_per_floor":[59,59,59,59,33,33,33,27,27,14,14,9,28,17,17,17,54,58,63,42,55,55,55,55,44,44,48,48,50,50,50,50,50,76,78,73,63,61,61,51,92,94,94,92,81,76,76,78,78,56,5,78,102,102,82,40],"gold":75,"neow_bonus":"THREE_ENEMY_KILL","is_daily":false,"chose_seed":false,"campfire_upgraded":6,"win_rate":0.0,"timestamp":1608022655,"path_taken":["M","$","?","M","M","R","?","?","T","E","M","M","R","?","R","BOSS","M","?","?","?","$","R","M","M","T","E","R","E","?","?","R","BOSS","M","?","M","M","$","E","R","E","T","M","?","E","R","M","R","BOSS","BOSS","R","$","E","BOSS"],"items_purchased_type":["Relic","Card","Relic","Relic","Potion"],"build_version":"2020-12-13","purchased_purges":3,"victory":true,"max_hp_per_floor":[66,66,66,66,66,66,66,66,66,66,66,66,66,66,66,66,66,66,66,66,66,66,66,66,66,66,80,80,82,82,84,84,84,84,86,86,88,90,90,92,92,94,94,96,98,100,100,102,102,102,102,102,102,102,102,102],"card_choices":[{"not_picked":["Slice","Heel Hook"],"picked":"Flying Knee","floor":1},{"not_picked":["Blur","Deadly Poison"],"picked":"Sucker Punch","floor":3},{"not_picked":["Bane","Quick Slash"],"picked":"Dagger Spray","floor":4},{"not_picked":["Bullet Time","Backflip"],"picked":"Deflect","floor":5},{"not_picked":["Prepared","Bane"],"picked":"Blade Dance","floor":8},{"not_picked":["Bane","Flying Knee"],"picked":"Concentrate","floor":10},{"not_picked":["Catalyst","Accuracy"],"picked":"Footwork","floor":11},{"not_picked":["Masterful Stab","Slice"],"picked":"PiercingWail","floor":12},{"not_picked":["Unload","Die Die Die"],"picked":"Storm of Steel","floor":16},{"not_picked":["Leg Sweep","Reflex","Distraction"],"picked":"SKIP","floor":18},{"not_picked":["Bane","Backflip","Acrobatics"],"picked":"SKIP","floor":20},{"not_picked":["Dodge and Roll","Concentrate"],"picked":"PiercingWail","floor":24},{"not_picked":["Heel Hook","Calculated Gamble"],"picked":"PiercingWail","floor":25},{"not_picked":["Dodge and Roll+1","Blur"],"picked":"Terror","floor":27},{"not_picked":["Leg Sweep","Calculated Gamble+1","Cloak And Dagger"],"picked":"Singing Bowl","floor":29},{"not_picked":["Riddle With Holes","Flechettes+1","Underhanded Strike+1"],"picked":"Singing Bowl","floor":31},{"not_picked":["Bullet Time","Glass Knife"],"picked":"After Image","floor":33},{"not_picked":["Deflect","Setup","Quick Slash+1"],"picked":"Singing Bowl","floor":35},{"not_picked":["Escape Plan","Accuracy"],"picked":"Blade Dance+1","floor":36},{"not_picked":["Backflip","Noxious Fumes","Concentrate"],"picked":"Singing Bowl","floor":37},{"not_picked":["Poisoned Stab+1","Dodge and Roll+1","Choke"],"picked":"Singing Bowl","floor":38},{"not_picked":["Glass Knife","Bane","Masterful Stab"],"picked":"Singing Bowl","floor":40},{"not_picked":["Expertise","Dagger Throw","Dodge and Roll"],"picked":"Singing Bowl","floor":42},{"not_picked":["Flying Knee","Accuracy","Outmaneuver+1"],"picked":"Singing Bowl","floor":44},{"not_picked":["Bane","Deflect+1","Dagger Throw"],"picked":"Singing Bowl","floor":45},{"not_picked":["Grand Finale","Blur","Catalyst"],"picked":"Singing Bowl","floor":46},{"not_picked":["Dagger Throw","PiercingWail+1","Backflip"],"picked":"Singing Bowl","floor":48},{"not_picked":["Bouncing Flask","Acrobatics"],"picked":"Noxious Fumes","floor":55}],"player_experience":5159655,"relics_obtained":[{"floor":8,"key":"CeramicFish"},{"floor":9,"key":"Oddly Smooth Stone"},{"floor":10,"key":"Dead Branch"},{"floor":26,"key":"Shuriken"},{"floor":27,"key":"Mango"},{"floor":29,"key":"Singing Bowl"},{"floor":30,"key":"Ancient Tea Set"},{"floor":31,"key":"Red Mask"},{"floor":36,"key":"Unceasing Top"},{"floor":40,"key":"Regal Pillow"},{"floor":40,"key":"MawBank"},{"floor":42,"key":"Lizard Tail"},{"floor":42,"key":"Centennial Puzzle"},{"floor":45,"key":"Old Coin"},{"floor":46,"key":"Anchor"},{"floor":46,"key":"Sundial"},{"floor":55,"key":"Ninja Scroll"},{"floor":55,"key":"Akabeko"}],"event_choices":[{"cards_removed":["Defend_G"],"damage_healed":0,"gold_gain":0,"player_choice":"Card Removal","damage_taken":0,"max_hp_gain":0,"max_hp_loss":0,"event_name":"The Cleric","floor":7,"gold_loss":75},{"damage_healed":0,"gold_gain":0,"player_choice":"Searched \u00272\u0027 times","damage_taken":0,"max_hp_gain":0,"max_hp_loss":0,"event_name":"Dead Adventurer","floor":8,"gold_loss":0},{"damage_healed":0,"gold_gain":0,"player_choice":"Slimed","damage_taken":11,"max_hp_gain":0,"max_hp_loss":0,"event_name":"betterThird:BetterGoop","floor":14,"gold_loss":52},{"cards_removed":["Flying Knee"],"damage_healed":5,"gold_gain":0,"player_choice":"Offered Common","damage_taken":0,"max_hp_gain":0,"max_hp_loss":0,"event_name":"Bonfire Elementals","floor":19,"gold_loss":0},{"cards_removed":["Flying Knee"],"damage_healed":5,"gold_gain":0,"player_choice":"Offered Special","damage_taken":0,"max_hp_gain":0,"max_hp_loss":0,"event_name":"Bonfire Elementals","floor":19,"gold_loss":0},{"damage_healed":13,"gold_gain":0,"player_choice":"Heal","damage_taken":0,"max_hp_gain":0,"max_hp_loss":0,"event_name":"The Library","floor":21,"gold_loss":0},{"damage_healed":0,"gold_gain":0,"player_choice":"Fought Bandits","damage_taken":0,"max_hp_gain":0,"max_hp_loss":0,"event_name":"Masked Bandits","floor":31,"gold_loss":0},{"damage_healed":0,"gold_gain":0,"player_choice":"Fight","damage_taken":0,"max_hp_gain":0,"max_hp_loss":0,"event_name":"MindBloom","floor":36,"gold_loss":0},{"damage_healed":0,"gold_gain":0,"player_choice":"Fight","damage_taken":0,"max_hp_gain":0,"max_hp_loss":0,"event_name":"Mysterious Sphere","floor":45,"gold_loss":0}],"is_beta":false,"boss_relics":[{"not_picked":["Ectoplasm","Coffee Dripper"],"picked":"Pandora\u0027s Box"},{"not_picked":["Astrolabe","Fusion Hammer"],"picked":"Black Star"}],"items_purged_floors":[2,22,39],"is_endless":false,"potions_floor_spawned":[5,8,10,16,18,24,33,38,42,44,45,46,55],"ascension_level":20}}