{"host":"yecadp3kwkksam5a","time":1608049391,"event":{"mods":["BaseMod","Minty Spire (QoL Compilation)","Replay The Spire","StSLib"],"gold_per_floor":[118,134,153,165,177,212,212,245,245,245,278,292,115,134,134,134,134],"floor_reached":16,"playtime":615,"items_purged":["Strike_R"],"score":174,"play_id":"c985132e-86c7-4510-bb4d-187bfb56f9d6","local_time":"20201216012311","is_ascension_mode":true,"campfire_choices":[{"data":"Bash","floor":7,"key":"SMITH"},{"data":"Hemokinesis","floor":10,"key":"SMITH"},{"data":"Perfected Strike","floor":15,"key":"SMITH"}],"circlet_count":0,"master_deck":["Strike_R","Strike_R","Strike_R","Strike_R","Defend_R","Defend_R","Defend_R","Defend_R","Bash+1","Hemokinesis+1","Whirlwind","Perfected Strike+1","ReplayTheSpireMod:Strike From Hell","Dropkick","Headbutt","Twin Strike","Wild Strike+1","Fire Breathing","Disarm"],"relics":["Burning Blood","Bag of Marbles","Potion Belt","Strawberry","Replay:Rubber Ducky"],"acts_visited":["Exordium"],"potions_floor_usage":[6,16],"damage_taken":[{"damage":1,"enemies":"Cultist","floor":1,"turns":3},{"damage":2,"enemies":"2 Louse","floor":2,"turns":2},{"damage":11,"enemies":"Jaw Worm","floor":3,"turns":3},{"damage":12,"enemies":"Red Slaver","floor":4,"turns":3},{"damage":2,"enemies":"Exordium Wildlife","floor":5,"turns":2},{"damage":32,"enemies":"Lagavulin","floor":6,"turns":5},{"damage":10,"enemies":"Gremlin Nob","floor":8,"turns":3},{"damage":30,"enemies":"3 Sentries","floor":11,"turns":5},{"damage":0,"enemies":"3 Louse","floor":12,"turns":1},{"damage":18,"enemies":"Exordium Thugs","floor":14,"turns":3},{"damage":38,"enemies":"The Guardian","floor":16,"turns":8}],"seed_played":"-7669496874421948821","potions_obtained":[{"floor":3,"key":"Flashbang"},{"floor":6,"key":"Dexterity Potion"},{"floor":8,"key":"Regen Potion"},{"floor":14,"key":"Dexterity Potion"}],"is_trial":false,"path_per_floor":["M","M","M","M","M","E","R","E","T","R","E","M","$","M","R","B"],"character_chosen":"IRONCLAD","items_purchased":["Wild Strike+1","Fire Breathing"],"campfire_rested":0,"item_purchase_floors":[13,13],"current_hp_per_floor":[88,88,83,77,81,55,55,51,58,58,34,40,40,28,28,0,0],"gold":134,"neow_bonus":"TEN_PERCENT_HP_BONUS","is_daily":false,"chose_seed":false,"campfire_upgraded":3,"win_rate":0.0,"timestamp":1608049391,"path_taken":["M","M","M","M","M","E","R","E","T","R","E","?","$","M","R","BOSS"],"items_purchased_type":["Card","Card"],"build_version":"2020-12-13","purchased_purges":1,"victory":false,"max_hp_per_floor":[88,88,88,88,88,88,88,88,95,95,95,95,95,95,95,95,95],"card_choices":[{"not_picked":["ReplayTheSpireMod:Strike From Hell","Armaments"],"picked":"Hemokinesis","floor":1},{"not_picked":["Run Through","Warcry"],"picked":"Whirlwind","floor":2},{"not_picked":["Sever Soul","True Grit"],"picked":"Perfected Strike","floor":3},{"not_picked":["Havoc","Flex"],"picked":"ReplayTheSpireMod:Strike From Hell","floor":4},{"not_picked":["Life Link","Clash","Juggernaut"],"picked":"SKIP","floor":5},{"not_picked":["Sword Boomerang","Searing Blow"],"picked":"Dropkick","floor":6},{"not_picked":["Flame Barrier","Impervious"],"picked":"Headbutt","floor":8},{"not_picked":["Sword Boomerang","Metallicize"],"picked":"Twin Strike","floor":11},{"not_picked":["Iron Wave","Flex","Cleave"],"picked":"SKIP","floor":12},{"not_picked":["ReplayReversal","Body Slam"],"picked":"Disarm","floor":14}],"player_experience":184130,"relics_obtained":[{"floor":6,"key":"Bag of Marbles"},{"floor":8,"key":"Potion Belt"},{"floor":9,"key":"Strawberry"},{"floor":11,"key":"Replay:Rubber Ducky"}],"event_choices":[],"is_beta":false,"boss_relics":[],"items_purged_floors":[13],"is_endless":false,"potions_floor_spawned":[3,6,8,14],"killed_by":"The Guardian","ascension_level":4}}