{"host":"apvnte8t1esriuig","time":1608057077,"event":{"mods":["2.2 Compatiblity","AchievementEnabler","BaseMod","Infinite Spire","Minty Spire (QoL Compilation)","Rare Cards Sparkle","StSLib"],"gold_per_floor":[411,411,188,138,57,57,57,57,138,169,188,219,238,238,238,341,341,361,361,361,147,147,147,147,173,199,199,214,248,274,293,293,390,440,450,470,470,499,142,142,92,103,103,103,113,113,127,127,127,127],"floor_reached":51,"playtime":1533,"items_purged":["Go for the Eyes","Coolheaded"],"score":871,"play_id":"48a5253d-db8f-43ae-a542-73bcb4e74473","local_time":"20201215193117","daily_mods":["Draft","Vintage","Colorless Cards","Heirloom","Time Dilation","Flight","DeadlyEvents","Elite Swarm"],"is_ascension_mode":true,"campfire_choices":[{"data":"DevaForm","floor":6,"key":"SMITH"},{"data":"Echo Form","floor":7,"key":"SMITH"},{"data":"infinitespire:Gouge","floor":8,"key":"SMITH"},{"floor":15,"key":"REST"},{"floor":23,"key":"REST"},{"floor":27,"key":"REST"},{"floor":32,"key":"REST"},{"floor":40,"key":"REST"},{"floor":46,"key":"REST"},{"floor":49,"key":"REST"}],"circlet_count":0,"master_deck":["Demon Form","Wraith Form v2","Echo Form+1","DevaForm+1","Genetic Algorithm","Turbo","Sweeping Beam","Bandage Up","Steam","White Noise","Sweeping Beam","Madness","Ball Lightning","Coolheaded","Conserve Battery","Cold Snap","infinitespire:Gouge+1","Defragment","Gash","Chill","Enlightenment","Echo Form","Storm","infinitespire:UltimateForm+1","Electrodynamics","Capacitor","Zap","Ball Lightning","Electrodynamics"],"relics":["Cracked Core","Old Coin","Pen Nib","Orrery","Symbiotic Virus","Dream Catcher","MealTicket","Regal Pillow","Oddly Smooth Stone","Empty Cage","infinitespire:Joker Card","Bronze Scales","Bottled Tornado","Lee\u0027s Waffle","PreservedInsect","DataDisk","infinitespire:PuzzleCube","Centennial Puzzle","Pocketwatch","Smiling Mask","Tiny House","infinitespire:Bottled Soul","infinitespire:Eraser","Matryoshka","Turnip","Ancient Tea Set","Happy Flower","Molten Egg 2","Nuclear Battery","Singing Bowl","FossilizedHelix","Boot","Mummified Hand"],"acts_visited":["Exordium","TheCity","TheBeyond"],"potions_floor_usage":[25,25],"damage_taken":[{"damage":3,"enemies":"2 Louse","floor":1,"turns":2},{"damage":10,"enemies":"Lagavulin","floor":10,"turns":5},{"damage":7,"enemies":"Small Slimes","floor":11,"turns":2},{"damage":40,"enemies":"Gremlin Nob","floor":12,"turns":4},{"damage":11,"enemies":"Jaw Worm","floor":13,"turns":4},{"damage":24,"enemies":"Slime Boss","floor":16,"turns":5},{"damage":11,"enemies":"2 Thieves","floor":18,"turns":5},{"damage":54,"enemies":"Slavers","floor":25,"turns":4},{"damage":7,"enemies":"3 Byrds","floor":28,"turns":3},{"damage":12,"enemies":"Book of Stabbing","floor":29,"turns":3},{"damage":28,"enemies":"Slavers","floor":30,"turns":5},{"damage":3,"enemies":"Snake Plant","floor":31,"turns":4},{"damage":13,"enemies":"Collector","floor":33,"turns":5},{"damage":11,"enemies":"Orb Walker","floor":35,"turns":3},{"damage":25,"enemies":"3 Shapes","floor":36,"turns":3},{"damage":32,"enemies":"Giant Head","floor":38,"turns":7},{"damage":15,"enemies":"Maw","floor":42,"turns":5},{"damage":32,"enemies":"3 Darklings","floor":45,"turns":4},{"damage":23,"enemies":"Sphere and 2 Shapes","floor":47,"turns":3},{"damage":34,"enemies":"Donu and Deca","floor":50,"turns":5}],"seed_played":"-6159849794262120376","potions_obtained":[{"floor":1,"key":"CultistPotion"},{"floor":11,"key":"LiquidBronze"},{"floor":16,"key":"Strength Potion"},{"floor":28,"key":"SteroidPotion"},{"floor":29,"key":"SpeedPotion"},{"floor":30,"key":"Energy Potion"},{"floor":45,"key":"Regen Potion"}],"is_trial":true,"path_per_floor":["M","?","$","?","$","R","R","R","T","E","M","E","M","$","R","B",null,"M","?","?","$","T","R","AVR","E","T","R","M","E","E","M","R","B",null,"M","M","?","E","$","R","$","M","T","AVR","M","R","M","T","R","B",null],"character_chosen":"DEFECT","items_purchased":["Defragment","Orrery","Echo Form","Bronze Scales","Storm","Turnip"],"campfire_rested":7,"item_purchase_floors":[3,3,5,21,21,39],"current_hp_per_floor":[72,72,72,72,72,72,72,72,72,70,63,31,20,35,72,51,75,64,50,50,65,65,80,87,33,33,74,71,59,35,36,77,68,92,81,56,56,28,43,85,92,81,81,81,53,94,71,71,96,62],"gold":127,"neow_bonus":"","is_daily":false,"chose_seed":false,"campfire_upgraded":3,"win_rate":0.0,"timestamp":1608057077,"path_taken":["M","?","$","?","?","R","R","R","T","E","?","?","M","$","R","BOSS","M","?","?","$","?","R","AVR","E","T","R","M","E","?","M","R","BOSS","M","M","?","?","$","R","$","?","T","AVR","M","R","M","?","R","BOSS"],"items_purchased_type":["Card","Relic","Card","Relic","Card","Relic"],"build_version":"2020-12-13","purchased_purges":2,"victory":true,"max_hp_per_floor":[75,75,75,75,75,75,75,75,75,75,75,75,75,75,75,75,75,75,80,80,80,80,80,87,87,87,87,87,87,87,87,87,87,92,92,92,92,92,92,92,92,92,92,92,92,94,94,94,96,96],"card_choices":[{"not_picked":["Hologram","Finesse"],"picked":"Genetic Algorithm","floor":0},{"not_picked":["Redo","Streamline"],"picked":"Go for the Eyes","floor":0},{"not_picked":["Jack Of All Trades","Redo"],"picked":"Turbo","floor":0},{"not_picked":["Swift Strike","Leap"],"picked":"Sweeping Beam","floor":0},{"not_picked":["Beam Cell","Panacea"],"picked":"Coolheaded","floor":0},{"not_picked":["Steam Power","Leap"],"picked":"Bandage Up","floor":0},{"not_picked":["Coolheaded","Compile Driver"],"picked":"Steam","floor":0},{"not_picked":["Beam Cell","Cold Snap"],"picked":"White Noise","floor":0},{"not_picked":["Darkness","Coolheaded"],"picked":"Sweeping Beam","floor":0},{"not_picked":["Stack","Redo"],"picked":"Madness","floor":0},{"not_picked":["Redo","Dark Shackles"],"picked":"Ball Lightning","floor":0},{"not_picked":["Hologram","Force Field"],"picked":"Coolheaded","floor":0},{"not_picked":["Beam Cell","Leap"],"picked":"Conserve Battery","floor":0},{"not_picked":["Hologram","Recycle"],"picked":"Skim","floor":0},{"not_picked":["Stack","Turbo"],"picked":"Cold Snap","floor":0},{"not_picked":["infinitespire:Menacing","infinitespire:Fortify"],"picked":"infinitespire:Gouge","floor":2},{"not_picked":["Redo","Rebound"],"picked":"Gash","floor":3},{"not_picked":["Finesse","HandOfGreed"],"picked":"Chill","floor":3},{"not_picked":["Beam Cell","Cold Snap"],"picked":"Enlightenment","floor":3},{"not_picked":["Sadistic Nature","Rainbow","Seek"],"picked":"SKIP","floor":10},{"not_picked":["Panache","Rainbow","Hyperbeam"],"picked":"SKIP","floor":12},{"not_picked":["Rainbow","The Bomb","Secret Weapon"],"picked":"SKIP","floor":25},{"not_picked":["Mayhem","Transmutation","HandOfGreed"],"picked":"SKIP","floor":29},{"not_picked":["Biased Cognition","Sadistic Nature","Rainbow"],"picked":"SKIP","floor":30},{"not_picked":["Machine Learning","Metamorphosis"],"picked":"Electrodynamics","floor":33},{"not_picked":["Redo","Gash"],"picked":"Capacitor","floor":34},{"not_picked":["Secret Weapon","Chrysalis"],"picked":"Electrodynamics","floor":38},{"not_picked":["Glacier+1","Gash+1","Go for the Eyes+1"],"picked":"Singing Bowl","floor":46},{"not_picked":["Discovery","BootSequence+1","Rebound+1"],"picked":"Singing Bowl","floor":49}],"player_experience":322538,"relics_obtained":[{"floor":1,"key":"Pen Nib"},{"floor":9,"key":"Symbiotic Virus"},{"floor":10,"key":"Dream Catcher"},{"floor":11,"key":"MealTicket"},{"floor":12,"key":"Regal Pillow"},{"floor":13,"key":"Oddly Smooth Stone"},{"floor":18,"key":"infinitespire:Joker Card"},{"floor":22,"key":"Bottled Tornado"},{"floor":25,"key":"PreservedInsect"},{"floor":26,"key":"DataDisk"},{"floor":28,"key":"infinitespire:PuzzleCube"},{"floor":29,"key":"Centennial Puzzle"},{"floor":30,"key":"Pocketwatch"},{"floor":31,"key":"Smiling Mask"},{"floor":35,"key":"infinitespire:Bottled Soul"},{"floor":36,"key":"infinitespire:Eraser"},{"floor":38,"key":"Matryoshka"},{"floor":42,"key":"Ancient Tea Set"},{"floor":43,"key":"Happy Flower"},{"floor":43,"key":"Molten Egg 2"},{"floor":45,"key":"Singing Bowl"},{"floor":47,"key":"FossilizedHelix"},{"floor":48,"key":"Boot"},{"floor":48,"key":"Mummified Hand"}],"event_choices":[{"cards_removed":["Normality"],"damage_healed":0,"gold_gain":0,"player_choice":"Card Removal","damage_taken":0,"max_hp_gain":0,"max_hp_loss":0,"event_name":"The Cleric","floor":4,"gold_loss":50},{"damage_healed":0,"gold_gain":0,"player_choice":"Shed Blood","damage_taken":19,"max_hp_gain":5,"max_hp_loss":0,"event_name":"Forgotten Altar","floor":19,"gold_loss":0},{"damage_healed":0,"gold_gain":0,"player_choice":"Ignored","damage_taken":0,"max_hp_gain":0,"max_hp_loss":0,"event_name":"Vampires","floor":20,"gold_loss":0},{"damage_healed":0,"gold_gain":0,"player_choice":"2 cards matched","damage_taken":0,"max_hp_gain":0,"max_hp_loss":0,"event_name":"Match and Keep!","floor":37,"gold_loss":0,"cards_obtained":["Zap","Ball Lightning"]}],"is_beta":false,"boss_relics":[{"not_picked":["Velvet Choker","Astrolabe"],"picked":"Empty Cage"},{"not_picked":["Calling Bell","FrozenCore"],"picked":"Tiny House"}],"items_purged_floors":[39,41],"is_endless":false,"potions_floor_spawned":[1,11,16,28,29,30,35,42,45,47],"ascension_level":1}}