{"host":"i344ixtilokuekwt","time":1608006850,"event":{"mods":["BaseMod","Card Forge","Colored Powertips","Curses Come First","Minty Spire (QoL Compilation)","Quick Restart","Relic Stats","StSLib"],"gold_per_floor":[118,129,142,156,156,490,490,490,568,19,19,19,39,50,50,149,149,166,185,185,204,204,224,224,243,243,88,187,221,221,239,239,336,336,350,350,132,151,7,7,24,35,35,69,69,84,84,103,103,103,103,103,52,84,84,84],"floor_reached":55,"playtime":2159,"items_purged":["Consume"],"score":721,"play_id":"9c426548-f7da-4b87-8b8d-eff328d94670","local_time":"20201214233410","is_ascension_mode":false,"campfire_choices":[{"data":"Compile Driver","floor":8,"key":"SMITH"},{"data":"Zap","floor":12,"key":"SMITH"},{"data":"Strike_B","floor":15,"key":"SMITH"},{"data":"Fission","floor":24,"key":"SMITH"},{"data":"Sunder","floor":30,"key":"SMITH"},{"floor":32,"key":"REST"},{"data":"Hyperbeam","floor":40,"key":"SMITH"},{"data":"Coolheaded","floor":45,"key":"SMITH"},{"floor":47,"key":"RECALL"},{"floor":49,"key":"REST"},{"data":"Conserve Battery","floor":52,"key":"SMITH"}],"circlet_count":0,"master_deck":["Zap+1","Dualcast","Chill","Compile Driver+1","Static Discharge+1","Genetic Algorithm","Hyperbeam+1","Tempest","Core Surge","Rebound","BootSequence","Sunder+1","Fission+1","FTL","Defragment+1","Ball Lightning","Conserve Battery+1","Loop+1","Self Repair+1","Electrodynamics+1","Loop+1","Go for the Eyes+1","Coolheaded+1","Barrage+1","Darkness+1"],"relics":["Hammer of Thor","Seething Fire","Anvil of the Gods","Busted Crown","Old Coin","InkBottle","Frozen Egg 2","Mercury Hourglass","Pen Nib","Pandora\u0027s Box","Strawberry","Mango","Inserter","Toy Ornithopter","Medical Kit","Kunai","Centennial Puzzle"],"acts_visited":["Exordium","TheCity","TheBeyond","TheEnding"],"potions_floor_usage":[6,16,29,33,33,41,48,54,55,55,55],"damage_taken":[{"damage":0,"enemies":"Small Slimes","floor":1,"turns":2},{"damage":7,"enemies":"2 Louse","floor":2,"turns":3},{"damage":6,"enemies":"Jaw Worm","floor":3,"turns":3},{"damage":0,"enemies":"Large Slime","floor":4,"turns":5},{"damage":5,"enemies":"3 Sentries","floor":6,"turns":8},{"damage":1,"enemies":"Exordium Wildlife","floor":13,"turns":3},{"damage":3,"enemies":"Looter","floor":14,"turns":3},{"damage":18,"enemies":"Slime Boss","floor":16,"turns":7},{"damage":0,"enemies":"Chosen","floor":18,"turns":3},{"damage":3,"enemies":"Shell Parasite","floor":19,"turns":3},{"damage":3,"enemies":"Sentry and Sphere","floor":21,"turns":3},{"damage":0,"enemies":"3 Cultists","floor":23,"turns":2},{"damage":8,"enemies":"Snecko","floor":25,"turns":4},{"damage":9,"enemies":"Slavers","floor":29,"turns":2},{"damage":8,"enemies":"Cultist and Chosen","floor":31,"turns":4},{"damage":17,"enemies":"Automaton","floor":33,"turns":6},{"damage":41,"enemies":"3 Darklings","floor":35,"turns":3},{"damage":16,"enemies":"Orb Walker","floor":38,"turns":3},{"damage":30,"enemies":"Writhing Mass","floor":41,"turns":3},{"damage":0,"enemies":"Jaw Worm Horde","floor":42,"turns":1},{"damage":28,"enemies":"Giant Head","floor":44,"turns":6},{"damage":7,"enemies":"Transient","floor":46,"turns":5},{"damage":1,"enemies":"Maw","floor":48,"turns":6},{"damage":52,"enemies":"Time Eater","floor":50,"turns":10},{"damage":26,"enemies":"Shield and Spear","floor":54,"turns":5},{"damage":117,"enemies":"The Heart","floor":55,"turns":6}],"seed_played":"-4652596240134320001","potions_obtained":[{"floor":1,"key":"PowerPotion"},{"floor":3,"key":"LiquidBronze"},{"floor":13,"key":"Swift Potion"},{"floor":18,"key":"Fire Potion"},{"floor":21,"key":"BlessingOfTheForge"},{"floor":29,"key":"Weak Potion"},{"floor":31,"key":"SkillPotion"},{"floor":33,"key":"Fire Potion"},{"floor":35,"key":"Strength Potion"},{"floor":38,"key":"Dexterity Potion"},{"floor":42,"key":"Explosive Potion"},{"floor":54,"key":"FocusPotion"}],"is_trial":false,"path_per_floor":["M","M","M","M","?","E","?","R","T","$","?","R","M","M","R","B",null,"M","M","?","M","?","M","R","M","T","$","?","E","R","M","R","B",null,"M","?","$","M","$","R","M","M","T","E","R","M","R","M","R","B",null,"R","$","E","B"],"character_chosen":"DEFECT","items_purchased":["Frozen Egg 2","Static Discharge+1","Mercury Hourglass","Loop+1","Loop+1","Toy Ornithopter","Medical Kit","Block Potion"],"campfire_rested":2,"item_purchase_floors":[10,10,10,27,37,37,39,53],"current_hp_per_floor":[75,68,62,62,62,57,42,42,42,42,42,42,41,38,38,20,75,75,72,58,55,55,55,55,47,54,54,54,59,59,51,81,74,101,70,70,70,64,64,64,49,49,49,31,31,34,34,48,78,36,101,101,101,90,0,0],"gold":84,"neow_bonus":"BOSS_RELIC","is_daily":false,"chose_seed":false,"campfire_upgraded":8,"win_rate":0.0,"timestamp":1608006850,"path_taken":["M","M","M","M","?","E","?","R","T","$","?","R","M","M","R","BOSS","M","M","?","M","?","M","R","M","T","$","?","E","R","M","R","BOSS","M","?","$","M","$","R","M","M","T","E","R","M","R","M","R","BOSS","R","$","E","BOSS"],"items_purchased_type":["Relic","Card","Relic","Card","Card","Relic","Relic","Potion"],"build_version":"2020-12-13","purchased_purges":1,"victory":false,"max_hp_per_floor":[75,75,75,75,75,75,75,75,75,75,75,75,75,75,75,75,75,75,75,80,80,80,80,80,80,87,87,87,101,101,101,101,101,101,101,101,101,101,101,101,101,101,101,101,101,101,101,101,101,101,101,101,101,101,101,101],"relic_stats":{"Centennial Puzzle":[3],"Busted Crown":48,"Inserter":[24],"counters":[26,105],"Pandora\u0027s Box":["Tempest","Consume","Core Surge","Rebound","BootSequence","Blizzard","Sunder","Fission"],"Pen Nib":[15],"Kunai":[5],"Medical Kit":[7],"obtain_stats":[{"Inserter":34,"Mango":29,"Hammer of Thor":0,"Pen Nib":11,"Seething Fire":0,"Frozen Egg 2":10,"Medical Kit":39,"Old Coin":6,"Mercury Hourglass":10,"Centennial Puzzle":54,"Busted Crown":0,"Anvil of the Gods":0,"Strawberry":26,"Pandora\u0027s Box":17,"Kunai":44,"Cracked Core":0,"InkBottle":9,"Toy Ornithopter":37},{"Inserter":16,"Mango":14,"Hammer of Thor":0,"Pen Nib":5,"Seething Fire":0,"Frozen Egg 2":5,"Medical Kit":18,"Old Coin":5,"Mercury Hourglass":5,"Centennial Puzzle":25,"Busted Crown":0,"Anvil of the Gods":0,"Strawberry":13,"Pandora\u0027s Box":8,"Kunai":21,"Cracked Core":0,"InkBottle":5,"Toy Ornithopter":17},{"Inserter":59,"Mango":49,"Hammer of Thor":0,"Pen Nib":21,"Seething Fire":0,"Frozen Egg 2":21,"Medical Kit":65,"Old Coin":21,"Mercury Hourglass":21,"Centennial Puzzle":99,"Busted Crown":0,"Anvil of the Gods":0,"Strawberry":47,"Pandora\u0027s Box":34,"Kunai":75,"Cracked Core":0,"InkBottle":21,"Toy Ornithopter":62}],"InkBottle":[34],"Toy Ornithopter":30,"Mercury Hourglass":[299]},"card_choices":[{"not_picked":["Redo"],"picked":"SKIP","floor":1},{"not_picked":["Barrage"],"picked":"SKIP","floor":2},{"not_picked":[],"picked":"Chill","floor":3},{"not_picked":[],"picked":"Compile Driver","floor":4},{"not_picked":["Auto Shields"],"picked":"SKIP","floor":6},{"not_picked":["Gash"],"picked":"SKIP","floor":13},{"not_picked":[],"picked":"Genetic Algorithm","floor":14},{"not_picked":[],"picked":"Hyperbeam","floor":16},{"not_picked":[],"picked":"FTL","floor":18},{"not_picked":["Lockon+1"],"picked":"SKIP","floor":19},{"not_picked":["Redo"],"picked":"SKIP","floor":21},{"not_picked":[],"picked":"Ball Lightning","floor":23},{"not_picked":[],"picked":"Conserve Battery","floor":25},{"not_picked":["Redo+1"],"picked":"SKIP","floor":29},{"not_picked":[],"picked":"Self Repair+1","floor":31},{"not_picked":[],"picked":"Electrodynamics+1","floor":33},{"not_picked":["Auto Shields"],"picked":"SKIP","floor":35},{"not_picked":["Stack"],"picked":"SKIP","floor":38},{"not_picked":["Stack+1"],"picked":"SKIP","floor":41},{"not_picked":[],"picked":"Go for the Eyes+1","floor":42},{"not_picked":[],"picked":"Coolheaded","floor":44},{"not_picked":["Go for the Eyes+1"],"picked":"SKIP","floor":46},{"not_picked":[],"picked":"Barrage+1","floor":48},{"not_picked":[],"picked":"Darkness+1","floor":54}],"player_experience":665503,"relics_obtained":[{"floor":6,"key":"Old Coin"},{"floor":9,"key":"InkBottle"},{"floor":26,"key":"Strawberry"},{"floor":29,"key":"Mango"},{"floor":44,"key":"Kunai"},{"floor":54,"key":"Centennial Puzzle"}],"event_choices":[{"damage_healed":0,"gold_gain":0,"player_choice":"Ignored","damage_taken":0,"max_hp_gain":0,"max_hp_loss":0,"event_name":"Liars Game","floor":5,"gold_loss":0},{"damage_healed":0,"gold_gain":0,"player_choice":"Entered Light","damage_taken":15,"max_hp_gain":0,"max_hp_loss":0,"event_name":"Shining Light","floor":7,"gold_loss":0,"cards_upgraded":["Strike_B","Defend_B"]},{"damage_healed":0,"gold_gain":0,"player_choice":"Searched \u00272\u0027 times","damage_taken":0,"relics_obtained":["Pen Nib"],"max_hp_gain":0,"max_hp_loss":0,"event_name":"Dead Adventurer","floor":11,"gold_loss":0},{"damage_healed":0,"gold_gain":0,"player_choice":"Shed Blood","damage_taken":19,"max_hp_gain":5,"max_hp_loss":0,"event_name":"Forgotten Altar","floor":20,"gold_loss":0},{"damage_healed":0,"gold_gain":0,"player_choice":"Read","damage_taken":0,"max_hp_gain":0,"max_hp_loss":0,"event_name":"The Library","floor":22,"gold_loss":0,"cards_obtained":["Defragment"]},{"damage_healed":0,"gold_gain":99,"player_choice":"Stole From Cult","damage_taken":0,"max_hp_gain":0,"max_hp_loss":0,"event_name":"Nest","floor":28,"gold_loss":0},{"cards_removed":["Blizzard"],"damage_healed":0,"gold_gain":0,"player_choice":"Removed Attack","damage_taken":0,"max_hp_gain":0,"max_hp_loss":0,"event_name":"Falling","floor":36,"gold_loss":0}],"is_beta":false,"boss_relics":[{"not_picked":["Astrolabe","Philosopher\u0027s Stone"],"picked":"Pandora\u0027s Box"},{"not_picked":["SacredBark","Sozu"],"picked":"Inserter"}],"items_purged_floors":[27],"is_endless":false,"potions_floor_spawned":[1,3,13,18,21,29,31,33,35,38,42,46,54],"killed_by":"The Heart","ascension_level":0}}