{"host":"jzzkeuxhtt2dt5zj","time":1608072654,"event":{"mods":["BaseMod","Better Third Choice","Dota2Spire","Googly Eyes","Hubris","Infinite Spire","Minty Spire (QoL Compilation)","Replay The Spire","Shade Mod","Spicy Shops","StSLib","The Cursed"],"gold_per_floor":[117,117,132,147,159,193,49,62,62,62,62,96,120,130,130,235,235,254,267,113,113,113,138,138,138],"floor_reached":24,"playtime":1201,"items_purged":[],"score":226,"play_id":"cfa54dac-2c79-45d0-a8fa-a140b322bd39","local_time":"20201215175054","is_ascension_mode":false,"campfire_choices":[{"floor":10.0,"key":"REST"},{"data":"hubris:ReadiedAction","floor":15.0,"key":"SMITH"}],"circlet_count":0,"master_deck":["Strike_R","Strike_R","Strike_R+1","Strike_R","Strike_R+1","Defend_R","Defend_R","Bash","Twin Strike","Perfected Strike","hubris:ReadiedAction+1","Disarm","Wild Strike","Wild Strike","Flame Barrier","Barricade+1","Perfected Strike","hubris:StunningStrike+1","ReplayTheSpireMod:LeadingStrike","Armaments","infinitespire:FinalStrike"],"relics":["Burning Blood","Durian","Dream Catcher","Bird Faced Urn","Garlic","King of Hearts","Dota2Spire:EchoSabre","Black Star","Guide Book","Simple Rune","Boot"],"acts_visited":["Exordium","TheCity"],"potions_floor_usage":[24],"damage_taken":[{"damage":11.0,"enemies":"Small Slimes","floor":1.0,"turns":3.0},{"damage":6.0,"enemies":"Cultist","floor":3.0,"turns":3.0},{"damage":2.0,"enemies":"2 Louse","floor":4.0,"turns":2.0},{"damage":20.0,"enemies":"Exordium Wildlife","floor":5.0,"turns":5.0},{"damage":20.0,"enemies":"Replay:BlueRogue","floor":6.0,"turns":5.0},{"damage":9.0,"enemies":"Lots of Slimes","floor":8.0,"turns":4.0},{"damage":23.0,"enemies":"Lagavulin","floor":12.0,"turns":4.0},{"damage":0.0,"enemies":"Large Slime","floor":14.0,"turns":3.0},{"damage":16.0,"enemies":"Hexaghost","floor":16.0,"turns":6.0},{"damage":1.0,"enemies":"3 Byrds","floor":18.0,"turns":4.0},{"damage":13.0,"enemies":"Shell Parasite","floor":19.0,"turns":4.0},{"damage":41,"enemies":"Slavers","floor":23,"turns":5},{"damage":16,"enemies":"3 Cultists","floor":24,"turns":4}],"seed_played":"-3181466625318212451","potions_obtained":[{"floor":4.0,"key":"CultistPotion"},{"floor":8.0,"key":"LiquidMemories"},{"floor":14.0,"key":"LiquidMemories"},{"floor":23,"key":"FearPotion"}],"is_trial":false,"path_per_floor":["M","?","M","M","M","E","$","M","T","R","?","E","T","M","R","B",null,"M","M","$","?","?","E","M"],"character_chosen":"IRONCLAD","items_purchased":["Bird Faced Urn","Guide Book"],"campfire_rested":1,"item_purchase_floors":[7,20],"current_hp_per_floor":[72,72,72,76,62,48,48,45,45,68,61,44,44,50,50,40,77,77,70,70,50,50,15,0,0],"gold":138,"neow_bonus":"ONE_RARE_RELIC","is_daily":false,"chose_seed":false,"campfire_upgraded":1,"win_rate":0.0,"timestamp":1608072654,"path_taken":["M","?","M","M","?","E","$","M","T","R","?","E","?","M","R","BOSS","M","?","$","?","?","E","M"],"items_purchased_type":["Relic","Relic"],"build_version":"2020-12-13","purchased_purges":0,"victory":false,"max_hp_per_floor":[77,77,77,77,77,77,77,77,77,77,77,77,77,77,77,77,77,77,77,77,77,77,77,77,77],"card_choices":[{"not_picked":["Entrench","Dropkick"],"picked":"Twin Strike","floor":1.0},{"not_picked":["Clash","ReplayTheSpireMod:Strike From Hell"],"picked":"Perfected Strike","floor":3.0},{"not_picked":["Havoc","ReplayTheSpireMod:Muscle Training"],"picked":"hubris:ReadiedAction","floor":4.0},{"not_picked":["Second Wind","Dual Wield"],"picked":"Disarm","floor":5.0},{"not_picked":["Power Through","Thunderclap"],"picked":"Wild Strike","floor":6.0},{"not_picked":["Anger","hubris:ReadiedAction"],"picked":"Wild Strike","floor":8.0},{"not_picked":["Thunderclap","Warcry"],"picked":"Flame Barrier","floor":10.0},{"not_picked":["Pommel Strike","Infernal Blade"],"picked":"Barricade","floor":12.0},{"not_picked":["Twin Strike","Heavy Blade"],"picked":"Perfected Strike","floor":14.0},{"not_picked":["Corruption","Replay:Many Hands"],"picked":"hubris:StunningStrike","floor":16.0},{"not_picked":["True Grit","Uppercut"],"picked":"ReplayTheSpireMod:LeadingStrike","floor":18.0},{"not_picked":["ReplayTheSpireMod:Strike From Hell+1","Burning Pact"],"picked":"Armaments","floor":19.0},{"not_picked":["Replay:Fractal Strike","infinitespire:Oblivion"],"picked":"infinitespire:FinalStrike","floor":21.0},{"not_picked":["Heavy Blade","Burning Pact","Exhume"],"picked":"SKIP","floor":23}],"player_experience":422778,"relics_obtained":[{"floor":6.0,"key":"Dream Catcher"},{"floor":9.0,"key":"Garlic"},{"floor":12.0,"key":"King of Hearts"},{"floor":13.0,"key":"Dota2Spire:EchoSabre"},{"floor":23,"key":"Simple Rune"},{"floor":23,"key":"Boot"}],"event_choices":[{"damage_healed":0.0,"max_hp_gain":0.0,"max_hp_loss":0.0,"gold_gain":0.0,"event_name":"NoteForYourself","player_choice":"Ignored","floor":2.0,"gold_loss":0.0,"damage_taken":0.0},{"cards_removed":["Defend_R"],"damage_healed":0.0,"max_hp_gain":0.0,"max_hp_loss":0.0,"gold_gain":0.0,"event_name":"Golden Wing","player_choice":"Card Removal","floor":11.0,"gold_loss":0.0,"damage_taken":7.0},{"cards_removed":["Defend_R"],"damage_healed":0.0,"max_hp_gain":0.0,"max_hp_loss":0.0,"gold_gain":0.0,"event_name":"Bonfire Elementals","player_choice":"Offered Basic","floor":22.0,"gold_loss":0.0,"damage_taken":0.0}],"is_beta":false,"boss_relics":[{"not_picked":["Runic Pyramid","hubris:GrandSneckoEye"],"picked":"Black Star"}],"items_purged_floors":[],"is_endless":false,"potions_floor_spawned":[4,8,14,23],"killed_by":"3 Cultists","ascension_level":0}}