{"host":"cvdbfwtypahr1w62","time":1608063246,"event":{"mods":["AchievementEnabler","Act Like it!","BaseMod","BetterRewards","Card Forge","Colored Map","Filter the Spire","Hallownest","Highlight Path","Jorbs\u0027s Wanderer Trilogy","Marisa????????","Minty Spire (QoL Compilation)","Rare Cards Sparkle","Relic Stats","Shop Mod","StSLib","The Bug Knight","The Cursed"],"gold_per_floor":[110,10,21,21,21,56,56,67,90,103,28,57,57,72,72,146,146,158,158,158,158,98,98,125,125,195,195,107,118,118,150,150,150,150],"floor_reached":33,"playtime":1110,"items_purged":["Strike_G","Strike_G","Strike_G"],"score":858,"play_id":"eca983f5-7d17-4682-bbb3-e17f5df14e93","local_time":"20201215211406","is_ascension_mode":true,"campfire_choices":[{"data":"Noxious Fumes","floor":7,"key":"SMITH"},{"floor":13,"key":"REST"},{"floor":15,"key":"REST"},{"data":"Deadly Poison","floor":23,"key":"SMITH"},{"data":"Catalyst","floor":25,"key":"SMITH"},{"data":"Catalyst","floor":27,"key":"SMITH"},{"floor":32,"key":"REST"}],"circlet_count":0,"master_deck":["AscendersBane","Defend_G","Defend_G","Defend_G","Defend_G","Defend_G","Survivor","Neutralize","Noxious Fumes+1","Catalyst+1","Deadly Poison+1","Catalyst+1","Backflip","Backstab","After Image","Prepared+1"],"relics":["Ring of the Snake","Hammer of Thor","Seething Fire","Anvil of the Gods","TwistedFunnel","Mummified Hand","Hallownest:DreamNailRelic","Tiny Chest","Boot","Hallownest:BankAccountRelic","Oddly Smooth Stone","Black Star","The Courier","Paper Crane","Frozen Egg 2","Darkstone Periapt","ClockworkSouvenir","Ornamental Fan","CeramicFish","Sundial"],"acts_visited":["Exordium","TheCity"],"potions_floor_usage":[10,31,31],"damage_taken":[{"damage":0,"enemies":"Hallownest:monsterHuskGuard","floor":1,"turns":4},{"damage":0,"enemies":"Hallownest:2_MossCreeps","floor":3,"turns":4},{"damage":10,"enemies":"Hallownest:eliteVengeflyKing","floor":6,"turns":8},{"damage":0,"enemies":"Hallownest:monsterHuskWarrior","floor":8,"turns":2},{"damage":18,"enemies":"Hallownest:monsterFoolEater","floor":10,"turns":4},{"damage":0,"enemies":"Hallownest:eliteMossKnight","floor":12,"turns":4},{"damage":0,"enemies":"Hallownest:Wandering_and_Horned","floor":14,"turns":5},{"damage":18,"enemies":"Hallownest:BossHornet","floor":16,"turns":7},{"damage":0,"enemies":"Spheric Guardian","floor":18,"turns":3},{"damage":4,"enemies":"HollowMod:Nosk","floor":24,"turns":5},{"damage":7,"enemies":"Shell Parasite","floor":29,"turns":4},{"damage":31,"enemies":"Slavers","floor":31,"turns":4},{"damage":40,"enemies":"Automaton","floor":33,"turns":6}],"seed_played":"-6551945779459090876","potions_obtained":[{"floor":6,"key":"SpeedPotion"},{"floor":8,"key":"Ancient Potion"},{"floor":10,"key":"FearPotion"},{"floor":18,"key":"GhostInAJar"}],"is_trial":false,"path_per_floor":["M","$","M","?","?","E","R","M","T","M","?","E","R","M","R","B",null,"M","?","T","?","$","R","E","R","T","R","$","M","T","E","R","B"],"character_chosen":"THE_SILENT","items_purchased":["Noxious Fumes","TwistedFunnel","Catalyst","Mummified Hand","ClockworkSouvenir"],"campfire_rested":3,"item_purchase_floors":[0,0,0,0,28],"current_hp_per_floor":[36,36,36,36,36,26,26,26,26,8,8,8,27,27,46,28,57,57,57,57,57,57,57,53,53,53,53,53,46,46,15,34,0,0],"gold":150,"neow_bonus":"","is_daily":false,"chose_seed":false,"campfire_upgraded":4,"win_rate":0.0,"timestamp":1608063246,"path_taken":["M","$","?","?","?","E","R","M","T","?","?","E","R","M","R","BOSS","M","?","?","?","?","R","E","R","T","R","$","?","?","E","R","BOSS"],"items_purchased_type":["Card","Relic","Card","Relic","Relic"],"build_version":"2020-12-13","purchased_purges":3,"victory":false,"max_hp_per_floor":[66,66,66,66,66,66,66,66,66,66,66,66,66,66,66,66,66,66,66,66,66,66,66,66,66,66,66,66,66,66,66,66,66,66],"relic_stats":{"Darkstone Periapt":0,"counters":[76,259],"Mummified Hand":[18],"Ornamental Fan":[0],"Sundial":[2],"CeramicFish":0,"Tiny Chest":3,"Black Star":2,"Boot":[27],"obtain_stats":[{"TwistedFunnel":21,"Ice Cream":0,"Calipers":48,"CeramicFish":31,"Hammer of Thor":0,"Boot":48,"Blood Vial":19,"HornCleat":46,"Sundial":42,"Philosopher\u0027s Stone":17,"HollowMod:QueensCombRelic":28,"Girya":26,"Oddly Smooth Stone":22,"Tingsha":40,"Eternal Feather":0,"Paper Crane":24,"Question Card":25,"Anvil of the Gods":0,"Shuriken":28,"Hallownest:BankAccountRelic":11,"Bronze Scales":43,"Black Star":17,"Unceasing Top":43,"Ring of the Serpent":17,"Darkstone Periapt":26,"Snake Skull":6,"Hallownest:DreamNailRelic":3,"Bag of Preparation":8,"Juzu Bracelet":7,"Cursed Key":17,"ClockworkSouvenir":28,"Nunchaku":9,"Ninja Scroll":0,"Mummified Hand":0,"Tiny Chest":9,"Ring of the Snake":0,"Hallownest:SalubrasBlessingRelic":3,"Lee\u0027s Waffle":53,"The Courier":20,"Omamori":20,"Seething Fire":0,"Orichalcum":53,"Frozen Egg 2":24,"Mercury Hourglass":54,"CaptainsWheel":37,"Anchor":14,"Busted Crown":34,"Ornamental Fan":30,"Bag of Marbles":26,"Membership Card":0},{"TwistedFunnel":11,"Ice Cream":33,"Calipers":30,"CeramicFish":75,"Hammer of Thor":0,"Boot":52,"Blood Vial":42,"HornCleat":51,"Sundial":28,"Philosopher\u0027s Stone":9,"HollowMod:QueensCombRelic":17,"Girya":43,"Oddly Smooth Stone":42,"Tingsha":26,"Eternal Feather":54,"Paper Crane":73,"Question Card":14,"Anvil of the Gods":0,"Shuriken":17,"Hallownest:BankAccountRelic":68,"Bronze Scales":50,"Black Star":71,"Unceasing Top":28,"Ring of the Serpent":41,"Darkstone Periapt":73,"Snake Skull":3,"Hallownest:DreamNailRelic":34,"Bag of Preparation":38,"Juzu Bracelet":56,"Cursed Key":60,"ClockworkSouvenir":73,"Nunchaku":38,"Ninja Scroll":33,"Mummified Hand":63,"Tiny Chest":56,"Ring of the Snake":0,"Hallownest:SalubrasBlessingRelic":55,"Lee\u0027s Waffle":31,"The Courier":72,"Omamori":11,"Seething Fire":0,"Orichalcum":31,"Frozen Egg 2":73,"Mercury Hourglass":32,"CaptainsWheel":24,"Anchor":40,"Busted Crown":21,"Ornamental Fan":74,"Bag of Marbles":14,"Membership Card":33},{"TwistedFunnel":12,"Ice Cream":40,"Calipers":32,"CeramicFish":253,"Hammer of Thor":0,"Boot":106,"Blood Vial":68,"HornCleat":102,"Sundial":30,"Philosopher\u0027s Stone":10,"HollowMod:QueensCombRelic":19,"Girya":71,"Oddly Smooth Stone":68,"Tingsha":28,"Eternal Feather":116,"Paper Crane":245,"Question Card":16,"Anvil of the Gods":0,"Shuriken":19,"Hallownest:BankAccountRelic":221,"Bronze Scales":99,"Black Star":237,"Unceasing Top":30,"Ring of the Serpent":65,"Darkstone Periapt":245,"Snake Skull":3,"Hallownest:DreamNailRelic":42,"Bag of Preparation":56,"Juzu Bracelet":133,"Cursed Key":164,"ClockworkSouvenir":245,"Nunchaku":56,"Ninja Scroll":40,"Mummified Hand":199,"Tiny Chest":133,"Ring of the Snake":0,"Hallownest:SalubrasBlessingRelic":124,"Lee\u0027s Waffle":33,"The Courier":240,"Omamori":12,"Seething Fire":0,"Orichalcum":33,"Frozen Egg 2":245,"Mercury Hourglass":37,"CaptainsWheel":26,"Anchor":61,"Busted Crown":23,"Ornamental Fan":249,"Bag of Marbles":16,"Membership Card":40}],"Ring of the Snake":[44]},"card_choices":[{"not_picked":["Flying Knee","Acrobatics","Predator"],"picked":"SKIP","floor":1},{"not_picked":["Blade Dance","Endless Agony"],"picked":"Deadly Poison","floor":3},{"not_picked":["Deflect","Deadly Poison"],"picked":"Catalyst","floor":6},{"not_picked":["A Thousand Cuts","Concentrate","Dodge and Roll"],"picked":"SKIP","floor":8},{"not_picked":["Quick Slash","Poisoned Stab"],"picked":"Backflip","floor":10},{"not_picked":["Underhanded Strike","Deflect","Glass Knife"],"picked":"SKIP","floor":12},{"not_picked":["Concentrate","Flechettes"],"picked":"Backstab","floor":14},{"not_picked":["Corpse Explosion","Malaise"],"picked":"After Image","floor":16},{"not_picked":["Setup","Backflip"],"picked":"Prepared+1","floor":18},{"not_picked":["Masterful Stab","Skewer","Poisoned Stab+1"],"picked":"SKIP","floor":24},{"not_picked":["Riddle With Holes+1","Expertise","Deadly Poison+1"],"picked":"SKIP","floor":29},{"not_picked":["Acrobatics","Poisoned Stab","Flechettes"],"picked":"SKIP","floor":31}],"player_experience":792559,"relics_obtained":[{"floor":6,"key":"Tiny Chest"},{"floor":9,"key":"Boot"},{"floor":12,"key":"Oddly Smooth Stone"},{"floor":20,"key":"The Courier"},{"floor":24,"key":"Paper Crane"},{"floor":24,"key":"Frozen Egg 2"},{"floor":26,"key":"Darkstone Periapt"},{"floor":30,"key":"Ornamental Fan"},{"floor":31,"key":"CeramicFish"},{"floor":31,"key":"Sundial"}],"event_choices":[{"cards_removed":["Strike_G"],"damage_healed":0,"gold_gain":0,"player_choice":"Card Removal","damage_taken":0,"max_hp_gain":0,"max_hp_loss":0,"event_name":"Wheel of Change","floor":19,"gold_loss":0},{"damage_healed":0,"gold_gain":0,"player_choice":"Ignored","damage_taken":0,"max_hp_gain":0,"max_hp_loss":0,"event_name":"The Mausoleum","floor":21,"gold_loss":0}],"is_beta":false,"boss_relics":[{"not_picked":["HoveringKite","Fusion Hammer"],"picked":"Black Star"}],"items_purged_floors":[0,2,22],"is_endless":false,"potions_floor_spawned":[6,8,10,16,18],"killed_by":"Automaton","ascension_level":20}}