{"host":"vh33hu3wddwn6yt6","time":1608055990,"event":{"mods":["AchievementEnabler","Act Like it!","Aspiration","BaseMod","Better Altar","Better Match","Better Note","Better Sensory Stone","Better Skull","Better Third Choice","BetterRewards","Downfall","Hubris","Minty Spire (QoL Compilation)","Permanent Neow","Replay The Spire","Shade Mod","Shop Mod","Spicy Shops","StSLib","SuperFastMode","The Blackbeard","The Necromancer","The Poker Player","The Servant 0.9.4","Wandering Minibosses"],"gold_per_floor":[99,99,99,99,24,51,51,77,2,29,49,49,49,59,69,69,69],"floor_reached":16,"playtime":200,"items_purged":[],"score":148,"play_id":"b564fc72-37ba-42ed-abe6-1a09486de438","local_time":"20201215191310","is_ascension_mode":true,"campfire_choices":[{"floor":1,"key":"RECALL"},{"data":"KidneyShot","floor":5,"key":"SMITH"},{"data":"Desolation","floor":9,"key":"SMITH"}],"circlet_count":0,"master_deck":["Strike_S","Strike_S","Strike_S","Strike_S","Defend_S","Defend_S","Defend_S","Defend_S","KidneyShot+1","Exchange","Pot Of Greed","Desolation+1","Luminosity","Pot Of Greed"],"relics":["Uniform","downfall:HeartsMalice","downfall:HeartBlessingRed","Grinning Jar","RomanBracelet","Replay:Accelerometer","downfall:HeartBlessingGreen","aspiration:TrustyKnives","downfall:BrokenWingStatue"],"acts_visited":["Exordium"],"potions_floor_usage":[],"damage_taken":[{"damage":0,"enemies":"Small Slimes","floor":2,"turns":1},{"damage":0,"enemies":"Cultist","floor":3,"turns":1},{"damage":0,"enemies":"Lagavulin","floor":6,"turns":1},{"damage":23,"enemies":"Gremlin Nob","floor":8,"turns":4},{"damage":8,"enemies":"Lagavulin","floor":10,"turns":5},{"damage":0,"enemies":"Jaw Worm","floor":11,"turns":2},{"damage":0,"enemies":"2 Fungi Beasts","floor":14,"turns":2},{"damage":0,"enemies":"Exordium Wildlife","floor":15,"turns":2},{"damage":0,"enemies":"downfall:Ironclad","floor":16,"turns":1}],"seed_played":"-3361369844864202925","potions_obtained":[{"floor":8,"key":"FairyPotion"},{"floor":10,"key":"champ:CounterPotion"},{"floor":15,"key":"LiquidMemories"}],"is_trial":false,"path_per_floor":["R","M","M","?","R","E","T","E","R","E","M","?","?","M","M","B"],"character_chosen":"THE_SERVANT","items_purchased":[],"campfire_rested":0,"item_purchase_floors":[],"current_hp_per_floor":[65,65,65,65,65,65,65,42,42,34,34,41,41,41,41,41,41],"gold":69,"neow_bonus":"THREE_ENEMY_KILL","is_daily":false,"chose_seed":false,"campfire_upgraded":2,"win_rate":0.0,"timestamp":1608055990,"path_taken":["R","M","M","?","R","E","T","E","R","E","?","?","?","M","M","BOSS"],"items_purchased_type":[],"build_version":"2020-12-13","purchased_purges":0,"victory":false,"max_hp_per_floor":[65,65,65,65,65,65,65,65,65,65,65,65,65,65,65,65,65],"card_choices":[{"not_picked":["Unruled","BottledTime","Potential"],"picked":"SKIP","floor":2},{"not_picked":["ShiftingGears","Defy","Rewind"],"picked":"SKIP","floor":3},{"not_picked":["Rearm","TimeTheft"],"picked":"Desolation","floor":6},{"not_picked":["Defy","SurpressingFire","Rewind"],"picked":"SKIP","floor":8},{"not_picked":["Replace","Comet","Dilation"],"picked":"SKIP","floor":10},{"not_picked":["Reset","BestPractice"],"picked":"Luminosity","floor":11},{"not_picked":["Ricochet","ShatteredReality","Defy"],"picked":"SKIP","floor":14},{"not_picked":["SurpressingFire","Ricochet","Potential"],"picked":"SKIP","floor":15}],"player_experience":522078,"relics_obtained":[{"floor":6,"key":"Grinning Jar"},{"floor":7,"key":"RomanBracelet"},{"floor":8,"key":"Replay:Accelerometer"},{"floor":10,"key":"aspiration:TrustyKnives"}],"event_choices":[{"damage_healed":0,"gold_gain":0,"player_choice":"Ignored","damage_taken":0,"max_hp_gain":0,"max_hp_loss":0,"event_name":"betterNote:BetterNote","floor":4,"gold_loss":0,"cards_obtained":["Defend_S"]}],"is_beta":false,"boss_relics":[],"items_purged_floors":[],"is_endless":false,"potions_floor_spawned":[8,10,15],"killed_by":"downfall:Ironclad","ascension_level":1}}