{"host":"4myl0piycjadqnwl","time":1608068292,"event":{"mods":["BaseMod","Colored Map","Downfall","Minty Spire (QoL Compilation)","StSLib"],"gold_per_floor":[0,0,11,11,27,27,27,27,62,62,123,142,161,178,189,290,290,140,165,183,199,199,234,234,234,234,234,254,168,168,184,197,302,302,302,329,329,343,321,140,140,140,159,159,159,169,182,182,194,194],"floor_reached":51,"playtime":3802,"items_purged":["Pain","Regret"],"score":767,"play_id":"5ddec904-05e6-4bac-97a9-4c509c0e24df","local_time":"20201215223812","is_ascension_mode":false,"campfire_choices":[{"floor":1.0,"key":"RECALL"},{"data":"champ:Taunt","floor":4.0,"key":"SMITH"},{"floor":8.0,"key":"DIG"},{"floor":10.0,"key":"DIG"},{"floor":18.0,"key":"DIG"},{"data":"1","floor":25.0,"key":"LIFT"},{"data":"2","floor":27.0,"key":"LIFT"},{"data":"3","floor":35,"key":"LIFT"},{"floor":37,"key":"DIG"},{"floor":42,"key":"DIG"},{"floor":44,"key":"DIG"}],"circlet_count":0,"master_deck":["champ:Strike+1","champ:Strike+1","champ:Strike+1","champ:Strike+1","champ:Defend+1","champ:Defend+1","champ:Defend+1","champ:Defend+1","champ:Execute","champ:Taunt+1","champ:Encircle","champ:Duel","champ:RecklessLeap","champ:Duel","champ:Backstep","champ:StanceDance","champ:Encircle","champ:CheapShot","champ:RisingSlash+1","champ:Control+1","champ:AdrenalArmor","champ:Improvising","champ:AdrenalArmor","champ:IgnorePain","champ:GutPunch+1","champ:Backstep","champ:CheapShot","champ:BladeFlurry+1","champ:DefensiveShout","champ:FlashCut+1","champ:Shatter","champ:BerserkersShout","champ:RecklessLeap","champ:Control","champ:IgnorePain","champ:GutPunch+1","champ:AdrenalArmor+1"],"relics":["champ:ChampionCrown","Shovel","InkBottle","Bottled Flame","Question Card","Darkstone Periapt","HornCleat","Velvet Choker","downfall:HeartBlessingRed","downfall:HeartBlessingBlue","Dead Branch","Girya","Enchiridion","Akabeko","White Beast Statue","WarpedTongs","Fusion Hammer","Gremlin Horn","Mercury Hourglass","Bottled Lightning","Eternal Feather","Art of War","Regal Pillow"],"acts_visited":["Exordium","TheCity","TheBeyond"],"potions_floor_usage":[33,33,33,49],"damage_taken":[{"damage":7.0,"enemies":"Small Slimes","floor":3.0,"turns":3.0},{"damage":4.0,"enemies":"Cultist","floor":5.0,"turns":3.0},{"damage":51.0,"enemies":"Gremlin Nob","floor":9.0,"turns":5.0},{"damage":41.0,"enemies":"3 Sentries","floor":11.0,"turns":7.0},{"damage":7.0,"enemies":"Jaw Worm","floor":12.0,"turns":3.0},{"damage":30.0,"enemies":"Exordium Thugs","floor":13.0,"turns":5.0},{"damage":6.0,"enemies":"Blue Slaver","floor":14.0,"turns":3.0},{"damage":23.0,"enemies":"Exordium Wildlife","floor":15.0,"turns":3.0},{"damage":37.0,"enemies":"downfall:Watcher","floor":16.0,"turns":9.0},{"damage":47.0,"enemies":"Book of Stabbing","floor":19.0,"turns":4.0},{"damage":29.0,"enemies":"3 Byrds","floor":20.0,"turns":6.0},{"damage":12.0,"enemies":"Shell Parasite","floor":21.0,"turns":3.0},{"damage":59.0,"enemies":"Slavers","floor":23.0,"turns":3.0},{"damage":19.0,"enemies":"Cultist and Chosen","floor":28.0,"turns":4.0},{"damage":26,"enemies":"downfall:FleeingMerchant","floor":29,"turns":5},{"damage":22,"enemies":"Snake Plant","floor":31,"turns":2},{"damage":20,"enemies":"Snecko","floor":32,"turns":3},{"damage":75,"enemies":"downfall:Ironclad","floor":33,"turns":6},{"damage":56,"enemies":"Nemesis","floor":36,"turns":7},{"damage":33,"enemies":"3 Shapes","floor":38,"turns":4},{"damage":30,"enemies":"downfall:FleeingMerchant","floor":39,"turns":3},{"damage":38,"enemies":"3 Darklings","floor":43,"turns":4},{"damage":17,"enemies":"Sphere and 2 Shapes","floor":46,"turns":2},{"damage":17,"enemies":"Transient","floor":47,"turns":5},{"damage":9,"enemies":"Writhing Mass","floor":49,"turns":3},{"damage":64,"enemies":"downfall:Defect","floor":50,"turns":4}],"seed_played":"4666742465754910544","potions_obtained":[{"floor":2.0,"key":"AttackPotion"},{"floor":2.0,"key":"Dexterity Potion"},{"floor":2.0,"key":"FairyPotion"},{"floor":11.0,"key":"PowerPotion"},{"floor":13.0,"key":"AttackPotion"},{"floor":14.0,"key":"Strength Potion"},{"floor":16.0,"key":"champ:TechniquePotion"},{"floor":19.0,"key":"champ:OpenerPotion"},{"floor":29,"key":"PowerPotion"},{"floor":33,"key":"champ:TechniquePotion"},{"floor":36,"key":"SteroidPotion"},{"floor":38,"key":"Explosive Potion"},{"floor":49,"key":"Weak Potion"}],"is_trial":false,"path_per_floor":["R","?","M","R","M","?","T","R","E","R","?","M","M","M","M","B",null,"R","E","M","M","?","E","T","R","?","R","M","$","?","M","M","B",null,"R","E","R","M","$","$","T","R","M","R","?","M","M","?","M","B",null],"character_chosen":"THE_CHAMP","items_purchased":["champ:IgnorePain","Bottled Lightning","champ:Shatter","champ:BerserkersShout"],"campfire_rested":0,"item_purchase_floors":[29,39,40,40],"current_hp_per_floor":[90,90,88,88,88,88,88,88,48,48,32,28,51,49,45,34,90,100,85,80,79,63,35,35,35,35,35,33,29,35,35,47,19,106,106,94,94,75,85,85,85,103,106,106,106,106,106,106,106,106],"gold":194,"neow_bonus":"ONE_RARE_RELIC","is_daily":false,"chose_seed":false,"campfire_upgraded":1,"win_rate":0.0,"timestamp":1608068292,"path_taken":["R","?","M","R","?","?","T","R","E","R","?","M","M","?","M","BOSS","R","E","M","M","?","E","T","R","?","R","M","$","?","?","M","BOSS","R","E","R","M","$","$","T","R","M","R","?","M","M","?","M","BOSS"],"items_purchased_type":["Card","Relic","Card","Card"],"build_version":"2020-12-13","purchased_purges":2,"victory":true,"max_hp_per_floor":[90,90,90,90,90,90,90,90,90,90,90,90,90,90,90,90,90,100,100,100,100,100,100,100,100,100,100,100,100,106,106,106,106,106,106,106,106,106,106,106,106,106,106,106,106,106,106,106,106,106],"card_choices":[{"not_picked":["champ:Circumvent","champ:FaceSlap"],"picked":"champ:Encircle","floor":3.0},{"not_picked":["champ:CrookedStrike","champ:DefensiveShout"],"picked":"champ:Duel","floor":5.0},{"not_picked":["champ:BringItOn","champ:Encircle"],"picked":"champ:RecklessLeap","floor":9.0},{"not_picked":["champ:FocusedDefense","champ:GladiatorsShout","champ:Riposte"],"picked":"champ:Duel","floor":11.0},{"not_picked":["champ:BerserkersShout","champ:StrikeOfGenius","champ:FightOn"],"picked":"champ:Backstep","floor":12.0},{"not_picked":["champ:PerfectedStrike","champ:DefensiveShout","champ:CrookedStrike"],"picked":"champ:StanceDance","floor":13.0},{"not_picked":["champ:CrookedStrike","champ:CalledShot","champ:TornadoPunch"],"picked":"champ:Encircle","floor":14.0},{"not_picked":["champ:DefensiveShout","champ:BerserkersShout","champ:CrookedStrike","champ:Circumvent"],"picked":"SKIP","floor":15.0},{"not_picked":["champ:CrownThrow","champ:ShieldSlam","champ:HeavySlash"],"picked":"champ:CheapShot","floor":16.0},{"not_picked":["champ:Haymaker","champ:DefensiveStyle","champ:Backstep"],"picked":"champ:RisingSlash+1","floor":19.0},{"not_picked":["champ:ViciousMockery","champ:BerserkersShout","champ:Haymaker+1"],"picked":"champ:Control+1","floor":20.0},{"not_picked":["champ:GladiatorsShout+1","champ:FalseCounter","champ:FaceSlap"],"picked":"champ:AdrenalArmor","floor":21.0},{"not_picked":["champ:FightOn","champ:RisingSlash","champ:FanOfKnives"],"picked":"champ:Improvising","floor":23.0},{"not_picked":["champ:CrookedStrike","champ:RapidStrikes+1","champ:CalledShot","champ:DefensiveShout+1"],"picked":"SKIP","floor":28.0},{"not_picked":["champ:FlashCut+1","champ:TornadoPunch+1","champ:Haymaker"],"picked":"champ:AdrenalArmor","floor":29},{"not_picked":["champ:FocusedDefense","champ:TornadoPunch+1","champ:ViciousMockery"],"picked":"champ:GutPunch+1","floor":31},{"not_picked":["champ:BringItOn","champ:BerserkersShout","champ:ShieldSlam"],"picked":"champ:Backstep","floor":32},{"not_picked":["champ:SteelEdge","champ:PerfectForm","champ:SwordThrow"],"picked":"champ:CheapShot","floor":33},{"not_picked":["champ:BringItOn","champ:DefensiveShout","champ:FlashCut+1"],"picked":"champ:BladeFlurry+1","floor":36},{"not_picked":["champ:Encircle","champ:ArenaPreparation+1","champ:EnGarde"],"picked":"champ:DefensiveShout","floor":38},{"not_picked":["champ:Haymaker","champ:LastStand","champ:CrookedStrike"],"picked":"champ:FlashCut+1","floor":39},{"not_picked":["champ:Haymaker","champ:CrookedStrike+1","champ:GladiatorsShout"],"picked":"champ:RecklessLeap","floor":43},{"not_picked":["champ:FightOn","champ:FlashCut+1","champ:HeartStrike+1"],"picked":"champ:Control","floor":46},{"not_picked":["champ:FlashCut+1","champ:Haymaker+1","champ:ViciousMockery+1"],"picked":"champ:IgnorePain","floor":47},{"not_picked":["champ:BerserkersShout+1","champ:FanOfKnives+1","champ:Encircle+1"],"picked":"champ:AdrenalArmor+1","floor":49}],"player_experience":1353723,"relics_obtained":[{"floor":8.0,"key":"Bottled Flame"},{"floor":9.0,"key":"Question Card"},{"floor":10.0,"key":"Darkstone Periapt"},{"floor":11.0,"key":"HornCleat"},{"floor":18.0,"key":"Dead Branch"},{"floor":19.0,"key":"Girya"},{"floor":22.0,"key":"Enchiridion"},{"floor":23.0,"key":"Akabeko"},{"floor":24.0,"key":"White Beast Statue"},{"floor":36,"key":"Gremlin Horn"},{"floor":37,"key":"Mercury Hourglass"},{"floor":41,"key":"Eternal Feather"},{"floor":42,"key":"Art of War"},{"floor":44,"key":"Regal Pillow"}],"event_choices":[{"damage_healed":0.0,"max_hp_gain":0.0,"max_hp_loss":0.0,"gold_gain":0.0,"event_name":"Lab","player_choice":"Got Potions","floor":2.0,"gold_loss":0.0,"damage_taken":0.0},{"damage_healed":0.0,"max_hp_gain":0.0,"max_hp_loss":0.0,"gold_gain":0.0,"event_name":"Big Fish","player_choice":"Box","floor":6.0,"gold_loss":0.0,"damage_taken":0.0,"relics_obtained":["InkBottle"],"cards_obtained":["Regret"]},{"damage_healed":0.0,"max_hp_gain":0.0,"max_hp_loss":0.0,"gold_gain":0.0,"event_name":"Back to Basics","player_choice":"Simplicity","floor":26.0,"gold_loss":0.0,"damage_taken":0.0,"cards_upgraded":["champ:Strike","champ:Strike","champ:Strike","champ:Strike","champ:Defend","champ:Defend","champ:Defend","champ:Defend"]},{"damage_healed":0,"gold_gain":0,"player_choice":"Rummage","damage_taken":0,"relics_obtained":["WarpedTongs"],"max_hp_gain":0,"max_hp_loss":0,"event_name":"Accursed Blacksmith","floor":30,"gold_loss":0,"cards_obtained":["Pain"]},{"damage_healed":0,"gold_gain":0,"player_choice":"Copied","damage_taken":0,"max_hp_gain":0,"max_hp_loss":0,"event_name":"Duplicator","floor":48,"gold_loss":0,"cards_obtained":["champ:GutPunch"]}],"is_beta":false,"boss_relics":[{"not_picked":["Ectoplasm","Empty Cage"],"picked":"Velvet Choker"},{"not_picked":["Astrolabe","Snecko Eye"],"picked":"Fusion Hammer"}],"items_purged_floors":[39,40],"is_endless":false,"potions_floor_spawned":[5,11,13,14,16,19,21,28,29,31,32,33,36,38,39,43,46,47,49],"ascension_level":0}}