{"host":"qw1m3zcvi888b4j7","time":1608062888,"event":{"mods":["BaseMod","Block Reminder","Colored Map","Colored Powertips","DeckTracker","Downfall","Highlight Path","Minty Spire (QoL Compilation)","Quick Restart","Rare Cards Sparkle","Relic Sorter","Relic Stats","StSLib"],"gold_per_floor":[99,99,134,134,147,172,172,172,97,97,97],"floor_reached":10,"playtime":448,"items_purged":[],"score":72,"play_id":"9df0c00f-7eec-4da1-96f1-76482da484fb","local_time":"20201215210808","is_ascension_mode":false,"campfire_choices":[{"floor":1,"key":"RECALL"},{"data":"sneckomod:Unknown","floor":9,"key":"SMITH"}],"circlet_count":0,"master_deck":["sneckomod:Strike","sneckomod:Strike","sneckomod:Defend+1","sneckomod:Defend","sneckomod:Defend+1","sneckomod:TailWhip","sneckomod:SnekBite","sneckomod:Unknown+1","sneckomod:Unknown+1","Regret","sneckomod:UnknownClassHEXA_GHOST_PURPLE","sneckomod:QuickMove+1","sneckomod:SerpentIdol","Regret"],"relics":["sneckomod:SneckoSoul","Toy Ornithopter","Bronze Scales","WingedGreaves","War Paint","downfall:HeartBlessingRed"],"acts_visited":["Exordium"],"potions_floor_usage":[3,3,6,6,6,6,10],"damage_taken":[{"damage":28,"enemies":"Gremlin Nob","floor":3,"turns":4},{"damage":8,"enemies":"Small Slimes","floor":5,"turns":4},{"damage":1,"enemies":"3 Sentries","floor":6,"turns":6},{"damage":82,"enemies":"Gremlin Nob","floor":10,"turns":4}],"seed_played":"5237099525890543060","potions_obtained":[{"floor":0,"key":"sneckomod:MuddlingPotion"},{"floor":0,"key":"Slimebound:ThreeZeroPotion"},{"floor":0,"key":"EntropicBrew"},{"floor":6,"key":"PowerPotion"}],"is_trial":false,"path_per_floor":["R","?","E","?","M","E","T","?","R","E"],"character_chosen":"THE_SNECKO","items_purchased":[],"campfire_rested":0,"item_purchase_floors":[],"current_hp_per_floor":[90,90,63,63,55,74,74,74,74,0,0],"gold":97,"neow_bonus":"THREE_SMALL_POTIONS","is_daily":false,"chose_seed":false,"campfire_upgraded":1,"win_rate":0.0,"timestamp":1608062888,"path_taken":["R","?","E","?","M","E","T","?","R","E"],"items_purchased_type":[],"build_version":"2020-12-13","purchased_purges":0,"victory":false,"max_hp_per_floor":[90,90,91,91,91,91,91,91,91,91,91],"relic_stats":{"counters":[4,18],"Bronze Scales":[6],"War Paint":["sneckomod:Unknown","sneckomod:QuickMove"],"obtain_stats":[{"downfall:HeartBlessingRed":9,"Bronze Scales":6,"WingedGreaves":7,"War Paint":8,"sneckomod:SneckoSoul":0,"Toy Ornithopter":3},{"downfall:HeartBlessingRed":3,"Bronze Scales":3,"WingedGreaves":3,"War Paint":3,"sneckomod:SneckoSoul":0,"Toy Ornithopter":1},{"downfall:HeartBlessingRed":14,"Bronze Scales":14,"WingedGreaves":14,"War Paint":14,"sneckomod:SneckoSoul":0,"Toy Ornithopter":4}],"Toy Ornithopter":25},"card_choices":[{"not_picked":["sneckomod:UnknownBlock","sneckomod:SoulDraw"],"picked":"sneckomod:UnknownClassHEXA_GHOST_PURPLE","floor":3},{"not_picked":["sneckomod:Unknown1Cost","sneckomod:Nope"],"picked":"sneckomod:QuickMove","floor":5},{"not_picked":["sneckomod:WideSting","sneckomod:QuickBite"],"picked":"sneckomod:SerpentIdol","floor":6}],"player_experience":94224,"relics_obtained":[{"floor":3,"key":"Toy Ornithopter"},{"floor":6,"key":"Bronze Scales"},{"floor":7,"key":"WingedGreaves"}],"event_choices":[{"damage_healed":0,"gold_gain":0,"player_choice":"Box","damage_taken":0,"relics_obtained":["War Paint"],"max_hp_gain":0,"max_hp_loss":0,"event_name":"Big Fish","floor":8,"gold_loss":0,"cards_obtained":["Regret"]}],"is_beta":false,"boss_relics":[],"items_purged_floors":[],"is_endless":false,"potions_floor_spawned":[6],"killed_by":"Gremlin Nob","ascension_level":0}}