{"host":"f1miojwxaupu79sp","time":1608013729,"event":{"mods":["BaseMod","Better Vampires","Minty Spire (QoL Compilation)","Shop Mod","StSLib"],"gold_per_floor":[115,115,190,41,51,51,83,83,135,135,135,171,171,71,71,191,191,210,54,54,4,4,39,39,52,52,96,96,109,109,9,9,137,137,152,177,177,197,221,221,257,257,257,280,324,0,0,63,63,63],"floor_reached":51,"playtime":29294,"items_purged":["Strike_G","Strike_G","Strike_G","Predator","Defend_G","Skewer"],"score":1080,"play_id":"b399e088-1781-4fc5-94c8-7ac05bdc799f","local_time":"20201215012849","is_ascension_mode":true,"campfire_choices":[{"data":"Footwork","floor":6,"key":"SMITH"},{"data":"Noxious Fumes","floor":8,"key":"SMITH"},{"data":"Noxious Fumes","floor":11,"key":"SMITH"},{"floor":15,"key":"REST"},{"data":"Malaise","floor":24,"key":"SMITH"},{"data":"Die Die Die","floor":28,"key":"SMITH"},{"data":"Deflect","floor":32,"key":"SMITH"},{"data":"Envenom","floor":40,"key":"SMITH"},{"floor":42,"key":"REST"},{"floor":47,"key":"REST"},{"data":"Crippling Poison","floor":49,"key":"SMITH"}],"circlet_count":0,"master_deck":["Defend_G","Defend_G","Defend_G","Survivor","Neutralize","Noxious Fumes+1","Footwork+1","Noxious Fumes+1","Malaise+1","Leg Sweep","Deflect+1","Escape Plan","Cloak And Dagger+1","Die Die Die+1","Acrobatics","Envenom+1","Dodge and Roll+1","Backflip","Crippling Poison+1","Concentrate+1","Distraction+1","Dash+1","Dash","Deflect+1","Deadly Poison+1"],"relics":["Ring of the Snake","NeowsBlessing","Bag of Marbles","Lantern","Golden Idol","Omamori","Calling Bell","Smiling Mask","Meat on the Bone","The Specimen","Torii","Ninja Scroll","Blood Vial","Oddly Smooth Stone","SacredBark","Dream Catcher","Bird Faced Urn","Toxic Egg 2","Gremlin Horn","Tough Bandages"],"acts_visited":["Exordium","TheCity","TheBeyond"],"potions_floor_usage":[12,23,41,50,50,50],"damage_taken":[{"damage":0,"enemies":"Small Slimes","floor":1,"turns":1},{"damage":0,"enemies":"2 Louse","floor":5,"turns":1},{"damage":0,"enemies":"Gremlin Nob","floor":7,"turns":1},{"damage":17,"enemies":"Lagavulin","floor":12,"turns":7},{"damage":11,"enemies":"Slime Boss","floor":16,"turns":11},{"damage":0,"enemies":"Chosen","floor":18,"turns":6},{"damage":13,"enemies":"Slavers","floor":23,"turns":6},{"damage":0,"enemies":"Spheric Guardian","floor":25,"turns":4},{"damage":3,"enemies":"Gremlin Leader","floor":27,"turns":6},{"damage":0,"enemies":"Centurion and Healer","floor":29,"turns":4},{"damage":1,"enemies":"Automaton","floor":33,"turns":9},{"damage":19,"enemies":"3 Darklings","floor":35,"turns":4},{"damage":0,"enemies":"3 Shapes","floor":36,"turns":6},{"damage":7,"enemies":"Spire Growth","floor":38,"turns":10},{"damage":2,"enemies":"Sphere and 2 Shapes","floor":39,"turns":3},{"damage":17,"enemies":"Nemesis","floor":41,"turns":13},{"damage":33,"enemies":"Jaw Worm Horde","floor":44,"turns":4},{"damage":19,"enemies":"Giant Head","floor":45,"turns":12},{"damage":0,"enemies":"Mind Bloom Boss Battle","floor":48,"turns":9},{"damage":61,"enemies":"Awakened One","floor":50,"turns":14}],"seed_played":"7183632697381285199","potions_obtained":[{"floor":7,"key":"ColorlessPotion"},{"floor":12,"key":"SmokeBomb"},{"floor":16,"key":"Weak Potion"},{"floor":23,"key":"Block Potion"},{"floor":25,"key":"Dexterity Potion"},{"floor":27,"key":"Strength Potion"},{"floor":48,"key":"BlessingOfTheForge"}],"is_trial":false,"path_per_floor":["M","?","?","$","M","R","E","R","T","?","R","E","?","$","R","B",null,"M","$","?","$","?","E","R","M","T","E","R","M","?","$","R","B",null,"M","M","?","M","M","R","E","R","T","M","E","$","R","?","R","B",null],"character_chosen":"THE_SILENT","items_purchased":["Footwork","Leg Sweep","Deflect","Acrobatics","Gremlin Horn","Dash"],"campfire_rested":3,"item_purchase_floors":[4,19,19,31,46,46],"current_hp_per_floor":[63,63,52,52,52,52,52,52,52,52,52,35,28,28,47,36,58,58,58,58,58,58,45,45,45,45,44,44,46,46,46,46,47,61,44,46,46,41,41,41,38,56,56,33,36,36,54,62,62,16],"gold":63,"neow_bonus":"THREE_ENEMY_KILL","is_daily":false,"chose_seed":false,"campfire_upgraded":8,"win_rate":0.0,"timestamp":1608013729,"path_taken":["M","?","?","?","?","R","E","R","T","?","R","E","?","$","R","BOSS","M","$","?","$","?","E","R","M","T","E","R","M","?","$","R","BOSS","M","M","?","M","M","R","E","R","T","M","E","$","R","?","R","BOSS"],"items_purchased_type":["Card","Card","Card","Card","Relic","Card"],"build_version":"2020-12-13","purchased_purges":6,"victory":true,"max_hp_per_floor":[70,70,70,70,70,70,70,70,70,65,65,65,65,65,65,65,65,65,65,65,65,65,65,65,65,65,65,65,65,65,65,65,65,65,65,65,62,62,62,62,62,62,62,62,62,62,62,62,62,62],"card_choices":[{"not_picked":["Dagger Throw","Terror"],"picked":"Noxious Fumes","floor":1},{"not_picked":["Acrobatics","Deadly Poison","Quick Slash"],"picked":"SKIP","floor":5},{"not_picked":["Escape Plan","Sucker Punch"],"picked":"Noxious Fumes","floor":7},{"not_picked":["Poisoned Stab","All Out Attack","Blade Dance"],"picked":"SKIP","floor":12},{"not_picked":["Doppelganger","Die Die Die"],"picked":"Malaise","floor":16},{"not_picked":["Endless Agony","Slice","Bane"],"picked":"SKIP","floor":18},{"not_picked":["Terror","Bane"],"picked":"Escape Plan","floor":23},{"not_picked":["Deflect","Underhanded Strike+1"],"picked":"Cloak And Dagger+1","floor":25},{"not_picked":["Unload","Slice+1"],"picked":"Die Die Die","floor":27},{"not_picked":["Bane+1","Blade Dance","Flying Knee"],"picked":"SKIP","floor":29},{"not_picked":["Doppelganger","Venomology"],"picked":"Envenom","floor":33},{"not_picked":["Acrobatics+1","Slice"],"picked":"Dodge and Roll+1","floor":35},{"not_picked":["Flechettes","Underhanded Strike"],"picked":"Backflip","floor":36},{"not_picked":["Flechettes+1","Slice+1"],"picked":"Crippling Poison","floor":38},{"not_picked":["Prepared+1","Blade Dance+1"],"picked":"Concentrate+1","floor":39},{"not_picked":["Dodge and Roll","Finisher","Bane+1"],"picked":"SKIP","floor":41},{"not_picked":["Bane","Acrobatics+1"],"picked":"Distraction+1","floor":42},{"not_picked":["Cloak And Dagger","Blade Dance","Dodge and Roll"],"picked":"SKIP","floor":44},{"not_picked":["Deadly Poison+1","Dodge and Roll+1"],"picked":"Dash+1","floor":45},{"not_picked":["Finisher","Well Laid Plans+1"],"picked":"Deflect+1","floor":47},{"not_picked":["Doppelganger+1","Dodge and Roll+1"],"picked":"Deadly Poison+1","floor":48}],"player_experience":493966,"relics_obtained":[{"floor":7,"key":"Bag of Marbles"},{"floor":9,"key":"Lantern"},{"floor":12,"key":"Omamori"},{"floor":17,"key":"Smiling Mask"},{"floor":17,"key":"Meat on the Bone"},{"floor":17,"key":"The Specimen"},{"floor":23,"key":"Ninja Scroll"},{"floor":26,"key":"Blood Vial"},{"floor":27,"key":"Oddly Smooth Stone"},{"floor":41,"key":"Dream Catcher"},{"floor":43,"key":"Bird Faced Urn"},{"floor":45,"key":"Toxic Egg 2"},{"floor":48,"key":"Tough Bandages"}],"event_choices":[{"damage_healed":0,"gold_gain":0,"player_choice":"Ignored","damage_taken":0,"max_hp_gain":0,"max_hp_loss":0,"event_name":"Liars Game","floor":2,"gold_loss":0},{"damage_healed":0,"gold_gain":75,"player_choice":"Gather Gold","damage_taken":11,"max_hp_gain":0,"max_hp_loss":0,"event_name":"World of Goop","floor":3,"gold_loss":0},{"damage_healed":0,"gold_gain":0,"player_choice":"Lose Max HP","damage_taken":0,"relics_obtained":["Golden Idol"],"max_hp_gain":0,"max_hp_loss":5,"event_name":"Golden Idol","floor":10,"gold_loss":0},{"cards_removed":["Strike_G"],"damage_healed":0,"gold_gain":0,"player_choice":"Card Removal","damage_taken":7,"max_hp_gain":0,"max_hp_loss":0,"event_name":"Golden Wing","floor":13,"gold_loss":0},{"damage_healed":0,"gold_gain":0,"cards_transformed":["Strike_G","Defend_G"],"player_choice":"Became Test Subject","damage_taken":0,"max_hp_gain":0,"max_hp_loss":0,"event_name":"Drug Dealer","floor":20,"gold_loss":0,"cards_obtained":["Skewer","Predator"]},{"damage_healed":0,"gold_gain":0,"player_choice":"Stole Relic","damage_taken":0,"relics_obtained":["Torii"],"max_hp_gain":0,"max_hp_loss":0,"event_name":"Addict","floor":22,"gold_loss":0,"cards_obtained":["Shame"]},{"damage_healed":0,"gold_gain":0,"player_choice":"Became a vampire","damage_taken":0,"max_hp_gain":0,"max_hp_loss":0,"event_name":"Vampires","floor":30,"gold_loss":0,"cards_obtained":[]},{"damage_healed":0,"gold_gain":0,"player_choice":"Max HP","damage_taken":0,"max_hp_gain":0,"max_hp_loss":3,"event_name":"Winding Halls","floor":37,"gold_loss":0},{"damage_healed":0,"gold_gain":0,"player_choice":"Fight","damage_taken":0,"max_hp_gain":0,"max_hp_loss":0,"event_name":"MindBloom","floor":48,"gold_loss":0}],"is_beta":false,"boss_relics":[{"not_picked":["HoveringKite","Cursed Key"],"picked":"Calling Bell"},{"not_picked":["Fusion Hammer","Tiny House"],"picked":"SacredBark"}],"items_purged_floors":[4,14,19,21,31,46],"is_endless":false,"potions_floor_spawned":[7,12,16,23,25,27,33,35,39,48],"ascension_level":9}}