{"host":"kh6fvhxn285ncg0o","time":1608044143,"event":{"mods":["Act Like it!","BaseMod","Colored Map","Friendly Minions","Keyboard Shortcuts","Minty Spire (QoL Compilation)","Quick Restart","Relic Stats","StSLib","SuperFastMode"],"gold_per_floor":[109,120,33,33,33,65,85,119,145,157,157,157,170,202,202,276,276,288,288,288,307,59,86,86,118,142,142,142,160,160,193,193,267,267,282,282,299,98,98,123,123,123,174,203,216,242,242,275,275,275,275,275,275,55,88,88],"floor_reached":57,"playtime":1964,"items_purged":["Bite","Bite","Bite"],"score":3134,"play_id":"2f0fad31-0670-4445-8cc0-1789dd20d263","local_time":"20201215235543","is_ascension_mode":true,"campfire_choices":[{"data":"Bash","floor":12.0,"key":"SMITH"},{"data":"Fiend Fire","floor":15.0,"key":"SMITH"},{"data":"Offering","floor":24.0,"key":"SMITH"},{"data":"1","floor":27.0,"key":"LIFT"},{"data":"2","floor":32.0,"key":"LIFT"},{"data":"3","floor":42.0,"key":"LIFT"},{"floor":49.0,"key":"RECALL"},{"floor":53.0,"key":"REST"}],"circlet_count":0,"master_deck":["AscendersBane","Defend_R+1","Defend_R","Defend_R+1","Bash+1","Armaments","Bludgeon+1","Shockwave+1","Power Through","Fiend Fire+1","Offering+1","CurseOfTheBell","Impervious+1","Berserk","Thinking Ahead","Battle Trance+1","Barricade","Shrug It Off","Finesse","Second Wind","Evolve","Dark Embrace","Berserk","Metallicize"],"relics":["Burning Blood","Strawberry","Lantern","Bag of Marbles","Bronze Scales","Mango","Calling Bell","Bag of Preparation","Shuriken","Champion Belt","Self Forming Clay","TheAbacus","Girya","Oddly Smooth Stone","War Paint","Juzu Bracelet","Fusion Hammer","The Courier","Prayer Wheel","StrikeDummy","Kunai","Pantograph","Letter Opener"],"acts_visited":["Exordium","TheCity","TheBeyond","TheEnding"],"potions_floor_usage":[56,56],"damage_taken":[{"damage":6.0,"enemies":"Cultist","floor":1.0,"turns":3.0},{"damage":7.0,"enemies":"Small Slimes","floor":2.0,"turns":4.0},{"damage":20.0,"enemies":"3 Sentries","floor":6.0,"turns":9.0},{"damage":2.0,"enemies":"Jaw Worm","floor":7.0,"turns":3.0},{"damage":6.0,"enemies":"Gremlin Nob","floor":8.0,"turns":3.0},{"damage":6.0,"enemies":"3 Louse","floor":10.0,"turns":3.0},{"damage":0.0,"enemies":"Lots of Slimes","floor":13.0,"turns":4.0},{"damage":6.0,"enemies":"3 Sentries","floor":14.0,"turns":5.0},{"damage":21.0,"enemies":"Hexaghost","floor":16.0,"turns":8.0},{"damage":2.0,"enemies":"2 Thieves","floor":18.0,"turns":5.0},{"damage":17.0,"enemies":"Chosen","floor":21.0,"turns":4.0},{"damage":8.0,"enemies":"Book of Stabbing","floor":23.0,"turns":3.0},{"damage":9.0,"enemies":"Gremlin Leader","floor":25.0,"turns":3.0},{"damage":6.0,"enemies":"Sentry and Sphere","floor":29.0,"turns":3.0},{"damage":17.0,"enemies":"Slavers","floor":31.0,"turns":4.0},{"damage":70.0,"enemies":"Automaton","floor":33.0,"turns":12.0},{"damage":6.0,"enemies":"3 Shapes","floor":35.0,"turns":3.0},{"damage":6.0,"enemies":"Orb Walker","floor":37.0,"turns":1.0},{"damage":22.0,"enemies":"Reptomancer","floor":40.0,"turns":11.0},{"damage":6.0,"enemies":"Giant Head","floor":44.0,"turns":7.0},{"damage":6.0,"enemies":"Transient","floor":45.0,"turns":6.0},{"damage":0.0,"enemies":"Reptomancer","floor":46.0,"turns":1.0},{"damage":6.0,"enemies":"Giant Head","floor":48.0,"turns":7.0},{"damage":6.0,"enemies":"Donu and Deca","floor":50.0,"turns":12.0},{"damage":9.0,"enemies":"Time Eater","floor":51.0,"turns":10.0},{"damage":31,"enemies":"Shield and Spear","floor":55,"turns":8},{"damage":12,"enemies":"The Heart","floor":56,"turns":9}],"seed_played":"5592834523577557334","potions_obtained":[{"floor":8.0,"key":"AttackPotion"},{"floor":11.0,"key":"AttackPotion"},{"floor":13.0,"key":"ColorlessPotion"},{"floor":14.0,"key":"LiquidBronze"},{"floor":16.0,"key":"HeartOfIron"},{"floor":33.0,"key":"SteroidPotion"},{"floor":40.0,"key":"EssenceOfSteel"},{"floor":44.0,"key":"BlessingOfTheForge"},{"floor":45.0,"key":"CultistPotion"},{"floor":48.0,"key":"Dexterity Potion"}],"is_trial":false,"path_per_floor":["M","M","$","?","?","E","M","E","T","M","?","R","M","E","R","B",null,"M","T","?","M","$","E","R","E","T","R","?","M","?","E","R","B",null,"M","?","M","$","?","E","T","R","T","E","M","E","?","E","R","B","B",null,"R","$","E","B",null],"character_chosen":"IRONCLAD","items_purchased":["Bludgeon","TheAbacus","Finesse","Berserk","Metallicize"],"campfire_rested":1,"item_purchase_floors":[3,22,38,54,54],"current_hp_per_floor":[75,74,74,49,49,35,39,39,39,39,39,39,45,59,59,44,83,87,87,67,64,64,67,67,64,64,64,64,67,67,56,56,17,55,57,57,63,63,63,67,67,67,67,67,67,67,67,67,67,67,67,67,67,67,42,61],"gold":88,"neow_bonus":"RANDOM_COMMON_RELIC","is_daily":false,"chose_seed":false,"campfire_upgraded":3,"win_rate":0.0,"timestamp":1608044143,"path_taken":["M","?","$","?","?","E","M","E","T","M","?","R","?","E","R","BOSS","M","?","?","M","$","E","R","E","T","R","?","?","?","E","R","BOSS","M","?","M","$","?","E","?","R","T","E","M","E","?","E","R","BOSS","BOSS","R","$","E","BOSS"],"items_purchased_type":["Card","Relic","Card","Card","Card"],"build_version":"2020-12-13","purchased_purges":3,"victory":true,"max_hp_per_floor":[82,82,82,82,82,82,82,82,82,82,82,82,82,96,96,96,96,96,96,67,67,67,67,67,67,67,67,67,67,67,67,67,67,67,67,67,67,67,67,67,67,67,67,67,67,67,67,67,67,67,67,67,67,67,67,67],"relic_stats":{"counters":[27,151],"Self Forming Clay":[99],"Bag of Preparation":[36],"Juzu Bracelet":1,"Letter Opener":[25],"War Paint":["Impervious","Shockwave"],"Burning Blood":126,"TheAbacus":[822],"Shuriken":[20],"Bronze Scales":[536],"Pantograph":25,"Prayer Wheel":1,"Champion Belt":[75],"Kunai":[9],"obtain_stats":[{"Girya":23,"Lantern":6,"Self Forming Clay":19,"Oddly Smooth Stone":25,"Mango":14,"The Courier":40,"Bag of Preparation":17,"Juzu Bracelet":31,"Letter Opener":55,"War Paint":26,"Burning Blood":0,"Calling Bell":17,"TheAbacus":22,"Shuriken":17,"Strawberry":0,"Bronze Scales":9,"Pantograph":48,"Prayer Wheel":41,"Fusion Hammer":34,"Bag of Marbles":8,"Champion Belt":17,"Kunai":46,"StrikeDummy":44},{"Girya":12,"Lantern":3,"Self Forming Clay":10,"Oddly Smooth Stone":13,"Mango":8,"The Courier":19,"Bag of Preparation":9,"Juzu Bracelet":15,"Letter Opener":26,"War Paint":13,"Burning Blood":0,"Calling Bell":9,"TheAbacus":11,"Shuriken":9,"Strawberry":0,"Bronze Scales":5,"Pantograph":23,"Prayer Wheel":19,"Fusion Hammer":16,"Bag of Marbles":5,"Champion Belt":9,"Kunai":22,"StrikeDummy":20},{"Girya":54,"Lantern":16,"Self Forming Clay":47,"Oddly Smooth Stone":57,"Mango":34,"The Courier":91,"Bag of Preparation":42,"Juzu Bracelet":64,"Letter Opener":142,"War Paint":57,"Burning Blood":0,"Calling Bell":42,"TheAbacus":51,"Shuriken":42,"Strawberry":0,"Bronze Scales":22,"Pantograph":112,"Prayer Wheel":91,"Fusion Hammer":76,"Bag of Marbles":22,"Champion Belt":42,"Kunai":105,"StrikeDummy":98}]},"card_choices":[{"not_picked":["Wild Strike","Sword Boomerang"],"picked":"Armaments","floor":1.0},{"not_picked":["True Grit","Havoc","Entrench"],"picked":"SKIP","floor":6.0},{"not_picked":["Headbutt","Combust"],"picked":"Shockwave","floor":7.0},{"not_picked":["Limit Break","Rupture"],"picked":"Power Through","floor":8.0},{"not_picked":["Body Slam","Sword Boomerang","Warcry"],"picked":"SKIP","floor":10.0},{"not_picked":["Dual Wield","Headbutt","Combust"],"picked":"SKIP","floor":13.0},{"not_picked":["Anger","Pummel"],"picked":"Fiend Fire","floor":14.0},{"not_picked":["Bludgeon","Barricade"],"picked":"Offering","floor":16.0},{"not_picked":["Armaments","Shrug It Off","Wild Strike"],"picked":"SKIP","floor":18.0},{"not_picked":["Cleave","Clash"],"picked":"Impervious","floor":21.0},{"not_picked":["Clash","Sentinel"],"picked":"Berserk","floor":23.0},{"not_picked":["Twin Strike","Pommel Strike","Iron Wave"],"picked":"SKIP","floor":25.0},{"not_picked":["Flex","Pummel","Thunderclap"],"picked":"SKIP","floor":29.0},{"not_picked":["Hemokinesis","Sentinel+1"],"picked":"Battle Trance","floor":31.0},{"not_picked":["Demon Form","Bludgeon"],"picked":"Barricade","floor":33.0},{"not_picked":["Combust+1","Hemokinesis","Bloodletting"],"picked":"SKIP","floor":35.0},{"not_picked":["Sword Boomerang+1","Wild Strike"],"picked":"Shrug It Off","floor":37.0},{"not_picked":["Heavy Blade","Headbutt+1","Clothesline"],"picked":"SKIP","floor":40.0},{"not_picked":["Thunderclap","Sword Boomerang","Hemokinesis+1"],"picked":"SKIP","floor":44.0},{"not_picked":["Anger","Spot Weakness"],"picked":"Evolve","floor":45.0},{"not_picked":["Headbutt+1","Pommel Strike","True Grit"],"picked":"SKIP","floor":45.0},{"not_picked":["Sword Boomerang","Heavy Blade","Sever Soul+1"],"picked":"SKIP","floor":46.0},{"not_picked":["Perfected Strike","Dual Wield"],"picked":"Dark Embrace","floor":48.0},{"not_picked":["Armaments","Clash","Cleave"],"picked":"SKIP","floor":55}],"player_experience":3172693,"relics_obtained":[{"floor":6.0,"key":"Lantern"},{"floor":8.0,"key":"Bag of Marbles"},{"floor":9.0,"key":"Bronze Scales"},{"floor":14.0,"key":"Mango"},{"floor":17.0,"key":"Bag of Preparation"},{"floor":17.0,"key":"Shuriken"},{"floor":17.0,"key":"Champion Belt"},{"floor":19.0,"key":"Self Forming Clay"},{"floor":23.0,"key":"Girya"},{"floor":25.0,"key":"Oddly Smooth Stone"},{"floor":26.0,"key":"War Paint"},{"floor":31.0,"key":"Juzu Bracelet"},{"floor":40.0,"key":"The Courier"},{"floor":41.0,"key":"Prayer Wheel"},{"floor":44.0,"key":"StrikeDummy"},{"floor":46.0,"key":"Kunai"},{"floor":48.0,"key":"Pantograph"},{"floor":55,"key":"Letter Opener"}],"event_choices":[{"damage_healed":0.0,"max_hp_gain":0.0,"max_hp_loss":0.0,"gold_gain":0.0,"event_name":"Shining Light","player_choice":"Entered Light","floor":4.0,"gold_loss":0.0,"damage_taken":25.0,"cards_upgraded":["Defend_R","Defend_R"]},{"damage_healed":0.0,"max_hp_gain":0.0,"max_hp_loss":0.0,"gold_gain":0.0,"event_name":"Living Wall","player_choice":"Grow","floor":5.0,"gold_loss":0.0,"damage_taken":0.0,"cards_upgraded":["Bludgeon"]},{"damage_healed":0.0,"max_hp_gain":0.0,"max_hp_loss":0.0,"gold_gain":0.0,"event_name":"Lab","player_choice":"Got Potions","floor":11.0,"gold_loss":0.0,"damage_taken":0.0},{"damage_healed":0.0,"max_hp_gain":0.0,"max_hp_loss":29.0,"gold_gain":0.0,"event_name":"Vampires","player_choice":"Became a vampire","floor":20.0,"gold_loss":0.0,"damage_taken":0.0,"cards_obtained":["Bite","Bite","Bite","Bite","Bite"]},{"damage_healed":0.0,"max_hp_gain":0.0,"max_hp_loss":0.0,"gold_gain":0.0,"cards_transformed":["Bite"],"event_name":"Transmorgrifier","player_choice":"Transformed","floor":28.0,"gold_loss":0.0,"damage_taken":0.0,"cards_obtained":["Thinking Ahead"]},{"cards_removed":["Defend_R"],"damage_healed":0.0,"max_hp_gain":0.0,"max_hp_loss":0.0,"gold_gain":0.0,"event_name":"Bonfire Elementals","player_choice":"Offered Basic","floor":30.0,"gold_loss":0.0,"damage_taken":0.0},{"damage_healed":0.0,"max_hp_gain":0.0,"max_hp_loss":0.0,"gold_gain":0.0,"event_name":"Upgrade Shrine","player_choice":"Upgraded","floor":36.0,"gold_loss":0.0,"damage_taken":0.0,"cards_upgraded":["Battle Trance"]},{"damage_healed":0.0,"max_hp_gain":0.0,"max_hp_loss":0.0,"gold_gain":0.0,"event_name":"Match and Keep!","player_choice":"1 cards matched","floor":39.0,"gold_loss":0.0,"damage_taken":0.0,"cards_obtained":["Second Wind"]},{"cards_removed":["Bite"],"damage_healed":0.0,"max_hp_gain":0.0,"max_hp_loss":0.0,"gold_gain":0.0,"event_name":"Wheel of Change","player_choice":"Card Removal","floor":47.0,"gold_loss":0.0,"damage_taken":0.0}],"is_beta":false,"boss_relics":[{"not_picked":["Black Blood","Runic Cube"],"picked":"Calling Bell"},{"not_picked":["SlaversCollar","SacredBark"],"picked":"Fusion Hammer"}],"items_purged_floors":[22,38,54],"is_endless":false,"potions_floor_spawned":[8,13,14,16,18,29,31,33,40,44,45,48],"ascension_level":20}}