{"host":"1dny1q6uquk6isnr","time":1608008234,"event":{"mods":["BaseMod","Curses Come First","Minty Spire (QoL Compilation)","Relic Stats","StSLib","The Dragon Tamer"],"gold_per_floor":[109,121,71,83,101,101,118,118,118,136,136,163,14,40,40,137,137,149,166,180,190,205,230,230,265,265,291,303,315,360,384,396,506,518,547,89,139,155,171,205,205,41,41,72,88,113,145,157,157,157,157,157,2,36,36],"floor_reached":56,"playtime":4149,"items_purged":["DTMod:Strike"],"score":1837,"play_id":"c80c1286-de29-4777-99ce-75270ffc59f1","local_time":"20201214205714","is_ascension_mode":true,"metric_token":403,"campfire_choices":[{"data":"DTMod:ComboAttack","floor":6,"key":"SMITH"},{"data":"DTMod:ForkedFire","floor":8,"key":"SMITH"},{"data":"DTMod:ComboAttack","floor":11,"key":"SMITH"},{"data":"DTMod:SwitchingTactic","floor":15,"key":"SMITH"},{"data":"DTMod:Threaten","floor":24,"key":"SMITH"},{"data":"DTMod:RepeatStrike","floor":32,"key":"SMITH"},{"data":"DTMod:ResonanceForm","floor":41,"key":"SMITH"},{"floor":49,"key":"RECALL"},{"data":"DTMod:DragonDance","floor":52,"key":"SMITH"}],"dtmod_dragon_data":[25,58,3,0,14,0],"circlet_count":0,"master_deck":["DTMod:Strike","DTMod:Strike+1","DTMod:Strike","DTMod:DoubleHit","DTMod:TargetDefense","DTMod:TargetDefense","DTMod:TargetDefense","DTMod:SwitchingTactic+1","DTMod:Threaten+1","DTMod:TauntingStrike","DTMod:Hide","DTMod:Conduct","DTMod:ComboAttack+1","DTMod:ForkedFire+1","DTMod:ComboAttack+1","DTMod:BreakAttack","DTMod:Training+1","DTMod:ResonanceForm+1","DTMod:Cover+1","DTMod:ComboAttack","DTMod:ComboAttack+1","DTMod:RepeatStrike+1","DTMod:ComboAttack+1","DTMod:Training+1","DTMod:InvisibleFlame+1","DTMod:HeadStart+1","DTMod:Cover+1","DTMod:QuickFly","DTMod:BalancedStrike","DTMod:Hide+1","DTMod:Cover+1","DTMod:DragonDance+1","DTMod:TagTeam+1","DTMod:Training+1","DTMod:Observe+1","DTMod:TagTeam+1","DTMod:GearUp+1","DTMod:Prediction+1","DTMod:BurningEnergy+1","DTMod:BuildUp+1"],"relics":["DTMod:PactStone","Matryoshka","Calipers","Chemical X","Toxic Egg 2","Black Star","White Beast Statue","Whetstone","Gambling Chip","Incense Burner","Regal Pillow","MawBank","DTMod:SolidMemories","WingedGreaves","DTMod:TheChair","Bag of Marbles","InkBottle","TungstenRod","Pear","Bottled Flame","Sundial","Nunchaku","StrikeDummy","Pantograph","Anchor","Ginger","Bronze Scales","ClockworkSouvenir","DTMod:TacticalNote","Ornamental Fan"],"acts_visited":["Exordium","TheCity","TheBeyond","TheEnding"],"potions_floor_usage":[14,21,23,25,50,55,55,55],"damage_taken":[{"damage":0,"enemies":"2 Louse","floor":1,"turns":3},{"damage":0,"enemies":"Small Slimes","floor":2,"turns":3},{"damage":1,"enemies":"Cultist","floor":4,"turns":4},{"damage":0,"enemies":"Gremlin Gang","floor":5,"turns":6},{"damage":0,"enemies":"2 Fungi Beasts","floor":7,"turns":3},{"damage":1,"enemies":"Lots of Slimes","floor":10,"turns":2},{"damage":0,"enemies":"3 Sentries","floor":12,"turns":5},{"damage":0,"enemies":"Gremlin Nob","floor":14,"turns":2},{"damage":0,"enemies":"The Guardian","floor":16,"turns":9},{"damage":0,"enemies":"Spheric Guardian","floor":18,"turns":3},{"damage":0,"enemies":"Chosen","floor":19,"turns":3},{"damage":2,"enemies":"Shelled Parasite and Fungi","floor":20,"turns":4},{"damage":3,"enemies":"Snake Plant","floor":21,"turns":4},{"damage":0,"enemies":"Cultist and Chosen","floor":22,"turns":4},{"damage":11,"enemies":"Book of Stabbing","floor":23,"turns":6},{"damage":4,"enemies":"Slavers","floor":25,"turns":4},{"damage":0,"enemies":"Snecko","floor":27,"turns":3},{"damage":0,"enemies":"Gremlin Leader","floor":30,"turns":3},{"damage":0,"enemies":"Centurion and Healer","floor":31,"turns":4},{"damage":0,"enemies":"Champ","floor":33,"turns":9},{"damage":0,"enemies":"3 Shapes","floor":35,"turns":4},{"damage":0,"enemies":"Mind Bloom Boss Battle","floor":37,"turns":5},{"damage":0,"enemies":"3 Darklings","floor":38,"turns":3},{"damage":0,"enemies":"Maw","floor":39,"turns":5},{"damage":0,"enemies":"Giant Head","floor":40,"turns":5},{"damage":0,"enemies":"Reptomancer","floor":44,"turns":2},{"damage":0,"enemies":"Jaw Worm Horde","floor":45,"turns":1},{"damage":0,"enemies":"Giant Head","floor":46,"turns":5},{"damage":0,"enemies":"Reptomancer","floor":47,"turns":1},{"damage":0,"enemies":"Transient","floor":48,"turns":5},{"damage":0,"enemies":"Donu and Deca","floor":50,"turns":1},{"damage":0,"enemies":"Shield and Spear","floor":54,"turns":2},{"damage":42,"enemies":"The Heart","floor":55,"turns":8}],"seed_played":"4067491343768343559","potions_obtained":[{"floor":1,"key":"GamblersBrew"},{"floor":4,"key":"CultistPotion"},{"floor":14,"key":"SneckoOil"},{"floor":16,"key":"LiquidMemories"},{"floor":19,"key":"Fire Potion"},{"floor":20,"key":"LiquidMemories"},{"floor":25,"key":"Weak Potion"},{"floor":27,"key":"SpeedPotion"},{"floor":30,"key":"GamblersBrew"},{"floor":38,"key":"Block Potion"},{"floor":39,"key":"AttackPotion"},{"floor":40,"key":"SkillPotion"},{"floor":54,"key":"AttackPotion"}],"is_trial":false,"path_per_floor":["M","M","?","M","M","R","M","R","T","M","R","E","$","E","R","B",null,"M","M","M","M","M","E","R","E","T","M","?","?","E","M","R","B",null,"M","$","?","M","M","E","R","$","T","E","M","E","E","M","R","B",null,"R","$","E","B",null],"character_chosen":"THE_DT","items_purchased":["Chemical X","Bag of Marbles","InkBottle","DTMod:DragonDance","DTMod:TagTeam+1","DTMod:Training+1","ClockworkSouvenir"],"campfire_rested":0,"item_purchase_floors":[13,36,36,42,42,42,53],"current_hp_per_floor":[45,45,45,44,44,44,44,44,44,43,43,43,43,43,43,43,45,45,45,43,40,40,29,29,25,25,25,25,40,40,40,40,40,45,45,45,45,45,45,55,55,55,55,55,55,55,55,55,55,55,55,55,55,55,13],"gold":36,"neow_bonus":"THREE_CARDS","is_daily":false,"chose_seed":false,"campfire_upgraded":8,"win_rate":0.0,"timestamp":1608008234,"path_taken":["M","M","?","M","M","R","M","R","T","M","R","E","$","E","R","BOSS","M","M","M","M","M","E","R","E","T","M","?","?","E","M","R","BOSS","M","$","?","M","M","E","R","$","T","E","M","E","E","M","R","BOSS","R","$","E","BOSS"],"items_purchased_type":["Relic","Relic","Relic","Card","Card","Card","Relic"],"build_version":"2020-12-13","purchased_purges":1,"victory":true,"max_hp_per_floor":[45,45,45,45,45,45,45,45,45,45,45,45,45,45,45,45,45,45,45,45,45,45,45,45,45,45,45,45,45,45,45,45,45,45,45,45,45,45,45,55,55,55,55,55,55,55,55,55,55,55,55,55,55,55,55],"relic_stats":{"Regal Pillow":0,"counters":[33,131],"Whetstone":["DTMod:Strike","DTMod:ComboAttack"],"Ginger":[2],"MawBank":120,"Nunchaku":[5],"Sundial":[2],"Ornamental Fan":[20],"Gambling Chip":[38],"Pantograph":0,"Bronze Scales":[51],"Black Star":8,"Chemical X":[35],"obtain_stats":[{"Regal Pillow":26,"Calipers":12,"DTMod:SolidMemories":30,"Incense Burner":25,"DTMod:TheChair":34,"Whetstone":23,"Ginger":47,"ClockworkSouvenir":53,"Nunchaku":44,"Matryoshka":9,"DTMod:TacticalNote":54,"Sundial":43,"Gambling Chip":25,"Pantograph":46,"WingedGreaves":30,"Chemical X":13,"Toxic Egg 2":14,"InkBottle":36,"Pear":40,"MawBank":26,"White Beast Statue":23,"Bottled Flame":40,"Anchor":46,"DTMod:PactStone":0,"Ornamental Fan":54,"Bronze Scales":47,"Black Star":17,"Bag of Marbles":36,"StrikeDummy":44,"TungstenRod":37},{"Regal Pillow":16,"Calipers":7,"DTMod:SolidMemories":18,"Incense Burner":16,"DTMod:TheChair":20,"Whetstone":15,"Ginger":29,"ClockworkSouvenir":31,"Nunchaku":26,"Matryoshka":5,"DTMod:TacticalNote":32,"Sundial":25,"Gambling Chip":16,"Pantograph":28,"WingedGreaves":18,"Chemical X":7,"Toxic Egg 2":8,"InkBottle":21,"Pear":25,"MawBank":16,"White Beast Statue":15,"Bottled Flame":25,"Anchor":28,"DTMod:PactStone":0,"Ornamental Fan":32,"Bronze Scales":29,"Black Star":9,"Bag of Marbles":21,"StrikeDummy":26,"TungstenRod":22},{"Regal Pillow":65,"Calipers":26,"DTMod:SolidMemories":71,"Incense Burner":65,"DTMod:TheChair":84,"Whetstone":61,"Ginger":115,"ClockworkSouvenir":121,"Nunchaku":108,"Matryoshka":19,"DTMod:TacticalNote":123,"Sundial":106,"Gambling Chip":65,"Pantograph":114,"WingedGreaves":71,"Chemical X":26,"Toxic Egg 2":28,"InkBottle":88,"Pear":106,"MawBank":65,"White Beast Statue":61,"Bottled Flame":106,"Anchor":114,"DTMod:PactStone":0,"Ornamental Fan":123,"Bronze Scales":115,"Black Star":37,"Bag of Marbles":88,"StrikeDummy":108,"TungstenRod":93}],"InkBottle":[25],"TungstenRod":5},"card_choices":[{"not_picked":["DTMod:MagicField","DTMod:DarkBreath"],"picked":"DTMod:Threaten","floor":0},{"not_picked":["DTMod:Haste","DTMod:WarmUp"],"picked":"DTMod:TauntingStrike","floor":1},{"not_picked":["DTMod:MagicField","DTMod:Feint"],"picked":"DTMod:Hide","floor":2},{"not_picked":["DTMod:Hide","DTMod:Prediction"],"picked":"DTMod:Conduct","floor":4},{"not_picked":["DTMod:Shift","DTMod:Conduct"],"picked":"DTMod:ComboAttack","floor":5},{"not_picked":["DTMod:Weaken","DTMod:MaximumCharge"],"picked":"DTMod:ForkedFire","floor":7},{"not_picked":["DTMod:Feint","DTMod:Haste"],"picked":"DTMod:ComboAttack","floor":10},{"not_picked":["DTMod:CalculatedDefense","DTMod:QuickFly"],"picked":"DTMod:BreakAttack","floor":12},{"not_picked":["DTMod:Cover+1","DTMod:WarmUp"],"picked":"DTMod:Training+1","floor":14},{"not_picked":["DTMod:FierySynthesis","DTMod:OpeningTactic"],"picked":"DTMod:ResonanceForm","floor":16},{"not_picked":["DTMod:DarkBreath","DTMod:FlameSlash","DTMod:BlueScale+1"],"picked":"SKIP","floor":18},{"not_picked":["DTMod:CleansingStrike+1","DTMod:Feint"],"picked":"DTMod:Cover+1","floor":19},{"not_picked":["DTMod:Feint","DTMod:HeatWave"],"picked":"DTMod:ComboAttack","floor":20},{"not_picked":["DTMod:HeatWave","DTMod:BurningEnergy+1"],"picked":"DTMod:ComboAttack","floor":21},{"not_picked":["DTMod:CalculatedDefense","DTMod:BlazingStrike+1","DTMod:GhostSkin+1"],"picked":"SKIP","floor":22},{"not_picked":["DTMod:Coolant+1","DTMod:Feint"],"picked":"DTMod:RepeatStrike","floor":23},{"not_picked":["DTMod:Observe+1","DTMod:Weaken+1"],"picked":"DTMod:ComboAttack+1","floor":25},{"not_picked":["DTMod:Hide+1","DTMod:Feint"],"picked":"DTMod:Training+1","floor":27},{"not_picked":["DTMod:LowKick","DTMod:CleansingStrike"],"picked":"DTMod:InvisibleFlame+1","floor":30},{"not_picked":["DTMod:Weaken+1","DTMod:RunningTactic+1","DTMod:CleansingStrike"],"picked":"SKIP","floor":31},{"not_picked":["DTMod:OpeningTactic","DTMod:SealedStrike"],"picked":"DTMod:HeadStart+1","floor":33},{"not_picked":["DTMod:CleansingStrike","DTMod:Haste+1"],"picked":"DTMod:Cover+1","floor":35},{"not_picked":["DTMod:Training+1","DTMod:Feint+1"],"picked":"DTMod:QuickFly","floor":37},{"not_picked":["DTMod:TauntingStrike","DTMod:LowKick"],"picked":"DTMod:BalancedStrike","floor":38},{"not_picked":["DTMod:SealedStrike","DTMod:Weaken+1"],"picked":"DTMod:Hide+1","floor":39},{"not_picked":["DTMod:MaximumCharge+1","DTMod:ForkedFire"],"picked":"DTMod:Cover+1","floor":40},{"not_picked":["DTMod:Cover+1","DTMod:Shift+1"],"picked":"DTMod:Observe+1","floor":44},{"not_picked":["DTMod:Feint+1","DTMod:BreakAttack"],"picked":"DTMod:TagTeam+1","floor":45},{"not_picked":["DTMod:Weaken+1","DTMod:Punisher+1"],"picked":"DTMod:GearUp+1","floor":46},{"not_picked":["DTMod:HeatWave","DTMod:Weaken+1"],"picked":"DTMod:Prediction+1","floor":47},{"not_picked":["DTMod:BlazingStrike+1","DTMod:BurningForce+1"],"picked":"DTMod:BurningEnergy+1","floor":48},{"not_picked":["DTMod:DarkBreath+1","DTMod:Punisher+1"],"picked":"DTMod:BuildUp+1","floor":54}],"player_experience":337845,"relics_obtained":[{"floor":9,"key":"Matryoshka"},{"floor":12,"key":"Calipers"},{"floor":14,"key":"Toxic Egg 2"},{"floor":23,"key":"White Beast Statue"},{"floor":23,"key":"Whetstone"},{"floor":25,"key":"Gambling Chip"},{"floor":25,"key":"Incense Burner"},{"floor":26,"key":"Regal Pillow"},{"floor":26,"key":"MawBank"},{"floor":30,"key":"DTMod:SolidMemories"},{"floor":30,"key":"WingedGreaves"},{"floor":37,"key":"TungstenRod"},{"floor":40,"key":"Pear"},{"floor":40,"key":"Bottled Flame"},{"floor":43,"key":"Sundial"},{"floor":44,"key":"Nunchaku"},{"floor":44,"key":"StrikeDummy"},{"floor":46,"key":"Pantograph"},{"floor":46,"key":"Anchor"},{"floor":47,"key":"Ginger"},{"floor":47,"key":"Bronze Scales"},{"floor":54,"key":"DTMod:TacticalNote"},{"floor":54,"key":"Ornamental Fan"}],"event_choices":[{"cards_removed":["DTMod:TargetDefense"],"damage_healed":0,"gold_gain":0,"player_choice":"Card Removal","damage_taken":0,"max_hp_gain":0,"max_hp_loss":0,"event_name":"The Cleric","floor":3,"gold_loss":50},{"damage_healed":0,"gold_gain":0,"player_choice":"Ignored","damage_taken":0,"max_hp_gain":0,"max_hp_loss":0,"event_name":"Vampires","floor":28,"gold_loss":0},{"damage_healed":15,"gold_gain":0,"player_choice":"Heal","damage_taken":0,"max_hp_gain":0,"max_hp_loss":0,"event_name":"The Library","floor":29,"gold_loss":0},{"damage_healed":0,"gold_gain":0,"player_choice":"Fight","damage_taken":0,"max_hp_gain":0,"max_hp_loss":0,"event_name":"MindBloom","floor":37,"gold_loss":0}],"is_beta":false,"boss_relics":[{"not_picked":["Tiny House","Calling Bell"],"picked":"Black Star"},{"not_picked":["SlaversCollar","Cursed Key"],"picked":"DTMod:TheChair"}],"items_purged_floors":[36],"is_endless":false,"potions_floor_spawned":[1,4,14,16,18,19,20,25,27,30,31,33,35,37,38,39,40,44,45,47,48,54],"ascension_level":1}}