{"host":"i1h39d0gfh5c6uxl","time":1608057239,"event":{"mods":["AchievementEnabler","BaseMod","Colored Map","Colored Powertips","Highlight Path","Minty Spire (QoL Compilation)"],"gold_per_floor":[111,126,126,126,51,51,86,86,86,86,101,101,128,148,148,148,148],"floor_reached":16,"playtime":434,"items_purged":[],"score":216,"play_id":"1a8a8bb7-c21e-4ab3-9d4e-44d61ae4c6c3","local_time":"20201216023359","is_ascension_mode":true,"campfire_choices":[{"data":"Armaments","floor":6,"key":"SMITH"},{"data":"Bash","floor":8,"key":"SMITH"},{"data":"Battle Trance","floor":12,"key":"SMITH"},{"floor":15,"key":"REST"}],"circlet_count":0,"master_deck":["AscendersBane","Strike_R","Strike_R","Strike_R","Strike_R","Defend_R","Defend_R","Defend_R","Defend_R","Bash+1","Armaments+1","Twin Strike","Battle Trance+1","Decay","Cleave","Double Tap","Sword Boomerang"],"relics":["Burning Blood","Orichalcum","Question Card","Bottled Flame","Bottled Lightning"],"acts_visited":["Exordium"],"potions_floor_usage":[7,11],"damage_taken":[{"damage":10.0,"enemies":"Small Slimes","floor":1.0,"turns":3.0},{"damage":2,"enemies":"2 Louse","floor":2,"turns":3},{"damage":29,"enemies":"Lagavulin","floor":7,"turns":6},{"damage":6,"enemies":"Cultist","floor":11,"turns":4},{"damage":38,"enemies":"Gremlin Nob","floor":13,"turns":5},{"damage":2,"enemies":"3 Louse","floor":14,"turns":3},{"damage":37,"enemies":"Hexaghost","floor":16,"turns":7}],"seed_played":"6087157200968196667","potions_obtained":[{"floor":2,"key":"SteroidPotion"},{"floor":7,"key":"ColorlessPotion"}],"is_trial":false,"path_per_floor":["M","M","?","?","?","R","E","R","T","?","M","R","E","M","R","B"],"character_chosen":"IRONCLAD","items_purchased":[],"campfire_rested":1,"item_purchase_floors":[],"current_hp_per_floor":[71,75,75,64,64,64,41,41,41,41,41,41,9,13,37,0,0],"gold":148,"neow_bonus":"TEN_PERCENT_HP_BONUS","is_daily":false,"chose_seed":false,"campfire_upgraded":3,"win_rate":0.0,"timestamp":1608057239,"path_taken":["M","M","?","?","?","R","E","R","T","?","M","R","E","?","R","BOSS"],"items_purchased_type":[],"build_version":"2020-12-13","purchased_purges":0,"victory":false,"max_hp_per_floor":[82,82,82,82,82,82,82,82,82,82,82,82,82,82,82,82,82],"card_choices":[{"not_picked":["Iron Wave","True Grit"],"picked":"Armaments","floor":1.0},{"not_picked":["Clash","Body Slam"],"picked":"Twin Strike","floor":2},{"not_picked":["Blood for Blood","Rupture"],"picked":"Battle Trance","floor":7},{"not_picked":["Bloodletting","Wild Strike","Sword Boomerang"],"picked":"Cleave","floor":11},{"not_picked":["Iron Wave","Perfected Strike","Berserk"],"picked":"Double Tap","floor":13},{"not_picked":["Dual Wield","Twin Strike","Armaments"],"picked":"Sword Boomerang","floor":14}],"player_experience":1272287,"relics_obtained":[{"floor":7,"key":"Question Card"},{"floor":9,"key":"Bottled Flame"},{"floor":13,"key":"Bottled Lightning"}],"event_choices":[{"damage_healed":0,"gold_gain":0,"player_choice":"Ignored","damage_taken":0,"max_hp_gain":0,"max_hp_loss":0,"event_name":"Liars Game","floor":3,"gold_loss":0},{"damage_healed":0,"gold_gain":0,"player_choice":"Success","damage_taken":11,"relics_obtained":["Orichalcum"],"max_hp_gain":0,"max_hp_loss":0,"event_name":"Scrap Ooze","floor":4,"gold_loss":0},{"cards_removed":["Strike_R"],"damage_healed":0,"gold_gain":0,"player_choice":"Card Removal","damage_taken":0,"max_hp_gain":0,"max_hp_loss":0,"event_name":"The Cleric","floor":5,"gold_loss":75},{"damage_healed":0,"gold_gain":0,"player_choice":"Cursed","damage_taken":0,"max_hp_gain":0,"max_hp_loss":0,"event_name":"Wheel of Change","floor":10,"gold_loss":0,"cards_obtained":["Decay"]}],"is_beta":false,"boss_relics":[],"items_purged_floors":[],"is_endless":false,"potions_floor_spawned":[2,7],"killed_by":"Hexaghost","ascension_level":20}}