{"host":"rylkjufw9dlhr07b","time":1608028167,"event":{"mods":["AchievementEnabler","BaseMod","Better Note","BetterRewards","Hubris","Minty Spire (QoL Compilation)","Quick Restart","Replay The Spire","StSLib"],"gold_per_floor":[113,113,113,113,127,171,171,190,217,217,230,230,405,429,429,552,552,577,593,593,593,611,611,611,611],"floor_reached":24,"playtime":1166,"items_purged":[],"score":309,"play_id":"99a633ef-fd6d-44d3-9c7b-1e814d427173","local_time":"20201215112927","is_ascension_mode":true,"campfire_choices":[{"data":"Bane","floor":7,"key":"SMITH"},{"floor":10,"key":"REST"},{"floor":23,"key":"REST"}],"circlet_count":0,"master_deck":["Defend_G","Defend_G","Defend_G","Defend_G","Defend_G","Survivor+1","Neutralize","Bouncing Flask","Backflip","Quick Slash","Bane+1","Deflect","Blade Dance","Doubt","Escape Plan+1","Glass Knife","Cloak And Dagger","Dagger Throw","Bite","Bite","Bite","Bite","Bite","Bane"],"relics":["Ring of the Snake","Golden Idol","Lantern","Oddly Smooth Stone","Honey Jar"],"acts_visited":["Exordium","TheCity"],"potions_floor_usage":[16,16,16,16],"damage_taken":[{"damage":0,"enemies":"2 Louse","floor":1,"turns":4},{"damage":0,"enemies":"Small Slimes","floor":5,"turns":3},{"damage":26,"enemies":"Lagavulin","floor":6,"turns":6},{"damage":1,"enemies":"Cultist","floor":8,"turns":4},{"damage":0,"enemies":"Large Slime","floor":11,"turns":4},{"damage":0,"enemies":"Looter","floor":14,"turns":2},{"damage":21,"enemies":"The Guardian","floor":16,"turns":9},{"damage":7,"enemies":"Spheric Guardian","floor":18,"turns":4},{"damage":12,"enemies":"Chosen","floor":19,"turns":4},{"damage":53,"enemies":"Snecko","floor":22,"turns":8},{"damage":35,"enemies":"Shelled Parasite and Fungi","floor":24,"turns":6}],"seed_played":"6431827295028207734","potions_obtained":[{"floor":6,"key":"DuplicationPotion"},{"floor":8,"key":"EntropicBrew"},{"floor":14,"key":"LifebloodPotion"},{"floor":18,"key":"Elixir"}],"is_trial":false,"path_per_floor":["M","?","?","?","M","E","R","M","T","R","M","?","?","M","R","B",null,"M","M","?","?","M","R","M"],"character_chosen":"THE_SILENT","items_purchased":[],"campfire_rested":2,"item_purchase_floors":[],"current_hp_per_floor":[63,63,68,68,68,42,42,41,41,63,63,63,63,63,75,54,70,63,51,51,51,10,25,0,0],"gold":611,"neow_bonus":"RANDOM_EVENT","is_daily":false,"chose_seed":false,"campfire_upgraded":1,"win_rate":0.0,"timestamp":1608028167,"path_taken":["M","?","?","?","?","E","R","M","T","R","M","?","?","M","R","BOSS","M","M","?","?","?","R","M"],"items_purchased_type":[],"build_version":"2020-12-13","purchased_purges":0,"victory":false,"max_hp_per_floor":[70,70,75,75,75,75,75,75,75,75,75,75,75,75,75,75,75,75,75,75,52,52,52,52,52],"card_choices":[{"not_picked":["hubris:SlightOfHand","Eviscerate"],"picked":"Backflip","floor":1},{"not_picked":["Infinite Blades","Catalyst"],"picked":"Quick Slash","floor":5},{"not_picked":["Caltrops","PiercingWail"],"picked":"Bane","floor":6},{"not_picked":["Blur","Hidden Blade"],"picked":"Deflect","floor":8},{"not_picked":["Backflip","Accuracy"],"picked":"Blade Dance","floor":11},{"not_picked":["Slice","Sneak Up"],"picked":"Escape Plan","floor":14},{"not_picked":["Tools of the Trade","Storm of Steel"],"picked":"Glass Knife","floor":16},{"not_picked":["Bane+1","Underhanded Strike","Fluid Movement"],"picked":"Cloak And Dagger","floor":18},{"not_picked":["Outmaneuver+1","Slice+1","Crippling Poison"],"picked":"Dagger Throw","floor":19},{"not_picked":["Sucker Punch","hubris:Counter","Prepared"],"picked":"Bane","floor":22}],"player_experience":488235,"relics_obtained":[{"floor":6,"key":"Lantern"},{"floor":9,"key":"Oddly Smooth Stone"}],"event_choices":[{"damage_healed":0,"gold_gain":0,"player_choice":"Take Wound","damage_taken":0,"relics_obtained":["Golden Idol"],"max_hp_gain":0,"max_hp_loss":0,"event_name":"Golden Idol","floor":2,"gold_loss":0,"cards_obtained":["Injury"]},{"damage_healed":0,"gold_gain":0,"player_choice":"Donut","damage_taken":0,"max_hp_gain":5,"max_hp_loss":0,"event_name":"Big Fish","floor":3,"gold_loss":0},{"cards_removed":["Injury"],"damage_healed":0,"gold_gain":0,"player_choice":"Removed Curses","damage_taken":0,"max_hp_gain":0,"max_hp_loss":0,"event_name":"Fountain of Cleansing","floor":4,"gold_loss":0},{"damage_healed":0,"gold_gain":175,"player_choice":"AGREE","damage_taken":0,"max_hp_gain":0,"max_hp_loss":0,"event_name":"Liars Game","floor":13,"gold_loss":0,"cards_obtained":["Doubt"]},{"cards_removed":["Escape Plan"],"damage_healed":0,"gold_gain":0,"player_choice":"Give","damage_taken":0,"max_hp_gain":0,"max_hp_loss":0,"event_name":"betterNote:BetterNote","floor":20,"gold_loss":0,"cards_obtained":["Fusion"]},{"damage_healed":0,"gold_gain":0,"player_choice":"Became a vampire","damage_taken":0,"max_hp_gain":0,"max_hp_loss":23,"event_name":"Vampires","floor":21,"gold_loss":0,"cards_obtained":["Bite","Bite","Bite","Bite","Bite"]}],"is_beta":false,"boss_relics":[{"not_picked":["Pandora\u0027s Box","Cursed Key"],"picked":"Honey Jar"}],"items_purged_floors":[],"is_endless":false,"potions_floor_spawned":[6,8,14,18],"killed_by":"Shelled Parasite and Fungi","ascension_level":9}}