{"host":"4cz9gr89nglr7k8k","time":1608054495,"event":{"mods":["BaseMod","Minty Spire (QoL Compilation)","Relic Stats","Slay-I"],"gold_per_floor":[417,429,80,80,91,91,91,166,189,201,30,30,41,55,55,131,131,145,179,454,467,467,467],"floor_reached":22,"playtime":704,"items_purged":["Injury"],"score":343,"play_id":"6b3f53aa-3477-46c2-b387-4ef7f92e8743","local_time":"20201215184815","is_ascension_mode":true,"campfire_choices":[{"floor":6,"key":"REST"},{"floor":12,"key":"REST"},{"floor":15,"key":"REST"}],"circlet_count":0,"master_deck":["AscendersBane","Strike_G","Strike_G","Strike_G","Strike_G","Strike_G","Defend_G","Defend_G","Defend_G","Defend_G","Defend_G","Survivor","Neutralize","Terror","Dash","Swift Strike","Magnetism+1","Poisoned Stab","Deflect","Backstab","Slice","Crippling Poison","Flying Knee","Slice","Die Die Die","Masterful Stab","Dagger Spray","Regret","Dodge and Roll+1"],"relics":["Ring of the Snake","Old Coin","Lantern","Cursed Key","Red Mask"],"acts_visited":["Exordium","TheCity"],"potions_floor_usage":[16,18,19,22],"damage_taken":[{"damage":1,"enemies":"2 Louse","floor":1,"turns":4},{"damage":2,"enemies":"Cultist","floor":2,"turns":4},{"damage":15,"enemies":"Small Slimes","floor":5,"turns":3},{"damage":23,"enemies":"Exordium Thugs","floor":10,"turns":5},{"damage":1,"enemies":"Lots of Slimes","floor":13,"turns":4},{"damage":10,"enemies":"2 Fungi Beasts","floor":14,"turns":3},{"damage":27,"enemies":"Hexaghost","floor":16,"turns":9},{"damage":13,"enemies":"3 Byrds","floor":18,"turns":5},{"damage":0,"enemies":"Masked Bandits","floor":19,"turns":1},{"damage":23,"enemies":"Spheric Guardian","floor":21,"turns":5},{"damage":23,"enemies":"Snecko","floor":22,"turns":6}],"seed_played":"422596960423757463","potions_obtained":[{"floor":1,"key":"GamblersBrew"},{"floor":5,"key":"SteroidPotion"},{"floor":13,"key":"AttackPotion"},{"floor":16,"key":"AttackPotion"},{"floor":21,"key":"Weak Potion"}],"is_trial":false,"path_per_floor":["M","M","$","?","M","R","$","?","T","M","$","R","M","M","R","B",null,"M","?","?","M","M"],"character_chosen":"THE_SILENT","items_purchased":["Swift Strike","Magnetism","Backstab","Slice","Crippling Poison"],"campfire_rested":3,"item_purchase_floors":[3,3,11,11,11],"current_hp_per_floor":[58,56,56,56,41,60,60,49,49,26,26,45,44,34,53,26,56,43,43,43,20,0,0],"gold":467,"neow_bonus":"ONE_RARE_RELIC","is_daily":false,"chose_seed":false,"campfire_upgraded":0,"win_rate":0.0,"timestamp":1608054495,"path_taken":["M","M","$","?","M","R","?","?","T","M","$","R","M","M","R","BOSS","M","?","?","M","M"],"items_purchased_type":["Card","Card","Card","Card","Card"],"build_version":"2020-12-13","purchased_purges":1,"victory":false,"max_hp_per_floor":[66,66,66,66,66,66,66,66,66,66,66,66,66,66,66,66,66,66,66,66,66,66,66],"relic_stats":{"counters":[11,49],"Cursed Key":0,"obtain_stats":[{"Lantern":9,"Red Mask":19,"Cursed Key":17,"Ring of the Snake":0,"Old Coin":0},{"Lantern":3,"Red Mask":9,"Cursed Key":7,"Ring of the Snake":0,"Old Coin":0},{"Lantern":11,"Red Mask":38,"Cursed Key":32,"Ring of the Snake":0,"Old Coin":0}],"Ring of the Snake":[22]},"card_choices":[{"not_picked":["PiercingWail","Escape Plan"],"picked":"Terror","floor":1},{"not_picked":["Reflex","Concentrate"],"picked":"Dash","floor":2},{"not_picked":["PiercingWail","Choke"],"picked":"Poisoned Stab","floor":5},{"not_picked":["Tools of the Trade","Backflip"],"picked":"Deflect","floor":10},{"not_picked":["Deadly Poison","Flechettes"],"picked":"Flying Knee","floor":13},{"not_picked":["Reflex","Dodge and Roll"],"picked":"Slice","floor":14},{"not_picked":["A Thousand Cuts","Bullet Time"],"picked":"Die Die Die","floor":16},{"not_picked":["Blur","Skewer"],"picked":"Masterful Stab","floor":18},{"not_picked":["Outmaneuver","Footwork"],"picked":"Dagger Spray","floor":19},{"not_picked":["Crippling Poison","Dagger Throw"],"picked":"Dodge and Roll+1","floor":21}],"player_experience":1442125,"relics_obtained":[{"floor":9,"key":"Lantern"},{"floor":19,"key":"Red Mask"}],"event_choices":[{"damage_healed":0,"gold_gain":0,"player_choice":"Forge","damage_taken":0,"max_hp_gain":0,"max_hp_loss":0,"event_name":"Accursed Blacksmith","floor":4,"gold_loss":0,"cards_upgraded":["Magnetism"]},{"damage_healed":0,"gold_gain":75,"player_choice":"Gather Gold","damage_taken":11,"max_hp_gain":0,"max_hp_loss":0,"event_name":"World of Goop","floor":8,"gold_loss":0},{"damage_healed":0,"gold_gain":0,"player_choice":"Fought Bandits","damage_taken":0,"max_hp_gain":0,"max_hp_loss":0,"event_name":"Masked Bandits","floor":19,"gold_loss":0},{"damage_healed":0,"gold_gain":275,"player_choice":"Desecrate","damage_taken":0,"max_hp_gain":0,"max_hp_loss":0,"event_name":"Golden Shrine","floor":20,"gold_loss":0,"cards_obtained":["Regret"]}],"is_beta":false,"boss_relics":[{"not_picked":["Black Star","Calling Bell"],"picked":"Cursed Key"}],"items_purged_floors":[3],"is_endless":false,"potions_floor_spawned":[1,5,13,16,21],"killed_by":"Snecko","ascension_level":19}}