{"host":"cnj85ejnk45ua9hx","time":1608048195,"event":{"mods":["BaseMod","Downfall","Hermit","Jorbs\u0027s Wanderer Trilogy","Luminous","Minty Spire (QoL Compilation)","Shop Mod","StSLib","The Animator","The Cursed","The Hierophant","The Servant 0.9.4"],"gold_per_floor":[99,99,49,69,69,19,87,37,54,85,101,121,137,149,164,261,261,61,73,84,34,51,68,68,96,46,78,91,91,110,110,125,229,229,104,119,469,469,201,151,177,127,144,176,176,194,220,88,100,100,100,100,100],"floor_reached":52,"playtime":4646,"items_purged":[],"score":776,"play_id":"e3b29139-e75c-451c-9f41-473c1b375240","local_time":"20201215170315","is_ascension_mode":false,"campfire_choices":[{"floor":1,"key":"RECALL"},{"data":"Slimebound:CorrosiveSpit","floor":3,"key":"SMITH"},{"floor":6,"key":"REST"},{"data":"Slimebound:Equalize","floor":8,"key":"SMITH"},{"data":"Slimebound:SlimeSpikes","floor":18,"key":"SMITH"},{"data":"Slimebound:Split","floor":21,"key":"SMITH"},{"floor":26,"key":"REST"},{"data":"Slimebound:DouseInSlime","floor":35,"key":"SMITH"},{"data":"Slimebound:Darklings","floor":40,"key":"SMITH"},{"data":"Slimebound:GoopSpray","floor":42,"key":"SMITH"}],"circlet_count":0,"master_deck":["Slimebound:Strike_Slimebound+1","Slimebound:Strike_Slimebound+1","Slimebound:Strike_Slimebound+1","Slimebound:Tackle","Slimebound:Defend_Slimebound+1","Slimebound:Defend_Slimebound+1","Slimebound:Defend_Slimebound+1","Slimebound:Defend_Slimebound+1","Slimebound:Split+1","Slimebound:CorrosiveSpit+1","Slimebound:Equalize+1","Slimebound:FirmFortitude","Slimebound:GoopSpray+1","Slimebound:SlimeSpikes+1","Slimebound:Grow","Slimebound:PressTheAttack","Slimebound:SlimeSpikes+1","Slimebound:SplitLeeching+1","Slimebound:DouseInSlime+1","Slimebound:LeechingTouch","Slimebound:ForwardTackle","Slimebound:BestDefense","Slimebound:Schlurp","Slimebound:LivingWall","Slimebound:LeechingTouch+1","Slimebound:SpikyOuterGoop","Slimebound:Nibble","Slimebound:RallyTheTroops+1","Slimebound:Chomp","Slimebound:LeechEnergy","Slimebound:Darklings+1","Slimebound:DisruptingSlam","Slimebound:Grow+1","Slimebound:RollThrough+1","Slimebound:TongueLash","Slimebound:MinionMaster","Slimebound:GrowthPunch"],"relics":["Slimebound:AbsorbEndCombatUpgraded","Slimebound:GreedOozeRelic","Du-Vu Doll","Busted Crown","downfall:HeartBlessingRed","downfall:HeartBlessingGreen","Blood Vial","TungstenRod","Pantograph","Sundial","downfall:HeartBlessingBlue","Old Coin","Matryoshka","Boot","Happy Flower","Anchor","War Paint","Strawberry","Lee\u0027s Waffle","Whetstone","Dream Catcher"],"acts_visited":["Exordium","TheCity","TheBeyond","TheEnding"],"potions_floor_usage":[12,16,16,23,25,27,32,39,44,46,48],"damage_taken":[{"damage":14,"enemies":"Jaw Worm","floor":4,"turns":4},{"damage":3,"enemies":"2 Louse","floor":9,"turns":2},{"damage":40,"enemies":"Lagavulin","floor":10,"turns":5},{"damage":0,"enemies":"Cultist","floor":11,"turns":2},{"damage":22,"enemies":"Lots of Slimes","floor":12,"turns":4},{"damage":22,"enemies":"Gremlin Gang","floor":13,"turns":3},{"damage":3,"enemies":"Blue Slaver","floor":14,"turns":2},{"damage":8,"enemies":"3 Louse","floor":15,"turns":3},{"damage":23,"enemies":"downfall:Watcher","floor":16,"turns":8},{"damage":8,"enemies":"Chosen","floor":19,"turns":3},{"damage":8,"enemies":"3 Byrds","floor":20,"turns":3},{"damage":13,"enemies":"Snake Plant","floor":22,"turns":3},{"damage":15,"enemies":"Centurion and Healer","floor":23,"turns":4},{"damage":47,"enemies":"Slavers","floor":25,"turns":4},{"damage":34,"enemies":"Gremlin Leader","floor":27,"turns":6},{"damage":18,"enemies":"Snecko","floor":28,"turns":4},{"damage":18,"enemies":"Snake Plant","floor":30,"turns":3},{"damage":11,"enemies":"Centurion and Healer","floor":32,"turns":5},{"damage":44,"enemies":"downfall:Ironclad","floor":33,"turns":7},{"damage":22,"enemies":"Orb Walker","floor":36,"turns":3},{"damage":9,"enemies":"Mind Bloom Boss Battle","floor":37,"turns":6},{"damage":6,"enemies":"downfall:FleeingMerchant","floor":39,"turns":4},{"damage":31,"enemies":"3 Darklings","floor":43,"turns":4},{"damage":42,"enemies":"Nemesis","floor":44,"turns":5},{"damage":27,"enemies":"Sphere and 2 Shapes","floor":46,"turns":4},{"damage":12,"enemies":"downfall:FleeingMerchant","floor":48,"turns":4},{"damage":20,"enemies":"4 Shapes","floor":49,"turns":5},{"damage":101,"enemies":"downfall:Defect","floor":50,"turns":9},{"damage":156,"enemies":"downfall:CharBossMerchant","floor":52,"turns":8}],"seed_played":"1188288384351746999","potions_obtained":[{"floor":4,"key":"CultistPotion"},{"floor":10,"key":"Slimebound:ThreeZeroPotion"},{"floor":12,"key":"AttackPotion"},{"floor":19,"key":"Explosive Potion"},{"floor":20,"key":"sneckomod:MuddlingPotion"},{"floor":25,"key":"Fire Potion"},{"floor":30,"key":"Energy Potion"},{"floor":32,"key":"GamblersBrew"},{"floor":33,"key":"Guardian:BlockOnCardUsePotion"},{"floor":37,"key":"hexamod:EctoCoolerPotion"},{"floor":43,"key":"ColorlessPotion"},{"floor":46,"key":"Fruit Juice"}],"is_trial":false,"path_per_floor":["R","?","R","M","?","R","T","R","M","E","M","M","M","M","M","B",null,"R","M","M","R","M","M","T","E","R","E","M","?","M","T","M","B",null,"R","M","?","?","$","R","T","R","M","E","?","M","?","$","M","B",null,"E"],"character_chosen":"SLIMEBOUND","items_purchased":["Matryoshka","Lee\u0027s Waffle","Whetstone","Dream Catcher"],"campfire_rested":2,"item_purchase_floors":[39,48,48,48],"current_hp_per_floor":[66,66,66,57,57,66,66,66,66,32,46,42,36,41,39,36,66,66,66,66,66,53,66,66,39,58,48,40,40,38,38,45,38,66,76,68,76,76,76,76,76,76,68,54,54,81,88,95,87,26,95,0,0],"gold":100,"neow_bonus":"TEN_PERCENT_HP_BONUS","is_daily":false,"chose_seed":false,"campfire_upgraded":7,"win_rate":0.0,"timestamp":1608048195,"path_taken":["R","?","R","M","?","R","T","R","M","E","M","?","M","M","M","BOSS","R","?","?","R","?","M","T","E","R","E","M","?","M","?","M","BOSS","R","M","?","?","?","R","T","R","?","E","?","M","?","$","M","BOSS","E"],"items_purchased_type":["Relic","Relic","Relic","Relic"],"build_version":"2020-12-13","purchased_purges":0,"victory":false,"max_hp_per_floor":[66,66,66,66,66,66,66,66,66,66,66,66,66,66,66,66,66,66,66,66,66,66,66,66,66,66,66,66,66,66,66,66,66,66,76,76,76,76,76,76,76,76,76,76,76,81,88,95,95,95,95,95,95],"card_choices":[{"not_picked":["Slimebound:LeadByExample","Slimebound:LeechEnergy"],"picked":"Slimebound:Equalize","floor":4},{"not_picked":["Slimebound:ComboTackle","Slimebound:GrowthPunch"],"picked":"Slimebound:FirmFortitude","floor":9},{"not_picked":["Slimebound:GrowthPunch","Slimebound:HauntingLick"],"picked":"Slimebound:GoopSpray","floor":10},{"not_picked":["Slimebound:ProtectTheBoss","Slimebound:Gluttony"],"picked":"Slimebound:SlimeSpikes","floor":11},{"not_picked":["Slimebound:FlameTackle","Slimebound:Nibble"],"picked":"Slimebound:Grow","floor":12},{"not_picked":["Slimebound:SlimeBrawl","Slimebound:Schlurp"],"picked":"Slimebound:PressTheAttack","floor":13},{"not_picked":["Slimebound:RollThrough","Slimebound:Gluttony"],"picked":"Slimebound:SlimeSpikes","floor":14},{"not_picked":["Slimebound:PressTheAttack","Slimebound:LeechingTouch"],"picked":"Slimebound:SplitLeeching","floor":15},{"not_picked":["Slimebound:DuplicatedForm","Slimebound:MinionMaster"],"picked":"Slimebound:DouseInSlime","floor":16},{"not_picked":[],"picked":"Slimebound:LeechingTouch","floor":19},{"not_picked":[],"picked":"Slimebound:ForwardTackle","floor":20},{"not_picked":[],"picked":"Slimebound:BestDefense","floor":22},{"not_picked":[],"picked":"Slimebound:Schlurp","floor":23},{"not_picked":[],"picked":"Slimebound:LivingWall","floor":25},{"not_picked":[],"picked":"Slimebound:SpikyOuterGoop","floor":27},{"not_picked":[],"picked":"Slimebound:LeechingTouch","floor":28},{"not_picked":[],"picked":"Slimebound:SpikyOuterGoop","floor":30},{"not_picked":[],"picked":"Slimebound:Nibble","floor":32},{"not_picked":[],"picked":"Slimebound:RallyTheTroops","floor":33},{"not_picked":[],"picked":"Slimebound:Chomp","floor":36},{"not_picked":[],"picked":"Slimebound:LeechEnergy","floor":37},{"not_picked":[],"picked":"Slimebound:DisruptingSlam","floor":39},{"not_picked":[],"picked":"Slimebound:Grow+1","floor":43},{"not_picked":[],"picked":"Slimebound:RollThrough+1","floor":44},{"not_picked":[],"picked":"Slimebound:TongueLash","floor":46},{"not_picked":[],"picked":"Slimebound:MinionMaster","floor":48},{"not_picked":[],"picked":"Slimebound:GrowthPunch","floor":49}],"player_experience":48599,"relics_obtained":[{"floor":10,"key":"Du-Vu Doll"},{"floor":24,"key":"Blood Vial"},{"floor":25,"key":"TungstenRod"},{"floor":27,"key":"Pantograph"},{"floor":31,"key":"Sundial"},{"floor":37,"key":"Old Coin"},{"floor":41,"key":"Boot"},{"floor":41,"key":"Happy Flower"},{"floor":44,"key":"Anchor"},{"floor":47,"key":"War Paint"},{"floor":47,"key":"Strawberry"}],"event_choices":[{"damage_healed":0,"gold_gain":0,"player_choice":"Simplicity","damage_taken":0,"max_hp_gain":0,"max_hp_loss":0,"event_name":"Back to Basics","floor":29,"gold_loss":0,"cards_upgraded":["Slimebound:Strike_Slimebound","Slimebound:Strike_Slimebound","Slimebound:Strike_Slimebound","Slimebound:Defend_Slimebound","Slimebound:Defend_Slimebound","Slimebound:Defend_Slimebound","Slimebound:Defend_Slimebound"]},{"cards_removed":["Slimebound:SpikyOuterGoop"],"damage_healed":0,"gold_gain":0,"player_choice":"Removed Power","damage_taken":0,"max_hp_gain":0,"max_hp_loss":0,"event_name":"Falling","floor":45,"gold_loss":0}],"is_beta":false,"boss_relics":[{"not_picked":["Velvet Choker","Fusion Hammer"],"picked":"Busted Crown"},{"not_picked":["Coffee Dripper","Runic Dome"],"picked":"Slimebound:AbsorbEndCombatUpgraded"}],"items_purged_floors":[],"is_endless":false,"potions_floor_spawned":[4,10,12,19,20,25,30,32,33,37,43,46],"killed_by":"downfall:CharBossMerchant","ascension_level":0}}