{"host":"tsc2lbal71qs15ls","time":1608060778,"event":{"mods":["BaseMod","Downfall","Minty Spire (QoL Compilation)","StSLib"],"gold_per_floor":[99,99,99,126,126,126,149,161,186,36,48,67,67,80,94,192,192,192,192,223,223,243,272,272,290,301,333,352,75,93,78,98,202,202,127,158,168,168,224,240,267,109,136,136,136,154,154,173,186,186,186,212,30,30,30,30],"floor_reached":55,"playtime":4109,"items_purged":["champ:EndlessRage","champ:EndlessRage+1"],"score":922,"play_id":"ef7b49ea-fcfa-43eb-9ac0-dd7da2c520ed","local_time":"20201215123258","is_ascension_mode":false,"campfire_choices":[{"data":"champ:Taunt","floor":1.0,"key":"SMITH"},{"data":"champ:CalledShot","floor":10.0,"key":"SMITH"},{"data":"champ:CrookedStrike","floor":18.0,"key":"SMITH"},{"floor":21.0,"key":"RECALL"},{"data":"champ:LastStand","floor":35,"key":"SMITH"},{"floor":44,"key":"REST"},{"data":"Mayhem+1","floor":54,"key":"PURGE"}],"circlet_count":0,"master_deck":["champ:Strike+1","champ:Strike+1","champ:Strike+1","champ:Strike+1","champ:Defend+1","champ:Defend+1","champ:Defend+1","champ:Defend+1","champ:Execute+1","champ:Taunt+1","champ:FlashCut+1","champ:BringItOn+1","champ:PerfectedStrike+1","champ:FlashCut+1","champ:CalledShot+1","champ:FlashCut+1","champ:CrookedStrike+1","champ:SteelEdge+1","champ:FocusedDefense+1","champ:CrownThrow+1","champ:IgnorePain+1","champ:FanOfKnives+1","champ:PerfectedStrike+1","champ:CheapShot+1","champ:LastStand+1","champ:StanceDance+1","champ:FlashCut+1","champ:PerfectedStrike+1","champ:GladiatorStyle+1","champ:IronFortress+1","champ:IronFortress+1","champ:FlashCut+1","champ:ShieldWall+1","champ:RapidStrikes+1","champ:CrookedStrike+1","champ:CrookedStrike+1"],"relics":["champ:ChampionCrown","downfall:HeartsMalice","Calipers","Mummified Hand","SlaversCollar","champ:GladiatorsBookOfMartialProwess","Vajra","The Courier","Thread and Needle","Molten Egg 2","Membership Card","PreservedInsect","Sozu","Peace Pipe","Bronze Scales","Regal Pillow","Whetstone","Lantern","Darkstone Periapt","Oddly Smooth Stone","HandDrill"],"acts_visited":["Exordium","TheCity","TheBeyond","TheEnding"],"potions_floor_usage":[31,32,33],"damage_taken":[{"damage":0.0,"enemies":"Small Slimes","floor":3.0,"turns":1.0},{"damage":0.0,"enemies":"Lagavulin","floor":4.0,"turns":1.0},{"damage":0.0,"enemies":"Cultist","floor":5.0,"turns":1.0},{"damage":7.0,"enemies":"2 Louse","floor":8.0,"turns":2.0},{"damage":0.0,"enemies":"3 Sentries","floor":9.0,"turns":5.0},{"damage":0.0,"enemies":"Red Slaver","floor":11.0,"turns":3.0},{"damage":2.0,"enemies":"Lots of Slimes","floor":12.0,"turns":3.0},{"damage":9.0,"enemies":"Blue Slaver","floor":14.0,"turns":2.0},{"damage":17.0,"enemies":"Exordium Thugs","floor":15.0,"turns":3.0},{"damage":22.0,"enemies":"downfall:Silent","floor":16.0,"turns":8.0},{"damage":4.0,"enemies":"Book of Stabbing","floor":20.0,"turns":5.0},{"damage":0.0,"enemies":"3 Byrds","floor":22.0,"turns":5.0},{"damage":35.0,"enemies":"Slavers","floor":23.0,"turns":5.0},{"damage":7.0,"enemies":"Cultist and Chosen","floor":25.0,"turns":6.0},{"damage":0.0,"enemies":"Snake Plant","floor":26.0,"turns":3.0},{"damage":14.0,"enemies":"Gremlin Leader","floor":27.0,"turns":5.0},{"damage":1.0,"enemies":"Shelled Parasite and Fungi","floor":28.0,"turns":3.0},{"damage":5.0,"enemies":"downfall:FleeingMerchant","floor":29.0,"turns":4.0},{"damage":23.0,"enemies":"Sentry and Sphere","floor":30.0,"turns":4.0},{"damage":0,"enemies":"downfall:FleeingMerchant","floor":31,"turns":4},{"damage":8,"enemies":"3 Cultists","floor":32,"turns":6},{"damage":24,"enemies":"downfall:Ironclad","floor":33,"turns":5},{"damage":9,"enemies":"Giant Head","floor":36,"turns":7},{"damage":0,"enemies":"3 Shapes","floor":37,"turns":4},{"damage":0,"enemies":"downfall:FleeingMerchant","floor":39,"turns":2},{"damage":28,"enemies":"Orb Walker","floor":40,"turns":3},{"damage":0,"enemies":"Reptomancer","floor":43,"turns":4},{"damage":0,"enemies":"Maw","floor":46,"turns":6},{"damage":16,"enemies":"3 Darklings","floor":48,"turns":4},{"damage":0,"enemies":"Sphere and 2 Shapes","floor":49,"turns":3},{"damage":18,"enemies":"downfall:Defect","floor":50,"turns":6},{"damage":1,"enemies":"downfall:CharBossMerchant","floor":52,"turns":7},{"damage":99,"enemies":"downfall:NeowBoss","floor":55,"turns":19}],"seed_played":"1115060018793345089","potions_obtained":[{"floor":4.0,"key":"Swift Potion"},{"floor":9.0,"key":"Fire Potion"},{"floor":12.0,"key":"Regen Potion"},{"floor":16.0,"key":"champ:OpenerPotion"},{"floor":26.0,"key":"champ:CounterPotion"},{"floor":28.0,"key":"sneckomod:MuddlingPotion"},{"floor":30.0,"key":"SteroidPotion"},{"floor":32,"key":"CultistPotion"},{"floor":33,"key":"SpeedPotion"}],"is_trial":false,"path_per_floor":["R","?","M","E","M","?","T","M","E","R","M","M","?","M","M","B",null,"R","T","E","R","M","E","T","M","M","E","M","$","M","$","M","B",null,"R","E","M","?","$","M","T","$","E","R","?","M","?","M","M","B",null,"E","$","R","B"],"character_chosen":"THE_CHAMP","items_purchased":["Membership Card","PreservedInsect","Master of Strategy","Bronze Scales","champ:EndlessRage","champ:GladiatorStyle","champ:EndlessRage","champ:IronFortress","champ:IronFortress","Mayhem","Whetstone","Lantern","champ:RapidStrikes+1","HandDrill","champ:CrookedStrike+1","champ:CrookedStrike+1"],"campfire_rested":1,"item_purchase_floors":[29,29,29,39,39,39,39,39,39,39,42,42,53,53,53,53],"current_hp_per_floor":[90,90,90,90,90,90,90,88,88,98,98,96,96,87,75,58,100,100,100,96,96,96,61,61,71,71,62,61,61,38,38,30,11,100,100,96,96,96,96,68,68,68,68,100,100,100,95,79,79,67,100,99,99,99,0,0],"gold":30,"neow_bonus":"THREE_ENEMY_KILL","is_daily":false,"chose_seed":false,"campfire_upgraded":4,"win_rate":0.0,"timestamp":1608060778,"path_taken":["R","?","?","E","M","?","T","M","E","R","?","M","?","M","M","BOSS","R","?","E","R","M","E","T","M","M","E","?","$","M","?","M","BOSS","R","E","M","?","$","M","T","$","E","R","?","?","?","?","M","BOSS","E","$","R","BOSS"],"items_purchased_type":["Relic","Relic","Card","Relic","Card","Card","Card","Card","Card","Card","Relic","Relic","Card","Relic","Card","Card"],"build_version":"2020-12-13","purchased_purges":2,"victory":false,"max_hp_per_floor":[90,90,90,90,90,90,90,90,90,100,100,100,100,100,100,100,100,100,100,100,100,100,100,100,100,100,100,100,100,100,100,100,100,100,100,100,100,100,100,100,100,100,100,100,100,100,100,100,100,100,100,100,100,100,100,100],"card_choices":[{"not_picked":["champ:FaceSlap","champ:Backstep"],"picked":"champ:FlashCut","floor":3.0},{"not_picked":["champ:GladiatorsShout","champ:BerserkersShout"],"picked":"champ:BringItOn","floor":4.0},{"not_picked":["champ:TornadoPunch","champ:EnragedBash"],"picked":"champ:PerfectedStrike","floor":5.0},{"not_picked":["champ:Backstep","champ:Haymaker"],"picked":"champ:FlashCut","floor":8.0},{"not_picked":["champ:Haymaker","champ:BringItOn"],"picked":"champ:CalledShot","floor":9.0},{"not_picked":["champ:IronFortress","champ:FocusedDefense"],"picked":"champ:FlashCut","floor":11.0},{"not_picked":["champ:TornadoPunch","champ:Backstep"],"picked":"champ:CrookedStrike","floor":12.0},{"not_picked":["champ:CrookedStrike","champ:IronFortress"],"picked":"champ:SteelEdge","floor":14.0},{"not_picked":["champ:BerserkersShout","champ:Shatter"],"picked":"champ:FocusedDefense","floor":15.0},{"not_picked":["champ:HoldFirm","champ:LastStand"],"picked":"champ:CrownThrow","floor":16.0},{"not_picked":["champ:BringItOn","champ:Duel+1","champ:Circumvent"],"picked":"SKIP","floor":20.0},{"not_picked":["champ:DefensiveShout","champ:GladiatorsShout","champ:FocusedDefense+1"],"picked":"SKIP","floor":22.0},{"not_picked":["champ:EnragedBash+1","champ:GladiatorsShout"],"picked":"champ:IgnorePain","floor":23.0},{"not_picked":["champ:RecklessLeap+1","champ:Circumvent","champ:Backstep"],"picked":"SKIP","floor":25.0},{"not_picked":["champ:DefensiveShout","champ:FlashCut","champ:FalseCounter"],"picked":"SKIP","floor":26.0},{"not_picked":["champ:ArenaPreparation","champ:Duel+1","champ:FalseCounter"],"picked":"SKIP","floor":27.0},{"not_picked":["champ:RecklessLeap+1","champ:RisingSlash+1"],"picked":"champ:FanOfKnives+1","floor":28.0},{"not_picked":["champ:HoldFirm","champ:HeartStrike+1"],"picked":"champ:PerfectedStrike+1","floor":29.0},{"not_picked":["champ:ViciousMockery","champ:FocusedGladiator","champ:GladiatorsShout"],"picked":"SKIP","floor":30.0},{"not_picked":["champ:DefensiveStyle","champ:AdrenalArmor"],"picked":"champ:CheapShot+1","floor":31},{"not_picked":["champ:DefensiveStyle+1","champ:FanOfKnives+1","champ:Haymaker+1"],"picked":"SKIP","floor":32},{"not_picked":["champ:HeavySlash+1","champ:SwordThrow+1"],"picked":"champ:LastStand","floor":33},{"not_picked":["champ:TornadoPunch+1","champ:BerserkersShout+1"],"picked":"champ:StanceDance","floor":36},{"not_picked":["champ:PreciseThrust+1","champ:Circumvent+1"],"picked":"champ:FlashCut+1","floor":37},{"not_picked":["champ:DefensiveShout+1","champ:LastStand"],"picked":"champ:PerfectedStrike+1","floor":39},{"not_picked":["champ:FaceSlap+1","champ:TornadoPunch+1","champ:BerserkersShout"],"picked":"SKIP","floor":40},{"not_picked":["champ:FanOfKnives+1","champ:BerserkersShout+1"],"picked":"champ:FlashCut+1","floor":43},{"not_picked":["champ:StanceDance","champ:DefensiveShout+1","champ:AdrenalArmor"],"picked":"SKIP","floor":46},{"not_picked":["champ:GladiatorsShout","champ:BerserkersShout","champ:BladeFlurry+1"],"picked":"SKIP","floor":48},{"not_picked":["champ:FlashCut+1","champ:FocusedBerserking+1","champ:Backstep+1"],"picked":"SKIP","floor":49},{"not_picked":["champ:IronFortress","champ:GutPunch+1"],"picked":"champ:ShieldWall+1","floor":52}],"player_experience":253276,"relics_obtained":[{"floor":4.0,"key":"Calipers"},{"floor":9.0,"key":"Mummified Hand"},{"floor":19.0,"key":"champ:GladiatorsBookOfMartialProwess"},{"floor":20.0,"key":"Vajra"},{"floor":23.0,"key":"The Courier"},{"floor":24.0,"key":"Thread and Needle"},{"floor":27.0,"key":"Molten Egg 2"},{"floor":36,"key":"Peace Pipe"},{"floor":41,"key":"Regal Pillow"},{"floor":43,"key":"Darkstone Periapt"},{"floor":52,"key":"Oddly Smooth Stone"}],"event_choices":[{"damage_healed":0.0,"max_hp_gain":0.0,"max_hp_loss":0.0,"gold_gain":0.0,"event_name":"NoteForYourself","player_choice":"Ignored","floor":2.0,"gold_loss":0.0,"damage_taken":0.0},{"damage_healed":0.0,"max_hp_gain":0.0,"max_hp_loss":0.0,"gold_gain":0.0,"event_name":"Upgrade Shrine","player_choice":"Upgraded","floor":6.0,"gold_loss":0.0,"damage_taken":0.0,"cards_upgraded":["champ:PerfectedStrike"]},{"cards_removed":["Master of Strategy"],"damage_healed":0,"gold_gain":0,"player_choice":"Removed Skill","damage_taken":0,"max_hp_gain":0,"max_hp_loss":0,"event_name":"Falling","floor":38,"gold_loss":0}],"is_beta":false,"boss_relics":[{"not_picked":["Velvet Choker","Tiny House"],"picked":"SlaversCollar"},{"not_picked":["Runic Dome","SacredBark"],"picked":"Sozu"}],"items_purged_floors":[42,53],"is_endless":false,"potions_floor_spawned":[4,9,12,15,16,20,26,28,30,32,33,36,37,46,48],"killed_by":"downfall:NeowBoss","ascension_level":0}}