{"host":"n4fty02wqqi95laq","time":1608039684,"event":{"mods":["BaseMod","Highlight Path","Minty Spire (QoL Compilation)","Quick Restart","Rare Cards Sparkle","StSLib"],"gold_per_floor":[116,41,191,203,218,218,99,111,137,169,191,191,225,236,236,310,310,322,222,222,236,250,250,280,280,280,280,280],"floor_reached":27,"playtime":613,"items_purged":["Doubt","Strike_P"],"score":582,"play_id":"835769a9-870f-4a9c-a0b5-8a1bfd875683","local_time":"20201215214124","is_ascension_mode":true,"campfire_choices":[{"data":"Eruption","floor":6.0,"key":"SMITH"},{"data":"Vault","floor":15.0,"key":"SMITH"},{"data":"Collect","floor":23.0,"key":"SMITH"},{"data":"Vault","floor":25,"key":"SMITH"}],"circlet_count":0,"master_deck":["AscendersBane","Strike_P","Strike_P","Defend_P+1","Defend_P","Eruption+1","Vigilance+1","Fasting2","InnerPeace","Vault+1","Tantrum","WreathOfFlame","Vault+1","BowlingBash","DevaForm","FlurryOfBlows","Swivel","MentalFortress","Collect+1"],"relics":["PureWater","NeowsBlessing","Potion Belt","Odd Mushroom","Centennial Puzzle","SacredBark","Anchor","Bottled Tornado"],"acts_visited":["Exordium","TheCity"],"potions_floor_usage":[24,24],"damage_taken":[{"damage":0.0,"enemies":"Jaw Worm","floor":1.0,"turns":1.0},{"damage":1.0,"enemies":"Small Slimes","floor":4.0,"turns":2.0},{"damage":0.0,"enemies":"2 Louse","floor":5.0,"turns":2.0},{"damage":4.0,"enemies":"2 Fungi Beasts","floor":8.0,"turns":3.0},{"damage":0.0,"enemies":"Gremlin Nob","floor":10.0,"turns":3.0},{"damage":0.0,"enemies":"The Mushroom Lair","floor":11.0,"turns":3.0},{"damage":0.0,"enemies":"Lagavulin","floor":13.0,"turns":5.0},{"damage":0.0,"enemies":"Looter","floor":14.0,"turns":2.0},{"damage":33.0,"enemies":"The Guardian","floor":16.0,"turns":13.0},{"damage":0.0,"enemies":"Chosen","floor":18.0,"turns":4.0},{"damage":13.0,"enemies":"Shell Parasite","floor":21.0,"turns":4.0},{"damage":9.0,"enemies":"Centurion and Healer","floor":22.0,"turns":5.0},{"damage":5,"enemies":"Gremlin Leader","floor":24,"turns":4},{"damage":11,"enemies":"Slavers","floor":27,"turns":2}],"seed_played":"8888161369617429741","potions_obtained":[{"floor":5.0,"key":"AttackPotion"},{"floor":11.0,"key":"PowerPotion"},{"floor":13.0,"key":"Ancient Potion"},{"floor":14.0,"key":"DistilledChaos"},{"floor":18.0,"key":"PowerPotion"},{"floor":22.0,"key":"Swift Potion"}],"is_trial":false,"path_per_floor":["M","?","?","M","M","R","$","M","T","E","?","?","E","M","R","B",null,"M","$","?","M","M","R","E","R","T","E"],"character_chosen":"WATCHER","items_purchased":["Tantrum"],"campfire_rested":0,"item_purchase_floors":[7],"current_hp_per_floor":[61,61,61,60,60,60,60,56,56,56,56,36,36,36,36,3,52,52,52,52,39,30,30,25,25,25,14,14],"gold":280,"neow_bonus":"THREE_ENEMY_KILL","is_daily":false,"chose_seed":false,"campfire_upgraded":4,"win_rate":0.0,"timestamp":1608039684,"path_taken":["M","?","?","?","M","R","$","M","T","E","?","?","E","M","R","BOSS","M","$","?","M","M","R","E","R","T","E"],"items_purchased_type":["Card"],"build_version":"2020-12-13","purchased_purges":2,"victory":false,"max_hp_per_floor":[68,68,68,68,68,68,68,68,68,68,68,68,68,68,68,68,68,68,68,68,68,68,68,68,68,68,68,68],"card_choices":[{"not_picked":["CutThroughFate","Vengeance"],"picked":"Fasting2","floor":1.0},{"not_picked":["Halt","SignatureMove"],"picked":"InnerPeace","floor":4.0},{"not_picked":["BowlingBash","CutThroughFate"],"picked":"Vault","floor":5.0},{"not_picked":["Protect","PathToVictory"],"picked":"WreathOfFlame","floor":8.0},{"not_picked":["EmptyMind","FollowUp"],"picked":"Vault","floor":10.0},{"not_picked":["CrushJoints","Evaluate","PathToVictory"],"picked":"SKIP","floor":13.0},{"not_picked":["Protect","CarveReality"],"picked":"BowlingBash","floor":14.0},{"not_picked":["Alpha","SpiritShield"],"picked":"DevaForm","floor":16.0},{"not_picked":["Halt","Nirvana","FollowUp"],"picked":"SKIP","floor":18.0},{"not_picked":["Crescendo+1","EmptyFist"],"picked":"MentalFortress","floor":21.0},{"not_picked":["JustLucky","FollowUp"],"picked":"Collect","floor":22.0},{"not_picked":["JustLucky","ThirdEye","Prostrate"],"picked":"SKIP","floor":24}],"player_experience":613184,"relics_obtained":[{"floor":10.0,"key":"Potion Belt"},{"floor":11.0,"key":"Odd Mushroom"},{"floor":13.0,"key":"Centennial Puzzle"},{"floor":24,"key":"Anchor"},{"floor":26,"key":"Bottled Tornado"}],"event_choices":[{"cards_removed":["Defend_P"],"damage_healed":0.0,"max_hp_gain":0.0,"max_hp_loss":0.0,"gold_gain":0.0,"event_name":"The Cleric","player_choice":"Card Removal","floor":2.0,"gold_loss":75.0,"damage_taken":0.0},{"damage_healed":0.0,"max_hp_gain":0.0,"max_hp_loss":0.0,"gold_gain":150.0,"event_name":"Liars Game","player_choice":"AGREE","floor":3.0,"gold_loss":0.0,"damage_taken":0.0,"cards_obtained":["Doubt"]},{"damage_healed":0.0,"max_hp_gain":0.0,"max_hp_loss":0.0,"gold_gain":0.0,"event_name":"Mushrooms","player_choice":"Fought Mushrooms","floor":11.0,"gold_loss":0.0,"damage_taken":0.0},{"damage_healed":0.0,"max_hp_gain":0.0,"max_hp_loss":0.0,"gold_gain":0.0,"event_name":"Shining Light","player_choice":"Entered Light","floor":12.0,"gold_loss":0.0,"damage_taken":20.0,"cards_upgraded":["Vigilance","Defend_P"]},{"damage_healed":0.0,"max_hp_gain":0.0,"max_hp_loss":0.0,"gold_gain":0.0,"cards_transformed":["Strike_P","Defend_P"],"event_name":"Drug Dealer","player_choice":"Became Test Subject","floor":20.0,"gold_loss":0.0,"damage_taken":0.0,"cards_obtained":["FlurryOfBlows","Swivel"]}],"is_beta":false,"boss_relics":[{"not_picked":["Velvet Choker","Sozu"],"picked":"SacredBark"}],"items_purged_floors":[7,19],"is_endless":false,"potions_floor_spawned":[5,11,13,14,18,22],"killed_by":"Slavers","ascension_level":20}}