{"host":"61pxv8qo5t6mwz68","time":1608052780,"event":{"mods":["BaseMod","Block Reminder","Colored Map","Highlight Path","Minty Spire (QoL Compilation)","Permanent Neow"],"gold_per_floor":[115,190,201,216,233,265,265,265,265,265,98,111,111,129,129,224,224,243,269,287,307,326,326,351,351,376,387,398,398,732,752,752,851,851,864,877,892,892,906,906,940,956,981,981,981,981],"floor_reached":45,"playtime":2473,"items_purged":[],"score":591,"play_id":"133ebe62-22ab-43b7-b834-593e6e6ef8f1","local_time":"20201215121940","is_ascension_mode":false,"campfire_choices":[{"floor":7,"key":"REST"},{"floor":10,"key":"REST"},{"floor":15,"key":"REST"},{"floor":23,"key":"REST"},{"floor":25,"key":"REST"},{"floor":32,"key":"REST"},{"floor":40,"key":"REST"}],"circlet_count":0,"master_deck":["Strike_R","Strike_R","Strike_R","Strike_R","Strike_R","Defend_R","Defend_R","Defend_R","Defend_R","Rage","Twin Strike","Metallicize","Sword Boomerang","Twin Strike","Headbutt","Battle Trance","Inflame","Panacea","Headbutt","Heavy Blade","Spot Weakness","Flex","Juggernaut","Sword Boomerang","Flex+1","Spot Weakness+1","Warcry+1","Hemokinesis+1","Sever Soul","Flex+1","Inflame","Sword Boomerang","Offering","Twin Strike","Headbutt","Double Tap","Whirlwind+1","Cleave+1","Sword Boomerang","Clash+1","Inflame+1","Burning Pact+1","Heavy Blade+1","Madness+1","Madness+1"],"relics":["Burning Blood","Dream Catcher","Vajra","Calipers","Mercury Hourglass","Fusion Hammer","Happy Flower","Ice Cream","Toy Ornithopter","Old Coin","Runic Cube","Toxic Egg 2","Pen Nib"],"acts_visited":["Exordium","TheCity","TheBeyond"],"potions_floor_usage":[22,27,27,30,30,31,31,33,39,41],"damage_taken":[{"damage":6,"enemies":"2 Louse","floor":1,"turns":3},{"damage":2,"enemies":"Small Slimes","floor":3,"turns":3},{"damage":2,"enemies":"Jaw Worm","floor":4,"turns":3},{"damage":2,"enemies":"Large Slime","floor":5,"turns":5},{"damage":53,"enemies":"Lagavulin","floor":6,"turns":9},{"damage":17,"enemies":"Gremlin Gang","floor":12,"turns":3},{"damage":3,"enemies":"Red Slaver","floor":14,"turns":3},{"damage":42,"enemies":"The Guardian","floor":16,"turns":7},{"damage":18,"enemies":"3 Byrds","floor":18,"turns":4},{"damage":11,"enemies":"Spheric Guardian","floor":20,"turns":4},{"damage":37,"enemies":"Shelled Parasite and Fungi","floor":21,"turns":3},{"damage":16,"enemies":"Snake Plant","floor":22,"turns":3},{"damage":4,"enemies":"Gremlin Leader","floor":24,"turns":5},{"damage":17,"enemies":"Centurion and Healer","floor":27,"turns":3},{"damage":16,"enemies":"Sentry and Sphere","floor":28,"turns":4},{"damage":10,"enemies":"Book of Stabbing","floor":30,"turns":3},{"damage":2,"enemies":"Snake Plant","floor":31,"turns":1},{"damage":80,"enemies":"Automaton","floor":33,"turns":7},{"damage":6,"enemies":"Orb Walker","floor":35,"turns":3},{"damage":35,"enemies":"3 Darklings","floor":36,"turns":3},{"damage":41,"enemies":"4 Shapes","floor":37,"turns":3},{"damage":24,"enemies":"Writhing Mass","floor":39,"turns":3},{"damage":53,"enemies":"Reptomancer","floor":41,"turns":4},{"damage":21,"enemies":"Spire Growth","floor":42,"turns":4},{"damage":8,"enemies":"Jaw Worm Horde","floor":45,"turns":2}],"seed_played":"-3337171319595762392","potions_obtained":[{"floor":3,"key":"Fire Potion"},{"floor":5,"key":"FairyPotion"},{"floor":12,"key":"Weak Potion"},{"floor":14,"key":"Block Potion"},{"floor":22,"key":"Fire Potion"},{"floor":29,"key":"Block Potion"},{"floor":29,"key":"SpeedPotion"},{"floor":30,"key":"EntropicBrew"},{"floor":31,"key":"SteroidPotion"},{"floor":35,"key":"BloodPotion"},{"floor":36,"key":"Weak Potion"}],"is_trial":false,"path_per_floor":["M","?","M","M","M","E","R","?","T","R","$","M","?","M","R","B",null,"M","T","M","M","M","R","E","R","T","M","M","?","E","M","R","B",null,"M","M","M","?","M","R","E","M","T","?","M"],"character_chosen":"IRONCLAD","items_purchased":["Inflame","Panacea","Headbutt"],"campfire_rested":7,"item_purchase_floors":[11,11,11],"current_hp_per_floor":[80,69,73,77,80,33,57,54,54,78,78,67,67,70,80,44,80,68,68,63,32,22,46,48,72,72,71,61,61,67,80,80,11,80,80,51,16,16,30,54,28,13,13,3,0,0],"gold":981,"neow_bonus":"RANDOM_COMMON_RELIC","is_daily":false,"chose_seed":false,"campfire_upgraded":0,"win_rate":0.0,"timestamp":1608052780,"path_taken":["M","?","M","M","M","E","R","?","T","R","?","M","?","?","R","BOSS","M","?","M","M","M","R","E","R","T","M","M","?","E","M","R","BOSS","M","M","M","?","M","R","E","M","T","?","M"],"items_purchased_type":["Card","Card","Card"],"build_version":"2020-12-13","purchased_purges":0,"victory":false,"max_hp_per_floor":[80,80,80,80,80,80,80,80,80,80,80,80,80,80,80,80,80,80,80,80,80,80,80,80,80,80,80,80,80,80,80,80,80,80,80,80,80,80,80,80,80,80,80,80,80,80],"card_choices":[{"not_picked":["Headbutt","Shrug It Off"],"picked":"Rage","floor":1},{"not_picked":["Entrench","Ghostly Armor"],"picked":"Twin Strike","floor":3},{"not_picked":["Iron Wave","Dropkick"],"picked":"Metallicize","floor":4},{"not_picked":["Perfected Strike","Clash"],"picked":"Sword Boomerang","floor":5},{"not_picked":["Clash","Rupture"],"picked":"Twin Strike","floor":6},{"not_picked":["True Grit","Body Slam"],"picked":"Headbutt","floor":7},{"not_picked":["Twin Strike","Seeing Red"],"picked":"Battle Trance","floor":10},{"not_picked":["Shrug It Off","Body Slam"],"picked":"Heavy Blade","floor":12},{"not_picked":["Body Slam","Headbutt"],"picked":"Spot Weakness","floor":14},{"not_picked":["Pummel","Shrug It Off"],"picked":"Flex","floor":15},{"not_picked":["Barricade","Reaper"],"picked":"Juggernaut","floor":16},{"not_picked":["Dual Wield","Heavy Blade"],"picked":"Sword Boomerang","floor":18},{"not_picked":["Heavy Blade","Pommel Strike"],"picked":"Flex+1","floor":20},{"not_picked":["Battle Trance","Clothesline+1"],"picked":"Spot Weakness+1","floor":21},{"not_picked":["Reaper","Dropkick"],"picked":"Warcry+1","floor":22},{"not_picked":["Cleave","True Grit+1"],"picked":"Hemokinesis+1","floor":23},{"not_picked":["Feel No Pain","True Grit"],"picked":"Sever Soul","floor":24},{"not_picked":["Ghostly Armor","True Grit"],"picked":"Flex+1","floor":25},{"not_picked":["Body Slam","Uppercut"],"picked":"Inflame","floor":27},{"not_picked":["Cleave+1","Heavy Blade"],"picked":"Sword Boomerang","floor":28},{"not_picked":["Spot Weakness+1","Blood for Blood+1"],"picked":"Offering","floor":30},{"not_picked":["Body Slam+1","Searing Blow"],"picked":"Twin Strike","floor":31},{"not_picked":["Power Through+1","Perfected Strike"],"picked":"Headbutt","floor":32},{"not_picked":["Bludgeon","Impervious"],"picked":"Double Tap","floor":33},{"not_picked":["Entrench","Second Wind+1"],"picked":"Whirlwind+1","floor":35},{"not_picked":["Headbutt","Perfected Strike+1"],"picked":"Cleave+1","floor":36},{"not_picked":["Twin Strike","Perfected Strike"],"picked":"Sword Boomerang","floor":37},{"not_picked":["Perfected Strike+1","Feel No Pain"],"picked":"Clash+1","floor":39},{"not_picked":["Cleave","Sever Soul+1"],"picked":"Inflame+1","floor":40},{"not_picked":["Body Slam+1","Blood for Blood+1"],"picked":"Burning Pact+1","floor":41},{"not_picked":["Pummel+1","Carnage"],"picked":"Heavy Blade+1","floor":42}],"player_experience":10088,"relics_obtained":[{"floor":6,"key":"Vajra"},{"floor":9,"key":"Mercury Hourglass"},{"floor":19,"key":"Happy Flower"},{"floor":24,"key":"Ice Cream"},{"floor":26,"key":"Toy Ornithopter"},{"floor":30,"key":"Old Coin"},{"floor":41,"key":"Toxic Egg 2"},{"floor":43,"key":"Pen Nib"}],"event_choices":[{"damage_healed":0,"gold_gain":75,"player_choice":"Gather Gold","damage_taken":11,"max_hp_gain":0,"max_hp_loss":0,"event_name":"World of Goop","floor":2,"gold_loss":0},{"damage_healed":0,"gold_gain":0,"player_choice":"Success","damage_taken":3,"relics_obtained":["Calipers"],"max_hp_gain":0,"max_hp_loss":0,"event_name":"Scrap Ooze","floor":8,"gold_loss":0},{"cards_removed":["Bash"],"damage_healed":0,"gold_gain":0,"player_choice":"Offered Basic","damage_taken":0,"max_hp_gain":0,"max_hp_loss":0,"event_name":"Bonfire Elementals","floor":13,"gold_loss":0},{"damage_healed":0,"gold_gain":0,"player_choice":"Got Potions","damage_taken":0,"max_hp_gain":0,"max_hp_loss":0,"event_name":"Lab","floor":29,"gold_loss":0},{"damage_healed":0,"gold_gain":0,"player_choice":"Ignored","damage_taken":0,"max_hp_gain":0,"max_hp_loss":0,"event_name":"The Moai Head","floor":38,"gold_loss":0},{"damage_healed":0,"gold_gain":0,"player_choice":"Embrace Madness","damage_taken":10,"max_hp_gain":0,"max_hp_loss":0,"event_name":"Winding Halls","floor":44,"gold_loss":0,"cards_obtained":["Madness","Madness"]}],"is_beta":false,"boss_relics":[{"not_picked":["Ectoplasm","Coffee Dripper"],"picked":"Fusion Hammer"},{"not_picked":["Runic Dome","Astrolabe"],"picked":"Runic Cube"}],"items_purged_floors":[],"is_endless":false,"potions_floor_spawned":[3,5,12,14,20,22,30,31,35,36],"killed_by":"Jaw Worm Horde","ascension_level":0}}