{"host":"4oozkyb2rmpv0j2l","time":1608028347,"event":{"mods":["Act Like it!","Aspiration","BaseMod","Colored Map","Conspire","Gensokyo","Hallownest","Hubris","KinomotoSakuraMod(木之本樱)","Koishi","Lobotomy","LobotomyExtend","Marisa（F雨　魔理沙）","Minty Spire (QoL Compilation)","Prisma Mod","Quick Restart","Rare Cards Sparkle","Reimu（博丽灵梦）","Remilia（蕾米莉亚）","Replay The Spire","Robot Space Explorer","Shop Mod","Spicy Shops","StSLib","TestMod","The Animator","The Bladedancer","The Bug Knight","The Cursed","The Disciple","The Hierophant","The Mystic","The Necromancer","The Runesmith","The Servant 0.9.4","WarShipGirlsR/战舰少女R mod","Youmu（魂魄妖梦）","Yuri Mod","Yuyuko","vexMod","yUi","【东方二次创作】八云紫mod","【遗物卡牌】REMEMod"],"gold_per_floor":[113,113,129,141,20,55,55,55,55,82,92,92,117,135,135,135,135],"floor_reached":16,"playtime":722,"items_purged":["Koishi:BasicStrike"],"score":162,"play_id":"2c813b24-c2f7-49f9-bcea-9aa78dd13d1f","local_time":"20201215183227","is_ascension_mode":true,"campfire_choices":[{"data":"Koishi:SubconsciousSweep","floor":8,"key":"SMITH"},{"data":"Koishi:FreudianInstinct","floor":12,"key":"SMITH"},{"floor":15,"key":"DIG"}],"circlet_count":0,"master_deck":["Koishi:BasicStrike","Koishi:BasicStrike","Koishi:BasicStrike","Koishi:BasicDefend","Koishi:Provoke","Koishi:HauntingSlash","Koishi:SubterraneanRose","Koishi:SubconsciousSweep+1","Koishi:UnconsciousUprising","Koishi:ReleaseOfTheId","Koishi:FreudianInstinct+1"],"relics":["Koishi:ImaginaryFriend","testmod-TestBox","REME_ComplimentaryCards","Replay:Mystery Machine","LetterFromLob","testmod-AssaultLearning","Iron Hammer","aspiration:HiddenCompartment","Replay:WaspNest"],"acts_visited":["Gensokyo:Gensokyo"],"potions_floor_usage":[10,10,16],"damage_taken":[{"damage":4,"enemies":"Gensokyo:Python","floor":1,"turns":3},{"damage":2,"enemies":"Gensokyo:2_Kodama","floor":3,"turns":3},{"damage":0,"enemies":"Gensokyo:Gryphon","floor":4,"turns":3},{"damage":2,"enemies":"Gensokyo:Cirno","floor":6,"turns":5},{"damage":30,"enemies":"Gensokyo:Aya","floor":10,"turns":10},{"damage":2,"enemies":"Gensokyo:2_Rabbits","floor":11,"turns":3},{"damage":6,"enemies":"Gensokyo:Cirno","floor":13,"turns":6},{"damage":1,"enemies":"Gensokyo:LivingMonolith","floor":14,"turns":3},{"damage":13,"enemies":"Gensokyo:Reimu","floor":16,"turns":7}],"seed_played":"-3738974132809987251","potions_obtained":[{"floor":3,"key":"LiquidMemories"},{"floor":6,"key":"Weak Potion"},{"floor":14,"key":"SpeedPotion"}],"is_trial":false,"path_per_floor":["M","?","M","M","$","E","$","R","T","E","M","R","E","M","R_BF","B"],"character_chosen":"KOISHI","items_purchased":["Koishi:SubconsciousSweep"],"campfire_rested":0,"item_purchase_floors":[5],"current_hp_per_floor":[58,34,34,37,37,36,36,36,36,14,16,16,11,12,12,0,0],"gold":135,"neow_bonus":"RANDOM_COMMON_RELIC","is_daily":false,"chose_seed":false,"campfire_upgraded":2,"win_rate":0.0,"timestamp":1608028347,"path_taken":["M","?","?","M","$","E","$","R","T","E","?","R","E","M","R_BF","BOSS"],"items_purchased_type":["Card"],"build_version":"2020-12-13","purchased_purges":1,"victory":false,"max_hp_per_floor":[60,60,60,60,60,60,60,60,60,60,60,60,60,60,60,60,60],"card_choices":[{"not_picked":["Koishi:JumpScare","Koishi:StingingMind","Koishi:DreadfulBlow"],"picked":"SKIP","floor":1},{"not_picked":["Koishi:YoukaiPolygraph","Koishi:Jaunt","Koishi:BloodcurdlingScream"],"picked":"SKIP","floor":3},{"not_picked":["Koishi:PhantomBarrier","Koishi:UnconsciousUrges"],"picked":"Koishi:SubterraneanRose","floor":4},{"not_picked":["Koishi:PerfectMindControl","Koishi:FourthEye"],"picked":"Koishi:UnconsciousUprising","floor":6},{"not_picked":["Koishi:StingingMind","Koishi:MindNumbingTerror","Koishi:Bloodlust"],"picked":"SKIP","floor":10},{"not_picked":["Koishi:EmbryosDream","Koishi:BloodcurdlingScream"],"picked":"Koishi:FreudianInstinct","floor":11},{"not_picked":["Koishi:PhantomStrike","Koishi:RacingHeart","Koishi:SpiritedAway"],"picked":"SKIP","floor":13},{"not_picked":["Koishi:JumpScare","Koishi:BloodcurdlingScream","Koishi:Catatonia"],"picked":"SKIP","floor":14}],"player_experience":531874,"relics_obtained":[{"floor":1,"key":"LetterFromLob"},{"floor":6,"key":"testmod-AssaultLearning"},{"floor":9,"key":"Iron Hammer"},{"floor":13,"key":"aspiration:HiddenCompartment"},{"floor":15,"key":"Replay:WaspNest"}],"event_choices":[],"is_beta":false,"boss_relics":[],"items_purged_floors":[5],"is_endless":false,"potions_floor_spawned":[3,6,14],"killed_by":"Gensokyo:Reimu","ascension_level":3}}