{"host":"ex14rcrr9p67vzya","time":1608045275,"event":{"mods":["BaseMod","Infinite Spire","Minty Spire (QoL Compilation)","Quick Restart","Rare Cards Sparkle","StSLib","Swap Starting Deck Mod"],"gold_per_floor":[114,129,129,48,123,157,157,186,210,238,250,277,289,334,346,460,472,494,518,530,542,567,608,620,632,718,730,1068,1080,1092,1118,1130,1241,1253,1283,1295,1307,1319,1343,1390,1402,1427,1439,1484,1496,1520,1561,1587,1599,1712,1724,1738,1750,1769,1791,1830,1842,1854,1877,1913,1925,1935,1947,1937,1957,1969,2057,2069,2077,2004,2016,2024,2055,2113,2125,2111,2146,2158,2158,2170,2207,2219,2231,2299,2311,2315,2327,2339,2359,2387,2399,2411,2428,2488,2490,2553,2572,2590,2616,2628,2681,2702,2727,2749,2768,2780,2792,2804,2820,2838,2850,2868,2871,2898,2937,2971,2983,3090,3102,3113,3125,3137,3153,3165,3177,3203,3239,3251,3266,3291,3303,3313,3326,3338,3426,3438,3458,3541,3571,3583,3597,3609,3621,3633,3670,3682,3705,3717,3724,3754,3766,3733],"floor_reached":153,"playtime":9916,"items_purged":["Dramatic Entrance+1"],"score":2700,"play_id":"fdaddde8-ae82-4ca1-ad0d-16ddc8b4d98d","local_time":"20201215091435","is_ascension_mode":true,"campfire_choices":[{"data":"Defragment","floor":7.0,"key":"SMITH"},{"data":"Chill","floor":11.0,"key":"SMITH"},{"data":"Blizzard","floor":13.0,"key":"SMITH"},{"data":"Coolheaded","floor":15.0,"key":"SMITH"},{"data":"Consume","floor":24.0,"key":"SMITH"},{"data":"Blizzard","floor":27.0,"key":"SMITH"},{"data":"Coolheaded","floor":29.0,"key":"SMITH"},{"data":"Coolheaded","floor":32.0,"key":"SMITH"},{"data":"Coolheaded","floor":41.0,"key":"SMITH"},{"data":"Coolheaded","floor":45.0,"key":"SMITH"},{"data":"Blizzard","floor":49.0,"key":"SMITH"},{"data":"Echo Form","floor":57.0,"key":"SMITH"},{"data":"Coolheaded","floor":61.0,"key":"SMITH"},{"data":"Double Energy","floor":63.0,"key":"SMITH"},{"data":"Hologram","floor":66.0,"key":"SMITH"},{"data":"infinitespire:NeuralNetwork","floor":75.0,"key":"SMITH"},{"data":"Buffer","floor":78.0,"key":"SMITH"},{"floor":83.0,"key":"DIG"},{"floor":92.0,"key":"DIG"},{"data":"infinitespire:FutureSight","floor":100.0,"key":"SMITH"},{"floor":108,"key":"DIG"},{"data":"Buffer","floor":117,"key":"SMITH"},{"data":"Coolheaded","floor":125,"key":"SMITH"},{"data":"Seek","floor":131,"key":"SMITH"},{"data":"Skim","floor":134,"key":"SMITH"},{"data":"Heatsinks","floor":142,"key":"SMITH"},{"data":"Defragment","floor":144,"key":"SMITH"},{"data":"Amplify","floor":148,"key":"SMITH"},{"data":"Blizzard","floor":151,"key":"SMITH"}],"circlet_count":0,"master_deck":["Blizzard+1","Blizzard+1","Blizzard+1","Blizzard+1","Chill+1","Coolheaded+1","Coolheaded+1","Coolheaded+1","Defragment+1","Cold Snap+1","Core Surge+1","Consume+1","infinitespire:Gouge+1","Coolheaded+1","Double Energy+1","Blizzard+1","Heatsinks+1","Echo Form+1","Barrage+1","Glacier+1","Coolheaded+1","Double Energy+1","Hologram+1","Buffer+1","infinitespire:FutureSight+1","Heatsinks+1","infinitespire:NeuralNetwork+1","Skim+1","Skim+1","Conserve Battery+1","Blizzard+1","Coolheaded+1","Hologram+1","infinitespire:Starlight","Self Repair","Fusion+1","Buffer+1","Loop","Coolheaded+1","Amplify+1","Double Energy+1","Reboot","Seek+1","Coolheaded+1","Defragment+1","Multi-Cast+1","Madness","Madness+1"],"relics":["FrozenCore","Anchor","Cables","Molten Egg 2","MawBank","infinitespire:SolderingIron","SlaversCollar","Vajra","Gremlin Horn","Old Coin","Nuclear Battery","Tiny Chest","Pen Nib","Torii","Orichalcum","infinitespire:Freezer","Inserter","Toy Ornithopter","infinitespire:Lucky Rock","Mango","Prayer Wheel","Lantern","CeramicFish","Dream Catcher","Lantern","Shovel","Regal Pillow","Empty Cage","infinitespire:EmpoweringShard","Ornamental Fan","infinitespire:PuzzleCube","Nunchaku","infinitespire:Satchel","Art of War","infinitespire:Cupcake","Pantograph","InkBottle","Pocketwatch","Happy Flower","Oddly Smooth Stone","Bag of Marbles","Boot","Bottled Lightning","Bottled Flame","infinitespire:WardingShard","Strawberry","Centennial Puzzle","War Paint","Bag of Preparation"],"acts_visited":["TheCity","TheBeyond"],"potions_floor_usage":[],"damage_taken":[{"damage":0.0,"enemies":"Small Slimes","floor":1.0,"turns":3.0},{"damage":0.0,"enemies":"Jaw Worm","floor":2.0,"turns":4.0},{"damage":0.0,"enemies":"Lagavulin","floor":6.0,"turns":7.0},{"damage":0.0,"enemies":"Gremlin Nob","floor":8.0,"turns":5.0},{"damage":0.0,"enemies":"2 Louse","floor":10.0,"turns":2.0},{"damage":0.0,"enemies":"Exordium Wildlife","floor":12.0,"turns":5.0},{"damage":0.0,"enemies":"Lagavulin","floor":14.0,"turns":7.0},{"damage":5.0,"enemies":"Slime Boss","floor":16.0,"turns":8.0},{"damage":0.0,"enemies":"Spheric Guardian","floor":18.0,"turns":6.0},{"damage":2.0,"enemies":"2 Thieves","floor":19.0,"turns":4.0},{"damage":0.0,"enemies":"3 Cultists","floor":22.0,"turns":5.0},{"damage":0.0,"enemies":"Nightmare","floor":23.0,"turns":9.0},{"damage":0.0,"enemies":"Gremlin Leader","floor":28.0,"turns":4.0},{"damage":0.0,"enemies":"Snake Plant","floor":31.0,"turns":3.0},{"damage":0.0,"enemies":"Automaton","floor":33.0,"turns":6.0},{"damage":0.0,"enemies":"Orb Walker","floor":35.0,"turns":2.0},{"damage":3.0,"enemies":"3 Shapes","floor":39.0,"turns":2.0},{"damage":0.0,"enemies":"Giant Head","floor":40.0,"turns":8.0},{"damage":0.0,"enemies":"Spire Growth","floor":42.0,"turns":5.0},{"damage":0.0,"enemies":"Nightmare","floor":44.0,"turns":6.0},{"damage":0.0,"enemies":"Jaw Worm Horde","floor":46.0,"turns":3.0},{"damage":0.0,"enemies":"Reptomancer","floor":47.0,"turns":3.0},{"damage":0.0,"enemies":"Maw","floor":48.0,"turns":7.0},{"damage":13.0,"enemies":"infinitespire:MassOfShapes","floor":50.0,"turns":6.0},{"damage":0.0,"enemies":"2 Louse","floor":52.0,"turns":2.0},{"damage":0.0,"enemies":"Small Slimes","floor":54.0,"turns":2.0},{"damage":0.0,"enemies":"Cultist","floor":55.0,"turns":2.0},{"damage":0.0,"enemies":"Gremlin Gang","floor":59.0,"turns":1.0},{"damage":0.0,"enemies":"Large Slime","floor":62.0,"turns":4.0},{"damage":17.0,"enemies":"Nightmare","floor":64.0,"turns":10.0},{"damage":0.0,"enemies":"Blue Slaver","floor":65.0,"turns":1.0},{"damage":1.0,"enemies":"Hexaghost","floor":67.0,"turns":5.0},{"damage":0.0,"enemies":"Chosen","floor":69.0,"turns":4.0},{"damage":1.0,"enemies":"Spheric Guardian","floor":72.0,"turns":3.0},{"damage":0.0,"enemies":"Centurion and Healer","floor":73.0,"turns":1.0},{"damage":0.0,"enemies":"Nightmare","floor":76.0,"turns":8.0},{"damage":0.0,"enemies":"Chosen and Byrds","floor":79.0,"turns":2.0},{"damage":0.0,"enemies":"Gremlin Leader","floor":81.0,"turns":3.0},{"damage":1.0,"enemies":"Cultist and Chosen","floor":82.0,"turns":7.0},{"damage":0.0,"enemies":"Champ","floor":84.0,"turns":5.0},{"damage":14.0,"enemies":"3 Darklings","floor":86.0,"turns":4.0},{"damage":0.0,"enemies":"3 Shapes","floor":89.0,"turns":3.0},{"damage":0.0,"enemies":"Transient","floor":90.0,"turns":1.0},{"damage":0.0,"enemies":"Reptomancer","floor":91.0,"turns":2.0},{"damage":0.0,"enemies":"Nightmare","floor":93.0,"turns":11.0},{"damage":0.0,"enemies":"Spire Growth","floor":95.0,"turns":3.0},{"damage":1.0,"enemies":"4 Shapes","floor":97.0,"turns":2.0},{"damage":0.0,"enemies":"Reptomancer","floor":98.0,"turns":3.0},{"damage":0.0,"enemies":"3 Darklings","floor":99.0,"turns":3.0},{"damage":12.0,"enemies":"Awakened One","floor":101.0,"turns":5.0},{"damage":0.0,"enemies":"Jaw Worm","floor":103.0,"turns":1.0},{"damage":0.0,"enemies":"Cultist","floor":104.0,"turns":3.0},{"damage":0.0,"enemies":"2 Louse","floor":105.0,"turns":1.0},{"damage":0,"enemies":"Exordium Wildlife","floor":109,"turns":1},{"damage":0,"enemies":"Red Slaver","floor":110,"turns":2},{"damage":0,"enemies":"Lagavulin","floor":112,"turns":3},{"damage":0,"enemies":"Large Slime","floor":113,"turns":2},{"damage":0,"enemies":"Lots of Slimes","floor":114,"turns":1},{"damage":0,"enemies":"Gremlin Nob","floor":116,"turns":2},{"damage":0,"enemies":"Slime Boss","floor":118,"turns":2},{"damage":0,"enemies":"Spheric Guardian","floor":120,"turns":1},{"damage":0,"enemies":"Shell Parasite","floor":123,"turns":2},{"damage":0,"enemies":"Sentry and Sphere","floor":126,"turns":1},{"damage":0,"enemies":"Slavers","floor":127,"turns":1},{"damage":0,"enemies":"Centurion and Healer","floor":129,"turns":1},{"damage":0,"enemies":"Book of Stabbing","floor":130,"turns":1},{"damage":0,"enemies":"Snake Plant","floor":132,"turns":1},{"damage":0,"enemies":"Shelled Parasite and Fungi","floor":133,"turns":1},{"damage":0,"enemies":"Collector","floor":135,"turns":2},{"damage":0,"enemies":"3 Darklings","floor":137,"turns":1},{"damage":0,"enemies":"Orb Walker","floor":141,"turns":1},{"damage":0,"enemies":"Nemesis","floor":143,"turns":1},{"damage":0,"enemies":"Giant Head","floor":147,"turns":1},{"damage":0,"enemies":"3 Darklings","floor":149,"turns":1},{"damage":0,"enemies":"Nemesis","floor":150,"turns":1},{"damage":0,"enemies":"infinitespire:MassOfShapes","floor":152,"turns":1}],"seed_played":"2404362623511062634","potions_obtained":[{"floor":1.0,"key":"DistilledChaos"},{"floor":14.0,"key":"ColorlessPotion"},{"floor":16.0,"key":"SteroidPotion"},{"floor":18.0,"key":"DuplicationPotion"},{"floor":23.0,"key":"GamblersBrew"},{"floor":35.0,"key":"Ancient Potion"},{"floor":47.0,"key":"PowerPotion"},{"floor":50.0,"key":"SkillPotion"},{"floor":79.0,"key":"SkillPotion"},{"floor":81.0,"key":"Ancient Potion"},{"floor":89.0,"key":"Weak Potion"},{"floor":95.0,"key":"Weak Potion"},{"floor":101.0,"key":"ColorlessPotion"},{"floor":103.0,"key":"Energy Potion"},{"floor":132,"key":"PowerPotion"},{"floor":135,"key":"Swift Potion"}],"is_trial":false,"path_per_floor":["M","M","?","$","?","E","R","E","T","M","R","M","R","E","R","B",null,"M","M","?","?","M","NM","R","AVR","T","R","E","R","?","M","R","B",null,"M","AVR","?","?","M","E","R","M","T","NM","R","M","E","M","R","B",null,"M","$","M","M","T","R","?","M","T","R","M","R","NM","M","R","B",null,"M","?","AVR","M","M","T","R","NM","T","R","M","$","E","M","R","B",null,"M","?","?","M","M","E","R","NM","T","M","T","M","E","M","R","B",null,"M","M","M","$","T","R","M","M","T","E","M","M","T","E","R","B",null,"M","AVR","?","M","?","R","M","E","T","M","E","R","M","M","R","B",null,"M","T","?","?","M","R","E","R","T","AVR","E","R","M","E","R","B",null],"character_chosen":"DEFECT","items_purchased":["Defragment"],"campfire_rested":0,"item_purchase_floors":[4],"current_hp_per_floor":[57,57,50,50,39,39,39,39,39,39,39,39,39,39,39,34,57,57,55,55,55,55,55,55,55,55,55,55,55,55,55,55,55,57,57,57,57,52,49,49,49,49,49,49,49,49,49,49,49,36,57,57,57,57,57,57,57,57,57,57,57,57,57,54,59,59,58,71,71,71,71,70,70,70,70,70,70,70,70,70,70,69,69,69,71,57,57,57,57,57,57,57,62,62,67,67,66,67,67,67,62,67,67,67,67,67,67,67,67,67,67,67,67,67,67,67,67,67,67,67,67,67,67,61,61,61,67,67,67,67,67,67,67,67,67,67,67,67,59,59,67,67,74,74,74,74,74,74,74,74,74,74],"gold":3745,"neow_bonus":"RANDOM_COLORLESS","is_daily":false,"chose_seed":false,"campfire_upgraded":26,"win_rate":0.0,"timestamp":1608045275,"path_taken":["M","M","?","$","?","E","R","E","T","?","R","M","R","E","R","BOSS","M","M","?","?","M","NM","R","AVR","T","R","E","R","?","M","R","BOSS","M","AVR","?","?","M","E","R","M","T","NM","R","M","E","M","R","BOSS","M","$","M","?","?","R","?","M","T","R","?","R","NM","M","R","BOSS","M","?","AVR","M","M","?","R","NM","T","R","?","$","E","M","R","BOSS","M","?","?","M","M","E","R","NM","T","M","?","?","E","M","R","BOSS","M","?","M","$","?","R","M","M","T","E","M","M","?","E","R","BOSS","M","AVR","?","M","?","R","M","E","T","?","E","R","M","M","R","BOSS","M","?","?","?","M","R","E","R","T","AVR","E","R","M","E","R","BOSS"],"items_purchased_type":["Card"],"build_version":"2020-12-13","purchased_purges":1,"victory":true,"max_hp_per_floor":[57,57,57,57,57,57,57,57,57,57,57,57,57,57,57,57,57,57,57,57,57,57,57,57,57,57,57,57,57,57,57,57,57,57,57,57,57,57,57,57,57,57,57,57,57,57,57,57,57,57,57,57,57,57,57,57,57,57,57,57,57,57,57,71,71,71,71,71,71,71,71,71,71,71,71,71,71,71,71,71,71,71,71,71,71,71,71,67,67,67,67,67,67,67,67,67,67,67,67,67,67,67,67,67,67,67,67,67,67,67,67,67,67,67,67,67,67,67,67,67,67,67,67,67,67,67,67,67,67,67,67,67,67,67,67,67,67,67,67,67,67,67,74,74,74,74,74,74,74,74,74,74],"card_choices":[{"not_picked":["Sunder","Ball Lightning","Turbo"],"picked":"SKIP","floor":1.0},{"not_picked":["Storm","Doom and Gloom","Gash"],"picked":"SKIP","floor":2.0},{"not_picked":["Aggregate","Barrage","Beam Cell"],"picked":"SKIP","floor":6.0},{"not_picked":["Doom and Gloom+1","Rip and Tear+1"],"picked":"White Noise","floor":8.0},{"not_picked":["Glacier","Coolheaded"],"picked":"Cold Snap+1","floor":10.0},{"not_picked":["Beam Cell+1","Conserve Battery","Force Field"],"picked":"SKIP","floor":12.0},{"not_picked":["Leap","Darkness"],"picked":"Reprogram","floor":14.0},{"not_picked":["Hyperbeam+1","Reboot"],"picked":"Core Surge+1","floor":16.0},{"not_picked":["Coolheaded","Aggregate"],"picked":"Consume","floor":18.0},{"not_picked":["Chaos","Leap","Auto Shields"],"picked":"SKIP","floor":19.0},{"not_picked":["Compile Driver+1","Gash+1","Stack"],"picked":"SKIP","floor":22.0},{"not_picked":["Lockon+1","Steam","Go for the Eyes+1"],"picked":"SKIP","floor":23.0},{"not_picked":["Fusion","Gash+1","Hologram"],"picked":"SKIP","floor":28.0},{"not_picked":["Stack","Recycle"],"picked":"Double Energy+1","floor":31.0},{"not_picked":["Barrage+1","Turbo+1","Ball Lightning+1"],"picked":"SKIP","floor":35.0},{"not_picked":["Streamline+1","Steam+1"],"picked":"Blizzard+1","floor":39.0},{"not_picked":["Go for the Eyes+1","Redo+1","Streamline+1"],"picked":"SKIP","floor":40.0},{"not_picked":["Go for the Eyes+1","Redo+1","Streamline+1"],"picked":"SKIP","floor":40.0},{"not_picked":["Rip and Tear+1","Static Discharge+1","Creative AI"],"picked":"SKIP","floor":42.0},{"not_picked":["All For One+1","Rip and Tear+1","Meteor Strike+1"],"picked":"SKIP","floor":44.0},{"not_picked":["Leap+1","Cold Snap+1","Genetic Algorithm+1"],"picked":"SKIP","floor":46.0},{"not_picked":["Streamline+1","Beam Cell+1"],"picked":"Heatsinks","floor":47.0},{"not_picked":["Conserve Battery+1","Sunder+1","Ball Lightning+1"],"picked":"SKIP","floor":48.0},{"not_picked":["All For One+1","Electrodynamics"],"picked":"Echo Form","floor":50.0},{"not_picked":["Compile Driver+1","Stack","Fusion"],"picked":"SKIP","floor":52.0},{"not_picked":["Compile Driver+1","Stack","Fusion"],"picked":"SKIP","floor":52.0},{"not_picked":["Tempest","Turbo"],"picked":"Barrage+1","floor":54.0},{"not_picked":["Cold Snap+1","Streamline+1"],"picked":"Glacier","floor":55.0},{"not_picked":["Steam","Hello World"],"picked":"Coolheaded","floor":59.0},{"not_picked":["Steam","Barrage+1"],"picked":"Double Energy","floor":62.0},{"not_picked":["Redo","Stack","Go for the Eyes+1"],"picked":"SKIP","floor":64.0},{"not_picked":["Hello World","Redo"],"picked":"Hologram","floor":65.0},{"not_picked":["Echo Form","Core Surge+1"],"picked":"Buffer","floor":67.0},{"not_picked":["infinitespire:FinalStrike","infinitespire:Punishment"],"picked":"infinitespire:FutureSight","floor":69.0},{"not_picked":["Hologram","Tempest"],"picked":"Heatsinks+1","floor":69.0},{"not_picked":["Hologram","Barrage+1"],"picked":"Skim","floor":72.0},{"not_picked":["Aggregate+1","Conserve Battery"],"picked":"Skim+1","floor":72.0},{"not_picked":["Redo","Stack+1"],"picked":"Conserve Battery+1","floor":73.0},{"not_picked":["Ball Lightning+1","Genetic Algorithm","Stack"],"picked":"SKIP","floor":73.0},{"not_picked":["Reinforced Body","Rebound+1","Turbo"],"picked":"SKIP","floor":76.0},{"not_picked":["Leap","Melter+1","Genetic Algorithm"],"picked":"SKIP","floor":79.0},{"not_picked":["Reprogram+1","Storm+1","Fusion"],"picked":"SKIP","floor":79.0},{"not_picked":["Consume","Ball Lightning+1"],"picked":"Heatsinks","floor":81.0},{"not_picked":["Beam Cell+1","Darkness"],"picked":"Blizzard+1","floor":82.0},{"not_picked":["Compile Driver+1","Machine Learning"],"picked":"Coolheaded","floor":82.0},{"not_picked":["Redo","Cold Snap+1","Sweeping Beam+1"],"picked":"SKIP","floor":86.0},{"not_picked":["Gash+1","Stack+1","Streamline+1"],"picked":"SKIP","floor":86.0},{"not_picked":["Redo+1","Force Field+1"],"picked":"Hologram+1","floor":89.0},{"not_picked":["Stack+1","Rainbow","Leap+1"],"picked":"SKIP","floor":89.0},{"not_picked":["Rebound+1","Hologram+1","Steam"],"picked":"SKIP","floor":90.0},{"not_picked":["Turbo","Cold Snap+1","Barrage+1"],"picked":"SKIP","floor":90.0},{"not_picked":["Stack","Cold Snap+1","Sunder+1"],"picked":"SKIP","floor":91.0},{"not_picked":["infinitespire:Fortify","infinitespire:Gouge"],"picked":"infinitespire:Starlight","floor":93.0},{"not_picked":["Stack","Lockon+1"],"picked":"Self Repair","floor":93.0},{"not_picked":["Self Repair","Steam+1"],"picked":"Fusion+1","floor":95.0},{"not_picked":["Beam Cell+1","Coolheaded+1","Capacitor"],"picked":"SKIP","floor":95.0},{"not_picked":["Go for the Eyes+1","Leap+1"],"picked":"Buffer","floor":97.0},{"not_picked":["Go for the Eyes+1","Sunder+1","Cold Snap+1"],"picked":"SKIP","floor":97.0},{"not_picked":["Coolheaded","Gash+1","Undo+1"],"picked":"SKIP","floor":98.0},{"not_picked":["Coolheaded","Gash+1","Undo+1"],"picked":"SKIP","floor":98.0},{"not_picked":["Redo","Thunder Strike+1"],"picked":"Loop","floor":99.0},{"not_picked":["Hologram+1","Force Field+1"],"picked":"Coolheaded+1","floor":99.0},{"not_picked":["Machine Learning","Thunder Strike+1"],"picked":"Amplify","floor":101.0},{"not_picked":["Purity","PanicButton"],"picked":"Dramatic Entrance","floor":102.0},{"not_picked":["Force Field","Sweeping Beam+1","Go for the Eyes+1"],"picked":"SKIP","floor":103.0},{"not_picked":["Go for the Eyes+1","Auto Shields","Redo"],"picked":"SKIP","floor":103.0},{"not_picked":["BootSequence","Go for the Eyes+1"],"picked":"Double Energy","floor":104.0},{"not_picked":["Ball Lightning+1","Beam Cell+1","Blizzard+1"],"picked":"SKIP","floor":104.0},{"not_picked":["Sweeping Beam+1","Go for the Eyes+1","Static Discharge"],"picked":"SKIP","floor":105.0},{"not_picked":["Meteor Strike+1","Hologram","Lockon+1"],"picked":"SKIP","floor":105.0},{"not_picked":["Fusion","Hello World","FTL+1"],"picked":"SKIP","floor":109},{"not_picked":["Static Discharge","Stack","Compile Driver+1"],"picked":"SKIP","floor":109},{"not_picked":["Hologram","Streamline+1","Coolheaded"],"picked":"SKIP","floor":110},{"not_picked":["Chill","Loop","Capacitor"],"picked":"SKIP","floor":110},{"not_picked":["Beam Cell+1","Glacier","Conserve Battery"],"picked":"SKIP","floor":112},{"not_picked":["Lockon+1","Undo","Barrage+1"],"picked":"SKIP","floor":113},{"not_picked":["Steam","Undo","Static Discharge"],"picked":"SKIP","floor":113},{"not_picked":["Meteor Strike+1","Sweeping Beam+1","Redo"],"picked":"SKIP","floor":114},{"not_picked":["Gash+1","Doom and Gloom+1","Hologram"],"picked":"SKIP","floor":114},{"not_picked":["Turbo","Static Discharge","Streamline+1"],"picked":"SKIP","floor":116},{"not_picked":["Thunder Strike+1","Hyperbeam+1"],"picked":"Reboot","floor":118},{"not_picked":["Conserve Battery","Barrage+1","Storm"],"picked":"SKIP","floor":120},{"not_picked":["Beam Cell+1","Stack","Ball Lightning+1"],"picked":"SKIP","floor":120},{"not_picked":["Scrape+1","Recycle","Turbo+1"],"picked":"SKIP","floor":123},{"not_picked":["Steam","Glacier+1","Double Energy"],"picked":"SKIP","floor":123},{"not_picked":["Rebound+1","Hologram+1"],"picked":"Seek","floor":126},{"not_picked":["Turbo","Coolheaded","Tempest"],"picked":"SKIP","floor":126},{"not_picked":["Redo","Cold Snap+1","Reprogram+1"],"picked":"SKIP","floor":127},{"not_picked":["Go for the Eyes+1","BootSequence"],"picked":"Coolheaded+1","floor":129},{"not_picked":["Chaos","Turbo","Coolheaded"],"picked":"SKIP","floor":129},{"not_picked":["Stack","Consume+1"],"picked":"Defragment","floor":130},{"not_picked":["Rebound+1","Hello World","Stack+1"],"picked":"SKIP","floor":132},{"not_picked":["Heatsinks","Fission","Coolheaded"],"picked":"SKIP","floor":132},{"not_picked":["Rebound+1","Barrage+1","Conserve Battery+1"],"picked":"SKIP","floor":133},{"not_picked":["Recycle","Turbo+1","Redo+1"],"picked":"SKIP","floor":133},{"not_picked":["Creative AI","Seek"],"picked":"Multi-Cast","floor":135},{"not_picked":["Streamline+1","Gash+1","Auto Shields+1"],"picked":"SKIP","floor":137},{"not_picked":["Double Energy","Sweeping Beam+1","Turbo"],"picked":"SKIP","floor":137},{"not_picked":["Go for the Eyes+1","Sweeping Beam+1","Stack+1"],"picked":"SKIP","floor":141},{"not_picked":["Aggregate","Steam Power","Stack+1"],"picked":"SKIP","floor":141},{"not_picked":["Hyperbeam+1","Steam","Turbo"],"picked":"SKIP","floor":143},{"not_picked":["Go for the Eyes+1","Reboot","Self Repair"],"picked":"SKIP","floor":147},{"not_picked":["Redo+1","Aggregate","Fusion"],"picked":"SKIP","floor":149},{"not_picked":["Reprogram+1","Melter+1","Auto Shields"],"picked":"SKIP","floor":149},{"not_picked":["Aggregate","Go for the Eyes+1","Reprogram"],"picked":"SKIP","floor":150}],"player_experience":200066,"relics_obtained":[{"floor":6.0,"key":"Cables"},{"floor":8.0,"key":"Molten Egg 2"},{"floor":9.0,"key":"MawBank"},{"floor":14.0,"key":"infinitespire:SolderingIron"},{"floor":23.0,"key":"Vajra"},{"floor":26.0,"key":"Gremlin Horn"},{"floor":28.0,"key":"Old Coin"},{"floor":40.0,"key":"Pen Nib"},{"floor":43.0,"key":"Torii"},{"floor":44.0,"key":"Orichalcum"},{"floor":47.0,"key":"infinitespire:Freezer"},{"floor":56.0,"key":"Toy Ornithopter"},{"floor":60.0,"key":"infinitespire:Lucky Rock"},{"floor":64.0,"key":"Mango"},{"floor":74.0,"key":"CeramicFish"},{"floor":76.0,"key":"Dream Catcher"},{"floor":77.0,"key":"Lantern"},{"floor":81.0,"key":"Shovel"},{"floor":83.0,"key":"Regal Pillow"},{"floor":91.0,"key":"infinitespire:EmpoweringShard"},{"floor":92.0,"key":"Ornamental Fan"},{"floor":93.0,"key":"infinitespire:PuzzleCube"},{"floor":94.0,"key":"Nunchaku"},{"floor":96.0,"key":"infinitespire:Satchel"},{"floor":98.0,"key":"Art of War"},{"floor":107,"key":"Pantograph"},{"floor":108,"key":"InkBottle"},{"floor":111,"key":"Pocketwatch"},{"floor":112,"key":"Happy Flower"},{"floor":115,"key":"Oddly Smooth Stone"},{"floor":116,"key":"Bag of Marbles"},{"floor":127,"key":"Boot"},{"floor":128,"key":"Bottled Lightning"},{"floor":130,"key":"Bottled Flame"},{"floor":138,"key":"infinitespire:WardingShard"},{"floor":143,"key":"Strawberry"},{"floor":145,"key":"Centennial Puzzle"},{"floor":147,"key":"War Paint"},{"floor":150,"key":"Bag of Preparation"}],"event_choices":[{"damage_healed":0.0,"max_hp_gain":0.0,"max_hp_loss":0.0,"gold_gain":0.0,"event_name":"Scrap Ooze","player_choice":"Success","floor":3.0,"gold_loss":0.0,"damage_taken":7.0,"relics_obtained":["Anchor"]},{"damage_healed":0.0,"max_hp_gain":0.0,"max_hp_loss":0.0,"gold_gain":75.0,"event_name":"World of Goop","player_choice":"Gather Gold","floor":5.0,"gold_loss":0.0,"damage_taken":11.0},{"damage_healed":0.0,"max_hp_gain":0.0,"max_hp_loss":0.0,"gold_gain":0.0,"event_name":"The Mausoleum","player_choice":"Ignored","floor":20.0,"gold_loss":0.0,"damage_taken":0.0},{"cards_removed":["Reprogram"],"damage_healed":0.0,"max_hp_gain":0.0,"max_hp_loss":0.0,"gold_gain":0.0,"event_name":"Back to Basics","player_choice":"Elegance","floor":21.0,"gold_loss":0.0,"damage_taken":0.0},{"damage_healed":0.0,"max_hp_gain":0.0,"max_hp_loss":0.0,"gold_gain":0.0,"event_name":"The Library","player_choice":"Read","floor":30.0,"gold_loss":0.0,"damage_taken":0.0,"cards_obtained":["Coolheaded"]},{"cards_removed":["Blizzard"],"damage_healed":0.0,"max_hp_gain":0.0,"max_hp_loss":0.0,"gold_gain":0.0,"event_name":"Falling","player_choice":"Removed Attack","floor":37.0,"gold_loss":0.0,"damage_taken":0.0},{"damage_healed":0.0,"max_hp_gain":0.0,"max_hp_loss":0.0,"gold_gain":0.0,"event_name":"Wheel of Change","player_choice":"Damaged","floor":38.0,"gold_loss":0.0,"damage_taken":5.0},{"damage_healed":0.0,"max_hp_gain":0.0,"max_hp_loss":0.0,"gold_gain":0.0,"event_name":"Accursed Blacksmith","player_choice":"Forge","floor":58.0,"gold_loss":0.0,"damage_taken":0.0,"cards_upgraded":["Glacier"]},{"damage_healed":0.0,"max_hp_gain":0.0,"max_hp_loss":0.0,"gold_gain":0.0,"event_name":"Addict","player_choice":"Obtained Relic","floor":70.0,"gold_loss":85.0,"damage_taken":0.0,"relics_obtained":["Prayer Wheel"]},{"cards_removed":["Coolheaded"],"damage_healed":0.0,"max_hp_gain":0.0,"max_hp_loss":0.0,"gold_gain":0.0,"event_name":"Falling","player_choice":"Removed Skill","floor":87.0,"gold_loss":0.0,"damage_taken":0.0},{"damage_healed":0.0,"max_hp_gain":0.0,"max_hp_loss":4.0,"gold_gain":0.0,"event_name":"Winding Halls","player_choice":"Max HP","floor":88.0,"gold_loss":0.0,"damage_taken":0.0},{"damage_healed":0,"gold_gain":0,"player_choice":"Ignored","damage_taken":0,"max_hp_gain":0,"max_hp_loss":0,"event_name":"Vampires","floor":122,"gold_loss":0},{"damage_healed":0,"gold_gain":0,"player_choice":"","damage_taken":6,"max_hp_gain":0,"max_hp_loss":0,"event_name":"Knowing Skull","floor":124,"potions_obtained":[],"gold_loss":0,"cards_obtained":[]},{"damage_healed":0,"gold_gain":0,"player_choice":"Embrace Madness","damage_taken":8,"max_hp_gain":0,"max_hp_loss":0,"event_name":"Winding Halls","floor":139,"gold_loss":0,"cards_obtained":["Madness","Madness"]},{"damage_healed":0,"gold_gain":0,"player_choice":"Upgraded","damage_taken":0,"max_hp_gain":0,"max_hp_loss":0,"event_name":"Upgrade Shrine","floor":140,"gold_loss":0,"cards_upgraded":["Multi-Cast"]}],"is_beta":false,"boss_relics":[{"not_picked":["Coffee Dripper","Busted Crown"],"picked":"SlaversCollar"},{"not_picked":["Calling Bell","Pandora\u0027s Box"],"picked":"Nuclear Battery"},{"not_picked":["Runic Pyramid","FrozenCore"],"picked":"Inserter"},{"not_picked":["Snecko Eye","Tiny House"],"picked":"FrozenCore"},{"not_picked":["Sozu","Coffee Dripper"],"picked":"Empty Cage"},{"not_picked":["Pandora\u0027s Box","Astrolabe"],"picked":"infinitespire:Cupcake"},{"not_picked":["Runic Pyramid","Snecko Eye","Coffee Dripper"]},{"not_picked":["Sozu","Runic Dome","Velvet Choker"]}],"items_purged_floors":[121],"is_endless":false,"potions_floor_spawned":[1,14,16,18,22,23,28,35,40,42,47,50,55,59,62,79,81,82,84,89,95,97,99,101,103,113,114,123,132,133,135,141,143,149,150],"ascension_level":1}}