{"host":"og6lam4kt3nibbw0","time":1608056761,"event":{"mods":["AchievementEnabler","BaseMod","Colored Map","DeckTracker","Highlight Path","Keyboard Shortcuts","Minty Spire (QoL Compilation)","Permanent Neow","Quick Restart","StSLib","SuperFastMode"],"gold_per_floor":[119,36,36,1,21,46,46,66,137,137,147,147,174,189,189,189,189],"floor_reached":16,"playtime":857,"items_purged":[],"score":270,"play_id":"05160c8d-3fe7-4cbf-b4d0-9727080d7ba2","local_time":"20201216032601","is_ascension_mode":true,"campfire_choices":[{"data":"Acrobatics","floor":10.0,"key":"SMITH"},{"floor":12,"key":"RECALL"},{"data":"After Image","floor":15,"key":"SMITH"}],"circlet_count":0,"master_deck":["AscendersBane","Strike_G","Strike_G","Strike_G","Strike_G","Defend_G","Defend_G","Defend_G","Defend_G","Defend_G","Survivor","Neutralize","Grand Finale","Acrobatics+1","Well Laid Plans","Prepared+1","After Image+1","Acrobatics+1"],"relics":["Ring of the Snake","Juzu Bracelet","Toxic Egg 2","Kunai"],"acts_visited":["Exordium"],"potions_floor_usage":[],"damage_taken":[{"damage":9.0,"enemies":"2 Louse","floor":1.0,"turns":4.0},{"damage":3.0,"enemies":"Jaw Worm","floor":5.0,"turns":6.0},{"damage":3.0,"enemies":"Gremlin Nob","floor":6.0,"turns":3.0},{"damage":6.0,"enemies":"Small Slimes","floor":8.0,"turns":6.0},{"damage":6,"enemies":"Looter","floor":11,"turns":4},{"damage":0,"enemies":"3 Sentries","floor":13,"turns":2},{"damage":1,"enemies":"Blue Slaver","floor":14,"turns":4},{"damage":42,"enemies":"Hexaghost","floor":16,"turns":11}],"seed_played":"6141080257004698714","potions_obtained":[{"floor":5.0,"key":"SteroidPotion"},{"floor":6.0,"key":"Weak Potion"},{"floor":8.0,"key":"Energy Potion"}],"is_trial":false,"path_per_floor":["M","$","?","?","M","E","$","M","T","R","M","R","E","M","R","B"],"character_chosen":"THE_SILENT","items_purchased":["Well Laid Plans"],"campfire_rested":0,"item_purchase_floors":[2],"current_hp_per_floor":[50,50,43,59,56,53,53,47,47,47,41,41,41,40,40,0,0],"gold":189,"neow_bonus":"ONE_RANDOM_RARE_CARD","is_daily":false,"chose_seed":true,"campfire_upgraded":2,"win_rate":0.0,"timestamp":1608056761,"path_taken":["M","$","?","?","M","E","?","M","T","R","M","R","E","M","R","BOSS"],"items_purchased_type":["Card"],"build_version":"2020-12-13","purchased_purges":0,"victory":false,"max_hp_per_floor":[66,66,66,66,66,66,66,66,66,66,66,66,66,66,66,66,66],"card_choices":[{"not_picked":["Slice","Cloak And Dagger"],"picked":"Acrobatics","floor":1.0},{"not_picked":["Quick Slash","Bouncing Flask","Skewer"],"picked":"SKIP","floor":5.0},{"not_picked":["Noxious Fumes","Poisoned Stab","Expertise"],"picked":"SKIP","floor":6.0},{"not_picked":["Blade Dance","Dagger Spray","PiercingWail"],"picked":"SKIP","floor":8.0},{"not_picked":["Terror+1","Underhanded Strike"],"picked":"Prepared+1","floor":11},{"not_picked":["Backflip+1","Skewer"],"picked":"After Image","floor":13},{"not_picked":["Dodge and Roll+1","Flying Knee"],"picked":"Acrobatics+1","floor":14}],"player_experience":763500,"relics_obtained":[{"floor":6.0,"key":"Juzu Bracelet"},{"floor":9.0,"key":"Toxic Egg 2"},{"floor":13,"key":"Kunai"}],"event_choices":[{"cards_removed":["Strike_G"],"damage_healed":0.0,"max_hp_gain":0.0,"max_hp_loss":0.0,"gold_gain":0.0,"event_name":"Golden Wing","player_choice":"Card Removal","floor":3.0,"gold_loss":0.0,"damage_taken":7.0},{"damage_healed":16.0,"max_hp_gain":0.0,"max_hp_loss":0.0,"gold_gain":0.0,"event_name":"The Cleric","player_choice":"Healed","floor":4.0,"gold_loss":35.0,"damage_taken":0.0}],"is_beta":false,"boss_relics":[],"items_purged_floors":[],"is_endless":false,"potions_floor_spawned":[5,6,8,11],"killed_by":"Hexaghost","ascension_level":20}}