{"host":"kh6fvhxn285ncg0o","time":1608073384,"event":{"mods":["Act Like it!","BaseMod","Colored Map","Friendly Minions","Keyboard Shortcuts","Minty Spire (QoL Compilation)","Quick Restart","Relic Stats","StSLib","SuperFastMode"],"gold_per_floor":[114,74,93,93,110,110,135,162,217,235,270,270,281,315,315,389,389,406,418,428,343,343,343,371,371,371,116,133,164,175,204,204,282,282,295,305,305,195,205,240,240,268,347,376,389,413,427,320,320,320,320,320,320,28,54,54],"floor_reached":57,"playtime":2255,"items_purged":["Heavy Blade","Bash","Feel No Pain"],"score":3669,"play_id":"56150d8e-2be4-48b2-b227-b67838708811","local_time":"20201216080304","is_ascension_mode":true,"campfire_choices":[{"data":"Carnage","floor":6.0,"key":"SMITH"},{"data":"Juggernaut","floor":15.0,"key":"SMITH"},{"data":"Offering","floor":23.0,"key":"SMITH"},{"data":"Entrench","floor":32.0,"key":"SMITH"},{"data":"Feel No Pain","floor":41,"key":"SMITH"},{"floor":49,"key":"RECALL"},{"data":"Burning Pact","floor":53,"key":"SMITH"}],"circlet_count":0,"master_deck":["AscendersBane","Burning Pact+1","Carnage+1","Juggernaut+1","Offering+1","Feed","Feel No Pain+1","Seeing Red","Thunderclap","Barricade","Reaper","Flame Barrier+1","Second Wind","True Grit+1","Evolve","Necronomicurse","Battle Trance","Flash of Steel","Entrench+1","Power Through+1","Disarm","Body Slam","Dark Embrace"],"relics":["Burning Blood","Orichalcum","Nunchaku","Thread and Needle","Singing Bowl","Akabeko","Pandora\u0027s Box","Mummified Hand","Matryoshka","Necronomicon","Toy Ornithopter","Prayer Wheel","Omamori","Bag of Preparation","Coffee Dripper","Self Forming Clay","Sundial","CeramicFish","The Courier","MealTicket","Blood Vial","Unceasing Top"],"acts_visited":["Exordium","TheCity","TheBeyond","TheEnding"],"potions_floor_usage":[33,42,54,55,56,56],"damage_taken":[{"damage":2.0,"enemies":"2 Louse","floor":1.0,"turns":4.0},{"damage":1.0,"enemies":"Cultist","floor":3.0,"turns":3.0},{"damage":12.0,"enemies":"Jaw Worm","floor":5.0,"turns":3.0},{"damage":12.0,"enemies":"3 Sentries","floor":8.0,"turns":6.0},{"damage":22.0,"enemies":"Gremlin Gang","floor":10.0,"turns":6.0},{"damage":2.0,"enemies":"Gremlin Nob","floor":11.0,"turns":3.0},{"damage":11.0,"enemies":"Exordium Thugs","floor":13.0,"turns":5.0},{"damage":0.0,"enemies":"3 Sentries","floor":14.0,"turns":8.0},{"damage":25.0,"enemies":"Hexaghost","floor":16.0,"turns":8.0},{"damage":6.0,"enemies":"Chosen","floor":18.0,"turns":2.0},{"damage":6.0,"enemies":"Spheric Guardian","floor":19.0,"turns":4.0},{"damage":6.0,"enemies":"Shelled Parasite and Fungi","floor":20.0,"turns":4.0},{"damage":19.0,"enemies":"Book of Stabbing","floor":24.0,"turns":3.0},{"damage":26.0,"enemies":"Snake Plant","floor":28.0,"turns":4.0},{"damage":11.0,"enemies":"Gremlin Leader","floor":29.0,"turns":5.0},{"damage":6.0,"enemies":"Sentry and Sphere","floor":30.0,"turns":3.0},{"damage":25.0,"enemies":"Slavers","floor":31.0,"turns":3.0},{"damage":6,"enemies":"Champ","floor":33,"turns":10},{"damage":6,"enemies":"3 Darklings","floor":35,"turns":6},{"damage":6,"enemies":"Orb Walker","floor":36,"turns":3},{"damage":6,"enemies":"3 Darklings","floor":39,"turns":5},{"damage":6,"enemies":"Giant Head","floor":40,"turns":10},{"damage":6,"enemies":"Nemesis","floor":42,"turns":3},{"damage":0,"enemies":"Giant Head","floor":44,"turns":8},{"damage":26,"enemies":"Spire Growth","floor":45,"turns":5},{"damage":27,"enemies":"Transient","floor":46,"turns":6},{"damage":17,"enemies":"Writhing Mass","floor":47,"turns":4},{"damage":6,"enemies":"Time Eater","floor":50,"turns":5},{"damage":6,"enemies":"Awakened One","floor":51,"turns":8},{"damage":6,"enemies":"Shield and Spear","floor":55,"turns":2},{"damage":35,"enemies":"The Heart","floor":56,"turns":7}],"seed_played":"6721851966218960752","potions_obtained":[{"floor":2.0,"key":"Swift Potion"},{"floor":2.0,"key":"HeartOfIron"},{"floor":5.0,"key":"Strength Potion"},{"floor":8.0,"key":"PowerPotion"},{"floor":14.0,"key":"Dexterity Potion"},{"floor":16.0,"key":"PowerPotion"},{"floor":19.0,"key":"ColorlessPotion"},{"floor":29.0,"key":"SmokeBomb"},{"floor":31.0,"key":"DistilledChaos"},{"floor":33,"key":"Block Potion"},{"floor":45,"key":"ColorlessPotion"},{"floor":47,"key":"EntropicBrew"},{"floor":55,"key":"EssenceOfSteel"}],"is_trial":false,"path_per_floor":["M","?","M","?","M","R","T","E","T","M","E","?","M","E","R","B",null,"M","M","M","?","?","R","E","?","T","$","M","E","M","E","R","B",null,"M","M","?","?","M","E","R","E","T","E","M","M","M","$","R","B","B",null,"R","$","E","B",null],"character_chosen":"IRONCLAD","items_purchased":["Battle Trance","Flash of Steel","Dark Embrace","Blood Vial","ElixirPotion"],"campfire_rested":0,"item_purchase_floors":[27,27,48,54,54],"current_hp_per_floor":[72,72,75,75,69,69,69,63,63,47,51,51,48,54,54,35,67,70,70,73,73,73,73,68,47,47,47,42,73,80,78,78,92,101,108,112,112,112,116,121,121,121,121,123,110,103,108,123,123,138,141,142,142,142,144,121],"gold":54,"neow_bonus":"TRANSFORM_CARD","is_daily":false,"chose_seed":false,"campfire_upgraded":6,"win_rate":0.0,"timestamp":1608073384,"path_taken":["M","?","?","?","?","R","?","E","T","M","E","?","M","E","R","BOSS","M","?","M","?","?","R","E","?","T","?","M","E","M","E","R","BOSS","M","M","?","?","M","E","R","E","T","E","?","M","?","$","R","BOSS","BOSS","R","$","E","BOSS"],"items_purchased_type":["Card","Card","Card","Relic","Potion"],"build_version":"2020-12-13","purchased_purges":3,"victory":true,"max_hp_per_floor":[75,75,75,75,75,75,75,75,75,75,75,75,77,77,77,77,77,80,80,83,83,83,83,85,85,85,85,87,87,94,99,99,104,104,108,112,112,112,116,121,121,121,121,123,130,132,136,136,136,139,142,142,142,142,144,144],"relic_stats":{"Singing Bowl":42,"counters":[31,156],"Self Forming Clay":[45],"CeramicFish":18,"Bag of Preparation":[28],"Orichalcum":[192],"Burning Blood":154,"Blood Vial":0,"Nunchaku":[23],"Mummified Hand":[132],"Sundial":[42],"Pandora\u0027s Box":["Feel No Pain","Feel No Pain","Heavy Blade","Seeing Red","Thunderclap","Barricade","Reaper"],"Prayer Wheel":8,"MealTicket":15,"Necronomicon":[26],"obtain_stats":[{"Singing Bowl":12,"Self Forming Clay":40,"CeramicFish":43,"Thread and Needle":11,"The Courier":43,"Omamori":29,"Bag of Preparation":31,"Orichalcum":7,"Burning Blood":0,"Akabeko":14,"Blood Vial":54,"Nunchaku":8,"Matryoshka":24,"Mummified Hand":21,"Sundial":42,"Pandora\u0027s Box":17,"Prayer Wheel":26,"MealTicket":44,"Necronomicon":25,"Coffee Dripper":34,"Toy Ornithopter":26,"Unceasing Top":55},{"Singing Bowl":6,"Self Forming Clay":22,"CeramicFish":23,"Thread and Needle":6,"The Courier":23,"Omamori":15,"Bag of Preparation":17,"Orichalcum":3,"Burning Blood":0,"Akabeko":8,"Blood Vial":29,"Nunchaku":4,"Matryoshka":13,"Mummified Hand":12,"Sundial":23,"Pandora\u0027s Box":9,"Prayer Wheel":13,"MealTicket":24,"Necronomicon":13,"Coffee Dripper":18,"Toy Ornithopter":13,"Unceasing Top":30},{"Singing Bowl":25,"Self Forming Clay":108,"CeramicFish":111,"Thread and Needle":25,"The Courier":111,"Omamori":68,"Bag of Preparation":74,"Orichalcum":10,"Burning Blood":0,"Akabeko":38,"Blood Vial":147,"Nunchaku":16,"Matryoshka":59,"Mummified Hand":56,"Sundial":111,"Pandora\u0027s Box":46,"Prayer Wheel":59,"MealTicket":119,"Necronomicon":59,"Coffee Dripper":84,"Toy Ornithopter":59,"Unceasing Top":149}],"Toy Ornithopter":5,"Unceasing Top":[0]},"card_choices":[{"not_picked":["Headbutt","Iron Wave"],"picked":"Burning Pact","floor":1.0},{"not_picked":["Havoc","Bloodletting"],"picked":"Carnage","floor":3.0},{"not_picked":["Wild Strike","Headbutt","Uppercut"],"picked":"SKIP","floor":5.0},{"not_picked":["Twin Strike","Wild Strike","Flame Barrier"],"picked":"SKIP","floor":8.0},{"not_picked":["Reckless Charge","Warcry","True Grit"],"picked":"SKIP","floor":10.0},{"not_picked":["Infernal Blade","Rupture"],"picked":"Juggernaut","floor":11.0},{"not_picked":["Twin Strike","Burning Pact","Spot Weakness"],"picked":"Singing Bowl","floor":13.0},{"not_picked":["Shrug It Off","Flame Barrier"],"picked":"Offering","floor":14.0},{"not_picked":["Double Tap","Bludgeon"],"picked":"Feed","floor":16.0},{"not_picked":["Whirlwind","Iron Wave"],"picked":"Flame Barrier+1","floor":18.0},{"not_picked":["Fire Breathing","Dropkick"],"picked":"Second Wind","floor":19.0},{"not_picked":["Pommel Strike","Hemokinesis"],"picked":"True Grit+1","floor":20.0},{"not_picked":["Sword Boomerang","Inflame","Wild Strike"],"picked":"Singing Bowl","floor":24.0},{"not_picked":["Clothesline","Perfected Strike"],"picked":"Entrench","floor":28.0},{"not_picked":["Flame Barrier","Clothesline+1","Second Wind"],"picked":"Singing Bowl","floor":28.0},{"not_picked":["Whirlwind","Pommel Strike"],"picked":"Power Through","floor":29.0},{"not_picked":["Wild Strike","Perfected Strike","Clash"],"picked":"Singing Bowl","floor":30.0},{"not_picked":["Thunderclap","True Grit","Carnage+1"],"picked":"Singing Bowl","floor":30.0},{"not_picked":["Infernal Blade","Offering","Seeing Red"],"picked":"Singing Bowl","floor":31.0},{"not_picked":["Feed","Bludgeon","Immolate"],"picked":"Singing Bowl","floor":33},{"not_picked":["Thunderclap","True Grit+1","Havoc"],"picked":"Singing Bowl","floor":35},{"not_picked":["True Grit","Clothesline+1","Wild Strike"],"picked":"Singing Bowl","floor":35},{"not_picked":["Havoc","Anger","Entrench"],"picked":"Singing Bowl","floor":36},{"not_picked":["Berserk","Thunderclap+1","Cleave"],"picked":"Singing Bowl","floor":36},{"not_picked":["Armaments","Iron Wave+1","Metallicize"],"picked":"Singing Bowl","floor":39},{"not_picked":["True Grit","Reckless Charge","Clash"],"picked":"Singing Bowl","floor":39},{"not_picked":["Shrug It Off","Cleave+1","Metallicize+1"],"picked":"Singing Bowl","floor":40},{"not_picked":["Dropkick","Intimidate"],"picked":"Disarm","floor":42},{"not_picked":["Clothesline+1","Thunderclap","Infernal Blade"],"picked":"Singing Bowl","floor":44},{"not_picked":["Shrug It Off","Rupture","Sword Boomerang+1"],"picked":"Singing Bowl","floor":45},{"not_picked":["Uppercut","Disarm","Hemokinesis"],"picked":"Singing Bowl","floor":45},{"not_picked":["Reaper","Sword Boomerang"],"picked":"Body Slam","floor":46},{"not_picked":["Feel No Pain","Havoc","Wild Strike"],"picked":"Singing Bowl","floor":46},{"not_picked":["Twin Strike+1","Warcry","Shrug It Off"],"picked":"Singing Bowl","floor":47},{"not_picked":["Carnage","Thunderclap","Spot Weakness+1"],"picked":"Singing Bowl","floor":47},{"not_picked":["Inflame","Barricade","Heavy Blade"],"picked":"Singing Bowl","floor":55}],"player_experience":3181698,"relics_obtained":[{"floor":7.0,"key":"Orichalcum"},{"floor":8.0,"key":"Nunchaku"},{"floor":11.0,"key":"Thread and Needle"},{"floor":14.0,"key":"Akabeko"},{"floor":24.0,"key":"Matryoshka"},{"floor":25.0,"key":"Necronomicon"},{"floor":26.0,"key":"Toy Ornithopter"},{"floor":26.0,"key":"Prayer Wheel"},{"floor":29.0,"key":"Omamori"},{"floor":31.0,"key":"Bag of Preparation"},{"floor":40,"key":"Self Forming Clay"},{"floor":42,"key":"Sundial"},{"floor":43,"key":"CeramicFish"},{"floor":43,"key":"The Courier"},{"floor":44,"key":"MealTicket"},{"floor":55,"key":"Unceasing Top"}],"event_choices":[{"damage_healed":0.0,"max_hp_gain":0.0,"max_hp_loss":0.0,"gold_gain":0.0,"event_name":"The Woman in Blue","player_choice":"Bought 3 Potions","floor":2.0,"gold_loss":0.0,"damage_taken":0.0},{"cards_removed":["Strike_R"],"damage_healed":0.0,"max_hp_gain":0.0,"max_hp_loss":0.0,"gold_gain":0.0,"event_name":"Bonfire Elementals","player_choice":"Offered Basic","floor":4.0,"gold_loss":0.0,"damage_taken":0.0},{"damage_healed":0.0,"max_hp_gain":0.0,"max_hp_loss":0.0,"gold_gain":0.0,"event_name":"WeMeetAgain","player_choice":"Gave Potion","floor":12.0,"gold_loss":0.0,"damage_taken":0.0,"relics_obtained":["Singing Bowl"]},{"damage_healed":0.0,"max_hp_gain":0.0,"max_hp_loss":0.0,"gold_gain":0.0,"event_name":"Addict","player_choice":"Obtained Relic","floor":21.0,"gold_loss":85.0,"damage_taken":0.0,"relics_obtained":["Mummified Hand"]},{"damage_healed":0.0,"max_hp_gain":0.0,"max_hp_loss":0.0,"gold_gain":0.0,"event_name":"The Library","player_choice":"Read","floor":22.0,"gold_loss":0.0,"damage_taken":0.0,"cards_obtained":["Evolve"]},{"damage_healed":0.0,"max_hp_gain":0.0,"max_hp_loss":0.0,"gold_gain":0.0,"event_name":"Cursed Tome","player_choice":"Obtained Book","floor":25.0,"gold_loss":0.0,"damage_taken":21.0},{"damage_healed":0,"gold_gain":0,"player_choice":"Ignored","damage_taken":0,"max_hp_gain":0,"max_hp_loss":0,"event_name":"Tomb of Lord Red Mask","floor":37,"gold_loss":0},{"cards_removed":["Anger"],"damage_healed":0,"gold_gain":0,"player_choice":"Upgrade and Remove","damage_taken":0,"max_hp_gain":0,"max_hp_loss":0,"event_name":"Designer","floor":38,"gold_loss":110,"cards_upgraded":["Power Through"]}],"is_beta":false,"boss_relics":[{"not_picked":["Runic Cube","Astrolabe"],"picked":"Pandora\u0027s Box"},{"not_picked":["Empty Cage","Snecko Eye"],"picked":"Coffee Dripper"}],"items_purged_floors":[27,48,54],"is_endless":false,"potions_floor_spawned":[3,5,8,14,16,19,29,31,33,35,45,46,47,55],"ascension_level":20}}