{"host":"wukocnei7dgudpva","time":1608024671,"event":{"mods":["AchievementEnabler","BaseMod","Colored Map","Minty Spire (QoL Compilation)","StSLib","SuperFastMode"],"gold_per_floor":[119,135,147,164,178,178,178,178,178,178,199,199,47,65,65,65,65],"floor_reached":16,"playtime":1391,"items_purged":["Defend_P"],"score":94,"play_id":"cf71a9e2-285b-4645-96c1-3d559581ad4c","local_time":"20201215183111","is_ascension_mode":false,"campfire_choices":[{"data":"Eruption","floor":6,"key":"SMITH"},{"floor":10,"key":"REST"},{"floor":15,"key":"REST"}],"circlet_count":0,"master_deck":["Strike_P","Strike_P","Strike_P","Defend_P","Defend_P","Defend_P","Eruption+1","Vigilance"],"relics":["PureWater","Golden Idol","Prayer Wheel","Pantograph"],"acts_visited":["Exordium"],"potions_floor_usage":[5,14,14,16],"damage_taken":[{"damage":0,"enemies":"Cultist","floor":1,"turns":4},{"damage":0,"enemies":"Small Slimes","floor":2,"turns":4},{"damage":2,"enemies":"2 Louse","floor":3,"turns":2},{"damage":2,"enemies":"Blue Slaver","floor":4,"turns":5},{"damage":19,"enemies":"Exordium Thugs","floor":5,"turns":4},{"damage":3,"enemies":"2 Fungi Beasts","floor":11,"turns":4},{"damage":20,"enemies":"Lots of Slimes","floor":14,"turns":7},{"damage":88,"enemies":"Hexaghost","floor":16,"turns":11}],"seed_played":"-7348295164270924637","potions_obtained":[{"floor":1,"key":"Ambrosia"},{"floor":3,"key":"Fire Potion"},{"floor":5,"key":"GamblersBrew"},{"floor":14,"key":"Fruit Juice"}],"is_trial":false,"path_per_floor":["M","M","M","M","M","R","?","?","T","R","M","?","$","M","R","B"],"character_chosen":"WATCHER","items_purchased":["Regen Potion"],"campfire_rested":2,"item_purchase_floors":[13],"current_hp_per_floor":[79,79,77,75,56,56,56,37,37,60,57,32,32,32,57,0,0],"gold":65,"neow_bonus":"TEN_PERCENT_HP_BONUS","is_daily":false,"chose_seed":false,"campfire_upgraded":1,"win_rate":0.0,"timestamp":1608024671,"path_taken":["M","M","M","?","M","R","?","?","T","R","M","?","?","M","R","BOSS"],"items_purchased_type":["Potion"],"build_version":"2020-12-13","purchased_purges":1,"victory":false,"max_hp_per_floor":[79,79,79,79,79,79,79,79,79,79,79,79,79,84,84,84,84],"card_choices":[{"not_picked":["ForeignInfluence","SandsOfTime","Wallop"],"picked":"SKIP","floor":1},{"not_picked":["Crescendo","CutThroughFate","Tantrum"],"picked":"SKIP","floor":2},{"not_picked":["Prostrate","SashWhip","WheelKick"],"picked":"SKIP","floor":3},{"not_picked":["EmptyFist","WheelKick","Weave"],"picked":"SKIP","floor":4},{"not_picked":["ThirdEye","CarveReality","Perseverance"],"picked":"SKIP","floor":5},{"not_picked":["FlyingSleeves","WindmillStrike","Nirvana"],"picked":"SKIP","floor":11},{"not_picked":["ReachHeaven","PathToVictory","Meditate"],"picked":"SKIP","floor":11},{"not_picked":["Weave","PathToVictory","BowlingBash"],"picked":"SKIP","floor":14},{"not_picked":["Prostrate","CutThroughFate","CrushJoints"],"picked":"SKIP","floor":14}],"player_experience":234687,"relics_obtained":[{"floor":9,"key":"Prayer Wheel"}],"event_choices":[{"cards_removed":["Strike_P"],"damage_healed":0,"gold_gain":0,"player_choice":"Forget","damage_taken":0,"max_hp_gain":0,"max_hp_loss":0,"event_name":"Living Wall","floor":7,"gold_loss":0},{"damage_healed":0,"gold_gain":0,"player_choice":"Take Damage","damage_taken":19,"relics_obtained":["Golden Idol"],"max_hp_gain":0,"max_hp_loss":0,"event_name":"Golden Idol","floor":8,"gold_loss":0},{"damage_healed":0,"gold_gain":0,"player_choice":"Success","damage_taken":25,"relics_obtained":["Pantograph"],"max_hp_gain":0,"max_hp_loss":0,"event_name":"Scrap Ooze","floor":12,"gold_loss":0}],"is_beta":false,"boss_relics":[],"items_purged_floors":[13],"is_endless":false,"potions_floor_spawned":[1,3,5,14],"killed_by":"Hexaghost","ascension_level":0}}