{"host":"sst22apzgpn07t8v","time":1608042059,"event":{"mods":["Act Like it!","BaseMod","Downfall","Hallownest","HololiveMod","Lobotomy","LobotomyExtend","Minty Spire (QoL Compilation)","Replay The Spire","Shop Mod","StSLib"],"gold_per_floor":[66,83,95,95,20,20,20,34,34,34,45,65,165,178,195,293,393,393,493,513,532,532,532,532,532,558,558,576,576,591,424,439,536,536,761,779,795,847,898,898,898,898,898,898,914,932,952,962,980,980],"floor_reached":51,"playtime":3336,"items_purged":[],"score":1013,"play_id":"1c761f79-4b08-4399-9dc9-c64165b31eb2","local_time":"20201215222059","is_ascension_mode":false,"campfire_choices":[{"floor":1,"key":"RECALL"},{"data":"Hololive_CallShiroganeNoel","floor":5,"key":"SMITH"},{"data":"Hololive_CallYogiri","floor":10,"key":"SMITH"},{"floor":18,"key":"DIG"},{"data":"Hololive_DDD","floor":25,"key":"SMITH"},{"data":"Hololive_CallTokinoSora","floor":27,"key":"SMITH"},{"data":"Hololive_CallHoshimachiSuisei","floor":35,"key":"SMITH"},{"data":"Hololive_CallYozoraMel","floor":40,"key":"SMITH"},{"data":"Hololive_CallRoboco","floor":42,"key":"SMITH"},{"data":"Hololive_CallHimemoriLuna","floor":44,"key":"SMITH"}],"circlet_count":0,"master_deck":["Hololive_CallHoushouMarine","Hololive_CallShiroganeNoel+1","Hololive_CallUruhaRushia","Hololive_CallShiranuiFlare","Hololive_CallUsadaPekora","Hololive_StrengthChampion","Hololive_Defend+1","Hololive_FlyingPonyTail+1","Hololive_CocoNews","Hololive_CallYogiri+1","Hololive_OvertimeWork","expansioncontent:SlimeTackle","Hololive_CocoNews","Hololive_Nanodesu","Hololive_CocoNews","Hololive_Breathe","Hololive_DDD+1","Hololive_CallMurasakiShion","Hololive_CallTokinoSora+1","Slimebound:Tackle+1","Slimebound:Tackle+1","Slimebound:Tackle+1","Hololive_CallShirakamiFubuki","Hololive_CocoNews","Hololive_CocoNews+1","RitualDagger","Hololive_CallHimemoriLuna+1","Hololive_MaximGun","Hololive_LuckPotion+1","Hololive_CallYozoraMel+1","Hololive_CallNekomataOkayu","Hololive_CallMinatoAqua","Hololive_CallHoshimachiSuisei+1","Hololive_CallKiryuuCoco","Hololive_HighAtkLowDef","Hololive_CocoNews+1","Hololive_FlyingPonyTail+1","Hololive_CocoNews","Hololive_AWSL","Hololive_CallRoboco+1","Hololive_Breathe","Hololive_Breathe","Hololive_CallAkaiHaato","Hololive_Breathe","Hololive_CallSpadeEcho+1","Hololive_CocoNews+1","Hololive_CallInugamiKorone+1"],"relics":["Hololive_TheStar","Pocketwatch","downfall:HeartBlessingRed","Replay:Wanted Poster","Blood Vial","downfall:GremlinWheel","Shuriken","War Paint","Orrery","ChewingGum","downfall:HeartBlessingBlue","Thread and Needle","Toolbox","Mirror"],"acts_visited":["Exordium","TheCity","TheBeyond"],"potions_floor_usage":[51],"damage_taken":[{"damage":0,"enemies":"Jaw Worm","floor":2,"turns":2},{"damage":0,"enemies":"Cultist","floor":3,"turns":3},{"damage":0,"enemies":"2 Louse","floor":8,"turns":1},{"damage":0,"enemies":"Lots of Slimes","floor":11,"turns":3},{"damage":0,"enemies":"3 Louse","floor":12,"turns":2},{"damage":0,"enemies":"Exordium Thugs","floor":14,"turns":2},{"damage":0,"enemies":"2 Fungi Beasts","floor":15,"turns":2},{"damage":0,"enemies":"downfall:Watcher","floor":16,"turns":4},{"damage":0,"enemies":"downfall:Watcher","floor":19,"turns":2},{"damage":0,"enemies":"3 Byrds","floor":20,"turns":1},{"damage":0,"enemies":"Shell Parasite","floor":21,"turns":1},{"damage":0,"enemies":"Gremlin Leader","floor":26,"turns":3},{"damage":0,"enemies":"Sentry and Sphere","floor":28,"turns":3},{"damage":0,"enemies":"Shelled Parasite and Fungi","floor":30,"turns":2},{"damage":0,"enemies":"downfall:FleeingMerchant","floor":31,"turns":4},{"damage":0,"enemies":"Snake Plant","floor":32,"turns":2},{"damage":0,"enemies":"downfall:Silent","floor":33,"turns":4},{"damage":0,"enemies":"3 Shapes","floor":36,"turns":2},{"damage":0,"enemies":"Orb Walker","floor":37,"turns":2},{"damage":21,"enemies":"2 Orb Walkers","floor":38,"turns":4},{"damage":0,"enemies":"downfall:FleeingMerchant","floor":39,"turns":3},{"damage":0,"enemies":"Jaw Worm Horde","floor":45,"turns":3},{"damage":0,"enemies":"4 Shapes","floor":46,"turns":3},{"damage":0,"enemies":"Spire Growth","floor":47,"turns":3},{"damage":0,"enemies":"Sphere and 2 Shapes","floor":48,"turns":2},{"damage":7,"enemies":"4 Shapes","floor":49,"turns":4},{"damage":0,"enemies":"downfall:Ironclad","floor":50,"turns":5},{"damage":0,"enemies":"Malkuth","floor":51,"turns":6},{"damage":0,"enemies":"Netzach","floor":51,"turns":8},{"damage":0,"enemies":"Tiphereth","floor":51,"turns":11}],"seed_played":"-6494624298390292858","potions_obtained":[{"floor":12,"key":"Explosive Potion"},{"floor":14,"key":"champ:CounterPotion"},{"floor":21,"key":"SneckoOil"},{"floor":30,"key":"ColorlessPotion"},{"floor":38,"key":"Adrenaline Potion"}],"is_trial":false,"path_per_floor":["R","M","M","?","R","?","T","M","?","R","M","M","?","M","M","B",null,"R","?","M","M","?","?","T","R","E","R","M","?","M","$","M","B",null,"R","M","M","?","$","R","T","R","?","R","M","M","M","M","M","B",null],"character_chosen":"Hololive_HololiveCharacter","items_purchased":["Orrery","Hololive_CallRoboco","Hololive_Breathe","Toolbox"],"campfire_rested":0,"item_purchase_floors":[31,39,39,39],"current_hp_per_floor":[32,32,32,32,32,32,32,32,32,32,32,32,32,32,32,32,32,32,32,32,32,32,32,32,32,32,32,32,26,28,30,32,32,32,42,42,42,21,23,23,23,23,23,23,26,29,37,40,36,48],"gold":998,"neow_bonus":"ONE_RARE_RELIC","is_daily":false,"chose_seed":false,"campfire_upgraded":8,"win_rate":0.0,"timestamp":1608042059,"path_taken":["R","M","M","?","R","?","T","?","?","R","?","M","?","M","M","BOSS","R","?","M","?","?","?","T","R","E","R","M","?","M","?","M","BOSS","R","M","M","?","$","R","T","R","?","R","M","?","M","M","M","BOSS"],"items_purchased_type":["Relic","Card","Card","Relic"],"build_version":"2020-12-13","purchased_purges":0,"victory":true,"max_hp_per_floor":[32,32,32,32,32,32,32,32,32,32,32,32,32,32,32,32,32,32,32,32,32,32,32,32,32,32,32,32,32,32,32,32,32,32,42,42,42,42,42,42,42,42,42,42,43,44,45,46,47,48],"card_choices":[{"not_picked":["Hololive_Trident","Hololive_CallArtia","Hololive_CallNekomataOkayu"],"picked":"Hololive_FlyingPonyTail","floor":2},{"not_picked":["Hololive_RevenueBasedLive","Hololive_OvertimeWork","Hololive_LuckPotion"],"picked":"Hololive_CocoNews","floor":3},{"not_picked":["Hololive_StrengthChampion","Hololive_FlyingPonyTail","Hololive_DevilCharm"],"picked":"Hololive_CallYogiri","floor":8},{"not_picked":["Hololive_Rebound","Hololive_RevenueBasedLive","Hololive_CallUruhaRushia"],"picked":"Hololive_CocoNews","floor":11},{"not_picked":["Hololive_Sequa","Hololive_Rebound","Hololive_LuckPotion"],"picked":"Hololive_Nanodesu","floor":12},{"not_picked":["Hololive_CallNakiriAyame","Hololive_Trident","Hololive_Psychosis"],"picked":"Hololive_CocoNews","floor":14},{"not_picked":["Hololive_LuckPotion","Hololive_BringToTrial","Hololive_RevenueBasedLive"],"picked":"Hololive_Breathe","floor":15},{"not_picked":["Hololive_ASMR","Hololive_ScarfAndHalo","Hololive_OpenUp"],"picked":"Hololive_DDD","floor":16},{"not_picked":["Hololive_Drill","Hololive_Sequa","Hololive_HuntDinosaur"],"picked":"Hololive_CallMurasakiShion","floor":20},{"not_picked":["Hololive_CallAmaneKanata","Hololive_Watashimo","Hololive_RevenueBasedLive"],"picked":"Hololive_CallTokinoSora","floor":21},{"not_picked":["Hololive_Sequa+1","Hololive_OvertimeWork","Hololive_Rebound+1"],"picked":"Hololive_CocoNews","floor":26},{"not_picked":["Hololive_CallAkaiHaato+1","Hololive_DevilCharm","Hololive_CallTsunomakiWatame"],"picked":"Hololive_CocoNews+1","floor":28},{"not_picked":["Hololive_CallMomosuzuNene","Hololive_CallShiroganeNoel+1","Hololive_RevenueBasedLive"],"picked":"Hololive_CallHimemoriLuna","floor":30},{"not_picked":["Hololive_Trident","Hololive_Breathe","Hololive_HuntDinosaur"],"picked":"Hololive_MaximGun","floor":31},{"not_picked":["Hololive_OvertimeWork+1","Hololive_BeCareful","Hololive_Drill"],"picked":"Hololive_LuckPotion+1","floor":31},{"not_picked":["Hololive_LuckPotion","Hololive_Sequa","Hololive_CallArtia+1"],"picked":"Hololive_CallYozoraMel","floor":31},{"not_picked":["Hololive_Rebound","Hololive_CallAkaiHaato","Hololive_Sequa"],"picked":"Hololive_CallNekomataOkayu","floor":31},{"not_picked":["Hololive_Rebound+1","Hololive_Trident","Hololive_ManjiGathering"],"picked":"Hololive_CallMinatoAqua","floor":31},{"not_picked":["Hololive_CallRosalyn","Hololive_CallAkaiHaato","Hololive_HuntDinosaur"],"picked":"Hololive_CallHoshimachiSuisei","floor":31},{"not_picked":["Hololive_LuckPotion","Hololive_Psychosis","Hololive_CallMoonaHoshinova+1"],"picked":"Hololive_CallKiryuuCoco","floor":32},{"not_picked":["Hololive_AWSL","Hololive_Rebirth","Hololive_WolfAndLamb"],"picked":"Hololive_HighAtkLowDef","floor":33},{"not_picked":["Hololive_CallRosalyn+1","Hololive_Trident","Hololive_StrengthChampion"],"picked":"Hololive_CocoNews+1","floor":36},{"not_picked":["Hololive_HuntDinosaur+1","Hololive_Trident+1","Hololive_StrengthChampion"],"picked":"Hololive_FlyingPonyTail+1","floor":37},{"not_picked":["Hololive_ASMR","Hololive_HuntDinosaur","Hololive_Psychosis"],"picked":"Hololive_CocoNews","floor":38},{"not_picked":["Hololive_Drill","Hololive_CallYuzukiChoco+1","Hololive_CallMomosuzuNene"],"picked":"Hololive_AWSL","floor":39},{"not_picked":["Hololive_Psychosis+1","Hololive_CocoNews","Hololive_CallYozoraMel+1"],"picked":"Hololive_CallAkaiHaato","floor":45},{"not_picked":["Hololive_CallYogiri","Hololive_FlyingPonyTail+1","Hololive_Yoholoon+1"],"picked":"Hololive_Breathe","floor":46},{"not_picked":["Hololive_CallNekomataOkayu","Hololive_CallYogiri+1","Hololive_OvertimeWork"],"picked":"Hololive_CallSpadeEcho+1","floor":47},{"not_picked":["Hololive_CallShiroganeNoel","Hololive_CallAyundaRisu","Hololive_Breathe+1"],"picked":"Hololive_CocoNews+1","floor":48},{"not_picked":["Hololive_Drill+1","Hololive_Trident","Hololive_StrengthChampion"],"picked":"Hololive_CallInugamiKorone+1","floor":49}],"player_experience":154632,"relics_obtained":[{"floor":18,"key":"Blood Vial"},{"floor":19,"key":"downfall:GremlinWheel"},{"floor":24,"key":"Shuriken"},{"floor":26,"key":"War Paint"},{"floor":38,"key":"Thread and Needle"},{"floor":41,"key":"Mirror"}],"event_choices":[{"cards_removed":["Hololive_Strike"],"damage_healed":0,"gold_gain":0,"player_choice":"Purged","damage_taken":0,"max_hp_gain":0,"max_hp_loss":0,"event_name":"Purifier","floor":6,"gold_loss":0},{"damage_healed":0,"gold_gain":0,"player_choice":"Read","damage_taken":0,"max_hp_gain":0,"max_hp_loss":0,"event_name":"The Library","floor":23,"gold_loss":0,"cards_obtained":["Hololive_CallShirakamiFubuki"]},{"damage_healed":0,"gold_gain":300,"player_choice":"Gold","damage_taken":0,"max_hp_gain":0,"max_hp_loss":0,"event_name":"Wheel of Change","floor":35,"gold_loss":0},{"damage_healed":0,"gold_gain":0,"player_choice":"Fight","damage_taken":0,"max_hp_gain":0,"max_hp_loss":0,"event_name":"Mysterious Sphere","floor":38,"gold_loss":0},{"cards_removed":["Hololive_Defend"],"damage_healed":0,"gold_gain":0,"player_choice":"Purged","damage_taken":0,"max_hp_gain":0,"max_hp_loss":0,"event_name":"Purifier","floor":43,"gold_loss":0}],"is_beta":false,"boss_relics":[{"not_picked":["Ring of Chaos","Kintsugi"],"picked":"Replay:Wanted Poster"},{"not_picked":["Astrolabe","Fusion Hammer"],"picked":"ChewingGum"}],"items_purged_floors":[],"is_endless":false,"potions_floor_spawned":[12,14,21,30,32,33,38,46,47],"ascension_level":0}}