{"host":"87fdiiwflhrwsj8a","time":1608061689,"event":{"mods":["Aspiration","BaseMod","Better Match","Better Note","Better Third Choice","BetterRewards","Colored Map","GifTheSpireLib","Infinite Spire","Minty Spire (QoL Compilation)","Relic Sorter","Replay The Spire","Robot Space Explorer","StSLib","Stuff the Spire","The Cursed"],"gold_per_floor":[115,165,181,181,201,329,329,469,544,554,682,695,616,616,616,711,711,726,741,592,603,623,623,729,729,753,753,753,771,771,771,771,873,973,973,973],"floor_reached":35,"playtime":1483,"items_purged":[],"score":989,"play_id":"0ca6ddaf-74cf-441e-8ddf-62ede6b6a46f","local_time":"20201215144809","is_ascension_mode":true,"campfire_choices":[{"data":"TheCursedMod:TroublousMinions","floor":15.0,"key":"SMITH"},{"data":"TheCursedMod:ManaCirculation","floor":23.0,"key":"SMITH"},{"data":"TheCursedMod:SpitefulPray","floor":25.0,"key":"SMITH"},{"data":"TheCursedMod:CursedWand","floor":30.0,"key":"SMITH"},{"floor":32,"key":"DIG"}],"circlet_count":0,"master_deck":["TheCursedMod:Strike_TheCursed","TheCursedMod:Strike_TheCursed","TheCursedMod:Strike_TheCursed","TheCursedMod:Strike_TheCursed","TheCursedMod:Defend_TheCursed","TheCursedMod:Defend_TheCursed","TheCursedMod:Defend_TheCursed","TheCursedMod:Defend_TheCursed","TheCursedMod:CursedWand+1","TheCursedMod:CleanUpWorkshop","TheCursedMod:RavingStaff+1","TheCursedMod:Stigma+1","TheCursedMod:Stigma+1","TheCursedMod:SoulCrush+1","TheCursedMod:Mangle+1","Pot Of Greed","Pot Of Greed","TheCursedMod:CursedBlade+1","TheCursedMod:CursedBlade+1","TheCursedMod:TroublousMinions+1","TheCursedMod:ManaBullet+1","TheCursedMod:SurpriseAttack+1","TheCursedMod:CursedSpellbook","TheCursedMod:CursedShiv+1","Pot Of Greed","TheCursedMod:SoulCrush+1","TheCursedMod:CursedBlade+1","TheCursedMod:StingEye+1","TheCursedMod:CursedBoomerang+1","TheCursedMod:ManaCirculation+1","TheCursedMod:SpitefulPray+1","TheCursedMod:CursedShiv+1","TheCursedMod:CursedShiv+1","TheCursedMod:DemonSword+1"],"relics":["TheCursedMod:BlackMagic101","Molten Egg 2","FossilizedHelix","infinitespire:Midas Blood","Gremlin Food","Onion Ring","TheCursedMod:CrystalBall","StuffTheSpire:TintedRock","Grinning Jar","aspiration:HiddenCompartment","infinitespire:FocusingShard","Bronze Scales","Bag of Preparation","infinitespire:Lucky Rock","Quantum Egg","StuffTheSpire:RunicHypercube","Replay:Mystery Machine","Nunchaku","Omamori","Nloth\u0027s Gift","Tiny Chest","Replay:Grab Bag","Cursed Key","Replay:Wanted Poster","Runic Pyramid","Snecko Eye"],"acts_visited":["Exordium","TheCity","TheBeyond"],"potions_floor_usage":[],"damage_taken":[{"damage":0.0,"enemies":"Jaw Worm","floor":1.0,"turns":2.0},{"damage":0.0,"enemies":"Small Slimes","floor":3.0,"turns":1.0},{"damage":0.0,"enemies":"Cultist","floor":5.0,"turns":1.0},{"damage":0.0,"enemies":"3 Sentries","floor":6.0,"turns":3.0},{"damage":0.0,"enemies":"Lagavulin","floor":8.0,"turns":2.0},{"damage":0.0,"enemies":"Large Slime","floor":10.0,"turns":2.0},{"damage":0.0,"enemies":"Gremlin Nob","floor":11.0,"turns":2.0},{"damage":0.0,"enemies":"Exordium Thugs","floor":12.0,"turns":2.0},{"damage":0.0,"enemies":"Fading Forest","floor":16.0,"turns":11.0},{"damage":0.0,"enemies":"2 Thieves","floor":18.0,"turns":1.0},{"damage":0.0,"enemies":"Spheric Guardian","floor":19.0,"turns":1.0},{"damage":0.0,"enemies":"Snake Plant","floor":21.0,"turns":1.0},{"damage":0.0,"enemies":"3 Cultists","floor":22.0,"turns":2.0},{"damage":9.0,"enemies":"Gremlin Leader","floor":24.0,"turns":5.0},{"damage":0.0,"enemies":"Cultist and Chosen","floor":29.0,"turns":2.0},{"damage":10,"enemies":"Pondfish","floor":33,"turns":4},{"damage":0,"enemies":"Orb Walker","floor":35,"turns":1}],"seed_played":"7710644297691525353","potions_obtained":[{"floor":2.0,"key":"Ancient Potion"},{"floor":2.0,"key":"FairyPotion"},{"floor":5.0,"key":"PowerPotion"}],"is_trial":false,"path_per_floor":["M","?","M","?","M","E","?","E","T","M","E","M","$","T","R","B",null,"M","M","$","M","M","R","E","R","T","?","?","M","R","?","R_BF","B",null,"M"],"character_chosen":"THE_CURSED","items_purchased":["Molten Egg 2","infinitespire:Midas Blood","TheCursedMod:RavingStaff+1","TheCursedMod:Stigma+1","Gremlin Food","Onion Ring","TheCursedMod:SoulCrush+1","TheCursedMod:Mangle+1","StuffTheSpire:TintedRock","Grinning Jar","TheCursedMod:CursedBlade+1","TheCursedMod:TroublousMinions","TheCursedMod:ManaBullet+1","TheCursedMod:CursedBoomerang+1","Replay:Mystery Machine"],"campfire_rested":0,"item_purchase_floors":[0,0,0,0,0,0,0,0,0,0,0,0,0,13,20],"current_hp_per_floor":[28,28,28,75,75,75,75,75,75,75,75,75,75,75,75,75,75,75,75,75,75,75,75,66,66,66,66,66,66,66,66,66,56,75,75,75],"gold":973,"neow_bonus":"","is_daily":false,"chose_seed":false,"campfire_upgraded":4,"win_rate":0.0,"timestamp":1608061689,"path_taken":["M","?","M","?","?","E","?","E","T","M","E","M","$","?","R","BOSS","M","?","$","M","M","R","E","R","T","?","?","M","R","?","R_BF","BOSS","M"],"items_purchased_type":["Relic","Relic","Card","Card","Relic","Relic","Card","Card","Relic","Relic","Card","Card","Card","Card","Relic"],"build_version":"2020-11-30","purchased_purges":0,"victory":false,"max_hp_per_floor":[75,75,75,75,75,75,75,75,75,75,75,75,75,75,75,75,75,75,75,75,75,75,75,75,75,75,75,75,75,75,75,75,75,75,75,75],"card_choices":[{"not_picked":["TheCursedMod:CircleOfCorruption","TheCursedMod:CircleOfFocus"],"picked":"TheCursedMod:SurpriseAttack+1","floor":1.0},{"not_picked":["TheCursedMod:SurpriseAttack+1","TheCursedMod:CircleOfAmplification"],"picked":"TheCursedMod:CursedSpellbook","floor":2.0},{"not_picked":["TheCursedMod:VitalStrike+1","TheCursedMod:CircleOfAmplification"],"picked":"TheCursedMod:CursedShiv+1","floor":3.0},{"not_picked":["TheCursedMod:Torture","TheCursedMod:WearCloak","TheCursedMod:VoidForm"],"picked":"SKIP","floor":5.0},{"not_picked":["TheCursedMod:RavingStaff+1","TheCursedMod:BloodBarrier"],"picked":"TheCursedMod:SoulCrush+1","floor":6.0},{"not_picked":["TheCursedMod:SpitefulPray","TheCursedMod:CircleOfBlood","TheCursedMod:HellfireBreathing"],"picked":"SKIP","floor":8.0},{"not_picked":["TheCursedMod:PrepareRite","TheCursedMod:CircleOfCorruption"],"picked":"TheCursedMod:CursedBlade+1","floor":10.0},{"not_picked":["TheCursedMod:SpitefulPlan","TheCursedMod:AshesToAshes"],"picked":"TheCursedMod:StingEye+1","floor":11.0},{"not_picked":["TheCursedMod:TacticalStrike+1","TheCursedMod:Torture","TheCursedMod:Grudge"],"picked":"SKIP","floor":12.0},{"not_picked":["TheCursedMod:Neurasthenia","TheCursedMod:DemonSword+1"],"picked":"TheCursedMod:ManaCirculation","floor":16.0},{"not_picked":["TheCursedMod:Stigma+1","TheCursedMod:EmpowerCircles","TheCursedMod:FleshFromBone"],"picked":"SKIP","floor":18.0},{"not_picked":["TheCursedMod:CursedAmulet+1","TheCursedMod:FleshFromBone","TheCursedMod:CursedBlade+1"],"picked":"SKIP","floor":19.0},{"not_picked":["TheCursedMod:Stigma+1","TheCursedMod:Obscuration"],"picked":"TheCursedMod:SpitefulPray","floor":21.0},{"not_picked":["TheCursedMod:TacticalStrike+1","TheCursedMod:CursedBlade+1"],"picked":"TheCursedMod:CursedShiv+1","floor":22.0},{"not_picked":["TheCursedMod:CursedAmulet","TheCursedMod:VitalStrike+1","TheCursedMod:Wield+1"],"picked":"SKIP","floor":24.0},{"not_picked":["TheCursedMod:ShockAndAwe+1","TheCursedMod:SpitefulStrike+1"],"picked":"TheCursedMod:CursedShiv+1","floor":29.0},{"not_picked":["TheCursedMod:DemonicPact","TheCursedMod:CollectTribute"],"picked":"TheCursedMod:DemonSword+1","floor":33}],"player_experience":2542886,"relics_obtained":[{"floor":2.0,"key":"aspiration:HiddenCompartment"},{"floor":6.0,"key":"infinitespire:FocusingShard"},{"floor":7.0,"key":"Bronze Scales"},{"floor":8.0,"key":"Bag of Preparation"},{"floor":11.0,"key":"infinitespire:Lucky Rock"},{"floor":14.0,"key":"Quantum Egg"},{"floor":24.0,"key":"Nunchaku"},{"floor":26.0,"key":"Omamori"},{"floor":32,"key":"Tiny Chest"}],"event_choices":[{"damage_healed":47.0,"max_hp_gain":0.0,"max_hp_loss":0.0,"gold_gain":0.0,"event_name":"Wheel of Change","player_choice":"Full Heal","floor":4.0,"gold_loss":0.0,"damage_taken":0.0},{"damage_healed":0.0,"max_hp_gain":0.0,"max_hp_loss":0.0,"gold_gain":0.0,"event_name":"N\u0027loth","player_choice":"Traded Relic","floor":27.0,"relics_lost":["Peace Pipe"],"gold_loss":0.0,"damage_taken":0.0,"relics_obtained":["Nloth\u0027s Gift"]},{"cards_removed":["ReplayTheSpireMod:Splinters","TheCursedMod:Dregs"],"damage_healed":0.0,"max_hp_gain":0.0,"max_hp_loss":0.0,"gold_gain":0.0,"event_name":"Fountain of Cleansing","player_choice":"Removed Curses","floor":28.0,"gold_loss":0.0,"damage_taken":0.0},{"damage_healed":0,"gold_gain":0,"player_choice":"Ignored","damage_taken":0,"max_hp_gain":0,"max_hp_loss":0,"event_name":"betterNote:BetterNote","floor":31,"gold_loss":0,"cards_obtained":["Strike_B"]}],"is_beta":false,"boss_relics":[{"not_picked":["Honey Jar","SlaversCollar"],"picked":"StuffTheSpire:RunicHypercube"},{"not_picked":["aspiration:SecretTechniqueScroll","ReplayTheSpireMod:SealedPack"],"picked":"Replay:Grab Bag"},{"not_picked":["infinitespire:Cupcake","aspiration:FutureDiary"],"picked":"Cursed Key"},{"not_picked":["StuffTheSpire:RunicConfusion","ChewingGum"],"picked":"Replay:Wanted Poster"},{"not_picked":["aspiration:RunicSpoon","Empty Cage"],"picked":"Runic Pyramid"},{"not_picked":["aspiration:RitualDagger","Replay:Drink Me"],"picked":"Snecko Eye"}],"items_purged_floors":[],"is_endless":false,"potions_floor_spawned":[5,6,10,12,18,19,21],"killed_by":"Orb Walker","ascension_level":1}}