{"host":"mn5ze3eyhx81nlo2","time":1608037509,"event":{"mods":["BaseMod","Block Reminder","Challenge The Spire","Downfall","Hermit","Hubris","Infinite Spire","Minty Spire (QoL Compilation)","Quick Restart","Replay The Spire","Shade Mod","StSLib","The Cursed","The Druid","The Hierophant","The Runesmith","Unceasing Turn Reminder"],"gold_per_floor":[99,99,99,109,45,77,77,77,77,77,95,106,119,131,146,146,146],"floor_reached":16,"playtime":478,"items_purged":[],"score":107,"play_id":"a8289b03-a8cb-4eca-893f-d594c6e40b00","local_time":"20201215130509","is_ascension_mode":true,"campfire_choices":[{"data":"Slimebound:Split","floor":1,"key":"SMITH"},{"data":"Slimebound:CorrosiveSpit","floor":3,"key":"SMITH"},{"floor":8,"key":"RECALL"},{"data":"Slimebound:BestDefense","floor":10,"key":"SMITH"}],"circlet_count":0,"master_deck":["Slimebound:Strike_Slimebound","Slimebound:Strike_Slimebound","Slimebound:Strike_Slimebound","Slimebound:Tackle+1","Slimebound:Defend_Slimebound","Slimebound:Defend_Slimebound","Slimebound:Defend_Slimebound","Slimebound:Defend_Slimebound","Slimebound:Split+1","Slimebound:CorrosiveSpit+1","Slimebound:BestDefense+1","Slimebound:FinishingTackle","Slimebound:RollThrough","Slimebound:FlameTackle","Slimebound:ViciousTackle"],"relics":["Slimebound:AbsorbEndCombat","Replay:Bottled Flurry","Quantum Egg"],"acts_visited":["Exordium"],"potions_floor_usage":[],"damage_taken":[{"damage":12,"enemies":"Cultist","floor":4,"turns":3},{"damage":8,"enemies":"downfall:FleeingMerchant","floor":5,"turns":4},{"damage":32,"enemies":"Gremlin Nob","floor":6,"turns":4},{"damage":11,"enemies":"Jaw Worm","floor":11,"turns":4},{"damage":12,"enemies":"2 Louse","floor":12,"turns":3},{"damage":23,"enemies":"Blue Slaver","floor":13,"turns":3},{"damage":14,"enemies":"Red Slaver","floor":14,"turns":3},{"damage":14,"enemies":"Large Slime","floor":15,"turns":3},{"damage":54,"enemies":"downfall:Defect","floor":16,"turns":4}],"seed_played":"4116055173263279160","potions_obtained":[{"floor":6,"key":"ColorlessPotion"},{"floor":12,"key":"PowerPotion"},{"floor":14,"key":"Dexterity Potion"}],"is_trial":false,"path_per_floor":["R","?","R","M","$","E","T","R","T","R","M","M","M","M","M","B"],"character_chosen":"SLIMEBOUND","items_purchased":["Slimebound:FinishingTackle"],"campfire_rested":0,"item_purchase_floors":[5],"current_hp_per_floor":[66,66,66,62,66,46,46,46,46,46,47,47,36,34,36,0,0],"gold":146,"neow_bonus":"TEN_PERCENT_HP_BONUS","is_daily":false,"chose_seed":false,"campfire_upgraded":3,"win_rate":0.0,"timestamp":1608037509,"path_taken":["R","?","R","?","$","E","T","R","?","R","M","M","M","?","M","BOSS"],"items_purchased_type":["Card"],"build_version":"2020-12-13","purchased_purges":0,"victory":false,"max_hp_per_floor":[66,66,66,66,66,66,66,66,66,66,66,66,66,66,66,66,66],"card_choices":[{"not_picked":["Slimebound:SlimeBrawl","Slimebound:ProtectTheBoss","Slimebound:Prepare"],"picked":"SKIP","floor":4},{"not_picked":["Slimebound:GoopSpray","Slimebound:LivingWall"],"picked":"Slimebound:BestDefense","floor":5},{"not_picked":["Slimebound:AcidTongue","Slimebound:LeadByExample"],"picked":"Slimebound:RollThrough","floor":6},{"not_picked":["Slimebound:TongueLash","Slimebound:SplitAcid"],"picked":"Slimebound:FlameTackle","floor":11},{"not_picked":["Slimebound:SplitLeeching","Slimebound:SplitBruiser","Slimebound:SplitMire"],"picked":"SKIP","floor":12},{"not_picked":["Slimebound:SplitAcid","Slimebound:BestDefense","Slimebound:PressTheAttack"],"picked":"SKIP","floor":13},{"not_picked":["Slimebound:MassFeed","Slimebound:DisruptingSlam"],"picked":"Slimebound:ViciousTackle","floor":14},{"not_picked":["Slimebound:ViciousTackle","Slimebound:SplitBruiser","Slimebound:FinishingTackle"],"picked":"SKIP","floor":15}],"player_experience":886495,"relics_obtained":[{"floor":6,"key":"Replay:Bottled Flurry"},{"floor":7,"key":"Quantum Egg"}],"event_choices":[{"damage_healed":0,"gold_gain":0,"player_choice":"Forge","damage_taken":0,"max_hp_gain":0,"max_hp_loss":0,"event_name":"Accursed Blacksmith","floor":2,"gold_loss":0,"cards_upgraded":["Slimebound:Tackle"]}],"is_beta":false,"boss_relics":[],"items_purged_floors":[],"is_endless":false,"potions_floor_spawned":[6,12,14,15],"killed_by":"downfall:Defect","ascension_level":1}}