{"host":"i41n6wh529970c2c","time":1608065561,"event":{"mods":["Act Like it!","BaseMod","BetterRewards","Friendly Minions","Gold Saver","Hermit","Minty Spire (QoL Compilation)","Replay The Spire","Shop Mod","StSLib"],"gold_per_floor":[452,452,464,32,32,66,81,81,81,110,123,152,152,172,172,273,273,292,232,247,263,281,281,281,307,307,307,307],"floor_reached":27,"playtime":1299,"items_purged":["Regret"],"score":278,"play_id":"906afe0b-d552-43fd-b8e4-382055d0d539","local_time":"20201215155241","is_ascension_mode":true,"campfire_choices":[{"data":"Beam Cell","floor":13,"key":"SMITH"},{"data":"Gash","floor":15,"key":"SMITH"},{"floor":23,"key":"REST"},{"floor":24,"key":"REST"}],"circlet_count":0,"master_deck":["Strike_B","Strike_B","Strike_B","Defend_B","Defend_B","Beam Cell+1","Hologram","Melter","Gash","Recycle","Gash+1","Conserve Battery","Reinforced Body","All For One","Decay","Parasite","Steam","Streamline","Rebound"],"relics":["Cracked Core","Pen Nib","ReplayTheSpireMod:Ninjato","WingedGreaves","Geode","Quantum Egg","Replay:Rubber Ducky","Mummified Hand","Kintsugi","White Beast Statue","Replay:Ringing Soul"],"acts_visited":["TheCity"],"potions_floor_usage":[6,16,16,20],"damage_taken":[{"damage":0,"enemies":"Jaw Worm","floor":1,"turns":3},{"damage":2,"enemies":"2 Louse","floor":3,"turns":2},{"damage":14,"enemies":"Lagavulin","floor":6,"turns":7},{"damage":0,"enemies":"Cultist","floor":7,"turns":2},{"damage":22,"enemies":"3 Sentries","floor":10,"turns":6},{"damage":3,"enemies":"Blue Slaver","floor":11,"turns":3},{"damage":1,"enemies":"Gremlin Nob","floor":12,"turns":3},{"damage":1,"enemies":"Looter","floor":14,"turns":2},{"damage":24,"enemies":"The Guardian","floor":16,"turns":12},{"damage":0,"enemies":"Spheric Guardian","floor":18,"turns":3},{"damage":11,"enemies":"2 Thieves","floor":20,"turns":4},{"damage":29,"enemies":"Snake Plant","floor":21,"turns":4},{"damage":33,"enemies":"Cultist and Chosen","floor":22,"turns":5},{"damage":33,"enemies":"Book of Stabbing","floor":25,"turns":5},{"damage":17,"enemies":"Gremlin Leader","floor":27,"turns":4}],"seed_played":"-3385540009794782796","potions_obtained":[{"floor":1,"key":"LifebloodPotion"},{"floor":7,"key":"Toxic Potion"},{"floor":14,"key":"BlessingOfTheForge"},{"floor":16,"key":"Dexterity Potion"},{"floor":18,"key":"SteroidPotion"},{"floor":21,"key":"Strength Potion"}],"is_trial":false,"path_per_floor":["M","?","M","$","?","E","M","$","T","E","M","E","R","M","R","B",null,"M","?","M","M","M","R","R","E","T","E"],"character_chosen":"DEFECT","items_purchased":["ReplayTheSpireMod:Ninjato","Gash","Recycle"],"campfire_rested":2,"item_purchase_floors":[4,4,4],"current_hp_per_floor":[75,75,73,73,70,56,56,56,56,34,31,30,30,29,29,5,75,75,75,64,35,2,24,46,13,13,0,0],"gold":307,"neow_bonus":"THREE_CARDS","is_daily":false,"chose_seed":false,"campfire_upgraded":2,"win_rate":0.0,"timestamp":1608065561,"path_taken":["M","?","M","$","?","E","M","?","T","E","?","E","R","M","R","BOSS","M","?","M","M","M","R","R","E","T","E"],"items_purchased_type":["Relic","Card","Card"],"build_version":"2020-12-13","purchased_purges":1,"victory":false,"max_hp_per_floor":[75,75,75,75,75,75,75,75,75,75,75,75,75,75,75,75,75,75,75,75,75,75,75,75,75,75,75,75],"card_choices":[{"not_picked":["BasicCrystalCard","Ball Lightning"],"picked":"Beam Cell","floor":0},{"not_picked":["Aggregate","ReplaySolidLightProjector"],"picked":"Hologram","floor":1},{"not_picked":["Ball Lightning","Go for the Eyes"],"picked":"Melter","floor":3},{"not_picked":["BasicCrystalCard","Chill"],"picked":"Gash","floor":6},{"not_picked":["Leap","Barrage","BasicCrystalCard"],"picked":"SKIP","floor":7},{"not_picked":["Rebound","BootSequence"],"picked":"Conserve Battery","floor":10},{"not_picked":["FIFO Queue","ReplayTheSpireMod:Repulse","Hologram"],"picked":"SKIP","floor":11},{"not_picked":["Thunder Strike","Stack"],"picked":"Reinforced Body","floor":12},{"not_picked":["Turbo","Lockon","Rebound"],"picked":"SKIP","floor":14},{"not_picked":["Amplify","Creative AI"],"picked":"All For One","floor":16},{"not_picked":["Cold Snap","Beam Cell+1"],"picked":"Steam","floor":18},{"not_picked":["Hologram","Sweeping Beam"],"picked":"Streamline","floor":20},{"not_picked":["BasicCrystalCard+1","Redo+1"],"picked":"Rebound","floor":21},{"not_picked":["Redo+1","Thunder Strike","Lockon"],"picked":"SKIP","floor":22},{"not_picked":["Doom and Gloom","ReplayTheSpireMod:Calculation Training+1","Chaos"],"picked":"SKIP","floor":25}],"player_experience":761670,"relics_obtained":[{"floor":6,"key":"Geode"},{"floor":9,"key":"Quantum Egg"},{"floor":10,"key":"Replay:Rubber Ducky"},{"floor":12,"key":"Mummified Hand"},{"floor":25,"key":"White Beast Statue"},{"floor":26,"key":"Replay:Ringing Soul"}],"event_choices":[{"damage_healed":0,"gold_gain":0,"player_choice":"Box","damage_taken":0,"relics_obtained":["Pen Nib"],"max_hp_gain":0,"max_hp_loss":0,"event_name":"Big Fish","floor":2,"gold_loss":0,"cards_obtained":["Regret"]},{"damage_healed":0,"gold_gain":0,"player_choice":"Success","damage_taken":3,"relics_obtained":["WingedGreaves"],"max_hp_gain":0,"max_hp_loss":0,"event_name":"Scrap Ooze","floor":5,"gold_loss":0}],"is_beta":false,"boss_relics":[{"not_picked":["SacredBark","Cursed Key"],"picked":"Kintsugi"}],"items_purged_floors":[4],"is_endless":false,"potions_floor_spawned":[1,7,14,16,18,21],"killed_by":"Gremlin Leader","ascension_level":2}}