{"host":"27hat5v0dffgaxzm","time":1608043047,"event":{"mods":["BaseMod","Colored Map","Colored Powertips","Highlight Path","Minty Spire (QoL Compilation)","Permanent Neow","Quick Restart"],"gold_per_floor":[118,138,155,0,14,14,49,49,49,49,78,89,89,109,109,204,204,220,238,264,274,79,79,112,112,112],"floor_reached":25,"playtime":1188,"items_purged":["Shame"],"score":361,"play_id":"9083a716-32f8-4543-94f7-05a2faca050d","local_time":"20201215233727","is_ascension_mode":true,"campfire_choices":[{"data":"Fusion","floor":6.0,"key":"SMITH"},{"data":"Buffer","floor":8.0,"key":"SMITH"},{"data":"Streamline","floor":10.0,"key":"SMITH"},{"data":"Streamline","floor":13.0,"key":"SMITH"},{"floor":15.0,"key":"REST"},{"floor":23.0,"key":"REST"}],"circlet_count":0,"master_deck":["Strike_B","Strike_B","Strike_B","Strike_B","Defend_B","Defend_B","Defend_B","Defend_B","Zap","Dualcast","Streamline+1","Streamline+1","Fusion+1","FTL","Leap","Buffer+1","Meteor Strike","Hologram","Genetic Algorithm","All For One","Conserve Battery+1","Capacitor+1","Undo","Apotheosis","Reinforced Body"],"relics":["Cracked Core","Gambling Chip","Ginger","Unceasing Top","Incense Burner","Inserter","Red Mask","Ancient Tea Set"],"acts_visited":["Exordium","TheCity"],"potions_floor_usage":[24],"damage_taken":[{"damage":8.0,"enemies":"Cultist","floor":1.0,"turns":4.0},{"damage":0.0,"enemies":"Small Slimes","floor":2.0,"turns":3.0},{"damage":2.0,"enemies":"2 Louse","floor":3.0,"turns":2.0},{"damage":20.0,"enemies":"Gremlin Gang","floor":5.0,"turns":4.0},{"damage":22.0,"enemies":"3 Sentries","floor":7.0,"turns":6.0},{"damage":0.0,"enemies":"Lagavulin","floor":11.0,"turns":6.0},{"damage":0.0,"enemies":"Large Slime","floor":12.0,"turns":4.0},{"damage":12.0,"enemies":"3 Louse","floor":14.0,"turns":2.0},{"damage":6.0,"enemies":"The Guardian","floor":16.0,"turns":10.0},{"damage":2.0,"enemies":"Chosen","floor":18.0,"turns":5.0},{"damage":10.0,"enemies":"3 Byrds","floor":19.0,"turns":5.0},{"damage":34.0,"enemies":"Masked Bandits","floor":20.0,"turns":7.0},{"damage":1.0,"enemies":"Cultist and Chosen","floor":21.0,"turns":6.0},{"damage":28,"enemies":"Gremlin Leader","floor":24,"turns":9},{"damage":18,"enemies":"Snecko","floor":25,"turns":2}],"seed_played":"931853600486025726","potions_obtained":[{"floor":1.0,"key":"LiquidBronze"},{"floor":5.0,"key":"AttackPotion"},{"floor":7.0,"key":"Dexterity Potion"},{"floor":14.0,"key":"Block Potion"},{"floor":20.0,"key":"ColorlessPotion"},{"floor":21.0,"key":"PowerPotion"},{"floor":24,"key":"LiquidMemories"}],"is_trial":false,"path_per_floor":["M","M","M","$","M","R","E","R","T","R","E","M","R","M","R","B",null,"M","M","?","M","$","R","E","M"],"character_chosen":"DEFECT","items_purchased":["FTL","Apotheosis"],"campfire_rested":2,"item_purchase_floors":[4,22],"current_hp_per_floor":[60,60,58,58,38,38,16,16,16,16,16,16,16,4,26,20,61,59,49,15,14,14,36,8,0,0],"gold":112,"neow_bonus":"ONE_RARE_RELIC","is_daily":false,"chose_seed":false,"campfire_upgraded":4,"win_rate":0.0,"timestamp":1608043047,"path_taken":["M","M","M","$","?","R","E","R","T","R","E","M","R","M","R","BOSS","M","M","?","M","$","R","E","M"],"items_purchased_type":["Card","Card"],"build_version":"2020-12-13","purchased_purges":1,"victory":false,"max_hp_per_floor":[75,75,75,75,75,75,75,75,75,75,75,75,75,75,75,75,75,75,75,75,75,75,75,75,75,75],"card_choices":[{"not_picked":["Redo","Turbo"],"picked":"Streamline","floor":1.0},{"not_picked":["Rebound","Beam Cell"],"picked":"Streamline","floor":2.0},{"not_picked":["Cold Snap","Scrape"],"picked":"Fusion","floor":3.0},{"not_picked":["Defragment","Double Energy"],"picked":"Leap","floor":5.0},{"not_picked":["Seek","Blizzard"],"picked":"Buffer","floor":7.0},{"not_picked":["Barrage","Compile Driver"],"picked":"Meteor Strike","floor":11.0},{"not_picked":["Static Discharge","Streamline"],"picked":"Hologram","floor":12.0},{"not_picked":["Leap","Lockon"],"picked":"Genetic Algorithm","floor":14.0},{"not_picked":["Reboot","Hyperbeam"],"picked":"All For One","floor":16.0},{"not_picked":["Ball Lightning","Beam Cell"],"picked":"Conserve Battery+1","floor":18.0},{"not_picked":["Streamline","Gash"],"picked":"Capacitor+1","floor":19.0},{"not_picked":["Barrage+1","Force Field"],"picked":"Undo","floor":21.0},{"not_picked":["Sweeping Beam","Chaos"],"picked":"Reinforced Body","floor":24}],"player_experience":322290,"relics_obtained":[{"floor":7.0,"key":"Ginger"},{"floor":9.0,"key":"Unceasing Top"},{"floor":11.0,"key":"Incense Burner"},{"floor":20.0,"key":"Red Mask"},{"floor":24,"key":"Ancient Tea Set"}],"event_choices":[{"damage_healed":0.0,"max_hp_gain":0.0,"max_hp_loss":0.0,"gold_gain":0.0,"event_name":"Masked Bandits","player_choice":"Fought Bandits","floor":20.0,"gold_loss":0.0,"damage_taken":0.0}],"is_beta":false,"boss_relics":[{"not_picked":["Fusion Hammer","Runic Dome"],"picked":"Inserter"}],"items_purged_floors":[4],"is_endless":false,"potions_floor_spawned":[1,5,7,12,14,20,21,24],"killed_by":"Snecko","ascension_level":8}}