{"host":"201alm3szw4w07u0","time":1608012781,"event":{"mods":["AchievementEnabler","BaseMod","Colored Map","Colored Powertips","Minty Spire (QoL Compilation)","Quick Restart","StSLib","SuperFastMode"],"gold_per_floor":[116,116,116,130,130,159,169,188,188,206,216,228,228,77,77,179,179,191,218,218,230,2,19,32,32,32,32,32,67,82,82,82,186,186,197,22,22,37,49,49,65,65,65],"floor_reached":42,"playtime":1346,"items_purged":["Defend_G"],"score":422,"play_id":"4225b426-6bae-4d90-939c-3a9a04096659","local_time":"20201215151301","is_ascension_mode":false,"campfire_choices":[{"floor":13.0,"key":"REST"},{"data":"Dagger Spray","floor":15.0,"key":"SMITH"},{"data":"Bane","floor":28,"key":"SMITH"},{"data":"Poisoned Stab","floor":32,"key":"SMITH"},{"floor":40,"key":"REST"}],"circlet_count":0,"master_deck":["Strike_G","Strike_G+1","Strike_G+1","Strike_G","Defend_G","Defend_G","Defend_G","Survivor","Neutralize+1","Tools of the Trade","Poisoned Stab+1","Dagger Spray+1","Backstab","Poisoned Stab","Die Die Die","Bane+1","Bane+1","Noxious Fumes+1","After Image","Terror","Backstab","Backstab+1"],"relics":["Ring of the Snake","Anchor","Nunchaku","HornCleat","Dream Catcher","Membership Card","Empty Cage","Red Mask","Lee\u0027s Waffle","Pear","MutagenicStrength","Sundial","Blue Candle","SlaversCollar","Oddly Smooth Stone"],"acts_visited":["Exordium","TheCity","TheBeyond"],"potions_floor_usage":[23,29,33,33,42],"damage_taken":[{"damage":0.0,"enemies":"2 Louse","floor":1.0,"turns":3.0},{"damage":1.0,"enemies":"Jaw Worm","floor":4.0,"turns":3.0},{"damage":26.0,"enemies":"3 Sentries","floor":6.0,"turns":11.0},{"damage":0.0,"enemies":"Cultist","floor":7.0,"turns":3.0},{"damage":0.0,"enemies":"Large Slime","floor":8.0,"turns":4.0},{"damage":0.0,"enemies":"2 Fungi Beasts","floor":10.0,"turns":2.0},{"damage":0.0,"enemies":"Exordium Wildlife","floor":11.0,"turns":3.0},{"damage":0.0,"enemies":"Large Slime","floor":12.0,"turns":4.0},{"damage":26.0,"enemies":"Slime Boss","floor":16.0,"turns":11.0},{"damage":0,"enemies":"3 Byrds","floor":18,"turns":4},{"damage":21,"enemies":"Masked Bandits","floor":19,"turns":5},{"damage":4,"enemies":"2 Thieves","floor":21,"turns":3},{"damage":10,"enemies":"Shelled Parasite and Fungi","floor":23,"turns":4},{"damage":6,"enemies":"Snecko","floor":24,"turns":4},{"damage":5,"enemies":"Gremlin Leader","floor":29,"turns":3},{"damage":5,"enemies":"Snake Plant","floor":30,"turns":3},{"damage":60,"enemies":"Collector","floor":33,"turns":7},{"damage":22,"enemies":"3 Darklings","floor":35,"turns":5},{"damage":0,"enemies":"3 Shapes","floor":38,"turns":2},{"damage":52,"enemies":"Writhing Mass","floor":39,"turns":6},{"damage":11,"enemies":"Sphere and 2 Shapes","floor":41,"turns":4},{"damage":27,"enemies":"Nemesis","floor":42,"turns":4}],"seed_played":"-5661932828344108265","potions_obtained":[{"floor":4.0,"key":"Poison Potion"},{"floor":6.0,"key":"SteroidPotion"},{"floor":10.0,"key":"LiquidBronze"},{"floor":12.0,"key":"EssenceOfSteel"},{"floor":18,"key":"SkillPotion"},{"floor":21,"key":"GamblersBrew"},{"floor":30,"key":"Swift Potion"},{"floor":33,"key":"Energy Potion"},{"floor":38,"key":"Swift Potion"},{"floor":39,"key":"Fire Potion"}],"is_trial":false,"path_per_floor":["M","?","?","M","?","E","M","M","T","M","M","M","R","$","R","B",null,"M","?","?","M","$","M","M","?","T","$","R","E","M","?","R","B",null,"M","$","?","M","M","R","M","E"],"character_chosen":"THE_SILENT","items_purchased":["Membership Card","Lee\u0027s Waffle","Pear","Block Potion","Oddly Smooth Stone","Backstab","Explosive Potion"],"campfire_rested":2,"item_purchase_floors":[14,22,22,22,36,36,36],"current_hp_per_floor":[70,56,44,43,43,17,17,17,17,17,17,17,38,38,38,12,70,70,49,49,45,87,77,71,71,71,71,71,66,61,61,61,1,87,65,65,65,65,13,37,26,0,0],"gold":65,"neow_bonus":"RANDOM_COMMON_RELIC","is_daily":false,"chose_seed":false,"campfire_upgraded":3,"win_rate":0.0,"timestamp":1608012781,"path_taken":["M","?","?","M","?","E","?","M","T","M","M","M","R","$","R","BOSS","M","?","?","?","$","M","M","?","T","?","R","E","M","?","R","BOSS","M","$","?","M","M","R","M","E"],"items_purchased_type":["Relic","Relic","Relic","Potion","Relic","Card","Potion"],"build_version":"2020-12-13","purchased_purges":1,"victory":false,"max_hp_per_floor":[70,70,70,70,70,70,70,70,70,70,70,70,70,70,70,70,70,70,70,70,70,87,87,87,87,87,87,87,87,87,87,87,87,87,87,87,83,83,83,83,83,83,83],"card_choices":[{"not_picked":["Dodge and Roll","Crippling Poison","Setup"],"picked":"SKIP","floor":1.0},{"not_picked":["Escape Plan","Deflect","Eviscerate"],"picked":"SKIP","floor":4.0},{"not_picked":["Deadly Poison","Accuracy"],"picked":"Tools of the Trade","floor":6.0},{"not_picked":["Dash","Distraction"],"picked":"Poisoned Stab","floor":7.0},{"not_picked":["Escape Plan","Eviscerate"],"picked":"Dagger Spray","floor":8.0},{"not_picked":["Cloak And Dagger","Blade Dance","Phantasmal Killer"],"picked":"SKIP","floor":10.0},{"not_picked":["Dagger Spray","Cloak And Dagger","Concentrate"],"picked":"SKIP","floor":11.0},{"not_picked":["PiercingWail","Distraction"],"picked":"Backstab","floor":12.0},{"not_picked":["Quick Slash","Sucker Punch"],"picked":"Poisoned Stab","floor":13.0},{"not_picked":["Storm of Steel","Corpse Explosion"],"picked":"Die Die Die","floor":16.0},{"not_picked":["Backflip","Concentrate","Accuracy+1"],"picked":"SKIP","floor":18},{"not_picked":["Blade Dance+1","Calculated Gamble","Finisher"],"picked":"SKIP","floor":21},{"not_picked":["Outmaneuver","Slice"],"picked":"Bane+1","floor":23},{"not_picked":["Sucker Punch","Eviscerate","Deadly Poison"],"picked":"SKIP","floor":24},{"not_picked":["Dagger Throw","Blur+1"],"picked":"Noxious Fumes+1","floor":29},{"not_picked":["Storm of Steel","Backflip","Cloak And Dagger"],"picked":"SKIP","floor":30},{"not_picked":["Malaise","Burst"],"picked":"After Image","floor":33},{"not_picked":["Acrobatics","Dagger Throw"],"picked":"Terror","floor":35},{"not_picked":["Backflip","Dagger Throw","Blur+1"],"picked":"SKIP","floor":38},{"not_picked":["Dagger Throw","Deflect"],"picked":"Backstab+1","floor":39},{"not_picked":["Deflect","Quick Slash+1","PiercingWail+1"],"picked":"SKIP","floor":41}],"player_experience":484419,"relics_obtained":[{"floor":6.0,"key":"HornCleat"},{"floor":9.0,"key":"Dream Catcher"},{"floor":19,"key":"Red Mask"},{"floor":26,"key":"Sundial"},{"floor":29,"key":"Blue Candle"}],"event_choices":[{"damage_healed":0.0,"max_hp_gain":0.0,"max_hp_loss":0.0,"gold_gain":0.0,"event_name":"Shining Light","player_choice":"Entered Light","floor":2.0,"gold_loss":0.0,"damage_taken":14.0,"cards_upgraded":["Strike_G","Strike_G"]},{"damage_healed":0.0,"max_hp_gain":0.0,"max_hp_loss":0.0,"gold_gain":0.0,"event_name":"Scrap Ooze","player_choice":"Success","floor":3.0,"gold_loss":0.0,"damage_taken":12.0,"relics_obtained":["Nunchaku"]},{"damage_healed":0.0,"max_hp_gain":0.0,"max_hp_loss":0.0,"gold_gain":0.0,"event_name":"Upgrade Shrine","player_choice":"Upgraded","floor":5.0,"gold_loss":0.0,"damage_taken":0.0,"cards_upgraded":["Neutralize"]},{"damage_healed":0,"gold_gain":0,"player_choice":"Fought Bandits","damage_taken":0,"max_hp_gain":0,"max_hp_loss":0,"event_name":"Masked Bandits","floor":19,"gold_loss":0},{"damage_healed":0,"gold_gain":0,"player_choice":"Read","damage_taken":0,"max_hp_gain":0,"max_hp_loss":0,"event_name":"The Library","floor":20,"gold_loss":0,"cards_obtained":["Bane"]},{"damage_healed":0,"gold_gain":0,"player_choice":"Inject Mutagens","damage_taken":0,"relics_obtained":["MutagenicStrength"],"max_hp_gain":0,"max_hp_loss":0,"event_name":"Drug Dealer","floor":25,"gold_loss":0},{"damage_healed":0,"gold_gain":0,"player_choice":"Max HP","damage_taken":0,"max_hp_gain":0,"max_hp_loss":4,"event_name":"Winding Halls","floor":37,"gold_loss":0}],"is_beta":false,"boss_relics":[{"not_picked":["SacredBark","Busted Crown"],"picked":"Empty Cage"},{"not_picked":["Pandora\u0027s Box","Sozu"],"picked":"SlaversCollar"}],"items_purged_floors":[36],"is_endless":false,"potions_floor_spawned":[4,6,10,12,18,21,30,33,38,39],"killed_by":"Nemesis","ascension_level":0}}