{"host":"bsqaowxr2lcqjse6","time":1608036712,"event":{"mods":["Act Like it!","Aspiration","BaseMod","Beaked The Cultist","Better Altar","Better Match","Better Note","Better Third Choice","BetterRewards","Block Reminder","Colored Map","Colored Powertips","Conspire","DeckTracker","Downfall","Elementarium","Energized Spire","GifTheSpireLib","GungeonMod","Hubris","Hunter ??","Infinite Spire","Jorbs\u0027s Wanderer Trilogy","Minty Spire (QoL Compilation)","Rare Cards Sparkle","Relic Stats","Replay The Spire","Shade Mod","Shop Mod","Spicy Shops","StSLib","Stuff the Spire","Td1madao Mod","Transform Curses","Wandering Minibosses"],"gold_per_floor":[115,115,130,141,153,180,180,172,172,172,177,199,211,224,224,214,214],"floor_reached":16,"playtime":670,"items_purged":[],"score":145,"play_id":"a359fb0d-6a81-4eac-a7bb-bfc6f6b92f3f","local_time":"20201215235152","is_ascension_mode":true,"campfire_choices":[{"floor":7,"key":"REST"},{"floor":15,"key":"REST"}],"circlet_count":0,"master_deck":["Strike_R","Strike_R","Strike_R","Strike_R","Strike_R","Defend_R","Defend_R","Defend_R","Defend_R","Bash+1","Seeing Red","Bloodletting","Iron Wave","Heavy Blade","Wild Strike","Wild Strike","Flex","Thunderclap","Flex"],"relics":["Burning Blood","hubris:CrystalStatue","Shovel"],"acts_visited":["Exordium"],"potions_floor_usage":[16,16,16],"damage_taken":[{"damage":6,"enemies":"Cultist","floor":1,"turns":3},{"damage":11,"enemies":"Jaw Worm","floor":3,"turns":4},{"damage":6,"enemies":"2 Louse","floor":4,"turns":3},{"damage":27,"enemies":"Exordium Thugs","floor":5,"turns":8},{"damage":37,"enemies":"Gremlin Nob","floor":6,"turns":5},{"damage":10,"enemies":"3 Louse","floor":8,"turns":7},{"damage":0,"enemies":"Large Slime","floor":11,"turns":3},{"damage":28,"enemies":"3 Sentries","floor":12,"turns":9},{"damage":15,"enemies":"2 Fungi Beasts","floor":13,"turns":3},{"damage":12,"enemies":"Exordium Thugs","floor":14,"turns":4},{"damage":54,"enemies":"Hexaghost","floor":16,"turns":8}],"seed_played":"-4648693506661385490","potions_obtained":[{"floor":1,"key":"AttackPotion"},{"floor":3,"key":"champ:CounterPotion"},{"floor":4,"key":"LiquidMemories"}],"is_trial":false,"path_per_floor":["M","$","M","M","M","E","R","M","T","?","M","E","M","M","R","B"],"character_chosen":"IRONCLAD","items_purchased":[],"campfire_rested":2,"item_purchase_floors":[],"current_hp_per_floor":[88,88,83,83,62,31,57,53,53,53,59,37,28,22,48,0,0],"gold":214,"neow_bonus":"TEN_PERCENT_HP_BONUS","is_daily":false,"chose_seed":false,"campfire_upgraded":0,"win_rate":0.0,"timestamp":1608036712,"path_taken":["M","?","M","M","M","E","R","M","T","?","M","E","?","M","R","BOSS"],"items_purchased_type":[],"build_version":"2020-12-13","purchased_purges":0,"victory":false,"max_hp_per_floor":[88,88,88,88,88,88,88,88,88,88,88,88,88,88,88,88,88],"relic_stats":{"Shovel":0,"counters":[11,57],"obtain_stats":[{"hubris:CrystalStatue":9,"Shovel":12,"DemoMod:GlassGuonStoneRelic":1,"Burning Blood":0},{"hubris:CrystalStatue":6,"Shovel":8,"DemoMod:GlassGuonStoneRelic":1,"Burning Blood":0},{"hubris:CrystalStatue":30,"Shovel":42,"DemoMod:GlassGuonStoneRelic":3,"Burning Blood":0}],"Burning Blood":60},"card_choices":[{"not_picked":["Ghostly Armor","Havoc"],"picked":"Seeing Red","floor":1},{"not_picked":["StuffTheSpire:Incineration","hubris:SharpeningStone"],"picked":"Bloodletting","floor":3},{"not_picked":["Thunderclap","StuffTheSpire:Incineration"],"picked":"Iron Wave","floor":4},{"not_picked":["Shrug It Off","Perfected Strike"],"picked":"Heavy Blade","floor":5},{"not_picked":["Anger","hubris:ReadiedAction"],"picked":"Wild Strike","floor":6},{"not_picked":["Sever Soul","StuffTheSpire:Incineration"],"picked":"Wild Strike","floor":8},{"not_picked":["Headbutt","Perfected Strike"],"picked":"Flex","floor":11},{"not_picked":["ReplayTheSpireMod:Strike From Hell","Dual Wield"],"picked":"Thunderclap","floor":12},{"not_picked":["Armaments","Warcry"],"picked":"Flex","floor":13},{"not_picked":["Clothesline","Dark Embrace","Shockwave"],"picked":"SKIP","floor":14}],"player_experience":584752,"relics_obtained":[{"floor":9,"key":"hubris:CrystalStatue"},{"floor":12,"key":"Shovel"}],"event_choices":[{"damage_healed":0,"gold_gain":0,"player_choice":"Forge","damage_taken":0,"max_hp_gain":0,"max_hp_loss":0,"event_name":"Accursed Blacksmith","floor":10,"gold_loss":0,"cards_upgraded":["Bash"]}],"is_beta":false,"boss_relics":[],"items_purged_floors":[],"is_endless":false,"potions_floor_spawned":[1,3,4,8],"killed_by":"Hexaghost","ascension_level":5}}