{"host":"1tl36azeqm6yhdgj","time":1608068779,"event":{"mods":["AchievementEnabler","BaseMod","Minty Spire (QoL Compilation)","StSLib","The IronCluck","everything is the same but u backflip on backflip"],"gold_per_floor":[111,111,131,206,206,206,156,170,195,211,211,289,314,327,327,398,398,413,413,413,28,48,48,78,0,24,123,123,173,173,193,193,270,270,289,289,309,327,327,327,327,327],"floor_reached":41,"playtime":1399,"items_purged":[],"score":697,"play_id":"f24e13cc-1227-4d6a-a951-95ddeeea7557","local_time":"20201215164619","is_ascension_mode":true,"campfire_choices":[{"data":"Body Slam","floor":6.0,"key":"SMITH"},{"data":"Inflame","floor":11.0,"key":"SMITH"},{"floor":15.0,"key":"RECALL"},{"data":"Discovery","floor":23.0,"key":"SMITH"},{"floor":30.0,"key":"REST"},{"floor":32.0,"key":"REST"},{"floor":40,"key":"REST"}],"circlet_count":0,"master_deck":["AscendersBane","Defend_R","Defend_R","Bash","Inflame+1","Body Slam+1","Rage","Flex","Clash","Bludgeon","Metallicize","Bite","Bite","Bite","Bite","Discovery+1","Fire Breathing","Ghostly Armor+1","Dropkick","Limit Break+1","Inflame+1","Entrench+1","Metamorphosis+1","Seeing Red","Burning Pact","Heavy Blade+1","Magnetism"],"relics":["Burning Blood","Nunchaku","Happy Flower","Oddly Smooth Stone","White Beast Statue","Mango","Black Star","Toy Ornithopter","Lee\u0027s Waffle","Bird Faced Urn","Tiny Chest","Boot","Smiling Mask","Astrolabe"],"acts_visited":["Exordium","TheCity","TheBeyond"],"potions_floor_usage":[38,38,41],"damage_taken":[{"damage":9.0,"enemies":"Jaw Worm","floor":1.0,"turns":3.0},{"damage":11.0,"enemies":"2 Louse","floor":3.0,"turns":3.0},{"damage":0.0,"enemies":"Small Slimes","floor":8.0,"turns":3.0},{"damage":0.0,"enemies":"2 Fungi Beasts","floor":10.0,"turns":4.0},{"damage":8.0,"enemies":"Lagavulin","floor":13.0,"turns":5.0},{"damage":14.0,"enemies":"Lots of Slimes","floor":14.0,"turns":4.0},{"damage":34.0,"enemies":"Hexaghost","floor":16.0,"turns":9.0},{"damage":22.0,"enemies":"2 Thieves","floor":18.0,"turns":4.0},{"damage":29.0,"enemies":"Shell Parasite","floor":22.0,"turns":6.0},{"damage":63.0,"enemies":"Slavers","floor":24.0,"turns":6.0},{"damage":37.0,"enemies":"Shelled Parasite and Fungi","floor":31.0,"turns":7.0},{"damage":64.0,"enemies":"Champ","floor":33.0,"turns":11.0},{"damage":2.0,"enemies":"3 Shapes","floor":35.0,"turns":4.0},{"damage":63.0,"enemies":"3 Darklings","floor":37.0,"turns":7.0},{"damage":48,"enemies":"Jaw Worm Horde","floor":38,"turns":5},{"damage":57,"enemies":"Giant Head","floor":41,"turns":6}],"seed_played":"-2049389239751619359","potions_obtained":[{"floor":8.0,"key":"SpeedPotion"},{"floor":10.0,"key":"Ancient Potion"},{"floor":13.0,"key":"LiquidBronze"},{"floor":14.0,"key":"Swift Potion"},{"floor":16.0,"key":"Strength Potion"},{"floor":18.0,"key":"ColorlessPotion"},{"floor":22.0,"key":"BloodPotion"},{"floor":24.0,"key":"SpeedPotion"},{"floor":31.0,"key":"AttackPotion"},{"floor":33.0,"key":"AttackPotion"},{"floor":35.0,"key":"Ancient Potion"},{"floor":37.0,"key":"DistilledChaos"},{"floor":38,"key":"Weak Potion"}],"is_trial":false,"path_per_floor":["M","?","M","?","?","R","?","M","T","M","R","T","E","M","R","B",null,"M","?","?","$","M","R","E","?","T","?","T","T","R","M","R","B",null,"M","?","M","M","?","R","E"],"character_chosen":"IRONCLAD","items_purchased":["Toy Ornithopter","Discovery","Lee\u0027s Waffle"],"campfire_rested":3,"item_purchase_floors":[21,21,21],"current_hp_per_floor":[69,62,57,46,39,39,39,45,45,51,51,51,63,55,55,27,77,61,61,61,72,59,59,19,19,19,19,19,19,40,51,72,44,65,72,72,27,11,11,32,0,0],"gold":327,"neow_bonus":"RANDOM_COMMON_RELIC","is_daily":false,"chose_seed":false,"campfire_upgraded":3,"win_rate":0.0,"timestamp":1608068779,"path_taken":["M","?","M","?","?","R","?","M","T","M","R","?","E","M","R","BOSS","M","?","?","$","M","R","E","?","T","?","?","?","R","M","R","BOSS","M","?","M","?","?","R","E"],"items_purchased_type":["Relic","Card","Relic"],"build_version":"2020-12-13","purchased_purges":0,"victory":false,"max_hp_per_floor":[80,80,80,80,80,80,80,80,80,80,80,80,94,94,94,94,94,94,65,65,72,72,72,72,72,72,72,72,72,72,72,72,72,72,72,72,72,72,72,72,72,72],"card_choices":[{"not_picked":["Wild Strike","Entrench"],"picked":"Inflame","floor":1.0},{"not_picked":["Twin Strike","Warcry"],"picked":"Body Slam","floor":3.0},{"not_picked":["Perfected Strike","Evolve"],"picked":"Rage","floor":8.0},{"not_picked":["Second Wind","Sword Boomerang","Havoc"],"picked":"SKIP","floor":10.0},{"not_picked":["Warcry","Sword Boomerang"],"picked":"Flex","floor":13.0},{"not_picked":["Searing Blow","Shrug It Off"],"picked":"Clash","floor":14.0},{"not_picked":["Exhume","Fiend Fire"],"picked":"Bludgeon","floor":16.0},{"not_picked":["Fire Breathing","Rupture"],"picked":"Metallicize","floor":18.0},{"not_picked":["Armaments","Clash"],"picked":"Fire Breathing","floor":22.0},{"not_picked":["Armaments","Wild Strike"],"picked":"Ghostly Armor+1","floor":24.0},{"not_picked":["Twin Strike","Battle Trance"],"picked":"Dropkick","floor":31.0},{"not_picked":["Bludgeon","Double Tap"],"picked":"Limit Break","floor":33.0},{"not_picked":["Anger","Clothesline"],"picked":"Seeing Red","floor":35.0},{"not_picked":["Whirlwind","Body Slam"],"picked":"Burning Pact","floor":37.0},{"not_picked":["Cleave","Infernal Blade"],"picked":"Heavy Blade+1","floor":38},{"not_picked":["Forethought","Thinking Ahead"],"picked":"Magnetism","floor":39}],"player_experience":1948233,"relics_obtained":[{"floor":9.0,"key":"Oddly Smooth Stone"},{"floor":12.0,"key":"White Beast Statue"},{"floor":13.0,"key":"Mango"},{"floor":24.0,"key":"Bird Faced Urn"},{"floor":24.0,"key":"Tiny Chest"},{"floor":28.0,"key":"Boot"},{"floor":29.0,"key":"Smiling Mask"}],"event_choices":[{"cards_removed":["Strike_R"],"damage_healed":0.0,"max_hp_gain":0.0,"max_hp_loss":0.0,"gold_gain":0.0,"event_name":"Golden Wing","player_choice":"Card Removal","floor":2.0,"gold_loss":0.0,"damage_taken":7.0},{"damage_healed":0.0,"max_hp_gain":0.0,"max_hp_loss":0.0,"gold_gain":75.0,"event_name":"World of Goop","player_choice":"Gather Gold","floor":4.0,"gold_loss":0.0,"damage_taken":11.0},{"damage_healed":0.0,"max_hp_gain":0.0,"max_hp_loss":0.0,"gold_gain":0.0,"event_name":"Scrap Ooze","player_choice":"Success","floor":5.0,"gold_loss":0.0,"damage_taken":7.0,"relics_obtained":["Happy Flower"]},{"cards_removed":["Strike_R"],"damage_healed":0.0,"max_hp_gain":0.0,"max_hp_loss":0.0,"gold_gain":0.0,"event_name":"The Cleric","player_choice":"Card Removal","floor":7.0,"gold_loss":50.0,"damage_taken":0.0},{"damage_healed":0.0,"max_hp_gain":0.0,"max_hp_loss":29.0,"gold_gain":0.0,"event_name":"Vampires","player_choice":"Became a vampire","floor":19.0,"gold_loss":0.0,"damage_taken":0.0,"cards_obtained":["Bite","Bite","Bite","Bite","Bite"]},{"damage_healed":0.0,"max_hp_gain":0.0,"max_hp_loss":0.0,"gold_gain":0.0,"event_name":"Ghosts","player_choice":"Ignored","floor":20.0,"gold_loss":0.0,"damage_taken":0.0},{"damage_healed":0.0,"max_hp_gain":0.0,"max_hp_loss":0.0,"gold_gain":0.0,"event_name":"Masked Bandits","player_choice":"Paid Fearfully","floor":25.0,"gold_loss":78.0,"damage_taken":0.0},{"damage_healed":0.0,"max_hp_gain":0.0,"max_hp_loss":0.0,"gold_gain":99.0,"event_name":"Nest","player_choice":"Stole From Cult","floor":27.0,"gold_loss":0.0,"damage_taken":0.0},{"damage_healed":0.0,"max_hp_gain":0.0,"max_hp_loss":0.0,"gold_gain":0.0,"event_name":"Upgrade Shrine","player_choice":"Upgraded","floor":36.0,"gold_loss":0.0,"damage_taken":0.0,"cards_upgraded":["Limit Break"]},{"damage_healed":0,"gold_gain":0,"player_choice":"Memory 1","damage_taken":0,"max_hp_gain":0,"max_hp_loss":0,"event_name":"SensoryStone","floor":39,"gold_loss":0}],"is_beta":false,"boss_relics":[{"not_picked":["Calling Bell","Empty Cage"],"picked":"Black Star"},{"not_picked":["Snecko Eye","Black Blood"],"picked":"Astrolabe"}],"items_purged_floors":[],"is_endless":false,"potions_floor_spawned":[8,10,13,14,16,18,22,24,31,33,35,37,38],"killed_by":"Giant Head","ascension_level":13}}