{"host":"qwttrqaysb380yri","time":1608069594,"event":{"mods":["BaseMod","Custom Start","Minty Spire (QoL Compilation)","Puzzle Mod","Relic Stats","StSLib","The Cursed","The Hierophant"],"gold_per_floor":[114,182,257,272,268,276,325,325,397,397,397,466,466,477,477,564,564,634,549,336,471,516,456,456],"floor_reached":23,"playtime":773,"items_purged":[],"score":412,"play_id":"17beee02-ff5b-4d33-af14-71034d2cf773","local_time":"20201215225954","is_ascension_mode":true,"campfire_choices":[{"floor":8,"key":"REST"},{"data":"hierophant:Kindle","floor":11,"key":"SMITH"},{"floor":15,"key":"REST"}],"circlet_count":0,"master_deck":["AscendersBane","hierophant:Punish","hierophant:ChurchCoffers","hierophant:Kindle+1","hierophant:SealAway","hierophant:Encroach","hierophant:PassingBell","hierophant:BulkyChest","hierophant:Sermon","hierophant:AuricBeam","Parasite","hierophant:BulkyChest","hierophant:Cornucopia","hierophant:FlamingChariot","hierophant:OrnateBuckler","hierophant:CursedGold","hierophant:EyeForCoin","hierophant:RepressedViolence","hierophant:Prophecy","hierophant:Embezzle","hierophant:PristineSoul","hierophant:Doubloon","hierophant:Doubloon","hierophant:Embezzle","hierophant:Encroach","hierophant:AuricBeam","hierophant:FieryStrike","Bite","Bite","Bite","Bite","Bite"],"relics":["hierophant:PropheticMaskRelic","Du-Vu Doll","Matryoshka","Juzu Bracelet","Oddly Smooth Stone","Pandora\u0027s Box","CeramicFish"],"acts_visited":["Exordium","TheCity"],"potions_floor_usage":[12,14],"damage_taken":[{"damage":8,"enemies":"2 Louse","floor":1,"turns":2},{"damage":0,"enemies":"Small Slimes","floor":4,"turns":2},{"damage":4,"enemies":"Jaw Worm","floor":5,"turns":4},{"damage":18,"enemies":"3 Sentries","floor":6,"turns":8},{"damage":7,"enemies":"Looter","floor":7,"turns":4},{"damage":16,"enemies":"Gremlin Nob","floor":12,"turns":4},{"damage":13,"enemies":"Lagavulin","floor":14,"turns":5},{"damage":5,"enemies":"Slime Boss","floor":16,"turns":6},{"damage":54,"enemies":"3 Byrds","floor":18,"turns":7},{"damage":13,"enemies":"Spheric Guardian","floor":21,"turns":4},{"damage":22,"enemies":"Gremlin Leader","floor":23,"turns":5}],"seed_played":"3124293135238303370","potions_obtained":[{"floor":6,"key":"Block Potion"},{"floor":7,"key":"Energy Potion"}],"is_trial":false,"path_per_floor":["M","?","?","M","M","E","M","R","T","?","R","E","?","E","R","B",null,"M","?","$","M","?","E"],"character_chosen":"HIEROPHANT","items_purchased":["hierophant:Embezzle","FairyPotion","hierophant:Encroach","hierophant:AuricBeam"],"campfire_rested":2,"item_purchase_floors":[20,20,20,20],"current_hp_per_floor":[60,60,49,49,45,27,20,40,40,40,40,24,41,28,48,43,62,8,8,8,20,20,8,8],"gold":456,"neow_bonus":"THREE_RARE_CARDS","is_daily":false,"chose_seed":false,"campfire_upgraded":1,"win_rate":0.0,"timestamp":1608069594,"path_taken":["M","?","?","M","M","E","M","R","T","?","R","E","?","E","R","BOSS","M","?","$","M","?","E"],"items_purchased_type":["Card","Potion","Card","Card"],"build_version":"2020-12-13","purchased_purges":0,"victory":false,"max_hp_per_floor":[68,68,68,68,68,68,68,68,68,68,68,68,68,68,68,68,68,68,68,68,68,47,47,47],"relic_stats":{"counters":[11,51],"CeramicFish":81,"Pandora\u0027s Box":["hierophant:FlamingChariot","hierophant:OrnateBuckler","hierophant:CursedGold","hierophant:EyeForCoin","hierophant:RepressedViolence","hierophant:Prophecy","hierophant:Embezzle","hierophant:PristineSoul"],"Juzu Bracelet":0,"obtain_stats":[{"Du-Vu Doll":6,"Matryoshka":9,"hierophant:PropheticMaskRelic":0,"CeramicFish":19,"Oddly Smooth Stone":14,"Pandora\u0027s Box":17,"Juzu Bracelet":12},{"Du-Vu Doll":4,"Matryoshka":5,"hierophant:PropheticMaskRelic":0,"CeramicFish":9,"Oddly Smooth Stone":7,"Pandora\u0027s Box":8,"Juzu Bracelet":6},{"Du-Vu Doll":16,"Matryoshka":20,"hierophant:PropheticMaskRelic":0,"CeramicFish":42,"Oddly Smooth Stone":29,"Pandora\u0027s Box":35,"Juzu Bracelet":24}]},"card_choices":[{"not_picked":["hierophant:Invocation","hierophant:Cornucopia"],"picked":"hierophant:Kindle","floor":0},{"not_picked":["hierophant:RepressedViolence","hierophant:Community"],"picked":"hierophant:SealAway","floor":1},{"not_picked":["hierophant:Dazzle","hierophant:Sermon"],"picked":"hierophant:Encroach","floor":4},{"not_picked":["hierophant:Racketeering","hierophant:Generosity"],"picked":"hierophant:PassingBell","floor":5},{"not_picked":["hierophant:OrnateBuckler","hierophant:Blessing"],"picked":"hierophant:BulkyChest","floor":6},{"not_picked":["hierophant:OrnateBuckler","hierophant:RustyCrate"],"picked":"hierophant:Sermon","floor":7},{"not_picked":["hierophant:CoinFling","hierophant:Zeal"],"picked":"hierophant:AuricBeam","floor":12},{"not_picked":["hierophant:PassingBell","hierophant:Remorse"],"picked":"hierophant:BulkyChest","floor":14},{"not_picked":["hierophant:DivineIntervention","hierophant:Anathema"],"picked":"hierophant:Cornucopia","floor":16},{"not_picked":["hierophant:PassingBell","hierophant:MorningPrayer","hierophant:RepressedViolence"],"picked":"SKIP","floor":18},{"not_picked":["hierophant:PassingBell+1","hierophant:Doubloon"],"picked":"hierophant:FieryStrike","floor":21}],"player_experience":1863706,"relics_obtained":[{"floor":6,"key":"Du-Vu Doll"},{"floor":9,"key":"Matryoshka"},{"floor":12,"key":"Juzu Bracelet"},{"floor":14,"key":"Oddly Smooth Stone"}],"event_choices":[{"damage_healed":0,"gold_gain":68,"player_choice":"Gained Gold","damage_taken":0,"max_hp_gain":0,"max_hp_loss":0,"event_name":"Golden Wing","floor":2,"gold_loss":0},{"damage_healed":0,"gold_gain":75,"player_choice":"Gather Gold","damage_taken":11,"max_hp_gain":0,"max_hp_loss":0,"event_name":"World of Goop","floor":3,"gold_loss":0},{"damage_healed":0,"gold_gain":0,"player_choice":"Ignored","damage_taken":0,"max_hp_gain":0,"max_hp_loss":0,"event_name":"Liars Game","floor":10,"gold_loss":0},{"damage_healed":17,"gold_gain":0,"player_choice":"Healed and dodged fight","damage_taken":0,"max_hp_gain":0,"max_hp_loss":0,"event_name":"Mushrooms","floor":13,"gold_loss":0,"cards_obtained":["Parasite"]},{"damage_healed":0,"gold_gain":0,"player_choice":"Obtained Relic","damage_taken":0,"relics_obtained":["CeramicFish"],"max_hp_gain":0,"max_hp_loss":0,"event_name":"Addict","floor":19,"gold_loss":85},{"damage_healed":0,"gold_gain":0,"player_choice":"Became a vampire","damage_taken":0,"max_hp_gain":0,"max_hp_loss":21,"event_name":"Vampires","floor":22,"gold_loss":0,"cards_obtained":["Bite","Bite","Bite","Bite","Bite"]}],"is_beta":false,"boss_relics":[{"not_picked":["Coffee Dripper","Velvet Choker"],"picked":"Pandora\u0027s Box"}],"items_purged_floors":[],"is_endless":false,"potions_floor_spawned":[6,7],"killed_by":"Gremlin Leader","ascension_level":15}}