{"host":"zjpedncu52gty2eg","time":1608039034,"event":{"mods":["AchievementEnabler","BaseMod","Colored Powertips","Minty Spire (QoL Compilation)","Quick Restart","StSLib"],"gold_per_floor":[115,190,140,140,88,88,105,122,198,51,51,51,66,95,95,195,195,206,219,219,219,231,231,247,247,247,247,275,287,212,56,56,159,159,169,186,199,252,252,252,283,182,260,279,279,298,298,313,313,313],"floor_reached":51,"playtime":2851,"items_purged":["Strike_P"],"score":720,"play_id":"1db4b18a-d566-4d1b-8d7d-d2d18e3b2c80","local_time":"20201215063034","is_ascension_mode":false,"campfire_choices":[{"data":"Eruption","floor":6,"key":"SMITH"},{"floor":15,"key":"REST"},{"data":"Scrawl","floor":23,"key":"SMITH"},{"floor":25,"key":"REST"},{"data":"Consecrate","floor":27,"key":"SMITH"},{"data":"Ragnarok","floor":32,"key":"SMITH"},{"data":"Scrawl","floor":40,"key":"SMITH"},{"data":"Devotion","floor":45,"key":"SMITH"},{"floor":47,"key":"REST"},{"floor":49,"key":"REST"}],"circlet_count":0,"master_deck":["Strike_P","Strike_P","Strike_P","Eruption+1","Vigilance+1","Crescendo+1","CutThroughFate","Conclude","EmptyFist","Wallop","Scrawl+1","SandsOfTime+1","Consecrate+1","Necronomicurse","FollowUp+1","Scrawl+1","Ragnarok+1","Brilliance","Devotion+1","FollowUp","Parasite","Pray"],"relics":["PureWater","Bottled Lightning","War Paint","White Beast Statue","Ginger","Runic Pyramid","Necronomicon","Pantograph","HornCleat","SacredBark","Gambling Chip","Bottled Flame","The Courier"],"acts_visited":["Exordium","TheCity","TheBeyond"],"potions_floor_usage":[24,29,33,33,50],"damage_taken":[{"damage":1,"enemies":"Jaw Worm","floor":1,"turns":4},{"damage":0,"enemies":"2 Louse","floor":7,"turns":1},{"damage":0,"enemies":"Cultist","floor":8,"turns":2},{"damage":20,"enemies":"Exordium Thugs","floor":13,"turns":2},{"damage":1,"enemies":"Lagavulin","floor":14,"turns":3},{"damage":0,"enemies":"Slime Boss","floor":16,"turns":4},{"damage":18,"enemies":"Shell Parasite","floor":18,"turns":5},{"damage":0,"enemies":"Chosen","floor":19,"turns":3},{"damage":0,"enemies":"Sentry and Sphere","floor":22,"turns":2},{"damage":0,"enemies":"Snecko","floor":24,"turns":2},{"damage":57,"enemies":"Slavers","floor":28,"turns":4},{"damage":0,"enemies":"Centurion and Healer","floor":29,"turns":2},{"damage":31,"enemies":"Champ","floor":33,"turns":6},{"damage":0,"enemies":"3 Shapes","floor":35,"turns":2},{"damage":0,"enemies":"Orb Walker","floor":36,"turns":1},{"damage":0,"enemies":"Sphere and 2 Shapes","floor":37,"turns":2},{"damage":38,"enemies":"2 Orb Walkers","floor":38,"turns":4},{"damage":2,"enemies":"Nemesis","floor":41,"turns":3},{"damage":0,"enemies":"Transient","floor":44,"turns":5},{"damage":0,"enemies":"Writhing Mass","floor":46,"turns":2},{"damage":15,"enemies":"Sphere and 2 Shapes","floor":48,"turns":1},{"damage":64,"enemies":"Donu and Deca","floor":50,"turns":6}],"seed_played":"-3828828595237445069","potions_obtained":[{"floor":8,"key":"SmokeBomb"},{"floor":13,"key":"Block Potion"},{"floor":14,"key":"Strength Potion"},{"floor":16,"key":"SteroidPotion"},{"floor":19,"key":"FearPotion"},{"floor":24,"key":"Fruit Juice"},{"floor":28,"key":"Swift Potion"},{"floor":29,"key":"Regen Potion"},{"floor":33,"key":"BlessingOfTheForge"},{"floor":35,"key":"SkillPotion"},{"floor":36,"key":"Fire Potion"},{"floor":44,"key":"Strength Potion"},{"floor":48,"key":"FairyPotion"}],"is_trial":false,"path_per_floor":["M","?","?","?","$","R","M","M","T","$","?","$","M","E","R","B",null,"M","M","?","?","M","R","M","R","T","R","E","M","?","$","R","B",null,"M","M","M","?","T","R","E","$","T","M","R","M","R","M","R","B",null],"character_chosen":"WATCHER","items_purchased":["CutThroughFate","War Paint","Ragnarok","FollowUp"],"campfire_rested":4,"item_purchase_floors":[5,10,31,42],"current_hp_per_floor":[71,60,60,60,60,60,60,60,60,60,48,48,28,27,48,48,72,54,54,54,38,38,38,43,66,66,66,9,9,9,9,9,15,77,77,77,77,39,39,39,37,37,37,37,37,37,60,45,68,13],"gold":313,"neow_bonus":"REMOVE_CARD","is_daily":false,"chose_seed":false,"campfire_upgraded":6,"win_rate":0.0,"timestamp":1608039034,"path_taken":["M","?","?","?","$","R","?","M","T","?","?","$","M","E","R","BOSS","M","M","?","?","M","R","M","R","T","R","E","M","?","?","R","BOSS","M","M","?","?","?","R","E","$","T","M","R","M","R","?","R","BOSS"],"items_purchased_type":["Card","Relic","Card","Card"],"build_version":"2020-12-13","purchased_purges":1,"victory":true,"max_hp_per_floor":[72,72,72,72,72,72,72,72,72,72,72,72,72,72,72,72,72,72,72,72,72,72,72,77,77,77,77,77,77,77,77,77,77,77,77,77,77,77,77,77,77,77,77,77,77,77,77,77,77,77],"card_choices":[{"not_picked":["SashWhip","JustLucky","Halt"],"picked":"SKIP","floor":1},{"not_picked":["DeceiveReality","Pray","FlurryOfBlows"],"picked":"SKIP","floor":7},{"not_picked":["EmptyFist","DeceiveReality"],"picked":"Conclude","floor":8},{"not_picked":["Vengeance","FlyingSleeves"],"picked":"EmptyFist","floor":13},{"not_picked":["DeceiveReality","JustLucky"],"picked":"Wallop","floor":14},{"not_picked":["Devotion","DevaForm"],"picked":"Scrawl","floor":16},{"not_picked":["EmptyFist","InnerPeace"],"picked":"SandsOfTime+1","floor":18},{"not_picked":["EmptyFist","InnerPeace","LikeWater+1"],"picked":"SKIP","floor":19},{"not_picked":["SignatureMove","ClearTheMind","FlurryOfBlows"],"picked":"SKIP","floor":22},{"not_picked":["WheelKick","EmptyBody"],"picked":"FollowUp+1","floor":24},{"not_picked":["PathToVictory","Wallop","ForeignInfluence"],"picked":"SKIP","floor":28},{"not_picked":["ThirdEye","Pray+1"],"picked":"Scrawl","floor":29},{"not_picked":["Scrawl","DeusExMachina"],"picked":"Brilliance","floor":33},{"not_picked":["FlurryOfBlows+1","CrushJoints","InnerPeace"],"picked":"SKIP","floor":35},{"not_picked":["PathToVictory+1","EmptyBody+1","JustLucky"],"picked":"SKIP","floor":36},{"not_picked":["FlyingSleeves+1","Crescendo","EmptyFist"],"picked":"SKIP","floor":37},{"not_picked":["JustLucky","Evaluate"],"picked":"Devotion","floor":41},{"not_picked":["Evaluate","ClearTheMind","Collect"],"picked":"SKIP","floor":44},{"not_picked":["Indignation","SandsOfTime+1"],"picked":"Pray","floor":46},{"not_picked":["Meditate","CrushJoints+1","WaveOfTheHand+1"],"picked":"SKIP","floor":48}],"player_experience":148816,"relics_obtained":[{"floor":9,"key":"Bottled Lightning"},{"floor":14,"key":"Ginger"},{"floor":21,"key":"Necronomicon"},{"floor":26,"key":"Pantograph"},{"floor":28,"key":"HornCleat"},{"floor":38,"key":"Gambling Chip"},{"floor":41,"key":"Bottled Flame"},{"floor":43,"key":"The Courier"}],"event_choices":[{"damage_healed":0,"gold_gain":75,"player_choice":"Gather Gold","damage_taken":11,"max_hp_gain":0,"max_hp_loss":0,"event_name":"World of Goop","floor":2,"gold_loss":0},{"cards_removed":["Defend_P"],"damage_healed":0,"gold_gain":0,"player_choice":"Card Removal","damage_taken":0,"max_hp_gain":0,"max_hp_loss":0,"event_name":"The Cleric","floor":3,"gold_loss":50},{"damage_healed":0,"gold_gain":0,"cards_transformed":["Defend_P"],"player_choice":"Transformed","damage_taken":0,"max_hp_gain":0,"max_hp_loss":0,"event_name":"Transmorgrifier","floor":4,"gold_loss":0,"cards_obtained":["Crescendo"]},{"damage_healed":0,"gold_gain":0,"player_choice":"Success","damage_taken":12,"relics_obtained":["White Beast Statue"],"max_hp_gain":0,"max_hp_loss":0,"event_name":"Scrap Ooze","floor":11,"gold_loss":0},{"damage_healed":0,"gold_gain":0,"player_choice":"Read","damage_taken":0,"max_hp_gain":0,"max_hp_loss":0,"event_name":"The Library","floor":20,"gold_loss":0,"cards_obtained":["Consecrate"]},{"damage_healed":0,"gold_gain":0,"player_choice":"Obtained Book","damage_taken":16,"max_hp_gain":0,"max_hp_loss":0,"event_name":"Cursed Tome","floor":21,"gold_loss":0},{"cards_removed":["Defend_P"],"damage_healed":0,"gold_gain":0,"player_choice":"Gave Gold","damage_taken":0,"max_hp_gain":0,"max_hp_loss":0,"event_name":"Beggar","floor":30,"gold_loss":75},{"damage_healed":0,"gold_gain":0,"player_choice":"Fight","damage_taken":0,"max_hp_gain":0,"max_hp_loss":0,"event_name":"Mysterious Sphere","floor":38,"gold_loss":0}],"is_beta":false,"boss_relics":[{"not_picked":["Coffee Dripper","Cursed Key"],"picked":"Runic Pyramid"},{"not_picked":["Astrolabe","Pandora\u0027s Box"],"picked":"SacredBark"}],"items_purged_floors":[42],"is_endless":false,"potions_floor_spawned":[8,13,14,16,18,19,22,24,28,29,33,35,36,37,38,41,44,46,48],"ascension_level":0}}