{"host":"ryuep8ewa00k39z9","time":1608076696,"event":{"mods":["AchievementEnabler","BaseMod","Best Route Mod","Colored Map","Colored Powertips","Displayed Cursed Tome","Highlight Path","Minty Spire (QoL Compilation)","Quick Restart","SuperFastMode"],"gold_per_floor":[162,162,78,89,164,164,174,201,228,255,255,584,598,32,32,106,106,118,118,118,193,20,20,54,54,107,132,132,132,151,171,171,171,171],"floor_reached":0,"playtime":0,"items_purged":["Strike_R"],"score":0,"play_id":"386acd22-9800-4c59-80d9-89a51aeb3b2a","local_time":"20201215175816","is_ascension_mode":true,"campfire_choices":[{"data":"Whirlwind","floor":6.0,"key":"SMITH"},{"data":"Armaments","floor":15.0,"key":"SMITH"},{"floor":23.0,"key":"REST"},{"data":"Corruption","floor":28.0,"key":"SMITH"},{"floor":32.0,"key":"REST"}],"circlet_count":0,"master_deck":["AscendersBane","Defend_R","Defend_R","Defend_R","Defend_R","Bash+1","Body Slam+1","Shrug It Off","Whirlwind+1","Immolate","Corruption+1","Feed","Armaments+1","Double Tap","Anger+1","Entrench+1","Cleave+1","Shrug It Off","Poisoned Stab","Decay","Flash of Steel","Dark Embrace"],"relics":["Tiny House","Ancient Tea Set","Red Skull","CaptainsWheel","Old Coin","Question Card","Astrolabe","FaceOfCleric","Toxic Egg 2","PrismaticShard","Bottled Tornado","Juzu Bracelet","Strawberry"],"acts_visited":["Exordium","TheCity"],"potions_floor_usage":[33,33],"damage_taken":[{"damage":3.0,"enemies":"2 Louse","floor":1.0,"turns":3.0},{"damage":0.0,"enemies":"Small Slimes","floor":4.0,"turns":2.0},{"damage":2.0,"enemies":"Jaw Worm","floor":7.0,"turns":3.0},{"damage":17.0,"enemies":"3 Sentries","floor":8.0,"turns":5.0},{"damage":8.0,"enemies":"Gremlin Nob","floor":10.0,"turns":3.0},{"damage":2.0,"enemies":"3 Sentries","floor":12.0,"turns":4.0},{"damage":0.0,"enemies":"3 Louse","floor":13.0,"turns":1.0},{"damage":17.0,"enemies":"The Guardian","floor":16.0,"turns":7.0},{"damage":21.0,"enemies":"Shell Parasite","floor":18.0,"turns":4.0},{"damage":27.0,"enemies":"Gremlin Leader","floor":24.0,"turns":6.0},{"damage":0.0,"enemies":"2 Thieves","floor":30.0,"turns":1.0},{"damage":14.0,"enemies":"Snake Plant","floor":31.0,"turns":3.0},{"damage":42,"enemies":"Champ","floor":33,"turns":9}],"seed_played":"2374802561851105763","potions_obtained":[{"floor":0.0,"key":"BloodPotion"},{"floor":7.0,"key":"Swift Potion"},{"floor":10.0,"key":"GamblersBrew"},{"floor":12.0,"key":"LiquidBronze"},{"floor":18.0,"key":"EssenceOfSteel"},{"floor":24.0,"key":"Energy Potion"},{"floor":30.0,"key":"FearPotion"}],"is_trial":false,"path_per_floor":["M","?","$","M","?","R","M","E","T","E","?","E","M","$","R","B",null,"M","?","$","T","$","R","E","?","T","T","R","?","M","M","R","B"],"character_chosen":"IRONCLAD","items_purchased":["Whirlwind","Question Card","Feed","Armaments","PrismaticShard"],"campfire_rested":2,"item_purchase_floors":[3,14,14,14,22],"current_hp_per_floor":[70,70,70,70,59,59,57,40,40,32,25,39,39,39,39,22,66,45,45,45,45,45,69,43,43,43,50,50,44,45,32,59,17,17],"gold":171,"neow_bonus":"BOSS_RELIC","is_daily":false,"chose_seed":false,"campfire_upgraded":3,"win_rate":0.0,"timestamp":1608076696,"path_taken":["M","?","$","M","?","R","M","E","T","E","?","E","M","?","R","BOSS","M","?","$","?","$","R","E","?","T","?","R","?","M","M","R","BOSS"],"items_purchased_type":["Card","Relic","Card","Card","Relic"],"build_version":"2020-12-13","purchased_purges":1,"victory":false,"max_hp_per_floor":[80,80,80,80,80,80,80,80,80,80,80,80,80,80,80,80,80,80,80,80,80,80,80,81,81,81,88,88,88,89,90,90,90,90],"card_choices":[{"not_picked":["Iron Wave","Entrench"],"picked":"Body Slam","floor":0.0},{"not_picked":["Clash","Heavy Blade"],"picked":"Shrug It Off","floor":1.0},{"not_picked":["Brutality","Thunderclap","Sever Soul"],"picked":"SKIP","floor":4.0},{"not_picked":["Iron Wave","Sword Boomerang","Reckless Charge"],"picked":"SKIP","floor":7.0},{"not_picked":["Heavy Blade","Thunderclap"],"picked":"Immolate","floor":8.0},{"not_picked":["True Grit","Rampage","Anger"],"picked":"SKIP","floor":10.0},{"not_picked":["Whirlwind","Armaments"],"picked":"Corruption","floor":12.0},{"not_picked":["Clash","Anger","Body Slam"],"picked":"SKIP","floor":13.0},{"not_picked":["Brutality","Berserk","Immolate"],"picked":"Double Tap","floor":16.0},{"not_picked":["Perfected Strike","Armaments","Havoc"],"picked":"Shrug It Off","floor":18.0},{"not_picked":["SashWhip","Deflect+1","PanicButton+1"],"picked":"Poisoned Stab","floor":24.0},{"not_picked":["PathToVictory+1","Concentrate+1","Twin Strike"],"picked":"Flash of Steel","floor":30.0},{"not_picked":["Prostrate+1","EmptyBody+1","Redo+1"],"picked":"Dark Embrace","floor":31.0}],"player_experience":3168378,"relics_obtained":[{"floor":8.0,"key":"Ancient Tea Set"},{"floor":9.0,"key":"Red Skull"},{"floor":10.0,"key":"CaptainsWheel"},{"floor":12.0,"key":"Old Coin"},{"floor":21.0,"key":"Toxic Egg 2"},{"floor":24.0,"key":"Bottled Tornado"},{"floor":26.0,"key":"Juzu Bracelet"},{"floor":27.0,"key":"Strawberry"}],"event_choices":[{"damage_healed":0.0,"max_hp_gain":0.0,"max_hp_loss":0.0,"gold_gain":0.0,"event_name":"Living Wall","player_choice":"Grow","floor":2.0,"gold_loss":0.0,"damage_taken":0.0,"cards_upgraded":["Body Slam"]},{"damage_healed":0.0,"max_hp_gain":0.0,"max_hp_loss":0.0,"gold_gain":75.0,"event_name":"World of Goop","player_choice":"Gather Gold","floor":5.0,"gold_loss":0.0,"damage_taken":11.0},{"cards_removed":["Strike_R"],"damage_healed":0.0,"max_hp_gain":0.0,"max_hp_loss":0.0,"gold_gain":0.0,"event_name":"Golden Wing","player_choice":"Card Removal","floor":11.0,"gold_loss":0.0,"damage_taken":7.0},{"damage_healed":0.0,"max_hp_gain":0.0,"max_hp_loss":0.0,"gold_gain":0.0,"event_name":"FaceTrader","player_choice":"Trade","floor":19.0,"gold_loss":0.0,"damage_taken":0.0,"relics_obtained":["FaceOfCleric"]},{"damage_healed":0.0,"max_hp_gain":0.0,"max_hp_loss":0.0,"gold_gain":0.0,"event_name":"Forgotten Altar","player_choice":"Smashed Altar","floor":25.0,"gold_loss":0.0,"damage_taken":0.0,"cards_obtained":["Decay"]},{"damage_healed":0.0,"max_hp_gain":0.0,"max_hp_loss":0.0,"gold_gain":0.0,"event_name":"Knowing Skull","player_choice":"","floor":29.0,"potions_obtained":[],"gold_loss":0.0,"damage_taken":6.0,"cards_obtained":[]}],"is_beta":false,"boss_relics":[{"not_picked":["Sozu","SacredBark"],"picked":"Astrolabe"}],"items_purged_floors":[14],"is_endless":false,"potions_floor_spawned":[7,10,12,18,24,30,31],"killed_by":"Champ","ascension_level":17}}