{"host":"63jn9lre6xij8k68","time":1608042767,"event":{"mods":["AchievementEnabler","BaseMod","Colored Map","DeckTracker","Minty Spire (QoL Compilation)","StSLib","SuperFastMode"],"gold_per_floor":[110,110,110,60,20,20,20,20,47,68,81,81,112,123,123,220,220,233,252,265,277,217,217,106,106,106],"floor_reached":25,"playtime":509,"items_purged":["Strike_R","Strike_R"],"score":279,"play_id":"9bfb7819-2d74-4530-8bba-ac98f8907dc6","local_time":"20201215233247","is_ascension_mode":true,"campfire_choices":[{"data":"Dark Embrace","floor":6,"key":"SMITH"},{"data":"Battle Trance","floor":8,"key":"SMITH"},{"data":"Bash","floor":12,"key":"SMITH"},{"data":"Body Slam","floor":15,"key":"SMITH"},{"floor":23,"key":"REST"}],"circlet_count":0,"master_deck":["Strike_R","Strike_R","Defend_R","Defend_R+1","Defend_R+1","Defend_R","Bash+1","Dark Embrace+1","Battle Trance+1","Burning Pact","Wild Strike","Body Slam+1","Impervious","Bludgeon","Headbutt","Second Wind","Shrug It Off+1","Fire Breathing"],"relics":["Burning Blood","NeowsBlessing","Pen Nib","Champion Belt","War Paint","Odd Mushroom","The Courier","Philosopher\u0027s Stone"],"acts_visited":["Exordium","TheCity"],"potions_floor_usage":[13,21,21],"damage_taken":[{"damage":0,"enemies":"Small Slimes","floor":1,"turns":1},{"damage":1,"enemies":"The Mushroom Lair","floor":10,"turns":2},{"damage":0,"enemies":"2 Louse","floor":11,"turns":1},{"damage":10,"enemies":"Gremlin Nob","floor":13,"turns":4},{"damage":4,"enemies":"Cultist","floor":14,"turns":3},{"damage":64,"enemies":"Slime Boss","floor":16,"turns":14},{"damage":16,"enemies":"Shell Parasite","floor":18,"turns":4},{"damage":4,"enemies":"Spheric Guardian","floor":19,"turns":3},{"damage":41,"enemies":"Shelled Parasite and Fungi","floor":20,"turns":6},{"damage":14,"enemies":"Cultist and Chosen","floor":21,"turns":4},{"damage":45,"enemies":"Gremlin Leader","floor":25,"turns":4}],"seed_played":"269810165236161358","potions_obtained":[{"floor":1,"key":"LiquidBronze"},{"floor":11,"key":"Block Potion"},{"floor":13,"key":"Dexterity Potion"},{"floor":14,"key":"Swift Potion"},{"floor":19,"key":"Energy Potion"}],"is_trial":false,"path_per_floor":["M","?","?","?","$","R","T","R","T","?","M","R","E","M","R","B",null,"M","M","M","M","$","R","$","E"],"character_chosen":"IRONCLAD","items_purchased":["Battle Trance","Fire Breathing"],"campfire_rested":1,"item_purchase_floors":[5,24],"current_hp_per_floor":[78,71,71,71,71,71,71,71,71,76,80,80,76,78,78,20,65,55,57,22,14,14,38,38,0,0],"gold":106,"neow_bonus":"THREE_ENEMY_KILL","is_daily":false,"chose_seed":false,"campfire_upgraded":4,"win_rate":0.0,"timestamp":1608042767,"path_taken":["M","?","?","?","?","R","?","R","T","?","M","R","E","M","R","BOSS","M","M","M","M","$","R","$","E"],"items_purchased_type":["Card","Card"],"build_version":"2020-12-13","purchased_purges":2,"victory":false,"max_hp_per_floor":[80,80,80,80,80,80,80,80,80,80,80,80,80,80,80,80,80,80,80,80,80,80,80,80,80,80],"card_choices":[{"not_picked":["Rupture","Iron Wave"],"picked":"Dark Embrace","floor":1},{"not_picked":["Body Slam","Thunderclap"],"picked":"Burning Pact","floor":10},{"not_picked":["Iron Wave","Pommel Strike"],"picked":"Wild Strike","floor":11},{"not_picked":["Reckless Charge","Flame Barrier"],"picked":"Body Slam","floor":13},{"not_picked":["Clash","Sentinel"],"picked":"Impervious","floor":14},{"not_picked":["Corruption","Fiend Fire"],"picked":"Bludgeon","floor":16},{"not_picked":["Clothesline","Combust"],"picked":"Headbutt","floor":18},{"not_picked":["Rage","Rupture","Havoc+1"],"picked":"SKIP","floor":19},{"not_picked":["Rage","Rupture","Havoc+1"],"picked":"SKIP","floor":19},{"not_picked":["Ghostly Armor+1","Hemokinesis"],"picked":"Second Wind","floor":20},{"not_picked":["Sword Boomerang","Thunderclap"],"picked":"Shrug It Off+1","floor":21}],"player_experience":98709,"relics_obtained":[{"floor":7,"key":"Champion Belt"},{"floor":9,"key":"War Paint"},{"floor":10,"key":"Odd Mushroom"},{"floor":13,"key":"The Courier"}],"event_choices":[{"cards_removed":["Strike_R"],"damage_healed":0,"gold_gain":0,"player_choice":"Card Removal","damage_taken":7,"max_hp_gain":0,"max_hp_loss":0,"event_name":"Golden Wing","floor":2,"gold_loss":0},{"damage_healed":0,"gold_gain":0,"player_choice":"Box","damage_taken":0,"relics_obtained":["Pen Nib"],"max_hp_gain":0,"max_hp_loss":0,"event_name":"Big Fish","floor":3,"gold_loss":0,"cards_obtained":["Regret"]},{"cards_removed":["Regret"],"damage_healed":0,"gold_gain":0,"player_choice":"Card Removal","damage_taken":0,"max_hp_gain":0,"max_hp_loss":0,"event_name":"The Cleric","floor":4,"gold_loss":50},{"damage_healed":0,"gold_gain":0,"player_choice":"Fought Mushrooms","damage_taken":0,"max_hp_gain":0,"max_hp_loss":0,"event_name":"Mushrooms","floor":10,"gold_loss":0}],"is_beta":false,"boss_relics":[{"not_picked":["Black Blood","Runic Cube"],"picked":"Philosopher\u0027s Stone"}],"items_purged_floors":[22,24],"is_endless":false,"potions_floor_spawned":[1,11,13,14,16,19,20],"killed_by":"Gremlin Leader","ascension_level":8}}