{"host":"1tmagqyeywr2w44t","time":1608043250,"event":{"mods":["2.2 Compatiblity","BaseMod","Colored Powertips","Marisa£¨Ùöéë¡¡Øª×âÞÞ£©","Minty Spire (QoL Compilation)","Rare Cards Sparkle","Replay The Spire","StSLib","SuperFastMode","The Cursed"],"gold_per_floor":[111,127,145,145,156,187,207,242,293,293,311,329,329,357,369,480,542,574,600,629,641,665,677,705,717,717],"floor_reached":25,"playtime":1105,"items_purged":[],"score":377,"play_id":"e8c3f7dd-78b7-4b5f-a36b-7bbc246ab556","local_time":"20201215234050","is_ascension_mode":true,"campfire_choices":[{"floor":10.0,"key":"REST"},{"data":"TheCursedMod:HellfireBreathing","floor":13.0,"key":"SMITH"},{"data":"TheCursedMod:CursedSpellbook","floor":15.0,"key":"SMITH"},{"data":"TheCursedMod:ParallelWorld","floor":23,"key":"SMITH"}],"circlet_count":0,"master_deck":["TheCursedMod:Strike_TheCursed","TheCursedMod:Strike_TheCursed","TheCursedMod:Strike_TheCursed","TheCursedMod:Strike_TheCursed","TheCursedMod:Defend_TheCursed","TheCursedMod:Defend_TheCursed","TheCursedMod:Defend_TheCursed","TheCursedMod:Defend_TheCursed","TheCursedMod:CursedWand","TheCursedMod:CleanUpWorkshop","TheCursedMod:Dregs","TheCursedMod:HellfireBreathing+1","TheCursedMod:Wield","TheCursedMod:SpitefulStrike","TheCursedMod:CursedSpellbook+1","TheCursedMod:ParallelWorld+1","TheCursedMod:Stretching","TheCursedMod:PrepareRite","TheCursedMod:CursedBoomerang","TheCursedMod:ManaBullet+1","TheCursedMod:SpitefulPlan","TheCursedMod:VoidForm","TheCursedMod:HellsGateOpen+1","TheCursedMod:LuckyCharm+1","TheCursedMod:SurpriseAttack"],"relics":["TheCursedMod:BlackMagic101","Ring of Misfortune","ReplayTheSpireMod:Ring of Exchange","Pet Ghost","Toy Ornithopter","Bag of Marbles","MawBank","Nloth\u0027s Gift"],"acts_visited":["Exordium","TheCity"],"potions_floor_usage":[18,19,20,24],"damage_taken":[{"damage":12.0,"enemies":"Jaw Worm","floor":1.0,"turns":6.0},{"damage":1.0,"enemies":"Cultist","floor":2.0,"turns":4.0},{"damage":1.0,"enemies":"2 Louse","floor":3.0,"turns":3.0},{"damage":9.0,"enemies":"Gremlin Gang","floor":5.0,"turns":5.0},{"damage":22.0,"enemies":"Gremlin Nob","floor":6.0,"turns":4.0},{"damage":9.0,"enemies":"3 Louse","floor":7.0,"turns":4.0},{"damage":13.0,"enemies":"3 Sentries","floor":8.0,"turns":8.0},{"damage":0.0,"enemies":"Large Slime","floor":11.0,"turns":5.0},{"damage":3.0,"enemies":"Blue Slaver","floor":12.0,"turns":3.0},{"damage":13.0,"enemies":"Gremlin Nob","floor":14.0,"turns":3.0},{"damage":0,"enemies":"Slime Boss","floor":16,"turns":5},{"damage":8,"enemies":"Spheric Guardian","floor":18,"turns":4},{"damage":4,"enemies":"Shell Parasite","floor":19,"turns":4},{"damage":16,"enemies":"Snake Plant","floor":20,"turns":3},{"damage":18,"enemies":"Centurion and Healer","floor":22,"turns":5},{"damage":38,"enemies":"Shelled Parasite and Fungi","floor":24,"turns":6},{"damage":9,"enemies":"Book of Stabbing","floor":25,"turns":1}],"seed_played":"-1365294389339221848","potions_obtained":[{"floor":2.0,"key":"SpeedPotion"},{"floor":6.0,"key":"BlessingOfTheForge"},{"floor":11.0,"key":"Dexterity Potion"},{"floor":12.0,"key":"Elixir"},{"floor":16,"key":"SpeedPotion"},{"floor":17,"key":"LifebloodPotion"},{"floor":19,"key":"GamblersBrew"},{"floor":20,"key":"FearPotion"}],"is_trial":false,"path_per_floor":["M","M","M","?","M","E","M","E","T","R","M","M","R","E","R","B",null,"M","M","M","?","M","R","M","E"],"character_chosen":"THE_CURSED","items_purchased":[],"campfire_rested":1,"item_purchase_floors":[],"current_hp_per_floor":[63,62,61,61,52,30,21,8,8,32,32,29,29,21,21,21,72,69,70,59,59,41,41,8,0,0],"gold":717,"neow_bonus":"TEN_PERCENT_HP_BONUS","is_daily":false,"chose_seed":false,"campfire_upgraded":3,"win_rate":0.0,"timestamp":1608043250,"path_taken":["M","M","M","?","M","E","M","E","T","R","M","M","R","E","R","BOSS","M","M","M","?","?","R","M","E"],"items_purchased_type":[],"build_version":"2020-12-13","purchased_purges":0,"victory":false,"max_hp_per_floor":[82,82,82,82,82,82,82,82,82,82,82,82,82,82,82,82,87,87,87,87,87,87,87,87,87,87],"card_choices":[{"not_picked":["TheCursedMod:Wield","TheCursedMod:CursedShiv"],"picked":"TheCursedMod:HellfireBreathing","floor":1.0},{"not_picked":["TheCursedMod:Stigma","TheCursedMod:BlessingInDisguise"],"picked":"TheCursedMod:Wield","floor":2.0},{"not_picked":["TheCursedMod:AshesToAshes","TheCursedMod:CursedAmulet"],"picked":"TheCursedMod:SpitefulStrike","floor":3.0},{"not_picked":["TheCursedMod:CircleOfCorruption","TheCursedMod:WearCloak"],"picked":"TheCursedMod:CursedSpellbook","floor":5.0},{"not_picked":["TheCursedMod:SpitefulPlan","TheCursedMod:EmpowerCircles"],"picked":"TheCursedMod:ParallelWorld","floor":6.0},{"not_picked":["TheCursedMod:StingEye","TheCursedMod:SpitefulStrike"],"picked":"TheCursedMod:Stretching","floor":7.0},{"not_picked":["TheCursedMod:EmpowerCircles","TheCursedMod:SpitefulPray"],"picked":"TheCursedMod:PrepareRite","floor":8.0},{"not_picked":["TheCursedMod:CursedMace","TheCursedMod:VitalStrike"],"picked":"TheCursedMod:CursedBoomerang","floor":11.0},{"not_picked":["TheCursedMod:StingEye","TheCursedMod:CursedSpellbook"],"picked":"TheCursedMod:ManaBullet","floor":12.0},{"not_picked":["TheCursedMod:RapidMovement","TheCursedMod:DoubleShield"],"picked":"TheCursedMod:SpitefulPlan","floor":14.0},{"not_picked":["TheCursedMod:StunningStrike","TheCursedMod:OutForBlood"],"picked":"TheCursedMod:VoidForm","floor":16},{"not_picked":["TheCursedMod:Stigma","TheCursedMod:StingEye","TheCursedMod:CircleOfCorruption"],"picked":"SKIP","floor":18},{"not_picked":["TheCursedMod:Torture","TheCursedMod:RavingStaff"],"picked":"TheCursedMod:HellsGateOpen+1","floor":19},{"not_picked":["TheCursedMod:SpreadPlague","TheCursedMod:Torture","TheCursedMod:Obscuration"],"picked":"SKIP","floor":20},{"not_picked":["TheCursedMod:CursedMace","TheCursedMod:CircleOfFlame"],"picked":"TheCursedMod:LuckyCharm+1","floor":22},{"not_picked":["TheCursedMod:Obscuration","TheCursedMod:Stretching"],"picked":"TheCursedMod:SurpriseAttack","floor":24}],"player_experience":154582,"relics_obtained":[{"floor":4.0,"key":"Ring of Misfortune"},{"floor":4.0,"key":"ReplayTheSpireMod:Ring of Exchange"},{"floor":6.0,"key":"Pet Ghost"},{"floor":8.0,"key":"Toy Ornithopter"},{"floor":9.0,"key":"Bag of Marbles"},{"floor":14.0,"key":"MawBank"}],"event_choices":[{"damage_healed":0,"gold_gain":0,"player_choice":"Traded Relic","damage_taken":0,"relics_obtained":["Nloth\u0027s Gift"],"max_hp_gain":0,"max_hp_loss":0,"event_name":"N\u0027loth","floor":21,"relics_lost":["Tiny House"],"gold_loss":0}],"is_beta":false,"boss_relics":[{"not_picked":["Cauldron","Sozu"],"picked":"Tiny House"}],"items_purged_floors":[],"is_endless":false,"potions_floor_spawned":[2,6,11,12,16,19,20],"killed_by":"Book of Stabbing","ascension_level":7}}