{"host":"h0xw20cia6ppa69g","time":1608014897,"event":{"mods":["AchievementEnabler","BaseMod","Colored Map","Googly Eyes","Minty Spire (QoL Compilation)","Relic Stats","StSLib","The Awakened One except there are too many feathers","everything is the same but u backflip on backflip"],"gold_per_floor":[115,115,115,125,40,40,68,81,131,164,164,174,201,201,201,299,299,309,234,149,20,20,52,52,6,55,55,87,98,110,136,136,237,237,254,254,254,265,39,66,82,99,99,109,129,163,163,217,217,217,217,217,66,100,100],"floor_reached":56,"playtime":3399,"items_purged":["Strike_R"],"score":1383,"play_id":"54ac3e97-3237-4b48-9dd9-e1bffde79ab0","local_time":"20201215004817","is_ascension_mode":true,"campfire_choices":[{"data":"Discovery","floor":6.0,"key":"SMITH"},{"data":"Disarm","floor":11.0,"key":"SMITH"},{"data":"Metallicize","floor":15.0,"key":"SMITH"},{"data":"Berserk","floor":24.0,"key":"SMITH"},{"data":"Pommel Strike","floor":27.0,"key":"SMITH"},{"data":"Body Slam","floor":32.0,"key":"SMITH"},{"floor":47.0,"key":"RECALL"},{"data":"Burning Pact","floor":49.0,"key":"SMITH"},{"data":"Limit Break","floor":52.0,"key":"SMITH"}],"circlet_count":0,"master_deck":["Strike_R","Defend_R","Defend_R","Defend_R","Bash","Apotheosis+1","Disarm+1","Shrug It Off","Discovery+1","Metallicize+1","Fire Breathing","Shockwave","Shockwave","Pommel Strike+1","Berserk+1","Inflame+1","Sword Boomerang","Impervious","RitualDagger","Burning Pact+1","True Grit","Shrug It Off","Body Slam+1","Limit Break+1","Clothesline+1","Ghostly Armor+1","Infernal Blade+1","Madness","Madness","True Grit+1","Bloodletting+1","Body Slam+1","Second Wind+1","Body Slam+1","Disarm","Exhume","Burning Pact+1","Entrench"],"relics":["Burning Blood","Vajra","MealTicket","Lantern","Bronze Scales","Pear","Runic Pyramid","Gremlin Horn","Bag of Marbles","Ancient Tea Set","White Beast Statue","Astrolabe","Orrery","Nunchaku","Ornamental Fan","Centennial Puzzle","Magic Flower","Toolbox","Sundial"],"acts_visited":["Exordium","TheCity","TheBeyond","TheEnding"],"potions_floor_usage":[55,55],"damage_taken":[{"damage":3.0,"enemies":"Jaw Worm","floor":1.0,"turns":3.0},{"damage":7.0,"enemies":"2 Louse","floor":4.0,"turns":3.0},{"damage":26.0,"enemies":"Gremlin Nob","floor":7.0,"turns":4.0},{"damage":6.0,"enemies":"Cultist","floor":8.0,"turns":3.0},{"damage":21.0,"enemies":"Lagavulin","floor":10.0,"turns":8.0},{"damage":4.0,"enemies":"Gremlin Gang","floor":12.0,"turns":4.0},{"damage":15.0,"enemies":"Gremlin Nob","floor":13.0,"turns":5.0},{"damage":0.0,"enemies":"The Guardian","floor":16.0,"turns":13.0},{"damage":10.0,"enemies":"Shell Parasite","floor":18.0,"turns":6.0},{"damage":8.0,"enemies":"Gremlin Leader","floor":23.0,"turns":6.0},{"damage":18.0,"enemies":"Book of Stabbing","floor":28.0,"turns":7.0},{"damage":17.0,"enemies":"2 Thieves","floor":29.0,"turns":3.0},{"damage":5.0,"enemies":"Centurion and Healer","floor":30.0,"turns":11.0},{"damage":22.0,"enemies":"Slavers","floor":31.0,"turns":12.0},{"damage":33.0,"enemies":"Collector","floor":33.0,"turns":11.0},{"damage":2.0,"enemies":"3 Darklings","floor":35.0,"turns":4.0},{"damage":3.0,"enemies":"3 Shapes","floor":38.0,"turns":12.0},{"damage":5.0,"enemies":"Reptomancer","floor":40.0,"turns":5.0},{"damage":23.0,"enemies":"Jaw Worm Horde","floor":41.0,"turns":6.0},{"damage":24.0,"enemies":"Transient","floor":42.0,"turns":5.0},{"damage":6.0,"enemies":"3 Darklings","floor":44.0,"turns":4.0},{"damage":11.0,"enemies":"Writhing Mass","floor":45.0,"turns":6.0},{"damage":13.0,"enemies":"Giant Head","floor":46.0,"turns":8.0},{"damage":9.0,"enemies":"2 Orb Walkers","floor":48.0,"turns":4.0},{"damage":7.0,"enemies":"Awakened One","floor":50.0,"turns":19.0},{"damage":11,"enemies":"Shield and Spear","floor":54,"turns":6},{"damage":39,"enemies":"The Heart","floor":55,"turns":10}],"seed_played":"5903438423712577306","potions_obtained":[{"floor":1.0,"key":"Block Potion"},{"floor":7.0,"key":"AttackPotion"},{"floor":8.0,"key":"AttackPotion"},{"floor":14.0,"key":"Fruit Juice"},{"floor":14.0,"key":"PowerPotion"},{"floor":33.0,"key":"Block Potion"},{"floor":40.0,"key":"Swift Potion"},{"floor":44.0,"key":"AttackPotion"},{"floor":45.0,"key":"BloodPotion"},{"floor":48.0,"key":"DistilledChaos"},{"floor":54,"key":"LiquidMemories"}],"is_trial":false,"path_per_floor":["M","?","?","M","$","R","E","M","T","E","R","M","E","?","R","B",null,"M","?","?","$","?","E","R","$","T","R","E","M","M","E","R","B",null,"M","?","?","M","$","E","M","M","T","M","M","E","R","?","R","B",null,"R","$","E","B",null],"character_chosen":"IRONCLAD","items_purchased":["Discovery","Sword Boomerang","Impervious","True Grit","Orrery","Toolbox"],"campfire_rested":0,"item_purchase_floors":[5,21,21,25,39,53],"current_hp_per_floor":[72,65,65,64,64,64,44,44,44,29,29,31,32,37,37,43,87,83,83,83,87,81,79,79,87,87,87,75,64,65,49,49,22,87,87,76,76,79,87,87,70,52,52,52,47,40,40,37,37,39,87,87,87,85,81],"gold":100,"neow_bonus":"RANDOM_COLORLESS_2","is_daily":false,"chose_seed":false,"campfire_upgraded":8,"win_rate":0.0,"timestamp":1608014897,"path_taken":["M","?","?","?","$","R","E","?","T","E","R","M","E","?","R","BOSS","M","?","?","$","?","E","R","?","T","R","E","M","M","E","R","BOSS","M","?","?","?","$","E","M","M","T","M","M","E","R","?","R","BOSS","R","$","E","BOSS"],"items_purchased_type":["Card","Card","Card","Card","Relic","Relic"],"build_version":"2020-12-13","purchased_purges":1,"victory":true,"max_hp_per_floor":[72,72,72,72,72,72,72,72,72,72,72,72,82,87,87,87,87,87,87,87,87,87,87,87,87,87,87,87,87,87,87,87,87,87,87,87,87,87,87,87,87,87,87,87,87,87,87,87,87,87,87,87,87,87,87],"relic_stats":{"Nunchaku":[7],"Centennial Puzzle":[8],"Gremlin Horn":[30,32],"counters":[27,188],"Ornamental Fan":[24],"Sundial":[0],"Bronze Scales":[708],"Astrolabe":["Clothesline","Ghostly Armor","Infernal Blade"],"Magic Flower":[18],"MealTicket":20,"obtain_stats":[{"Lantern":9,"Pear":13,"Gremlin Horn":20,"Astrolabe":34,"Vajra":2,"Magic Flower":48,"Ancient Tea Set":28,"Burning Blood":0,"White Beast Statue":31,"Nunchaku":40,"Centennial Puzzle":46,"Ornamental Fan":43,"Sundial":54,"Bronze Scales":10,"Orrery":39,"Toolbox":53,"MealTicket":7,"Bag of Marbles":23,"Runic Pyramid":17},{"Lantern":4,"Pear":7,"Gremlin Horn":9,"Astrolabe":15,"Vajra":1,"Magic Flower":24,"Ancient Tea Set":11,"Burning Blood":0,"White Beast Statue":14,"Nunchaku":18,"Centennial Puzzle":23,"Ornamental Fan":20,"Sundial":26,"Bronze Scales":5,"Orrery":17,"Toolbox":25,"MealTicket":3,"Bag of Marbles":10,"Runic Pyramid":8},{"Lantern":13,"Pear":30,"Gremlin Horn":49,"Astrolabe":99,"Vajra":3,"Magic Flower":153,"Ancient Tea Set":62,"Burning Blood":0,"White Beast Statue":88,"Nunchaku":120,"Centennial Puzzle":149,"Ornamental Fan":131,"Sundial":178,"Bronze Scales":21,"Orrery":115,"Toolbox":172,"MealTicket":10,"Bag of Marbles":55,"Runic Pyramid":43}],"Burning Blood":163},"card_choices":[{"not_picked":["Thinking Ahead","Secret Weapon"],"picked":"Apotheosis","floor":0.0},{"not_picked":["Sword Boomerang","Sentinel"],"picked":"Disarm","floor":1.0},{"not_picked":["Armaments","Ghostly Armor"],"picked":"Shrug It Off","floor":4.0},{"not_picked":["Warcry","Thunderclap"],"picked":"Metallicize","floor":7.0},{"not_picked":["Carnage","Headbutt"],"picked":"Fire Breathing","floor":8.0},{"not_picked":["Anger","Thunderclap"],"picked":"Shockwave","floor":10.0},{"not_picked":["Intimidate","Anger"],"picked":"Shockwave","floor":12.0},{"not_picked":["Uppercut","Sever Soul"],"picked":"Pommel Strike","floor":13.0},{"not_picked":["Impervious","Juggernaut"],"picked":"Berserk","floor":16.0},{"not_picked":["Clothesline+1","Carnage"],"picked":"Inflame+1","floor":18.0},{"not_picked":["Sever Soul","Second Wind+1"],"picked":"Burning Pact+1","floor":23.0},{"not_picked":["Infernal Blade","Sword Boomerang","Havoc"],"picked":"SKIP","floor":28.0},{"not_picked":["Heavy Blade","Anger"],"picked":"Shrug It Off","floor":29.0},{"not_picked":["Twin Strike","Iron Wave","Shockwave"],"picked":"SKIP","floor":30.0},{"not_picked":["Warcry","Shockwave+1"],"picked":"Body Slam","floor":31.0},{"not_picked":["Berserk","Feed"],"picked":"Limit Break","floor":33.0},{"not_picked":["Shrug It Off","Armaments","Cleave"],"picked":"SKIP","floor":35.0},{"not_picked":["Perfected Strike+1","Armaments"],"picked":"True Grit+1","floor":38.0},{"not_picked":["Cleave","Anger"],"picked":"Bloodletting+1","floor":39.0},{"not_picked":["Headbutt+1","Infernal Blade"],"picked":"Body Slam+1","floor":39.0},{"not_picked":["Iron Wave","Impervious"],"picked":"Second Wind+1","floor":39.0},{"not_picked":["Perfected Strike","Rampage+1","Havoc"],"picked":"SKIP","floor":40.0},{"not_picked":["Iron Wave+1","Sword Boomerang+1","Heavy Blade+1"],"picked":"SKIP","floor":41.0},{"not_picked":["Clash+1","Uppercut+1"],"picked":"Body Slam+1","floor":42.0},{"not_picked":["True Grit","Warcry","Shrug It Off"],"picked":"SKIP","floor":44.0},{"not_picked":["Pummel","Warcry"],"picked":"Disarm","floor":45.0},{"not_picked":["Warcry+1","Cleave+1"],"picked":"Exhume","floor":46.0},{"not_picked":["Wild Strike","Pommel Strike"],"picked":"Burning Pact","floor":48.0},{"not_picked":["Metallicize+1","Flame Barrier"],"picked":"Entrench","floor":54}],"player_experience":3502851,"relics_obtained":[{"floor":7.0,"key":"MealTicket"},{"floor":9.0,"key":"Lantern"},{"floor":10.0,"key":"Bronze Scales"},{"floor":13.0,"key":"Pear"},{"floor":23.0,"key":"Bag of Marbles"},{"floor":28.0,"key":"Ancient Tea Set"},{"floor":31.0,"key":"White Beast Statue"},{"floor":40.0,"key":"Nunchaku"},{"floor":43.0,"key":"Ornamental Fan"},{"floor":46.0,"key":"Centennial Puzzle"},{"floor":48.0,"key":"Magic Flower"},{"floor":54,"key":"Sundial"}],"event_choices":[{"damage_healed":0.0,"max_hp_gain":0.0,"max_hp_loss":0.0,"gold_gain":0.0,"event_name":"Scrap Ooze","player_choice":"Success","floor":2.0,"gold_loss":0.0,"damage_taken":7.0,"relics_obtained":["Vajra"]},{"damage_healed":0.0,"max_hp_gain":0.0,"max_hp_loss":0.0,"gold_gain":0.0,"event_name":"Upgrade Shrine","player_choice":"Upgraded","floor":3.0,"gold_loss":0.0,"damage_taken":0.0,"cards_upgraded":["Apotheosis"]},{"damage_healed":0.0,"max_hp_gain":0.0,"max_hp_loss":0.0,"gold_gain":0.0,"event_name":"Lab","player_choice":"Got Potions","floor":14.0,"gold_loss":0.0,"damage_taken":0.0},{"cards_removed":["Strike_R"],"damage_healed":0.0,"max_hp_gain":0.0,"max_hp_loss":0.0,"gold_gain":0.0,"event_name":"Beggar","player_choice":"Gave Gold","floor":19.0,"gold_loss":75.0,"damage_taken":0.0},{"damage_healed":0.0,"max_hp_gain":0.0,"max_hp_loss":0.0,"gold_gain":0.0,"event_name":"Addict","player_choice":"Obtained Relic","floor":20.0,"gold_loss":85.0,"damage_taken":0.0,"relics_obtained":["Gremlin Horn"]},{"damage_healed":0.0,"max_hp_gain":0.0,"max_hp_loss":0.0,"gold_gain":0.0,"event_name":"Nest","player_choice":"Joined the Cult","floor":22.0,"gold_loss":0.0,"damage_taken":6.0,"cards_obtained":["RitualDagger"]},{"damage_healed":0.0,"max_hp_gain":0.0,"max_hp_loss":0.0,"gold_gain":0.0,"event_name":"Winding Halls","player_choice":"Embrace Madness","floor":36.0,"gold_loss":0.0,"damage_taken":11.0,"cards_obtained":["Madness","Madness"]},{"damage_healed":0.0,"max_hp_gain":0.0,"max_hp_loss":0.0,"gold_gain":0.0,"event_name":"NoteForYourself","player_choice":"Ignored","floor":37.0,"gold_loss":0.0,"damage_taken":0.0},{"damage_healed":0.0,"max_hp_gain":0.0,"max_hp_loss":0.0,"gold_gain":0.0,"event_name":"Mysterious Sphere","player_choice":"Fight","floor":48.0,"gold_loss":0.0,"damage_taken":0.0}],"is_beta":false,"boss_relics":[{"not_picked":["Ectoplasm","Busted Crown"],"picked":"Runic Pyramid"},{"not_picked":["Velvet Choker","SlaversCollar"],"picked":"Astrolabe"}],"items_purged_floors":[39],"is_endless":false,"potions_floor_spawned":[1,7,8,18,23,33,35,38,40,41,42,44,45,46,48,54],"ascension_level":1}}