{"host":"0241nbavu410sn7l","time":1608049755,"event":{"mods":["Ascension Reborn","BaseMod","Better Third Choice","Minty Spire (QoL Compilation)","Rare Cards Sparkle","StSLib"],"gold_per_floor":[117,134,134,150,31,31,57,76,76,88,88,88,138,154,154,254,304,315,332,342,342,342],"floor_reached":21,"playtime":1901,"items_purged":[],"score":183,"play_id":"7a50f9b8-5803-48f6-9358-53b267143ce1","local_time":"20201215092915","is_ascension_mode":true,"campfire_choices":[{"floor":6,"key":"RECALL"},{"floor":12,"key":"REST"},{"floor":15,"key":"REST"}],"circlet_count":0,"master_deck":["Strike_G","Strike_G","Strike_G","Strike_G","Strike_G","Defend_G+1","Defend_G","Defend_G","Defend_G+1","Defend_G","Survivor","Neutralize","Noxious Fumes","Bane","Outmaneuver","Backstab","Deflect","Backstab","Poisoned Stab","Cloak And Dagger","FearNoEvil+1","Bane","Envenom","Flying Knee","Deflect","Leg Sweep","Setup+1"],"relics":["Ring of the Snake","War Paint","Tiny Chest","Tiny House"],"acts_visited":["Exordium","TheCity"],"potions_floor_usage":[1,2,2,7,7,7,16,16,18,20],"damage_taken":[{"damage":0,"enemies":"2 Louse","floor":1,"turns":3},{"damage":0,"enemies":"Cultist","floor":2,"turns":3},{"damage":2,"enemies":"Small Slimes","floor":4,"turns":5},{"damage":32,"enemies":"Lagavulin","floor":7,"turns":8},{"damage":0,"enemies":"2 Fungi Beasts","floor":8,"turns":4},{"damage":0,"enemies":"Large Slime","floor":10,"turns":5},{"damage":4,"enemies":"Gremlin Gang","floor":14,"turns":3},{"damage":31,"enemies":"Slime Boss","floor":16,"turns":8},{"damage":23,"enemies":"2 Thieves","floor":18,"turns":4},{"damage":12,"enemies":"3 Byrds","floor":19,"turns":5},{"damage":23,"enemies":"Sentry and Sphere","floor":20,"turns":7},{"damage":6,"enemies":"Snake Plant","floor":21,"turns":4}],"seed_played":"4555887570002759314","potions_obtained":[{"floor":0,"key":"Regen Potion"},{"floor":0,"key":"BlessingOfTheForge"},{"floor":0,"key":"Explosive Potion"},{"floor":1,"key":"Strength Potion"},{"floor":2,"key":"CunningPotion"},{"floor":4,"key":"DistilledChaos"},{"floor":10,"key":"BlessingOfTheForge"},{"floor":14,"key":"BlessingOfTheForge"},{"floor":17,"key":"DistilledChaos"},{"floor":18,"key":"Block Potion"},{"floor":20,"key":"Weak Potion"}],"is_trial":false,"path_per_floor":["M","M","?","M","$","R","E","M","T","M","?","R","?","M","R","B",null,"M","M","M","M"],"character_chosen":"THE_SILENT","items_purchased":["Backstab","Deflect"],"campfire_rested":2,"item_purchase_floors":[5,5],"current_hp_per_floor":[70,70,70,68,68,68,51,51,51,51,9,30,30,26,47,16,75,52,40,17,11,11],"gold":342,"neow_bonus":"THREE_SMALL_POTIONS","is_daily":false,"chose_seed":false,"campfire_upgraded":0,"win_rate":0.0,"timestamp":1608049755,"path_taken":["M","M","?","M","$","R","E","M","T","?","?","R","?","M","R","BOSS","M","M","M","M"],"items_purchased_type":["Card","Card"],"build_version":"2020-12-13","purchased_purges":0,"victory":false,"max_hp_per_floor":[70,70,70,70,70,70,70,70,70,70,70,70,70,70,70,70,75,75,75,75,75,75],"card_choices":[{"not_picked":["Blade Dance","Predator"],"picked":"Noxious Fumes","floor":1},{"not_picked":["Distraction","Backflip"],"picked":"Bane","floor":2},{"not_picked":["Flechettes","Masterful Stab"],"picked":"Outmaneuver","floor":4},{"not_picked":["Dash","Flechettes"],"picked":"Backstab","floor":7},{"not_picked":["Heel Hook","Flying Knee"],"picked":"Poisoned Stab","floor":8},{"not_picked":["Slice","Quick Slash"],"picked":"Cloak And Dagger","floor":10},{"not_picked":["Dagger Throw","Doppelganger"],"picked":"Bane","floor":14},{"not_picked":["Doppelganger","Burst"],"picked":"Envenom","floor":16},{"not_picked":["Dodge and Roll","Riddle With Holes"],"picked":"Flying Knee","floor":17},{"not_picked":["Masterful Stab","Reflex"],"picked":"Deflect","floor":18},{"not_picked":["Backflip","Underhanded Strike"],"picked":"Leg Sweep","floor":19},{"not_picked":["Sucker Punch+1","Reflex"],"picked":"Setup+1","floor":20}],"player_experience":560322,"relics_obtained":[{"floor":7,"key":"War Paint"}],"event_choices":[{"damage_healed":0,"gold_gain":0,"player_choice":"Full Heal","damage_taken":0,"max_hp_gain":0,"max_hp_loss":0,"event_name":"Wheel of Change","floor":3,"gold_loss":0},{"damage_healed":0,"gold_gain":50,"player_choice":"Gained Gold","damage_taken":0,"max_hp_gain":0,"max_hp_loss":0,"event_name":"Golden Wing","floor":13,"gold_loss":0}],"is_beta":false,"boss_relics":[{"not_picked":["Runic Pyramid","Coffee Dripper"],"picked":"Tiny House"}],"items_purged_floors":[],"is_endless":false,"potions_floor_spawned":[1,2,4,10,14,18,20],"killed_by":"Snake Plant","ascension_level":0}}