{"host":"jm9833yuloeli2yd","time":1608076314,"event":{"mods":["AchievementEnabler","BaseMod","Better Altar","Better Match","Better Note","Better Sensory Stone","Better Skull","Better Vampires","Colored Map","Colored Powertips","DeckTracker","Minty Spire (QoL Compilation)","Permanent Neow","Quick Restart","Replay The Spire","StSLib","SuperFastMode"],"gold_per_floor":[17,31,44,44,59,59,59],"floor_reached":6,"playtime":125,"items_purged":[],"score":76,"play_id":"a1b4a746-a408-41f9-ad3f-62870aed22c3","local_time":"20201215185154","is_ascension_mode":true,"campfire_choices":[],"circlet_count":0,"master_deck":["AscendersBane","Strike_B","Strike_B","Strike_B","Strike_B","Defend_B","Defend_B","Defend_B","Defend_B","Zap","Dualcast","Mayhem+1","FIFO Queue","FTL","Darkness","Defragment"],"relics":["Cracked Core"],"acts_visited":["Exordium"],"potions_floor_usage":[6],"damage_taken":[{"damage":14,"enemies":"Jaw Worm","floor":1,"turns":3},{"damage":0,"enemies":"Cultist","floor":2,"turns":3},{"damage":8,"enemies":"2 Louse","floor":3,"turns":3},{"damage":6,"enemies":"Looter","floor":5,"turns":2},{"damage":41,"enemies":"Gremlin Nob","floor":6,"turns":3}],"seed_played":"-7696872505668431722","potions_obtained":[{"floor":1,"key":"Strength Potion"},{"floor":2,"key":"Reflective Coating"},{"floor":5,"key":"CultistPotion"}],"is_trial":false,"path_per_floor":["M","M","M","?","M","E"],"character_chosen":"DEFECT","items_purchased":[],"campfire_rested":0,"item_purchase_floors":[],"current_hp_per_floor":[50,50,42,42,36,0,0],"gold":59,"neow_bonus":"RANDOM_COLORLESS_2","is_daily":false,"chose_seed":false,"campfire_upgraded":0,"win_rate":0.0,"timestamp":1608076314,"path_taken":["M","M","M","?","?","E"],"items_purchased_type":[],"build_version":"2020-12-13","purchased_purges":0,"victory":false,"max_hp_per_floor":[71,71,71,71,71,71,71],"card_choices":[{"not_picked":["Sadistic Nature","Poisoned Strike"],"picked":"Mayhem","floor":0},{"not_picked":["BootSequence","Go for the Eyes"],"picked":"FIFO Queue","floor":1},{"not_picked":["Coolheaded","Rip and Tear"],"picked":"FTL","floor":2},{"not_picked":["Reprogram","Melter"],"picked":"Darkness","floor":3},{"not_picked":["White Noise","Reinforced Body"],"picked":"Defragment","floor":5}],"player_experience":1088051,"relics_obtained":[],"event_choices":[{"damage_healed":0,"gold_gain":0,"player_choice":"Upgraded","damage_taken":0,"max_hp_gain":0,"max_hp_loss":0,"event_name":"Upgrade Shrine","floor":4,"gold_loss":0,"cards_upgraded":["Mayhem"]}],"is_beta":false,"boss_relics":[],"items_purged_floors":[],"is_endless":false,"potions_floor_spawned":[1,2,5],"killed_by":"Gremlin Nob","ascension_level":20}}