{"host":"3ek78t4i81ecmdy1","time":1608002776,"event":{"mods":["2.2 Compatiblity","AchievementEnabler","BaseMod","Colored Map","DeckTracker","Filter the Spire","Keyboard Shortcuts","Minty Spire (QoL Compilation)","Permanent Neow","Quick Restart","SuperFastMode","everything is the same but u backflip on backflip"],"gold_per_floor":[364,24,42,42,58,58,58,58,58,75,75,0,0,26,26,131,131,143,143,161,8,8,8,8,8],"floor_reached":24,"playtime":673,"items_purged":["Defend_R"],"score":192,"play_id":"e410f5a9-95b0-4c31-9568-0a00f2fb6634","local_time":"20201215122616","is_ascension_mode":false,"campfire_choices":[{"data":"Armaments","floor":6,"key":"SMITH"},{"data":"Uppercut","floor":8,"key":"SMITH"},{"data":"Spot Weakness","floor":13,"key":"SMITH"},{"data":"Body Slam","floor":15,"key":"SMITH"},{"data":"True Grit","floor":23,"key":"SMITH"}],"circlet_count":0,"master_deck":["Strike_R","Strike_R","Defend_R","Defend_R","Bash","Uppercut+1","Armaments+1","Dark Embrace","Rage","Spot Weakness+1","Shrug It Off","Body Slam+1","Impervious","True Grit+1"],"relics":["Burning Blood","Dead Branch","Meat on the Bone","PreservedInsect","Cursed Key","Bag of Marbles"],"acts_visited":["Exordium","TheCity"],"potions_floor_usage":[],"damage_taken":[{"damage":12,"enemies":"Small Slimes","floor":1,"turns":4},{"damage":6,"enemies":"Cultist","floor":3,"turns":3},{"damage":5,"enemies":"2 Louse","floor":5,"turns":4},{"damage":12,"enemies":"Exordium Thugs","floor":10,"turns":7},{"damage":12,"enemies":"Lagavulin","floor":14,"turns":6},{"damage":32,"enemies":"Hexaghost","floor":16,"turns":11},{"damage":21,"enemies":"2 Thieves","floor":18,"turns":4},{"damage":27,"enemies":"3 Byrds","floor":20,"turns":6},{"damage":47,"enemies":"Slavers","floor":24,"turns":5}],"seed_played":"7722603354520254872","potions_obtained":[{"floor":10,"key":"DuplicationPotion"},{"floor":14,"key":"SpeedPotion"}],"is_trial":false,"path_per_floor":["M","$","M","?","M","R","?","R","T","M","?","$","R","E","R","B",null,"M","?","M","$","?","R","E"],"character_chosen":"IRONCLAD","items_purchased":["Dead Branch","Armaments","Bag of Marbles"],"campfire_rested":0,"item_purchase_floors":[2,2,21],"current_hp_per_floor":[66,66,66,59,60,60,60,60,60,54,54,54,54,48,48,34,72,57,57,48,48,48,48,1,1],"gold":8,"neow_bonus":"TWO_FIFTY_GOLD","is_daily":false,"chose_seed":false,"campfire_upgraded":5,"win_rate":0.0,"timestamp":1608002776,"path_taken":["M","$","M","?","M","R","?","R","T","?","?","$","R","E","R","BOSS","M","?","M","?","?","R","E"],"items_purchased_type":["Relic","Card","Relic"],"build_version":"2020-12-13","purchased_purges":1,"victory":false,"max_hp_per_floor":[72,72,72,72,72,72,72,72,72,72,72,72,72,72,72,72,72,72,72,72,72,72,72,72,72],"card_choices":[{"not_picked":["Pommel Strike","Havoc"],"picked":"Uppercut","floor":1},{"not_picked":["Inflame","True Grit"],"picked":"Dark Embrace","floor":3},{"not_picked":["Clash","Burning Pact"],"picked":"Rage","floor":5},{"not_picked":["Twin Strike","Wild Strike"],"picked":"Spot Weakness","floor":10},{"not_picked":["Dark Embrace","Sever Soul"],"picked":"Body Slam","floor":14},{"not_picked":["Bludgeon","Immolate"],"picked":"Impervious","floor":16},{"not_picked":["Dark Embrace","Sword Boomerang","Shrug It Off+1"],"picked":"SKIP","floor":18},{"not_picked":["Reckless Charge","Cleave","Evolve"],"picked":"SKIP","floor":20}],"player_experience":17561,"relics_obtained":[{"floor":9,"key":"Meat on the Bone"},{"floor":14,"key":"PreservedInsect"}],"event_choices":[{"cards_removed":["Strike_R"],"damage_healed":0,"gold_gain":0,"player_choice":"Card Removal","damage_taken":7,"max_hp_gain":0,"max_hp_loss":0,"event_name":"Golden Wing","floor":4,"gold_loss":0},{"cards_removed":["Defend_R"],"damage_healed":0,"gold_gain":0,"player_choice":"Purged","damage_taken":0,"max_hp_gain":0,"max_hp_loss":0,"event_name":"Purifier","floor":7,"gold_loss":0},{"damage_healed":0,"gold_gain":0,"cards_transformed":["Strike_R"],"player_choice":"Change","damage_taken":0,"max_hp_gain":0,"max_hp_loss":0,"event_name":"Living Wall","floor":11,"gold_loss":0,"cards_obtained":["Shrug It Off"]},{"cards_removed":["Strike_R"],"damage_healed":0,"gold_gain":0,"player_choice":"Offered Basic","damage_taken":0,"max_hp_gain":0,"max_hp_loss":0,"event_name":"Bonfire Elementals","floor":19,"gold_loss":0},{"damage_healed":0,"gold_gain":0,"player_choice":"Read","damage_taken":0,"max_hp_gain":0,"max_hp_loss":0,"event_name":"The Library","floor":22,"gold_loss":0,"cards_obtained":["True Grit"]}],"is_beta":false,"boss_relics":[{"not_picked":["Pandora\u0027s Box","Empty Cage"],"picked":"Cursed Key"}],"items_purged_floors":[12],"is_endless":false,"potions_floor_spawned":[10,14],"killed_by":"Slavers","ascension_level":0}}