{"host":"icrrc9b69c1a6188","time":1608052001,"event":{"mods":["BaseMod","Better Altar","Better Match","Better Note","Better Sensory Stone","Better Skull","Better Third Choice","BetterRewards","Colored Map","Colored Powertips","Displayed Cursed Tome","Faster Ascension Climbing","HexUI Lib","Minty Spire (QoL Compilation)","Random Character Mod","Spicy Shops","StSLib","Unceasing Turn Reminder"],"gold_per_floor":[114,133,153,55,69,69,95,65,65,78,78,89,99,166,166,244,244,258,308,273,248,266,295,295,270,295,295,363,363,373,423,423,501,501,511,524,543,593,643,643,713,713,713,739,789,764,764,764],"floor_reached":47,"playtime":3770,"items_purged":[],"score":1008,"play_id":"69509731-c13f-451e-9dfe-a2a349a924e5","local_time":"20201215110641","is_ascension_mode":true,"campfire_choices":[{"data":"Bash","floor":6,"key":"SMITH"},{"data":"Evolve","floor":15,"key":"SMITH"},{"data":"Spot Weakness","floor":24,"key":"SMITH"},{"data":"Metallicize","floor":27,"key":"SMITH"},{"data":"Rage","floor":29,"key":"SMITH"},{"data":"Impervious","floor":32,"key":"SMITH"},{"data":"Apotheosis","floor":40,"key":"SMITH"},{"floor":42,"key":"RECALL"}],"circlet_count":0,"master_deck":["AscendersBane","Bash+1","Metallicize+1","Anger","Power Through","Evolve+1","Spot Weakness+1","Cleave","Shrug It Off","Anger","Reckless Charge","Reaper","Bite","Bite","Bite","Bite","Bite","Rage+1","Twin Strike+1","Impervious+1","Berserk","Second Wind","Entrench","True Grit+1","Power Through","Finesse","Apotheosis+1","Reaper","Brutality"],"relics":["Burning Blood","Pen Nib","HornCleat","SsserpentHead","Coffee Dripper","Mercury Hourglass","Oddly Smooth Stone","Lantern","Pandora\u0027s Box","Pear"],"acts_visited":["TheCity","TheBeyond"],"potions_floor_usage":[5,7,12,13,16,16,23,33,36,37,37,47],"damage_taken":[{"damage":8,"enemies":"Jaw Worm","floor":1,"turns":5},{"damage":0,"enemies":"Cultist","floor":2,"turns":3},{"damage":0,"enemies":"2 Louse","floor":3,"turns":3},{"damage":24,"enemies":"Exordium Wildlife","floor":5,"turns":7},{"damage":34,"enemies":"Gremlin Nob","floor":7,"turns":5},{"damage":5,"enemies":"3 Louse","floor":10,"turns":4},{"damage":1,"enemies":"Blue Slaver","floor":12,"turns":4},{"damage":6,"enemies":"Red Slaver","floor":13,"turns":3},{"damage":3,"enemies":"Looter","floor":14,"turns":3},{"damage":37,"enemies":"Hexaghost","floor":16,"turns":10},{"damage":13,"enemies":"Chosen","floor":18,"turns":5},{"damage":11,"enemies":"2 Thieves","floor":21,"turns":4},{"damage":55,"enemies":"Snecko","floor":22,"turns":8},{"damage":2,"enemies":"Gremlin Leader","floor":23,"turns":5},{"damage":0,"enemies":"Centurion and Healer","floor":28,"turns":7},{"damage":3,"enemies":"Sentry and Sphere","floor":30,"turns":4},{"damage":27,"enemies":"Champ","floor":33,"turns":10},{"damage":0,"enemies":"3 Shapes","floor":35,"turns":4},{"damage":49,"enemies":"3 Darklings","floor":36,"turns":9},{"damage":38,"enemies":"Writhing Mass","floor":37,"turns":8},{"damage":17,"enemies":"Jaw Worm Horde","floor":41,"turns":6},{"damage":47,"enemies":"Nemesis","floor":44,"turns":9},{"damage":78,"enemies":"Transient","floor":47,"turns":5}],"seed_played":"-8893442690153990368","potions_obtained":[{"floor":1,"key":"SpeedPotion"},{"floor":5,"key":"ColorlessPotion"},{"floor":8,"key":"BlessingOfTheForge"},{"floor":8,"key":"BlessingOfTheForge"},{"floor":10,"key":"Fire Potion"},{"floor":12,"key":"Regen Potion"},{"floor":13,"key":"Energy Potion"},{"floor":22,"key":"Block Potion"},{"floor":23,"key":"Energy Potion"},{"floor":28,"key":"EssenceOfSteel"},{"floor":33,"key":"BlessingOfTheForge"},{"floor":35,"key":"ElixirPotion"},{"floor":36,"key":"DuplicationPotion"},{"floor":37,"key":"FearPotion"},{"floor":44,"key":"Strength Potion"}],"is_trial":false,"path_per_floor":["M","M","M","$","M","R","E","?","T","M","?","M","M","M","R","B",null,"M","?","?","M","M","E","R","?","T","R","M","R","M","?","R","B",null,"M","M","M","?","?","R","M","R","T","E","?","?","M"],"character_chosen":"IRONCLAD","items_purchased":["Metallicize","Spot Weakness"],"campfire_rested":0,"item_purchase_floors":[0,4],"current_hp_per_floor":[66,72,75,75,57,57,29,29,29,30,30,35,35,38,38,22,62,55,52,52,52,16,52,52,52,52,52,52,52,52,52,52,47,51,52,50,34,34,34,34,52,52,52,62,59,59,0,0],"gold":764,"neow_bonus":"","is_daily":false,"chose_seed":false,"campfire_upgraded":7,"win_rate":0.0,"timestamp":1608052001,"path_taken":["M","M","M","$","M","R","E","?","T","?","?","M","M","?","R","BOSS","M","?","?","M","M","E","R","?","T","R","?","R","M","?","R","BOSS","M","M","M","?","?","R","?","R","T","E","?","?","M"],"items_purchased_type":["Card","Card"],"build_version":"2020-12-13","purchased_purges":0,"victory":false,"max_hp_per_floor":[75,75,75,75,75,75,75,75,75,75,75,75,75,75,75,75,75,75,52,52,52,52,52,52,52,52,52,52,52,52,52,52,52,52,52,52,52,52,52,52,52,52,52,62,59,59,59,59],"card_choices":[{"not_picked":["Heavy Blade","Wild Strike"],"picked":"Anger","floor":1},{"not_picked":["Havoc","Warcry"],"picked":"Power Through","floor":2},{"not_picked":["Reaper","Clothesline"],"picked":"Evolve","floor":3},{"not_picked":["Perfected Strike","Second Wind"],"picked":"Cleave","floor":5},{"not_picked":["Body Slam","Rupture","Infernal Blade"],"picked":"SKIP","floor":7},{"not_picked":["Twin Strike","Blood for Blood"],"picked":"Shrug It Off","floor":10},{"not_picked":["Havoc","Warcry"],"picked":"Anger","floor":12},{"not_picked":["Blood for Blood","Thunderclap"],"picked":"Reckless Charge","floor":13},{"not_picked":["Combust","Clash","Clothesline"],"picked":"SKIP","floor":14},{"not_picked":["Immolate","Brutality"],"picked":"Reaper","floor":16},{"not_picked":["Carnage","Pommel Strike","Bloodletting"],"picked":"SKIP","floor":18},{"not_picked":["Cleave","Sever Soul","Perfected Strike"],"picked":"SKIP","floor":21},{"not_picked":["Wild Strike","Clash"],"picked":"Rage","floor":22},{"not_picked":["Evolve","Rupture","Armaments"],"picked":"SKIP","floor":23},{"not_picked":["Evolve+1","Searing Blow"],"picked":"Twin Strike+1","floor":28},{"not_picked":["Iron Wave","Perfected Strike","Anger"],"picked":"SKIP","floor":30},{"not_picked":["Double Tap","Barricade"],"picked":"Berserk","floor":33},{"not_picked":["Headbutt","Inflame+1"],"picked":"True Grit+1","floor":35},{"not_picked":["Wild Strike+1","Iron Wave"],"picked":"Power Through","floor":36},{"not_picked":["Hemokinesis+1","Wild Strike","Cleave+1"],"picked":"SKIP","floor":37},{"not_picked":["Sadistic Nature","Bandage Up"],"picked":"Finesse","floor":38},{"not_picked":["Dark Shackles","Panacea"],"picked":"Apotheosis","floor":38},{"not_picked":["Armaments","Whirlwind+1","Thunderclap"],"picked":"SKIP","floor":41},{"not_picked":["Thunderclap","True Grit"],"picked":"Brutality","floor":44}],"player_experience":631970,"relics_obtained":[{"floor":7,"key":"Pen Nib"},{"floor":9,"key":"HornCleat"},{"floor":23,"key":"Oddly Smooth Stone"},{"floor":26,"key":"Lantern"},{"floor":44,"key":"Pear"}],"event_choices":[{"damage_healed":0,"gold_gain":0,"player_choice":"Bought 2 Potions","damage_taken":0,"max_hp_gain":0,"max_hp_loss":0,"event_name":"The Woman in Blue","floor":8,"gold_loss":0},{"damage_healed":0,"gold_gain":0,"player_choice":"Trade","damage_taken":0,"relics_obtained":["SsserpentHead"],"max_hp_gain":0,"max_hp_loss":0,"event_name":"FaceTrader","floor":11,"gold_loss":0},{"damage_healed":0,"gold_gain":0,"player_choice":"Became a vampire","damage_taken":0,"max_hp_gain":0,"max_hp_loss":23,"event_name":"Vampires","floor":19,"gold_loss":0,"cards_obtained":["Bite","Bite","Bite","Bite","Bite"]},{"damage_healed":0,"gold_gain":0,"player_choice":"Obtained Relic","damage_taken":0,"relics_obtained":["Mercury Hourglass"],"max_hp_gain":0,"max_hp_loss":0,"event_name":"Addict","floor":20,"gold_loss":85},{"cards_removed":["Defend_R"],"damage_healed":0,"gold_gain":0,"player_choice":"Gave Gold","damage_taken":0,"max_hp_gain":0,"max_hp_loss":0,"event_name":"Beggar","floor":25,"gold_loss":75},{"damage_healed":0,"gold_gain":0,"player_choice":"Read","damage_taken":0,"max_hp_gain":0,"max_hp_loss":0,"event_name":"The Library","floor":31,"gold_loss":0,"cards_obtained":["Impervious"]},{"damage_healed":0,"gold_gain":3,"player_choice":"1","damage_taken":0,"max_hp_gain":0,"max_hp_loss":0,"event_name":"betterStone:BetterStone","floor":38,"gold_loss":0},{"damage_healed":0,"gold_gain":0,"player_choice":"Copied","damage_taken":0,"max_hp_gain":0,"max_hp_loss":0,"event_name":"Duplicator","floor":39,"gold_loss":0,"cards_obtained":["Reaper"]},{"damage_healed":0,"gold_gain":0,"player_choice":"Max HP","damage_taken":0,"max_hp_gain":0,"max_hp_loss":3,"event_name":"Winding Halls","floor":45,"gold_loss":0},{"cards_removed":["Seeing Red"],"damage_healed":0,"gold_gain":0,"player_choice":"Single Remove","damage_taken":0,"max_hp_gain":0,"max_hp_loss":0,"event_name":"Designer","floor":46,"gold_loss":75}],"is_beta":false,"boss_relics":[{"not_picked":["Philosopher\u0027s Stone","Astrolabe"],"picked":"Coffee Dripper"},{"not_picked":["Mark of Pain","Empty Cage"],"picked":"Pandora\u0027s Box"}],"items_purged_floors":[],"is_endless":false,"potions_floor_spawned":[1,5,10,12,13,22,23,28,33,35,36,37,44],"killed_by":"Transient","ascension_level":20}}