{"host":"kh6fvhxn285ncg0o","time":1608063373,"event":{"mods":["Act Like it!","BaseMod","Colored Map","Friendly Minions","Keyboard Shortcuts","Minty Spire (QoL Compilation)","Quick Restart","Relic Stats","StSLib","SuperFastMode"],"gold_per_floor":[111,111,36,36,36,76,94,134,134,152,152,173,173,17,17,111,111,134,134,117,142,160,204,204,204,253,265,265],"floor_reached":27,"playtime":604,"items_purged":["Strike_R","Strike_R"],"score":532,"play_id":"c3718f81-1abd-4bea-8103-afc35a515b85","local_time":"20201216051613","is_ascension_mode":true,"campfire_choices":[{"data":"Carnage","floor":11.0,"key":"SMITH"},{"data":"Bash","floor":15.0,"key":"SMITH"}],"circlet_count":0,"master_deck":["AscendersBane","Strike_R","Strike_R+1","Defend_R","Defend_R","Defend_R+1","Defend_R","Bash+1","Power Through","Carnage+1","Seeing Red","Shockwave","Ghostly","Ghostly","Ghostly","Barricade"],"relics":["Burning Blood","NeowsBlessing","Golden Idol","Unceasing Top","Kunai","Incense Burner","Philosopher\u0027s Stone","MawBank"],"acts_visited":["Exordium","TheCity"],"potions_floor_usage":[],"damage_taken":[{"damage":0.0,"enemies":"Small Slimes","floor":1.0,"turns":1.0},{"damage":0.0,"enemies":"Lagavulin","floor":6.0,"turns":1.0},{"damage":0.0,"enemies":"Jaw Worm","floor":7.0,"turns":1.0},{"damage":28.0,"enemies":"Gremlin Nob","floor":8.0,"turns":4.0},{"damage":0.0,"enemies":"Cultist","floor":10.0,"turns":3.0},{"damage":5.0,"enemies":"Exordium Wildlife","floor":12.0,"turns":6.0},{"damage":8.0,"enemies":"Slime Boss","floor":16.0,"turns":12.0},{"damage":3.0,"enemies":"Spheric Guardian","floor":18.0,"turns":5.0},{"damage":4.0,"enemies":"2 Thieves","floor":20.0,"turns":4.0},{"damage":10.0,"enemies":"Snecko","floor":21.0,"turns":8.0},{"damage":3.0,"enemies":"Shelled Parasite and Fungi","floor":22.0,"turns":8.0},{"damage":20.0,"enemies":"Slavers","floor":23.0,"turns":8.0},{"damage":12,"enemies":"Cultist and Chosen","floor":27,"turns":5}],"seed_played":"5057303156401766271","potions_obtained":[{"floor":1.0,"key":"ColorlessPotion"},{"floor":6.0,"key":"Dexterity Potion"},{"floor":10.0,"key":"SmokeBomb"},{"floor":16.0,"key":"ColorlessPotion"},{"floor":18.0,"key":"Strength Potion"},{"floor":22.0,"key":"SteroidPotion"}],"is_trial":false,"path_per_floor":["M","?","$","?","$","E","M","E","T","M","R","M","?","$","R","B",null,"M","?","M","M","M","E","?","?","T","M"],"character_chosen":"IRONCLAD","items_purchased":["Fire Potion"],"campfire_rested":0,"item_purchase_floors":[14],"current_hp_per_floor":[74,67,67,41,41,47,53,31,31,37,37,38,15,15,15,13,60,63,37,37,33,36,22,22,47,47,35,35],"gold":265,"neow_bonus":"THREE_ENEMY_KILL","is_daily":false,"chose_seed":false,"campfire_upgraded":2,"win_rate":0.0,"timestamp":1608063373,"path_taken":["M","?","$","?","?","E","M","E","T","M","R","?","?","$","R","BOSS","M","?","M","M","M","E","?","?","T","?"],"items_purchased_type":["Potion"],"build_version":"2020-12-13","purchased_purges":2,"victory":false,"max_hp_per_floor":[75,75,75,75,75,75,75,75,75,75,75,75,75,75,75,75,75,75,37,37,37,37,37,37,47,47,47,47],"relic_stats":{"counters":[13,66],"Golden Idol":84,"Kunai":[3],"MawBank":12,"obtain_stats":[{"NeowsBlessing":0,"Golden Idol":4,"Philosopher\u0027s Stone":17,"Incense Burner":9,"Kunai":8,"MawBank":26,"Burning Blood":0,"Unceasing Top":6},{"NeowsBlessing":0,"Golden Idol":1,"Philosopher\u0027s Stone":7,"Incense Burner":4,"Kunai":4,"MawBank":12,"Burning Blood":0,"Unceasing Top":2},{"NeowsBlessing":0,"Golden Idol":1,"Philosopher\u0027s Stone":28,"Incense Burner":7,"Kunai":7,"MawBank":61,"Burning Blood":0,"Unceasing Top":2}],"Burning Blood":70,"Unceasing Top":[0]},"card_choices":[{"not_picked":["True Grit","Thunderclap"],"picked":"Power Through","floor":1.0},{"not_picked":["Headbutt","Bludgeon"],"picked":"Carnage","floor":6.0},{"not_picked":["Intimidate","Twin Strike"],"picked":"Seeing Red","floor":7.0},{"not_picked":["Twin Strike","Thunderclap","Metallicize"],"picked":"SKIP","floor":8.0},{"not_picked":["True Grit","Wild Strike","Twin Strike"],"picked":"SKIP","floor":10.0},{"not_picked":["Clothesline","Rage"],"picked":"Shockwave","floor":12.0},{"not_picked":["Bludgeon","Berserk"],"picked":"Exhume","floor":16.0},{"not_picked":["Sword Boomerang","Searing Blow","Intimidate"],"picked":"SKIP","floor":18.0},{"not_picked":["Sword Boomerang","Twin Strike","Flex"],"picked":"SKIP","floor":20.0},{"not_picked":["Warcry","Shrug It Off","Searing Blow"],"picked":"SKIP","floor":21.0},{"not_picked":["Warcry","Shrug It Off","Searing Blow"],"picked":"SKIP","floor":21.0},{"not_picked":["Flex","Armaments","Hemokinesis"],"picked":"SKIP","floor":22.0},{"not_picked":["Cleave","Headbutt","True Grit"],"picked":"SKIP","floor":23}],"player_experience":3176361,"relics_obtained":[{"floor":6.0,"key":"Unceasing Top"},{"floor":8.0,"key":"Kunai"},{"floor":9.0,"key":"Incense Burner"},{"floor":26,"key":"MawBank"}],"event_choices":[{"cards_removed":["Strike_R"],"damage_healed":0.0,"max_hp_gain":0.0,"max_hp_loss":0.0,"gold_gain":0.0,"event_name":"Golden Wing","player_choice":"Card Removal","floor":2.0,"gold_loss":0.0,"damage_taken":7.0},{"damage_healed":0.0,"max_hp_gain":0.0,"max_hp_loss":0.0,"gold_gain":0.0,"event_name":"Golden Idol","player_choice":"Take Damage","floor":4.0,"gold_loss":0.0,"damage_taken":26.0,"relics_obtained":["Golden Idol"]},{"damage_healed":0.0,"max_hp_gain":0.0,"max_hp_loss":0.0,"gold_gain":0.0,"event_name":"Shining Light","player_choice":"Entered Light","floor":13.0,"gold_loss":0.0,"damage_taken":23.0,"cards_upgraded":["Defend_R","Strike_R"]},{"damage_healed":0.0,"max_hp_gain":0.0,"max_hp_loss":38.0,"gold_gain":0.0,"event_name":"Ghosts","player_choice":"Became a Ghost","floor":19.0,"gold_loss":0.0,"damage_taken":0.0,"cards_obtained":["Ghostly","Ghostly","Ghostly"]},{"damage_healed":0,"gold_gain":0,"player_choice":"Read","damage_taken":0,"max_hp_gain":0,"max_hp_loss":0,"event_name":"The Library","floor":24,"gold_loss":0,"cards_obtained":["Barricade"]},{"cards_removed":["Exhume"],"damage_healed":15,"gold_gain":0,"player_choice":"Offered Rare","damage_taken":0,"max_hp_gain":10,"max_hp_loss":0,"event_name":"Bonfire Elementals","floor":25,"gold_loss":0}],"is_beta":false,"boss_relics":[{"not_picked":["Mark of Pain","Tiny House"],"picked":"Philosopher\u0027s Stone"}],"items_purged_floors":[3,14],"is_endless":false,"potions_floor_spawned":[1,6,10,16,18,22],"killed_by":"Cultist and Chosen","ascension_level":20}}