{"host":"n2kcse4gu4kap8to","time":1608052185,"event":{"mods":["Act Like it!","Aspiration","BaseMod","Conspire","Dota2Spire","Hallownest","Minty Spire (QoL Compilation)","Pale of the Ancients","Replay The Spire","Spicy Shops","StSLib","TestMod","The Bug Knight","The Cursed","The Gatherer","[IsaacMod]ÒÔÈö¼âËþ","vexMod","¡¾ÒÅÎï¿¨ÅÆ¡¿REMEMod"],"gold_per_floor":[119,44,44,94,111,127,156,156,156,7,21,21,36,50,50,152,152,170,17,17,49,11,37,437,437,463,563,597,597,597,608,608,713,713,728,888,898,176,176,176,203,118,118,118,170,212,212,232,232,360,374,417,461,248,248,263,263,12,12,147],"floor_reached":61,"playtime":3166,"items_purged":["HollowMod:NailStrikeStart","HollowMod:QuickDashStart","HollowMod:QuickDashStart","HollowMod:NailStrikeStart","HollowMod:NailStrikeStart"],"score":1176,"play_id":"9bc489ec-f187-4363-b8e3-aaa434ebf6dc","local_time":"20201216010945","is_ascension_mode":true,"campfire_choices":[{"data":"EpicFetus","floor":8.0,"key":"SMITH"},{"data":"BowlingBash","floor":15.0,"key":"SMITH"},{"data":"Pommel Strike","floor":25.0,"key":"SMITH"},{"data":"REME_Scribble","floor":29.0,"key":"SMITH"},{"data":"ReplayTheSpireMod:Limb From Limb","floor":32.0,"key":"SMITH"},{"data":"testmod-SelfRegulatingSystem","floor":47.0,"key":"SMITH"},{"data":"Barricade","floor":55,"key":"SMITH"},{"data":"HollowMod:GrimmsGift","floor":57,"key":"SMITH"}],"circlet_count":0,"master_deck":["HollowMod:QuickDashStart","HollowMod:FocusHealStart","HollowMod:PogoStrike","EpicFetus+1","CrushJoints","BowlingBash+1","HollowMod:VengefulVoid","HollowMod:GrimmsGift+1","HollowMod:SiblingsShadow","HollowMod:SoulSplash","HollowMod:GoodIntentions","HollowMod:SlysStrikes+1","HollowMod:VoidDash+1","Magnetism+1","Feel No Pain+1","HollowMod:HuntersJournal+1","Infernal Blade+1","Pommel Strike+1","REME_Scribble+1","Sword Boomerang+1","ReplayTheSpireMod:Limb From Limb+1","Offering+1","testmod-SelfRegulatingSystem+1","Feel No Pain+1","Thunderclap","Fire Breathing","Flash of Steel","HollowMod:DreamGate+1","Hallownest:skillKingdomsEdgeMap","Sentinel+1","HollowMod:CloakDash+1","Rampage","Barricade+1","Entrench+1","Pommel Strike+1","testmod-PowerStrike","Impervious"],"relics":["HollowMod:VesselMask","REME_ComplimentaryCards","HushsDoor","BookofShadows","testmod-Fortitude","aspiration:Nostalgia","Replay:M_SmolderingBlood","BFFS","testmod-IndustrialRevolution","ReplayTheSpireMod:Lightbulb","Dota2Spire:Vanguard","HandDrill","aspiration:IroncladSkillbook","GuppysCollar","Unceasing Top","Red Mask","Lantern","Ancient Tea Set","Dota2Spire:CrimsonGuard","vexMod:ImprovementManual","GuppysPaw","GuppysHairball","Hallownest:GodTamersBeastRelic","SteamSale","Oddly Smooth Stone","Sling","Question Card","Leech","aspiration:ArtOfWarUpgrade","Dota2Spire:HandOfMidas","vexMod:InvisibilityCloak","testmod-TurbochargingSystem","paleoftheancients:Timepiece","Coffee Dripper","CultistMask","paleoftheancients:SoulOfTheWokeBloke","Bottled Flame","testmod-RealStoneCalender","testmod-AssaultLearning","Medical Kit"],"acts_visited":["Hallownest:Greenpath","TheCity","Hallownest:KingdomsEdge","paleoftheancients:PaleOfTheAncients"],"potions_floor_usage":[60,60],"damage_taken":[{"damage":0.0,"enemies":"Hallownest:2_Baldur","floor":1.0,"turns":3.0},{"damage":27.0,"enemies":"Hiden Room Battle","floor":4.0,"turns":5.0},{"damage":5.0,"enemies":"Hallownest:2_Tiktiks_and_1_Crawlid","floor":5.0,"turns":2.0},{"damage":8.0,"enemies":"2_ Uuma","floor":6.0,"turns":3.0},{"damage":4.0,"enemies":"Hallownest:eliteMossKnight","floor":7.0,"turns":4.0},{"damage":6.0,"enemies":"Hallownest:MossCreep_and_Mosskin","floor":11.0,"turns":3.0},{"damage":17.0,"enemies":"Hallownest:2_Tiktiks_1_Baldur_1_Crawlid","floor":13.0,"turns":2.0},{"damage":7.0,"enemies":"Hallownest:monsterMossCharger","floor":14.0,"turns":4.0},{"damage":0.0,"enemies":"Hallownest:BossFalseKnight","floor":16.0,"turns":4.0},{"damage":14.0,"enemies":"Chosen","floor":18.0,"turns":5.0},{"damage":29.0,"enemies":"Masked Bandits","floor":21.0,"turns":7.0},{"damage":16.0,"enemies":"HollowMod:Nosk","floor":23.0,"turns":5.0},{"damage":2.0,"enemies":"Replay:Snechameleon","floor":28.0,"turns":6.0},{"damage":0.0,"enemies":"conspire:FuzzyDice","floor":31.0,"turns":3.0},{"damage":0.0,"enemies":"HollowMod:NKGrimm","floor":33.0,"turns":6.0},{"damage":6.0,"enemies":"Hallownest:Shield_Heavy","floor":35.0,"turns":1.0},{"damage":3.0,"enemies":"Hallownest:Shield_Heavy","floor":36.0,"turns":2.0},{"damage":3.0,"enemies":"Hallownest:Shield_Heavy","floor":36.0,"turns":3.0},{"damage":21.0,"enemies":"Hallownest:Shield_Heavy","floor":36.0,"turns":4.0},{"damage":0.0,"enemies":"Hallownest:Shield_Heavy","floor":36.0,"turns":2.0},{"damage":3.0,"enemies":"Hallownest:2_Littles","floor":37.0,"turns":3.0},{"damage":5.0,"enemies":"Hallownest:eliteCollector","floor":41.0,"turns":3.0},{"damage":12.0,"enemies":"Hallownest:2_Wing_and_1_Kings","floor":46.0,"turns":2.0},{"damage":3.0,"enemies":"Hallownest:Xero_Hu_Marmu","floor":48.0,"turns":2.0},{"damage":13.0,"enemies":"Hallownest:BossGreyPrinceZote","floor":50.0,"turns":4.0},{"damage":3.0,"enemies":"Hallownest:BossGreyPrinceZote","floor":51.0,"turns":4.0},{"damage":3.0,"enemies":"Hallownest:BossGreyPrinceZote","floor":52.0,"turns":5.0},{"damage":17,"enemies":"Hallownest:BossGreyPrinceZote","floor":56,"turns":2},{"damage":9,"enemies":"Delirium","floor":60,"turns":3}],"seed_played":"-3906753572030815324","potions_obtained":[{"floor":6.0,"key":"Elixir"},{"floor":7.0,"key":"testmod-SpacePotion"},{"floor":11.0,"key":"Energy Potion"},{"floor":13.0,"key":"Adrenaline Potion"},{"floor":14.0,"key":"Explosive Potion"},{"floor":21.0,"key":"ColorlessPotion"},{"floor":31.0,"key":"FairyPotion"},{"floor":37.0,"key":"DuplicationPotion"},{"floor":48.0,"key":"ColorlessPotion"},{"floor":50.0,"key":"Adrenaline Potion"},{"floor":52.0,"key":"testmod-TestPotion"}],"is_trial":false,"path_per_floor":["M","$","?","?","M","M","E","R","T","$","M","?","M","M","R","B",null,"M","$","?","?","$","E","?","R","T","?","E","R","?","M","R","B",null,"M","?","M","$","?","R","E","?","T","R","T","M","R","M","R","B","M","M","?","$","R","M","R","$","?","B",null],"character_chosen":"THE_BUGKNIGHT","items_purchased":["HandDrill","GuppysCollar","HollowMod:VoidDash","EntropicBrew","Magnetism","Unceasing Top","Infernal Blade","GuppysPaw","GuppysHairball","testmod-SelfRegulatingSystem","SteamSale","Oddly Smooth Stone","Sling","Question Card","Leech","Art of War","Fire Breathing","Flash of Steel","testmod-RealStoneCalender","testmod-AssaultLearning","Medical Kit","testmod-PowerStrike"],"campfire_rested":0,"item_purchase_floors":[10,17,17,17,17,19,22,34,34,34,38,38,38,38,38,38,38,38,54,58,58,58],"current_hp_per_floor":[75,75,75,54,55,47,43,43,43,43,37,37,20,25,25,31,45,35,35,35,44,44,32,32,32,32,32,36,36,36,43,43,50,21,19,17,21,21,21,21,22,22,22,22,22,16,16,22,22,39,42,45,45,45,45,35,35,35,35,36],"gold":147,"neow_bonus":"NOSTALGIA","is_daily":false,"chose_seed":false,"campfire_upgraded":8,"win_rate":0.0,"timestamp":1608052185,"path_taken":["M","$","?","?","?","M","E","R","T","?","M","?","?","M","R","BOSS","M","$","?","?","$","E","?","R","T","?","E","R","?","M","R","BOSS","M","?","M","$","?","R","E","?","T","R","?","?","R","M","R","BOSS","M","M","?","$","R","M","R","$","?","BOSS"],"items_purchased_type":["Relic","Relic","Card","Potion","Card","Relic","Card","Relic","Relic","Card","Relic","Relic","Relic","Relic","Relic","Relic","Card","Card","Relic","Relic","Relic","Card"],"build_version":"2020-12-13","purchased_purges":5,"victory":true,"max_hp_per_floor":[75,75,75,75,75,75,75,75,75,75,75,75,75,75,75,75,45,45,45,45,45,45,45,45,45,45,45,47,47,47,50,50,53,21,21,30,33,33,33,33,33,33,33,33,33,33,33,36,36,39,42,45,45,45,45,48,48,48,48,51],"card_choices":[{"not_picked":["HollowMod:LifebloodCocoon","HollowMod:VengefulVoid"],"picked":"CrushJoints","floor":1.0},{"not_picked":["HollowMod:DungDefenderAura","HollowMod:DashSlash"],"picked":"BowlingBash","floor":4.0},{"not_picked":["HollowMod:MonarchWings","HollowMod:LifebloodCocoon"],"picked":"HollowMod:VengefulVoid","floor":5.0},{"not_picked":["HollowMod:CrystalDash","HollowMod:DescendingDark"],"picked":"HollowMod:GrimmsGift","floor":6.0},{"not_picked":["HollowMod:BrokenVessel","HollowMod:RecoilStrike"],"picked":"HollowMod:SiblingsShadow","floor":7.0},{"not_picked":["HollowMod:InfectedCysts","HollowMod:CloakDash"],"picked":"HollowMod:SoulSplash","floor":11.0},{"not_picked":["HollowMod:DoubleDash","HollowMod:NewInfectedGuardian"],"picked":"HollowMod:GoodIntentions","floor":13.0},{"not_picked":["BowlingBash","CrushJoints","HollowMod:TaintedHusks"],"picked":"SKIP","floor":14.0},{"not_picked":["HollowMod:VoidDash","HollowMod:HornetsHelp"],"picked":"HollowMod:SlysStrikes","floor":16.0},{"not_picked":["HollowMod:WraithStrike+1","HollowMod:ShadowDash","Anger"],"picked":"Feel No Pain+1","floor":18.0},{"not_picked":["HollowMod:CornifersMapStart","Headbutt","BowlingBash"],"picked":"HollowMod:HuntersJournal+1","floor":21.0},{"not_picked":["HollowMod:DescendingDark","conspire:Charge+1","ReplayTheSpireMod:Muscle Training"],"picked":"Pommel Strike","floor":23.0},{"not_picked":["Abandon","HollowMod:NewGlowingWomb","Armaments"],"picked":"REME_Scribble","floor":27.0},{"not_picked":["Intimidate","HollowMod:CoiledNail","HollowMod:WraithStrike+1"],"picked":"Sword Boomerang+1","floor":28.0},{"not_picked":["HollowMod:AbyssShriek","Shrug It Off","BowlingBash"],"picked":"ReplayTheSpireMod:Limb From Limb","floor":31.0},{"not_picked":["Replay:Many Hands","Feed","Barricade"],"picked":"Offering","floor":33.0},{"not_picked":["HollowMod:GoodIntentions","True Grit","HollowMod:SharpenedNail"],"picked":"Feel No Pain+1","floor":35.0},{"not_picked":["Rupture","HollowMod:GoodIntentions+1","HollowMod:SoulSplash"],"picked":"Thunderclap","floor":37.0},{"not_picked":["Bloodletting+1","HollowMod:SoulShaman","HollowMod:FallenFury","HollowMod:BrokenVessel"],"picked":"HollowMod:DreamGate+1","floor":41.0},{"not_picked":["HollowMod:TaintedHusks","Clash","BowlingBash","HollowMod:DoubleDash+1"],"picked":"Sentinel+1","floor":46.0},{"not_picked":["Warcry","HollowMod:PureVessel","HollowMod:NewLittleFool","HollowMod:SharpenedNail"],"picked":"HollowMod:CloakDash+1","floor":48.0},{"not_picked":["Berserk","Feed","HollowMod:PureVessel","Exhume"],"picked":"Barricade","floor":50.0},{"not_picked":["HollowMod:SoulSplash+1","Seeing Red","Replay:Undeath\u0027s Touch","HollowMod:InfectionAssault+1"],"picked":"Entrench+1","floor":51.0},{"not_picked":["Ghostly Armor","Pommel Strike+1","Twin Strike+1","HollowMod:NewJinnsSoul","HollowMod:RecoilStrike"],"picked":"SKIP","floor":52.0},{"not_picked":["HollowMod:SoulStrike","Perfected Strike","Sentinel+1","Run Through"],"picked":"Pommel Strike+1","floor":56},{"not_picked":["Replay:Many Hands","HollowMod:LifebloodCore","Barricade","Demon Form"],"picked":"Impervious","floor":60}],"player_experience":993487,"relics_obtained":[{"floor":4.0,"key":"BFFS"},{"floor":4.0,"key":"testmod-IndustrialRevolution"},{"floor":7.0,"key":"ReplayTheSpireMod:Lightbulb"},{"floor":9.0,"key":"Dota2Spire:Vanguard"},{"floor":21.0,"key":"Red Mask"},{"floor":23.0,"key":"Lantern"},{"floor":26.0,"key":"Ancient Tea Set"},{"floor":28.0,"key":"Dota2Spire:CrimsonGuard"},{"floor":41.0,"key":"Dota2Spire:HandOfMidas"},{"floor":43.0,"key":"vexMod:InvisibilityCloak"},{"floor":45.0,"key":"testmod-TurbochargingSystem"},{"floor":52.0,"key":"paleoftheancients:SoulOfTheWokeBloke"},{"floor":53.0,"key":"Bottled Flame"}],"event_choices":[{"damage_healed":0.0,"max_hp_gain":0.0,"max_hp_loss":0.0,"gold_gain":0.0,"event_name":"conspire:Investor","player_choice":"Leave","floor":3.0,"gold_loss":0.0,"damage_taken":0.0},{"damage_healed":0.0,"max_hp_gain":0.0,"max_hp_loss":0.0,"gold_gain":0.0,"event_name":"HidenRoomEvent","player_choice":"Fight","floor":4.0,"gold_loss":0.0,"damage_taken":0.0},{"damage_healed":0.0,"max_hp_gain":0.0,"max_hp_loss":0.0,"gold_gain":0.0,"event_name":"Masked Bandits","player_choice":"Fought Bandits","floor":21.0,"gold_loss":0.0,"damage_taken":0.0},{"damage_healed":0.0,"max_hp_gain":0.0,"max_hp_loss":0.0,"gold_gain":400.0,"event_name":"¶÷ÂåË¹µÄÅÌ×Ó","player_choice":"Sell","floor":24.0,"relics_lost":["testmod-TestBox"],"gold_loss":0.0,"damage_taken":0.0},{"cards_removed":["HollowMod:NailStrikeStart"],"damage_healed":0.0,"max_hp_gain":0.0,"max_hp_loss":0.0,"gold_gain":0.0,"event_name":"Purifier","player_choice":"Purged","floor":30.0,"gold_loss":0.0,"damage_taken":0.0}],"is_beta":false,"boss_relics":[{"not_picked":["Runic Dome","Ectoplasm"],"picked":"aspiration:IroncladSkillbook"},{"not_picked":[]},{"not_picked":["vexMod:BigBerry","Black Star"],"picked":"vexMod:ImprovementManual"},{"not_picked":[]}],"items_purged_floors":[2,17,34,38,54],"is_endless":false,"potions_floor_spawned":[6,7,11,13,14,21,31,36,36,37,48,50,52,56],"ascension_level":1}}