{"host":"mn5ze3eyhx81nlo2","time":1608036540,"event":{"mods":["BaseMod","Block Reminder","Challenge The Spire","Downfall","Hermit","Hubris","Infinite Spire","Minty Spire (QoL Compilation)","Quick Restart","Replay The Spire","Shade Mod","StSLib","The Cursed","The Druid","The Hierophant","The Runesmith","Unceasing Turn Reminder"],"gold_per_floor":[99,116,116,131,131,41,87,87,27,58,58,69,15,29,49,145,145,145,174,274,21,51,51,103,153,164,164,214,264,279,346,356,459,459,459,260,310,321,352,402,402,452,452,491,551,575,589,651,671,671],"floor_reached":51,"playtime":3039,"items_purged":["champ:Strike"],"score":1035,"play_id":"0547de73-5e1d-4106-9194-5f9ddad26edb","local_time":"20201215124900","is_ascension_mode":true,"campfire_choices":[{"floor":1.0,"key":"DIG"},{"data":"champ:IronFortress","floor":8.0,"key":"SMITH"},{"data":"champ:Taunt","floor":18,"key":"SMITH"},{"data":"champ:DefensiveStyle","floor":23,"key":"SMITH"},{"data":"champ:StanceDance","floor":27,"key":"SMITH"},{"floor":35,"key":"DIG"},{"data":"champ:CalledShot","floor":43,"key":"SMITH"},{"data":"champ:Improvising","floor":43,"key":"SMITH"}],"circlet_count":0,"master_deck":["champ:Strike","champ:Strike","champ:Defend","champ:Defend","champ:Defend","champ:Defend","champ:Taunt+1","champ:IronFortress+1","champ:Backstep+1","champ:CalledShot+1","champ:FlashCut","champ:ShieldWall","champ:Control","Shame","champ:Improvising+1","champ:StanceDance+1","champ:DefensiveStyle+1","champ:FanOfKnives+1","champ:FaceSlap","champ:SteelEdge","champ:EndlessRage","champ:GladiatorStyle+1","Parasite"],"relics":["champ:ChampionCrown","hubris:SphereOfDissonance","Vajra","Anchor","ReplayTheSpireMod:CursedCoin","SlaversCollar","Ancient Tea Set","downfall:CloakOfManyFaces","CultistMask","FaceOfCleric","NlothsMask","GremlinMask","SsserpentHead","Pondfish Scales","Replay:Mystery Machine","MutagenicStrength","downfall:RedIOU","Runic Pyramid","Guardian:PocketSentry","ClockworkSouvenir","Replay:Arrowhead","CeramicFish","Replay:Wax Seal"],"acts_visited":["Exordium","TheCity","TheBeyond"],"potions_floor_usage":[16,16,16,21,26,33,36,39,47,50,50],"damage_taken":[{"damage":0.0,"enemies":"2 Louse","floor":2.0,"turns":2.0},{"damage":5.0,"enemies":"Jaw Worm","floor":4.0,"turns":4.0},{"damage":5.0,"enemies":"downfall:FleeingMerchant","floor":6.0,"turns":4.0},{"damage":10.0,"enemies":"downfall:FleeingMerchant","floor":9.0,"turns":4.0},{"damage":13.0,"enemies":"3 Sentries","floor":10.0,"turns":9.0},{"damage":5.0,"enemies":"Small Slimes","floor":12.0,"turns":4.0},{"damage":14.0,"enemies":"downfall:FleeingMerchant","floor":13.0,"turns":4.0},{"damage":24,"enemies":"3 Louse","floor":14,"turns":5},{"damage":11,"enemies":"Exordium Thugs","floor":15,"turns":6},{"damage":49,"enemies":"downfall:Defect","floor":16,"turns":8},{"damage":17,"enemies":"Gremlin Leader","floor":19,"turns":10},{"damage":6,"enemies":"downfall:FaceTrader","floor":20,"turns":5},{"damage":14,"enemies":"downfall:FleeingMerchant","floor":21,"turns":4},{"damage":28,"enemies":"Slavers","floor":22,"turns":5},{"damage":4,"enemies":"Shell Parasite","floor":26,"turns":5},{"damage":18,"enemies":"Cultist and Chosen","floor":30,"turns":6},{"damage":10,"enemies":"Centurion and Healer","floor":31,"turns":5},{"damage":6,"enemies":"3 Cultists","floor":32,"turns":4},{"damage":29,"enemies":"downfall:Ironclad","floor":33,"turns":6},{"damage":19,"enemies":"downfall:FleeingMerchant","floor":36,"turns":4},{"damage":5,"enemies":"3 Shapes","floor":38,"turns":5},{"damage":27,"enemies":"Giant Head","floor":39,"turns":7},{"damage":12,"enemies":"R_Hoarder","floor":44,"turns":8},{"damage":27,"enemies":"3 Darklings","floor":45,"turns":4},{"damage":0,"enemies":"Writhing Mass","floor":46,"turns":5},{"damage":5,"enemies":"Transient","floor":47,"turns":5},{"damage":18,"enemies":"Jaw Worm Horde","floor":48,"turns":4},{"damage":0,"enemies":"Spire Growth","floor":49,"turns":6},{"damage":0,"enemies":"downfall:Watcher","floor":50,"turns":5}],"seed_played":"-6138884300960233194","potions_obtained":[{"floor":2.0,"key":"EssenceOfSteel"},{"floor":4.0,"key":"Regen Potion"},{"floor":10.0,"key":"Reflective Coating"},{"floor":19,"key":"SkillPotion"},{"floor":22,"key":"Fire Potion"},{"floor":32,"key":"Strength Potion"},{"floor":33,"key":"SpeedPotion"},{"floor":38,"key":"ColorlessPotion"},{"floor":39,"key":"GamblersBrew"},{"floor":42,"key":"downfall:CursedFountainPotion"},{"floor":44,"key":"Fire Potion"}],"is_trial":false,"path_per_floor":["R","M","?","M","?","$","T","R","$","E","?","M","$","M","M","B",null,"R","E","?","$","E","R","T","?","M","R","?","?","M","M","M","B",null,"R","$","?","M","E","?","T","?","R","E","M","M","M","M","M","B",null],"character_chosen":"THE_CHAMP","items_purchased":["champ:FlashCut","ReplayTheSpireMod:CursedCoin","champ:Improvising","champ:StanceDance","Pondfish Scales","champ:EndlessRage","ClockworkSouvenir"],"campfire_rested":0,"item_purchase_floors":[9,13,13,13,21,36,36],"current_hp_per_floor":[90,90,90,90,90,90,90,90,90,82,82,82,78,74,74,65,90,90,80,80,76,59,59,59,59,60,60,44,44,37,38,33,28,97,97,92,92,94,100,100,100,100,100,101,81,82,82,65,66,67],"gold":671,"neow_bonus":"RANDOM_COMMON_RELIC","is_daily":false,"chose_seed":false,"campfire_upgraded":6,"win_rate":0.0,"timestamp":1608036540,"path_taken":["R","M","?","M","?","$","T","R","$","E","?","?","$","?","M","BOSS","R","E","?","?","E","R","T","?","M","R","?","?","M","?","M","BOSS","R","$","?","M","E","?","T","?","R","E","?","M","M","?","M","BOSS"],"items_purchased_type":["Card","Relic","Card","Card","Relic","Card","Relic"],"build_version":"2020-12-13","purchased_purges":1,"victory":true,"max_hp_per_floor":[90,90,90,90,90,90,90,90,90,90,90,90,90,90,90,90,90,90,90,90,91,92,92,92,92,93,93,93,93,94,95,96,97,97,97,98,98,99,100,100,100,100,100,101,102,103,104,105,106,107],"card_choices":[{"not_picked":["champ:Circumvent","champ:CrookedStrike"],"picked":"champ:IronFortress","floor":2.0},{"not_picked":["champ:TornadoPunch","champ:ArenaPreparation","champ:ShieldSigil"],"picked":"SKIP","floor":4.0},{"not_picked":["champ:Circumvent","champ:EnGarde","champ:ShieldSigil"],"picked":"SKIP","floor":6.0},{"not_picked":["champ:ArenaPreparation","champ:Backstep"],"picked":"champ:CalledShot","floor":9.0},{"not_picked":["champ:ViciousMockery","champ:FalseCounter"],"picked":"champ:ShieldWall","floor":10.0},{"not_picked":["champ:SkillfulDodge","champ:RecklessLeap","champ:Encircle"],"picked":"SKIP","floor":12.0},{"not_picked":["champ:ShieldSigil","champ:ShieldWall"],"picked":"champ:Control","floor":13.0},{"not_picked":["champ:FanOfKnives","champ:Haymaker"],"picked":"champ:DefensiveStyle","floor":14},{"not_picked":["champ:FightOn","champ:TornadoPunch","champ:FocusedDefense"],"picked":"SKIP","floor":15},{"not_picked":["champ:BerserkersShout+1","champ:StanceDance"],"picked":"champ:FanOfKnives+1","floor":19},{"not_picked":["champ:Encircle+1","champ:FightOn","champ:BladeFlurry"],"picked":"SKIP","floor":21},{"not_picked":["champ:TornadoPunch+1","champ:ShieldSlam","champ:IgnorePain"],"picked":"SKIP","floor":22},{"not_picked":["champ:Riposte","champ:SwordSigil"],"picked":"champ:FaceSlap","floor":26},{"not_picked":["champ:SwordSigil+1","champ:FalseCounter","champ:FanOfKnives"],"picked":"SKIP","floor":30},{"not_picked":["champ:BladeFlurry+1","champ:TornadoPunch+1","champ:RageSigil"],"picked":"SKIP","floor":31},{"not_picked":["champ:RapidStrikes","champ:FightOn","champ:Encircle"],"picked":"SKIP","floor":32},{"not_picked":["champ:ShieldSlam","champ:SwordThrow"],"picked":"champ:SteelEdge","floor":33},{"not_picked":["champ:FaceSlap+1","champ:FocusedBerserking+1","champ:ShieldSigil"],"picked":"SKIP","floor":36},{"not_picked":["champ:IronFortress","champ:Circumvent+1","champ:Backstep+1"],"picked":"SKIP","floor":38},{"not_picked":["champ:FightOn","champ:Control+1","champ:SwordThrow"],"picked":"SKIP","floor":39},{"not_picked":["champ:FaceSlap","champ:Haymaker+1"],"picked":"champ:GladiatorStyle+1","floor":44},{"not_picked":["champ:SteelEdge","champ:FanOfKnives","champ:GladiatorsShout+1"],"picked":"SKIP","floor":45},{"not_picked":["champ:SteelEdge","champ:FanOfKnives","champ:GladiatorsShout+1"],"picked":"SKIP","floor":45},{"not_picked":["champ:FlashCut","champ:CalledShot+1","champ:PreciseThrust+1"],"picked":"SKIP","floor":46},{"not_picked":["champ:BringItOn+1","champ:SwordSigil","champ:HeartStrike"],"picked":"SKIP","floor":47},{"not_picked":["champ:FightOn","champ:FocusedBerserking","champ:BringItOn+1"],"picked":"SKIP","floor":48},{"not_picked":["champ:VampiricStrike","champ:FanOfKnives","champ:StanceDance+1"],"picked":"SKIP","floor":49}],"player_experience":883456,"relics_obtained":[{"floor":1.0,"key":"hubris:SphereOfDissonance"},{"floor":7.0,"key":"Vajra"},{"floor":10.0,"key":"Anchor"},{"floor":19,"key":"Ancient Tea Set"},{"floor":20,"key":"downfall:CloakOfManyFaces"},{"floor":22,"key":"Replay:Mystery Machine"},{"floor":35,"key":"Guardian:PocketSentry"},{"floor":39,"key":"Replay:Arrowhead"},{"floor":41,"key":"CeramicFish"},{"floor":44,"key":"Replay:Wax Seal"}],"event_choices":[{"damage_healed":0.0,"max_hp_gain":0.0,"max_hp_loss":0.0,"gold_gain":0.0,"event_name":"Lab","player_choice":"Got Potions","floor":11.0,"gold_loss":0.0,"damage_taken":0.0},{"damage_healed":0,"gold_gain":0,"player_choice":"Inject Mutagens","damage_taken":0,"relics_obtained":["MutagenicStrength"],"max_hp_gain":0,"max_hp_loss":0,"event_name":"Drug Dealer","floor":25,"gold_loss":0},{"cards_removed":["champ:Execute"],"damage_healed":0,"gold_gain":0,"player_choice":"Removed Attack","damage_taken":0,"max_hp_gain":0,"max_hp_loss":0,"event_name":"Falling","floor":40,"gold_loss":0}],"is_beta":false,"boss_relics":[{"not_picked":["Coffee Dripper","Ring of Chaos"],"picked":"SlaversCollar"},{"not_picked":["Honey Jar","ReplayTheSpireMod:SealedPack"],"picked":"Runic Pyramid"}],"items_purged_floors":[6],"is_endless":false,"potions_floor_spawned":[2,4,10,12,14,19,22,32,33,38,39,44],"ascension_level":1}}