{"host":"kw4o7b3ro2ktmmbe","time":1608074528,"event":{"mods":["BaseMod","Minty Spire (QoL Compilation)","StSLib","The Death Knight","Treasure Hunter"],"gold_per_floor":[119,199,149,224,242,242,257,283,283,283,132,151,151,163,163,262,262,280,280,291,2,2,36,36,62,86,86,86,86],"floor_reached":28,"playtime":1985,"items_purged":[],"score":388,"play_id":"417b3130-f02a-45e1-ba9a-0562eec93f50","local_time":"20201216122208","is_ascension_mode":true,"campfire_choices":[{"data":"DeathKnight:FoulBulwark","floor":6.0,"key":"SMITH"},{"data":"TH:CursedSword","floor":13.0,"key":"SMITH"},{"data":"DeathKnight:DarkSuccor","floor":15.0,"key":"SMITH"},{"data":"Bandage Up","floor":24,"key":"SMITH"},{"data":"DeathKnight:Hysteria","floor":27,"key":"SMITH"}],"circlet_count":0,"master_deck":["DeathKnight:Strike_DeathKnight","DeathKnight:Strike_DeathKnight","DeathKnight:Strike_DeathKnight","DeathKnight:Strike_DeathKnight","DeathKnight:Strike_DeathKnight","DeathKnight:Defend_DeathKnight","DeathKnight:Defend_DeathKnight","DeathKnight:Defend_DeathKnight","DeathKnight:Defend_DeathKnight","DeathKnight:RuneTap","DeathKnight:RuneStrike","DeathKnight:FoulBulwark+1","DeathKnight:FoulBulwark+1","TH:CursedSword+1","DeathKnight:Razorice","TH:TreasureMap+1","DeathKnight:DarkSuccor+1","TH:ArmorSpikes+1","DeathKnight:UnholyExperiment+1","DeathKnight:UnholyPresence+1","DeathKnight:WraithWalk","Bandage Up+1","Writhe","TH:TreasureMap","TH:TreasureMap","DeathKnight:Hysteria+1","TH:TreasureMap"],"relics":["Coffee Dripper","Mummified Hand","Potion Belt","DeathKnight:ScourgePlagueSample","Black Star","Bag of Preparation","HornCleat","DeathKnight:SylvanasMusicBox","Lantern","TH:Strongbox","Ancient Tea Set","Toy Ornithopter"],"acts_visited":["Exordium","TheCity"],"potions_floor_usage":[18,23,23,25,25,25],"damage_taken":[{"damage":0.0,"enemies":"2 Louse","floor":1.0,"turns":3.0},{"damage":0.0,"enemies":"Jaw Worm","floor":5.0,"turns":3.0},{"damage":0.0,"enemies":"Cultist","floor":7.0,"turns":3.0},{"damage":12.0,"enemies":"Lagavulin","floor":8.0,"turns":8.0},{"damage":4.0,"enemies":"Exordium Thugs","floor":12.0,"turns":3.0},{"damage":0.0,"enemies":"Blue Slaver","floor":14.0,"turns":3.0},{"damage":7.0,"enemies":"Hexaghost","floor":16.0,"turns":8.0},{"damage":8,"enemies":"Chosen","floor":18,"turns":5},{"damage":23,"enemies":"2 Thieves","floor":20,"turns":5},{"damage":0,"enemies":"Book of Stabbing","floor":23,"turns":5},{"damage":5,"enemies":"Gremlin Leader","floor":25,"turns":8},{"damage":27,"enemies":"Masked Bandits","floor":28,"turns":3}],"seed_played":"-7094411386329589606","potions_obtained":[{"floor":1.0,"key":"Explosive Potion"},{"floor":12.0,"key":"EssenceOfSteel"},{"floor":20,"key":"LiquidMemories"}],"is_trial":false,"path_per_floor":["M","?","?","?","M","R","M","E","T","?","$","M","R","M","R","B",null,"M","?","M","$","?","E","R","E","T","R","?"],"character_chosen":"DEATH_KNIGHT","items_purchased":["DeathKnight:ScourgePlagueSample","Bag of Preparation","DeathKnight:WraithWalk","Bandage Up"],"campfire_rested":0,"item_purchase_floors":[11,21,21,21],"current_hp_per_floor":[68,68,68,57,57,57,57,45,45,45,45,41,41,41,41,34,65,57,35,12,12,12,16,16,17,17,17,0,0],"gold":86,"neow_bonus":"BOSS_RELIC","is_daily":false,"chose_seed":false,"campfire_upgraded":5,"win_rate":0.0,"timestamp":1608074528,"path_taken":["M","?","?","?","M","R","?","E","T","?","?","M","R","?","R","BOSS","M","?","M","$","?","E","R","E","T","R","?"],"items_purchased_type":["Relic","Relic","Card","Card"],"build_version":"2020-12-13","purchased_purges":0,"victory":false,"max_hp_per_floor":[75,75,75,75,75,75,75,75,75,75,75,75,75,75,75,75,75,75,75,75,75,75,75,75,75,75,75,75,75],"card_choices":[{"not_picked":["DeathKnight:ScourgeStrike","DeathKnight:UnholyFrenzy"],"picked":"DeathKnight:FoulBulwark","floor":1.0},{"not_picked":["DeathKnight:MindFreeze","DeathKnight:UnholyAssault"],"picked":"DeathKnight:FoulBulwark","floor":5.0},{"not_picked":["DeathKnight:BloodBoil","DeathKnight:Marrowrend","DeathKnight:Parry"],"picked":"SKIP","floor":7.0},{"not_picked":["TH:ArmorSpikes"],"picked":"TH:CursedSword","floor":8.0},{"not_picked":["DeathKnight:DeathStrike","DeathKnight:DreadStrike"],"picked":"DeathKnight:Razorice","floor":8.0},{"not_picked":["TH:PixieDust"],"picked":"TH:TreasureMap","floor":9.0},{"not_picked":["DeathKnight:Marrowrend","DeathKnight:ShatteringStrikes","DeathKnight:DeathGrip"],"picked":"SKIP","floor":12.0},{"not_picked":["DeathKnight:RaiseAlly","DeathKnight:Parry"],"picked":"DeathKnight:DarkSuccor","floor":14.0},{"not_picked":["TH:EnergyPotion"],"picked":"TH:ArmorSpikes","floor":16.0},{"not_picked":["DeathKnight:Razorice","DeathKnight:SindragosasBreath"],"picked":"DeathKnight:UnholyExperiment","floor":16.0},{"not_picked":["DeathKnight:UnholyAssault","DeathKnight:Hemostasis"],"picked":"DeathKnight:UnholyPresence+1","floor":18},{"not_picked":["DeathKnight:RaiseAlly","DeathKnight:DeathAndDecay","DeathKnight:BoneSpear+1"],"picked":"SKIP","floor":20},{"not_picked":["TH:DeckOfManyThings"],"picked":"TH:TreasureMap","floor":23},{"not_picked":["DeathKnight:HornOfWinter","DeathKnight:Ossuary","DeathKnight:IcyTouch"],"picked":"SKIP","floor":23},{"not_picked":["TH:DeckOfManyThings"],"picked":"TH:TreasureMap","floor":25},{"not_picked":["DeathKnight:IceboundArmor+1","DeathKnight:ChainsOfIce+1"],"picked":"DeathKnight:Hysteria","floor":25},{"not_picked":["TH:PixieDust"],"picked":"TH:TreasureMap","floor":26}],"player_experience":1807045,"relics_obtained":[{"floor":8.0,"key":"Mummified Hand"},{"floor":9.0,"key":"Potion Belt"},{"floor":23,"key":"DeathKnight:SylvanasMusicBox"},{"floor":23,"key":"Lantern"},{"floor":25,"key":"TH:Strongbox"},{"floor":25,"key":"Ancient Tea Set"},{"floor":26,"key":"Toy Ornithopter"}],"event_choices":[{"damage_healed":0.0,"max_hp_gain":0.0,"max_hp_loss":0.0,"gold_gain":80.0,"event_name":"Golden Wing","player_choice":"Gained Gold","floor":2.0,"gold_loss":0.0,"damage_taken":0.0},{"cards_removed":["DeathKnight:Defend_DeathKnight"],"damage_healed":0.0,"max_hp_gain":0.0,"max_hp_loss":0.0,"gold_gain":0.0,"event_name":"The Cleric","player_choice":"Card Removal","floor":3.0,"gold_loss":50.0,"damage_taken":0.0},{"damage_healed":0.0,"max_hp_gain":0.0,"max_hp_loss":0.0,"gold_gain":75.0,"event_name":"World of Goop","player_choice":"Gather Gold","floor":4.0,"gold_loss":0.0,"damage_taken":11.0},{"damage_healed":0.0,"max_hp_gain":0.0,"max_hp_loss":0.0,"gold_gain":0.0,"event_name":"Upgrade Shrine","player_choice":"Upgraded","floor":10.0,"gold_loss":0.0,"damage_taken":0.0,"cards_upgraded":["DeathKnight:FoulBulwark"]},{"damage_healed":0,"gold_gain":0,"player_choice":"Opened","damage_taken":0,"relics_obtained":["HornCleat"],"max_hp_gain":0,"max_hp_loss":0,"event_name":"The Mausoleum","floor":22,"gold_loss":0,"cards_obtained":["Writhe"]},{"damage_healed":0,"gold_gain":0,"player_choice":"Fought Bandits","damage_taken":0,"max_hp_gain":0,"max_hp_loss":0,"event_name":"Masked Bandits","floor":28,"gold_loss":0}],"is_beta":false,"boss_relics":[{"not_picked":["Calling Bell","Fusion Hammer"],"picked":"Black Star"}],"items_purged_floors":[],"is_endless":false,"potions_floor_spawned":[1,12,20],"killed_by":"Masked Bandits","ascension_level":6}}