{"host":"5kadl7uu83y136u3","time":1608055853,"event":{"mods":["2.2 Compatiblity","BaseMod","Better Match","Better Note","Better Sensory Stone","Better Third Choice","BetterRewards","Colored Map","Colored Powertips","DeckTracker","Defuse TimeMaze Blight","Gold Saver","Googly Eyes","Highlight Path","Hubris","Infinite Spire","Luminous","Minty Spire (QoL Compilation)","Replay The Spire","Shop Mod","Spicy Shops","Spikes Relics","StSLib","The Necromancer","Uncapped"],"gold_per_floor":[1072,1072,1083,1083,423,423,443,443,443,17,17,17,17,47,47,147,147,157,157,175,175,112,112,142,417,417,417,59,85,7,35,35,131,231,249,249,262,279,279,310,76,76,76,93,38,188,205,218,218,315,315,317,317,317,324,326,326,401,401,401,401,402,404,404,416,416,449,449,359,361,2142,2142,2142],"floor_reached":72,"playtime":3968,"items_purged":["Strike_G","Defend_G","Strike_G","Defend_G","Strike_G","Strike_G","Defend_G"],"score":1296,"play_id":"d73e85f2-3552-4dbd-992e-c9af65d4ec12","local_time":"20201215131053","is_ascension_mode":false,"campfire_choices":[{"data":"Dagger Spray","floor":6,"key":"SMITH"},{"data":"Crippling Poison","floor":8,"key":"SMITH"},{"floor":11,"key":"REST"},{"data":"Accuracy","floor":11,"key":"SMITH"},{"data":"Neutralize","floor":13,"key":"SMITH"},{"floor":15,"key":"DIG"},{"floor":23,"key":"REST"},{"data":"Footwork","floor":23,"key":"SMITH"},{"floor":27,"key":"REST"},{"data":"Noxious Fumes","floor":27,"key":"SMITH"},{"floor":32,"key":"REST"},{"data":"After Image","floor":32,"key":"SMITH"},{"floor":42,"key":"REST"},{"data":"Survivor","floor":42,"key":"SMITH"},{"floor":49,"key":"REST"},{"data":"Blade Dance","floor":49,"key":"SMITH"},{"data":"Catalyst","floor":57,"key":"SMITH"},{"floor":61,"key":"REST"},{"data":"Adrenaline","floor":61,"key":"SMITH"},{"data":"Panacea","floor":66,"key":"SMITH"}],"circlet_count":0,"master_deck":["Survivor+1","Neutralize+1","Slice","Dagger Spray+1","Accuracy+1","Footwork+1","After Image+1","Accuracy+1","PiercingWail+1","Noxious Fumes+1","Infinite Blades","Infinite Blades","Noxious Fumes+1","Blade Dance+1","Deflect+1","Adrenaline+1","Catalyst+1","Panacea+1","infinitespire:Neurotoxin"],"relics":["hubris:Towel","MerchantsRug","ReplayTheSpireMod:CursedCoin"],"acts_visited":["Exordium","TheCity","TheBeyond","Exordium","TheCity"],"potions_floor_usage":[16,40,40],"damage_taken":[{"damage":0,"enemies":"2 Louse","floor":1,"turns":3},{"damage":0,"enemies":"Small Slimes","floor":3,"turns":3},{"damage":8,"enemies":"Jaw Worm","floor":7,"turns":2},{"damage":1,"enemies":"3 Sentries","floor":14,"turns":5},{"damage":45,"enemies":"Fading Forest","floor":16,"turns":11},{"damage":7,"enemies":"2 Thieves","floor":18,"turns":3},{"damage":0,"enemies":"3 Byrds","floor":20,"turns":4},{"damage":6,"enemies":"Nightmare","floor":24,"turns":6},{"damage":0,"enemies":"Gremlin Leader","floor":29,"turns":4},{"damage":16,"enemies":"Slavers","floor":31,"turns":3},{"damage":15,"enemies":"hubris:MusketHawk","floor":33,"turns":5},{"damage":2,"enemies":"3 Darklings","floor":35,"turns":2},{"damage":0,"enemies":"Orb Walker","floor":37,"turns":2},{"damage":0,"enemies":"Writhing Mass","floor":38,"turns":3},{"damage":8,"enemies":"Nightmare","floor":40,"turns":5},{"damage":3,"enemies":"Transient","floor":44,"turns":5},{"damage":0,"enemies":"3 Darklings","floor":47,"turns":4},{"damage":0,"enemies":"4 Shapes","floor":48,"turns":3},{"damage":20,"enemies":"infinitespire:MassOfShapes","floor":50,"turns":6},{"damage":0,"enemies":"Cultist","floor":52,"turns":1},{"damage":0,"enemies":"2 Louse","floor":55,"turns":1},{"damage":0,"enemies":"Jaw Worm","floor":56,"turns":1},{"damage":0,"enemies":"Looter","floor":62,"turns":1},{"damage":0,"enemies":"Red Slaver","floor":63,"turns":2},{"damage":0,"enemies":"2 Fungi Beasts","floor":65,"turns":1},{"damage":0,"enemies":"Fading Forest","floor":67,"turns":4},{"damage":124,"enemies":"2 Thieves","floor":69,"turns":5},{"damage":0,"enemies":"3 Byrds","floor":70,"turns":1},{"damage":67,"enemies":"Cultist and Chosen","floor":72,"turns":3}],"seed_played":"-940079816472959780","potions_obtained":[{"floor":7,"key":"FearPotion"},{"floor":31,"key":"SkillPotion"},{"floor":35,"key":"Dexterity Potion"},{"floor":38,"key":"PowerPotion"}],"is_trial":false,"path_per_floor":["M","?","M","?","$","R","M","R","T","$","R","?","R","E","R_BF","B",null,"M","?","M","AVR","$","R","NM","?","T","R","$","E","$","E","R","B",null,"M","?","M","M","?","NM","$","R","T","M","$","$","M","M","R","B",null,"M","?","?","M","M","R","?","$","T","R","M","M","AVR","M","R","B",null,"M","M","$","M"],"character_chosen":"THE_SILENT","items_purchased":["Omamori","Lee\u0027s Waffle","ToxicTincture","Accuracy","Membership Card","Ninja Scroll","infinitespire:Magic Flask","infinitespire:CursedDice","Infinite Blades","LugNut","Singing Bowl","DollysMirror","Ice Cream","MerchantsRug","ReplayTheSpireMod:CursedCoin"],"campfire_rested":7,"item_purchase_floors":[5,5,5,5,10,10,10,22,28,28,28,30,41,45,46],"current_hp_per_floor":[70,70,70,63,77,77,69,69,69,69,77,77,77,76,76,47,77,70,70,70,70,70,77,71,71,71,77,77,79,79,65,81,68,83,83,83,83,85,83,79,79,87,87,84,84,84,86,88,91,71,91,91,93,93,95,97,97,88,88,88,97,99,101,101,103,103,103,103,62,64,64,0,0],"gold":2142,"neow_bonus":"RANDOM_COMMON_RELIC","is_daily":false,"chose_seed":false,"campfire_upgraded":12,"win_rate":0.0,"timestamp":1608055853,"path_taken":["M","?","M","?","$","R","M","R","T","$","R","?","R","E","R_BF","BOSS","M","?","M","AVR","?","R","NM","?","T","R","$","E","?","E","R","BOSS","M","?","M","M","?","NM","$","R","T","M","?","$","M","M","R","BOSS","M","?","?","M","?","R","?","$","T","R","M","M","AVR","M","R","BOSS","M","M","$","M"],"items_purchased_type":["Relic","Relic","Relic","Card","Relic","Relic","Relic","Relic","Card","Relic","Relic","Relic","Relic","Relic","Relic"],"build_version":"2020-12-13","purchased_purges":7,"victory":false,"max_hp_per_floor":[70,70,70,70,77,77,77,77,77,77,77,77,77,77,77,77,77,77,77,77,77,77,77,77,77,77,77,77,79,79,81,81,83,83,85,85,85,87,83,87,87,87,87,87,87,87,89,91,91,91,91,91,93,93,95,97,97,97,97,97,97,99,101,101,103,103,103,103,103,105,105,105,105],"card_choices":[{"not_picked":["Leg Sweep","Quick Slash"],"picked":"Slice","floor":1},{"not_picked":["ReplayTheSpireMod:Shiv Toss","Eviscerate"],"picked":"Dagger Spray","floor":3},{"not_picked":["Dodge and Roll","Dagger Throw"],"picked":"Crippling Poison","floor":7},{"not_picked":["Glass Knife","Dodge and Roll"],"picked":"Footwork","floor":14},{"not_picked":["Replay:Bag of Tricks","Die Die Die"],"picked":"After Image","floor":16},{"not_picked":["ReplayTheSpireMod:Speed Training","Backflip"],"picked":"Accuracy","floor":18},{"not_picked":["Replay:Poison Smokescreen","Dagger Spray+1"],"picked":"PiercingWail+1","floor":20},{"not_picked":["Backflip","Eviscerate"],"picked":"Noxious Fumes","floor":24},{"not_picked":["Burst","Distraction","Backstab+1"],"picked":"Singing Bowl","floor":29},{"not_picked":["Poison Darts","Cloak And Dagger","Leg Sweep+1"],"picked":"Singing Bowl","floor":31},{"not_picked":["Grand Finale+1","Die Die Die+1","ReplayTheSpireMod:Necrosis"],"picked":"Singing Bowl","floor":33},{"not_picked":["Dodge and Roll","Dash+1","Prepared"],"picked":"Singing Bowl","floor":35},{"not_picked":["Dodge and Roll+1","PiercingWail+1"],"picked":"Blade Dance","floor":37},{"not_picked":["Concentrate+1","hubris:Sniper","Replay:Poison Smokescreen"],"picked":"Singing Bowl","floor":38},{"not_picked":["infinitespire:DeathsTouch","infinitespire:Menacing","ReplayTheSpireMod:Black Plague"],"picked":"Singing Bowl","floor":40},{"not_picked":["Escape Plan","Sucker Punch+1","Dagger Spray+1"],"picked":"Singing Bowl","floor":40},{"not_picked":["Replay:Poison Smokescreen+1","hubris:SlightOfHand+1"],"picked":"Deflect+1","floor":44},{"not_picked":["Underhanded Strike+1","Dagger Spray+1","Prepared"],"picked":"Singing Bowl","floor":47},{"not_picked":["Poisoned Stab+1","Dagger Spray+1","ReplayTheSpireMod:Speed Training"],"picked":"Singing Bowl","floor":48},{"not_picked":["Atom Bomb+1","Glass Knife+1"],"picked":"Adrenaline","floor":50},{"not_picked":["Quick Slash+1","ReplayTheSpireMod:From All Sides+1"],"picked":"Catalyst","floor":52},{"not_picked":["Chrysalis","Crow Ritual","Impatience"],"picked":"Singing Bowl","floor":53},{"not_picked":["The Bomb","Swift Strike+1"],"picked":"Panacea","floor":53},{"not_picked":["Predator+1","Bane+1","Sucker Punch+1"],"picked":"Singing Bowl","floor":55},{"not_picked":["Hidden Blade","Deflect","Sucker Punch+1"],"picked":"Singing Bowl","floor":56},{"not_picked":["Flying Knee+1","Dagger Throw+1","Blade Dance"],"picked":"Singing Bowl","floor":62},{"not_picked":["Sucker Punch+1","hubris:SlightOfHand","Quick Slash+1"],"picked":"Singing Bowl","floor":63},{"not_picked":["Choke+1","Blade Dance","Poisoned Stab+1"],"picked":"Singing Bowl","floor":65},{"not_picked":["Malaise","Poison Darts"],"picked":"infinitespire:Neurotoxin","floor":67},{"not_picked":["Dagger Spray+1","Deflect+1","ShadowRift+1"],"picked":"SKIP","floor":69},{"not_picked":["Flying Knee+1","ReplayTheSpireMod:Exploit Weakness+1","Leg Sweep"],"picked":"Singing Bowl","floor":70}],"player_experience":1602571,"relics_obtained":[{"floor":9,"key":"Torii"},{"floor":14,"key":"Blue Doll"},{"floor":15,"key":"GiantMaggot"},{"floor":24,"key":"Rawhide"},{"floor":26,"key":"Molten Egg 2"},{"floor":29,"key":"infinitespire:CheckeredPen"},{"floor":31,"key":"hubris:SphereOfDissonance"},{"floor":40,"key":"Replay:Accelerometer"},{"floor":43,"key":"Snake Skull"},{"floor":60,"key":"Unceasing Top"}],"event_choices":[{"cards_removed":["Defend_G"],"damage_healed":0,"gold_gain":0,"player_choice":"Forget","damage_taken":0,"max_hp_gain":0,"max_hp_loss":0,"event_name":"Living Wall","floor":2,"gold_loss":0},{"cards_removed":["Strike_G"],"damage_healed":0,"gold_gain":0,"player_choice":"Card Removal","damage_taken":7,"max_hp_gain":0,"max_hp_loss":0,"event_name":"Golden Wing","floor":4,"gold_loss":0},{"damage_healed":0,"gold_gain":0,"player_choice":"Upgraded","damage_taken":0,"max_hp_gain":0,"max_hp_loss":0,"event_name":"Upgrade Shrine","floor":19,"gold_loss":0,"cards_upgraded":["Accuracy"]},{"damage_healed":0,"gold_gain":275,"player_choice":"Desecrate","damage_taken":0,"max_hp_gain":0,"max_hp_loss":0,"event_name":"Golden Shrine","floor":25,"gold_loss":0,"cards_obtained":["Regret"]},{"damage_healed":0,"gold_gain":0,"player_choice":"Ignored","damage_taken":0,"max_hp_gain":0,"max_hp_loss":0,"event_name":"Tomb of Lord Red Mask","floor":36,"gold_loss":0},{"damage_healed":0,"gold_gain":0,"player_choice":"Max HP","damage_taken":0,"max_hp_gain":0,"max_hp_loss":4,"event_name":"Winding Halls","floor":39,"gold_loss":0},{"damage_healed":0,"gold_gain":4,"player_choice":"1","damage_taken":0,"max_hp_gain":0,"max_hp_loss":0,"event_name":"betterStone:BetterStone","floor":53,"gold_loss":0},{"damage_healed":0,"gold_gain":0,"player_choice":"Got Potions","damage_taken":0,"max_hp_gain":0,"max_hp_loss":0,"event_name":"Lab","floor":54,"gold_loss":0},{"damage_healed":0,"gold_gain":75,"player_choice":"Gold","damage_taken":11,"max_hp_gain":0,"max_hp_loss":0,"event_name":"betterThird:BetterGoop","floor":58,"gold_loss":0}],"is_beta":false,"boss_relics":[{"not_picked":["Snecko Eye","hubris:RunicObelisk","Kintsugi"]},{"not_picked":["Astrolabe","Sandwich"],"picked":"Replay:Wanted Poster"},{"not_picked":["hubris:Backtick","Pandora\u0027s Box"],"picked":"Sozu"},{"not_picked":["HoveringKite","infinitespire:Cupcake"],"picked":"Runic Dome"}],"items_purged_floors":[5,5,21,22,28,41,64],"is_endless":true,"potions_floor_spawned":[7,31,35,37,38,55,56,63,67,70],"killed_by":"Cultist and Chosen","ascension_level":0}}