{"host":"eemx8njkng76fu5x","time":1608038908,"event":{"mods":["2.2 Compatiblity","BaseMod","Downfall","Minty Spire (QoL Compilation)","Permanent Neow","StSLib","Unceasing Turn Reminder","Unknown Chances"],"gold_per_floor":[99,109,128,162,162,173,173,98,118,148,160,179,192,192,203,306,306,306,333,352,352,364,364,437,463,388,404,404,314,324,324,340,436,436,436,452,466,479,804,827,853,778,788,818,877,599,617,457,467,467,467,498,275,275,275],"floor_reached":56,"playtime":4687,"items_purged":["champ:Strike+1","champ:Defend","champ:Execute+1","Secret Weapon+1"],"score":1613,"play_id":"0855d6f6-6132-449f-ad66-1f02c330a7b3","local_time":"20201215212828","is_ascension_mode":false,"campfire_choices":[{"data":"champ:Execute","floor":1,"key":"SMITH"},{"floor":5,"key":"RECALL"},{"data":"champ:Taunt","floor":8,"key":"SMITH"},{"data":"champ:PreciseThrust","floor":18,"key":"SMITH"},{"data":"champ:FlashCut","floor":21,"key":"SMITH"},{"data":"champ:Defend","floor":26,"key":"SMITH"},{"data":"champ:HeavySlash","floor":35,"key":"SMITH"},{"data":"champ:Defend","floor":42,"key":"SMITH"},{"data":"champ:IronFortress","floor":54,"key":"SMITH"}],"circlet_count":0,"master_deck":["champ:Defend+1","champ:Defend+1","champ:Taunt+1","champ:FlashCut+1","champ:BringItOn+1","champ:DefensiveShout+1","champ:BringItOn+1","champ:PreciseThrust+1","champ:GladiatorsShout+1","champ:StanceDance+1","champ:CrownThrow+1","champ:HoldFirm+1","champ:SkillfulDodge+1","champ:CalledShot+1","champ:ShieldThrow+1","champ:StanceDance+1","champ:Circumvent+1","champ:BringItOn+1","champ:HeavySlash+1","champ:SwordSigil+1","champ:ShieldSigil+1","champ:Circumvent+1","expansioncontent:SuperHexaguard+1","champ:StanceDance+1","champ:BringItOn+1","champ:IronFortress+1"],"relics":["Black Star","Toxic Egg 2","Sundial","Matryoshka","downfall:HeartBlessingRed","Bag of Preparation","Dream Catcher","Astrolabe","Ice Cream","Whetstone","Ancient Tea Set","Tiny Chest","Pantograph","Oddly Smooth Stone","Bag of Marbles","downfall:HeartBlessingGreen","Runic Dome","Old Coin","hexamod:BolsterEngine","Orichalcum","Happy Flower","downfall:HeartBlessingBlue","White Beast Statue","Question Card","Frozen Eye","Membership Card","HandDrill","Letter Opener","Bottled Flame","Anchor","Pen Nib"],"acts_visited":["Exordium","TheCity","TheBeyond","TheEnding"],"potions_floor_usage":[10,47,55],"damage_taken":[{"damage":0,"enemies":"Small Slimes","floor":2,"turns":4},{"damage":6,"enemies":"2 Louse","floor":3,"turns":4},{"damage":51,"enemies":"Lagavulin","floor":4,"turns":9},{"damage":0,"enemies":"Cultist","floor":6,"turns":5},{"damage":5,"enemies":"2 Fungi Beasts","floor":9,"turns":3},{"damage":13,"enemies":"3 Sentries","floor":10,"turns":4},{"damage":10,"enemies":"Lots of Slimes","floor":11,"turns":3},{"damage":6,"enemies":"Red Slaver","floor":12,"turns":3},{"damage":9,"enemies":"Large Slime","floor":13,"turns":5},{"damage":10,"enemies":"Gremlin Gang","floor":15,"turns":5},{"damage":5,"enemies":"downfall:Watcher","floor":16,"turns":8},{"damage":33,"enemies":"Gremlin Leader","floor":19,"turns":11},{"damage":0,"enemies":"Chosen","floor":20,"turns":2},{"damage":12,"enemies":"Shelled Parasite and Fungi","floor":22,"turns":4},{"damage":14,"enemies":"Slavers","floor":25,"turns":6},{"damage":0,"enemies":"Centurion and Healer","floor":27,"turns":6},{"damage":0,"enemies":"downfall:FleeingMerchant","floor":29,"turns":4},{"damage":0,"enemies":"3 Cultists","floor":30,"turns":4},{"damage":0,"enemies":"Sentry and Sphere","floor":32,"turns":5},{"damage":0,"enemies":"downfall:Defect","floor":33,"turns":7},{"damage":0,"enemies":"3 Shapes","floor":36,"turns":2},{"damage":7,"enemies":"3 Darklings","floor":37,"turns":5},{"damage":0,"enemies":"4 Shapes","floor":38,"turns":5},{"damage":0,"enemies":"Reptomancer","floor":39,"turns":3},{"damage":5,"enemies":"Jaw Worm Horde","floor":43,"turns":4},{"damage":0,"enemies":"Nemesis","floor":44,"turns":3},{"damage":0,"enemies":"downfall:FleeingMerchant","floor":45,"turns":3},{"damage":0,"enemies":"Maw","floor":47,"turns":5},{"damage":0,"enemies":"Spire Growth","floor":49,"turns":1},{"damage":0,"enemies":"downfall:Ironclad","floor":50,"turns":4},{"damage":0,"enemies":"downfall:CharBossMerchant","floor":52,"turns":6},{"damage":0,"enemies":"downfall:NeowBoss","floor":55,"turns":15}],"seed_played":"209488837866018385","potions_obtained":[{"floor":3,"key":"Explosive Potion"},{"floor":10,"key":"sneckomod:MuddlingPotion"},{"floor":12,"key":"champ:CounterPotion"},{"floor":13,"key":"Ancient Potion"},{"floor":16,"key":"champ:TechniquePotion"},{"floor":27,"key":"PowerPotion"},{"floor":45,"key":"Fruit Juice"},{"floor":47,"key":"Energy Potion"},{"floor":52,"key":"champ:UltimateStancePotion"}],"is_trial":false,"path_per_floor":["R","M","M","E","R","M","T","R","M","E","M","M","M","?","M","B",null,"R","E","M","R","M","?","T","E","R","M","?","$","M","?","M","B",null,"R","M","M","M","E","T","T","R","M","E","$","$","M","$","M","B",null,"E","$","R","B",null],"character_chosen":"THE_CHAMP","items_purchased":["Frozen Eye","Membership Card","champ:Circumvent+1","expansioncontent:SuperHexaguard+1","HandDrill","Secret Weapon+1","Anchor","Pen Nib"],"campfire_rested":0,"item_purchase_floors":[45,46,46,46,48,48,53,53],"current_hp_per_floor":[90,90,84,48,48,48,48,48,48,45,35,34,30,30,30,30,90,90,67,67,67,55,55,55,41,41,41,36,36,36,36,36,61,90,90,90,83,83,83,83,83,93,93,93,93,93,98,98,98,105,105,105,105,105,105],"gold":275,"neow_bonus":"BOSS_RELIC","is_daily":false,"chose_seed":false,"campfire_upgraded":8,"win_rate":0.0,"timestamp":1608038908,"path_taken":["R","M","M","E","R","M","T","R","M","E","M","M","M","?","M","BOSS","R","E","M","R","M","?","T","E","R","M","?","$","?","?","M","BOSS","R","M","M","M","E","?","T","R","?","E","?","$","M","$","M","BOSS","E","$","R","BOSS"],"items_purchased_type":["Relic","Relic","Card","Card","Relic","Card","Relic","Relic"],"build_version":"2020-12-13","purchased_purges":4,"victory":true,"max_hp_per_floor":[90,90,90,90,90,90,90,90,90,90,90,90,90,90,90,90,90,90,90,90,90,90,90,90,90,90,90,90,90,90,90,90,90,90,90,90,90,90,90,90,90,100,100,100,100,100,105,105,105,105,105,105,105,105,105],"card_choices":[{"not_picked":["champ:BladeFlurry","champ:Backstep"],"picked":"champ:FlashCut","floor":2},{"not_picked":["champ:EndlessRage","champ:FocusedGladiator","champ:ShieldWall"],"picked":"SKIP","floor":3},{"not_picked":["champ:ShieldSigil+1","champ:GladiatorsShout+1"],"picked":"champ:BringItOn+1","floor":4},{"not_picked":["champ:AdrenalArmor+1","champ:CalledShot","champ:SkillfulDodge+1"],"picked":"SKIP","floor":6},{"not_picked":["champ:GladiatorsShout+1","champ:StanceDance+1"],"picked":"champ:DefensiveShout+1","floor":9},{"not_picked":["champ:ArenaPreparation+1","champ:FocusedDefense+1"],"picked":"champ:BringItOn+1","floor":10},{"not_picked":["champ:TornadoPunch","champ:RapidStrikes"],"picked":"champ:PreciseThrust","floor":11},{"not_picked":["champ:CalledShot","champ:Backstep+1"],"picked":"champ:GladiatorsShout+1","floor":12},{"not_picked":["champ:Backstep+1","champ:BladeFlurry"],"picked":"champ:StanceDance+1","floor":13},{"not_picked":["champ:CrookedStrike","champ:FightOn"],"picked":"champ:CrownThrow","floor":15},{"not_picked":["champ:Devastate","champ:MurderStrike"],"picked":"champ:HoldFirm+1","floor":16},{"not_picked":["champ:ShieldSigil+1","champ:DefensiveShout+1"],"picked":"champ:StanceDance+1","floor":19},{"not_picked":["champ:RecklessLeap","champ:FlashCut","champ:ShieldSigil+1"],"picked":"SKIP","floor":20},{"not_picked":["champ:BerserkerStyle","champ:RecklessLeap+1","champ:AdrenalArmor+1"],"picked":"SKIP","floor":22},{"not_picked":["champ:GladiatorStyle","champ:EnragedBash","champ:BerserkerStyle"],"picked":"SKIP","floor":25},{"not_picked":["champ:FanOfKnives","champ:PreciseThrust","champ:ViciousMockery+1"],"picked":"SKIP","floor":27},{"not_picked":["champ:GladiatorsShout+1","champ:FlashCut+1"],"picked":"champ:Circumvent+1","floor":29},{"not_picked":["champ:BladeFlurry+1","champ:Shatter","champ:Duel"],"picked":"SKIP","floor":30},{"not_picked":["champ:EnchantSword+1","champ:EndlessRage"],"picked":"champ:BringItOn+1","floor":32},{"not_picked":["champ:PerfectForm","champ:MurderStrike"],"picked":"champ:HeavySlash","floor":33},{"not_picked":["champ:Encircle","champ:ShieldWall"],"picked":"champ:SwordSigil+1","floor":36},{"not_picked":["champ:Encircle+1","champ:AdrenalArmor+1","champ:TornadoPunch"],"picked":"SKIP","floor":37},{"not_picked":["champ:BerserkersShout+1","champ:RisingSlash"],"picked":"champ:ShieldSigil+1","floor":38},{"not_picked":["champ:Haymaker","champ:FocusedBerserking+1","champ:Control+1"],"picked":"SKIP","floor":39},{"not_picked":["champ:RageSigil+1","champ:ArenaPreparation+1","champ:GladiatorStyle+1"],"picked":"SKIP","floor":43},{"not_picked":["champ:Devastate","champ:PreciseThrust","champ:AdrenalArmor+1"],"picked":"SKIP","floor":44},{"not_picked":["champ:FanOfKnives","champ:GutPunch","champ:Shatter","champ:BerserkersShout+1"],"picked":"SKIP","floor":45},{"not_picked":["champ:TornadoPunch","champ:FocusedGladiator+1","champ:Riposte+1"],"picked":"champ:StanceDance+1","floor":47},{"not_picked":["champ:Haymaker","champ:ViciousMockery+1","champ:CrookedStrike+1"],"picked":"champ:BringItOn+1","floor":49},{"not_picked":["champ:LastStand","champ:FocusedGladiator+1","champ:ShieldSigil+1"],"picked":"champ:IronFortress","floor":52}],"player_experience":354271,"relics_obtained":[{"floor":4,"key":"Toxic Egg 2"},{"floor":4,"key":"Sundial"},{"floor":7,"key":"Matryoshka"},{"floor":10,"key":"Bag of Preparation"},{"floor":10,"key":"Dream Catcher"},{"floor":19,"key":"Ice Cream"},{"floor":19,"key":"Whetstone"},{"floor":24,"key":"Tiny Chest"},{"floor":24,"key":"Pantograph"},{"floor":25,"key":"Oddly Smooth Stone"},{"floor":25,"key":"Bag of Marbles"},{"floor":39,"key":"Old Coin"},{"floor":39,"key":"hexamod:BolsterEngine"},{"floor":40,"key":"Orichalcum"},{"floor":41,"key":"Happy Flower"},{"floor":44,"key":"White Beast Statue"},{"floor":44,"key":"Question Card"},{"floor":52,"key":"Letter Opener"},{"floor":52,"key":"Bottled Flame"}],"event_choices":[{"cards_removed":["champ:Strike"],"damage_healed":0,"gold_gain":0,"player_choice":"Card Removal","damage_taken":0,"max_hp_gain":0,"max_hp_loss":0,"event_name":"The Cleric","floor":14,"gold_loss":0},{"damage_healed":0,"gold_gain":0,"player_choice":"Ignored","damage_taken":0,"max_hp_gain":0,"max_hp_loss":0,"event_name":"Ghosts","floor":31,"gold_loss":0}],"is_beta":false,"boss_relics":[{"not_picked":["SacredBark","Snecko Eye"],"picked":"Astrolabe"},{"not_picked":["Runic Pyramid","champ:ChampionCrownUpgraded"],"picked":"Runic Dome"}],"items_purged_floors":[29,45,46,53],"is_endless":false,"potions_floor_spawned":[3,10,12,13,16,27,32,33,37,39,45,47,49,52],"ascension_level":0}}