{"host":"8rgizj6m5sl53afx","time":1608027451,"event":{"mods":["AchievementEnabler","BaseMod","Colored Map","Minty Spire (QoL Compilation)","Permanent Neow","Relic Stats","Slay-I","StSLib","SuperFastMode"],"gold_per_floor":[112,130,130,130,145,145,174,189,189,204,224,224,224,240,240,363,363,382,382,402,466,615,615,633,683,751,751,751],"floor_reached":27,"playtime":590,"items_purged":[],"score":269,"play_id":"d1c4e5a1-1bc3-4cc5-a650-a872df5fd6ed","local_time":"20201215191731","is_ascension_mode":true,"campfire_choices":[{"data":"Dualcast","floor":6.0,"key":"SMITH"},{"data":"Chaos","floor":12,"key":"SMITH"},{"floor":15,"key":"REST"},{"floor":23,"key":"REST"}],"circlet_count":0,"master_deck":["Strike_B","Strike_B","Strike_B","Strike_B","Defend_B","Defend_B","Defend_B","Defend_B","Zap","Dualcast+1","Chill+1","Cold Snap","Doom and Gloom","Beam Cell","Chaos+1","Reboot","Rebound","Streamline+1","Ball Lightning+1"],"relics":["Cracked Core","TungstenRod","CaptainsWheel","Golden Idol","Odd Mushroom","Letter Opener","Sozu","SsserpentHead","HornCleat"],"acts_visited":["Exordium","TheCity"],"potions_floor_usage":[16,27],"damage_taken":[{"damage":4.0,"enemies":"2 Louse","floor":1.0,"turns":4.0},{"damage":0.0,"enemies":"Small Slimes","floor":2.0,"turns":3.0},{"damage":0.0,"enemies":"Jaw Worm","floor":5.0,"turns":3.0},{"damage":16,"enemies":"The Mushroom Lair","floor":7,"turns":7},{"damage":10,"enemies":"3 Louse","floor":8,"turns":2},{"damage":2,"enemies":"Gremlin Gang","floor":10,"turns":2},{"damage":6,"enemies":"Exordium Wildlife","floor":11,"turns":2},{"damage":5,"enemies":"Blue Slaver","floor":14,"turns":2},{"damage":28,"enemies":"Hexaghost","floor":16,"turns":11},{"damage":8,"enemies":"3 Byrds","floor":18,"turns":5},{"damage":8,"enemies":"2 Thieves","floor":20,"turns":3},{"damage":4,"enemies":"Shelled Parasite and Fungi","floor":21,"turns":4},{"damage":31,"enemies":"Centurion and Healer","floor":24,"turns":7},{"damage":34,"enemies":"Gremlin Leader","floor":27,"turns":5}],"seed_played":"-633791409155478440","potions_obtained":[{"floor":2.0,"key":"Dexterity Potion"},{"floor":7,"key":"SteroidPotion"},{"floor":16,"key":"Strength Potion"}],"is_trial":false,"path_per_floor":["M","M","?","?","M","R","?","M","T","M","M","R","?","M","R","B",null,"M","?","M","M","?","R","M","?","T","E"],"character_chosen":"DEFECT","items_purchased":[],"campfire_rested":2,"item_purchase_floors":[],"current_hp_per_floor":[64,64,62,62,62,62,46,36,36,34,28,28,28,23,43,15,55,47,47,39,35,35,55,24,24,24,0,0],"gold":751,"neow_bonus":"ONE_RARE_RELIC","is_daily":false,"chose_seed":false,"campfire_upgraded":2,"win_rate":0.0,"timestamp":1608027451,"path_taken":["M","M","?","?","?","R","?","M","T","M","M","R","?","?","R","BOSS","M","?","M","?","?","R","M","?","T","E"],"items_purchased_type":[],"build_version":"2020-12-13","purchased_purges":0,"victory":false,"max_hp_per_floor":[68,68,68,68,68,68,68,68,68,68,68,68,68,68,68,68,68,68,68,68,68,68,68,68,68,68,68,68],"relic_stats":{"Sozu":2,"SsserpentHead":150,"counters":[14,60],"Golden Idol":62,"Letter Opener":[97],"obtain_stats":[{"Sozu":17,"SsserpentHead":19,"CaptainsWheel":3,"HornCleat":26,"Golden Idol":4,"Letter Opener":9,"Odd Mushroom":7,"Cracked Core":0,"TungstenRod":0},{"Sozu":9,"SsserpentHead":10,"CaptainsWheel":2,"HornCleat":13,"Golden Idol":2,"Letter Opener":5,"Odd Mushroom":4,"Cracked Core":0,"TungstenRod":0},{"Sozu":36,"SsserpentHead":41,"CaptainsWheel":7,"HornCleat":55,"Golden Idol":7,"Letter Opener":19,"Odd Mushroom":17,"Cracked Core":0,"TungstenRod":0}],"TungstenRod":39},"card_choices":[{"not_picked":["Redo","Cold Snap"],"picked":"Chill","floor":1.0},{"not_picked":["Beam Cell","Steam"],"picked":"Cold Snap","floor":2.0},{"not_picked":["Skim","Fusion","Hello World"],"picked":"SKIP","floor":5.0},{"not_picked":["White Noise","Turbo"],"picked":"Doom and Gloom","floor":7},{"not_picked":["Reinforced Body","Static Discharge","Aggregate"],"picked":"SKIP","floor":8},{"not_picked":["Sweeping Beam","Stack"],"picked":"Beam Cell","floor":10},{"not_picked":["BootSequence","Compile Driver"],"picked":"Chaos","floor":11},{"not_picked":["Hello World","Hyperbeam","Blizzard"],"picked":"SKIP","floor":14},{"not_picked":["Thunder Strike","Meteor Strike"],"picked":"Reboot","floor":16},{"not_picked":["Steam+1","Recycle"],"picked":"Rebound","floor":18},{"not_picked":["Rip and Tear","Hologram"],"picked":"Streamline+1","floor":20},{"not_picked":["Sweeping Beam+1","Rebound","Leap"],"picked":"SKIP","floor":21},{"not_picked":["Stack","Hello World+1"],"picked":"Ball Lightning+1","floor":24}],"player_experience":229566,"relics_obtained":[{"floor":7,"key":"Odd Mushroom"},{"floor":9,"key":"Letter Opener"},{"floor":26,"key":"HornCleat"}],"event_choices":[{"damage_healed":0.0,"max_hp_gain":0.0,"max_hp_loss":0.0,"gold_gain":0.0,"event_name":"Scrap Ooze","player_choice":"Success","floor":3.0,"gold_loss":0.0,"damage_taken":3.0,"relics_obtained":["CaptainsWheel"]},{"damage_healed":0.0,"max_hp_gain":0.0,"max_hp_loss":0.0,"gold_gain":0.0,"event_name":"Golden Idol","player_choice":"Take Wound","floor":4.0,"gold_loss":0.0,"damage_taken":0.0,"relics_obtained":["Golden Idol"],"cards_obtained":["Injury"]},{"damage_healed":0,"gold_gain":0,"player_choice":"Fought Mushrooms","damage_taken":0,"max_hp_gain":0,"max_hp_loss":0,"event_name":"Mushrooms","floor":7,"gold_loss":0},{"damage_healed":0,"gold_gain":0,"player_choice":"Forge","damage_taken":0,"max_hp_gain":0,"max_hp_loss":0,"event_name":"Accursed Blacksmith","floor":13,"gold_loss":0,"cards_upgraded":["Chill"]},{"damage_healed":0,"gold_gain":0,"player_choice":"Trade","damage_taken":0,"relics_obtained":["SsserpentHead"],"max_hp_gain":0,"max_hp_loss":0,"event_name":"FaceTrader","floor":19,"gold_loss":0},{"damage_healed":0,"gold_gain":99,"player_choice":"Stole From Cult","damage_taken":0,"max_hp_gain":0,"max_hp_loss":0,"event_name":"Nest","floor":22,"gold_loss":0},{"cards_removed":["Injury"],"damage_healed":0,"gold_gain":0,"player_choice":"Elegance","damage_taken":0,"max_hp_gain":0,"max_hp_loss":0,"event_name":"Back to Basics","floor":25,"gold_loss":0}],"is_beta":false,"boss_relics":[{"not_picked":["Black Star","Philosopher\u0027s Stone"],"picked":"Sozu"}],"items_purged_floors":[],"is_endless":false,"potions_floor_spawned":[2,7,16,18,20],"killed_by":"Gremlin Leader","ascension_level":6}}