{"host":"eqn7luyqlbzuqhgd","time":1608049222,"event":{"mods":["2.2 Compatiblity","Act Like it!","BaseMod","CapriCore","Friendly Minions","Gensokyo","Hermit","Koishi","KomeijiMod","Marisa£¨Ùöéë¡¡Øª×âÞÞ£©","Minty Spire (QoL Compilation)","Reimu£¨ÚÏ???£©","StSLib","The Cursed","The Dragon Tamer","The Gatherer","The Immortal","The Poker Player"],"gold_per_floor":[110,129,139,153,153,185,185,211,289,289,319,319,334,347,347,444,444,425,425,439,449,460,460,485,485,485,496,496,92,108,0,0,104,104,121,121,131,144,158,158,187,87,142,142,154,29,44,62,62,62,62,62,14,45,45],"floor_reached":56,"playtime":4536,"items_purged":["DTMod:Feint","DTMod:MaximumCharge","Confused"],"score":1303,"play_id":"9be92d47-877f-45a8-b700-6ac7d5b6648a","local_time":"20201216012022","is_ascension_mode":false,"metric_token":1183,"campfire_choices":[{"data":"DTMod:CleansingStrike","floor":7.0,"key":"SMITH"},{"data":"DTMod:SwitchingTactic","floor":12.0,"key":"SMITH"},{"data":"DTMod:Astonish","floor":15.0,"key":"SMITH"},{"data":"DTMod:BurningEnergy","floor":23.0,"key":"SMITH"},{"data":"DTMod:BurningForce","floor":28.0,"key":"SMITH"},{"data":"DTMod:BlazingStrike","floor":32.0,"key":"SMITH"},{"data":"DTMod:Cover","floor":40,"key":"SMITH"},{"floor":49,"key":"RECALL"},{"data":"DTMod:ComboAttack","floor":52,"key":"SMITH"}],"dtmod_dragon_data":[32,50,2,1,12,10],"circlet_count":0,"master_deck":["DTMod:SwitchingTactic+1","DTMod:BlazingStrike+1","DTMod:CleansingStrike+1","DTMod:BurningEnergy+1","DTMod:Cover+1","DTMod:Astonish+1","DTMod:InvisibleFlame+1","DTMod:BurningForce+1","DTMod:Cover+1","DTMod:GearUp+1","DTMod:ResonanceForm+1","DTMod:Coolant+1","DTMod:ExcessFootwork+1","DTMod:Multitask+1","DTMod:MasterPlan+1","DTMod:Cover+1","DTMod:DragonDance+1","DTMod:ComboAttack+1","DTMod:BurningEnergy+1","DTMod:GhostSkin+1","DTMod:ForkedFire+1","DTMod:Weaken+1","Master of Strategy+1","DTMod:HeatWave+1","Well Laid Plans+1","DTMod:Shift+1","DTMod:SneakAttack","DTMod:Training+1","DTMod:BurningEnergy+1","DTMod:CrossStep+1","DTMod:Shift+1"],"relics":["DTMod:PactStone","NeowsBlessing","Lizard Tail","Mango","Frozen Egg 2","Toy Ornithopter","Toxic Egg 2","Pandora\u0027s Box","Red Mask","TentaclePot:ReiMu","SlaversCollar","Bag of Preparation","PreservedInsect","Turnip"],"acts_visited":["Exordium","TheCity","TheBeyond","TheEnding"],"potions_floor_usage":[39,48,50],"damage_taken":[{"damage":0.0,"enemies":"Cultist","floor":1.0,"turns":1.0},{"damage":0.0,"enemies":"Small Slimes","floor":2.0,"turns":1.0},{"damage":0.0,"enemies":"Jaw Worm","floor":3.0,"turns":1.0},{"damage":0.0,"enemies":"Exordium Wildlife","floor":4.0,"turns":3.0},{"damage":3.0,"enemies":"Gremlin Nob","floor":6.0,"turns":4.0},{"damage":26.0,"enemies":"Lagavulin","floor":8.0,"turns":7.0},{"damage":5.0,"enemies":"Gremlin Nob","floor":11.0,"turns":4.0},{"damage":0.0,"enemies":"Looter","floor":13.0,"turns":2.0},{"damage":0.0,"enemies":"Large Slime","floor":14.0,"turns":3.0},{"damage":16.0,"enemies":"The Guardian","floor":16.0,"turns":9.0},{"damage":4.0,"enemies":"2 Thieves","floor":18.0,"turns":4.0},{"damage":0.0,"enemies":"3 Byrds","floor":20.0,"turns":5.0},{"damage":22.0,"enemies":"Cultist and Chosen","floor":21.0,"turns":7.0},{"damage":0.0,"enemies":"Snecko","floor":22.0,"turns":4.0},{"damage":0.0,"enemies":"Masked Bandits","floor":24.0,"turns":4.0},{"damage":0.0,"enemies":"Shelled Parasite and Fungi","floor":27.0,"turns":5.0},{"damage":0.0,"enemies":"Sentry and Sphere","floor":30.0,"turns":4.0},{"damage":1,"enemies":"Champ","floor":33,"turns":7},{"damage":0,"enemies":"3 Darklings","floor":35,"turns":2},{"damage":0,"enemies":"3 Shapes","floor":37,"turns":3},{"damage":0,"enemies":"Sphere and 2 Shapes","floor":38,"turns":4},{"damage":0,"enemies":"Writhing Mass","floor":39,"turns":5},{"damage":0,"enemies":"Giant Head","floor":41,"turns":3},{"damage":0,"enemies":"3 Darklings","floor":45,"turns":1},{"damage":0,"enemies":"Transient","floor":47,"turns":4},{"damage":0,"enemies":"Jaw Worm Horde","floor":48,"turns":2},{"damage":0,"enemies":"Time Eater","floor":50,"turns":7},{"damage":0,"enemies":"Shield and Spear","floor":54,"turns":2},{"damage":21,"enemies":"The Heart","floor":55,"turns":7}],"seed_played":"-8300982698545503695","potions_obtained":[{"floor":2.0,"key":"SteroidPotion"},{"floor":6.0,"key":"LiquidBronze"},{"floor":11.0,"key":"LiquidBronze"},{"floor":14.0,"key":"Block Potion"},{"floor":16.0,"key":"Ancient Potion"},{"floor":20.0,"key":"Regen Potion"},{"floor":22.0,"key":"SkillPotion"},{"floor":27.0,"key":"SkillPotion"},{"floor":33,"key":"SkillPotion"},{"floor":37,"key":"RedTea"},{"floor":41,"key":"PowerPotion"}],"is_trial":false,"path_per_floor":["M","M","M","M","?","E","R","E","T","?","E","R","M","M","R","B",null,"M","?","M","M","M","R","?","?","T","M","R","$","M","?","R","B",null,"M","?","M","M","M","R","E","$","T","?","M","$","M","M","R","B",null,"R","$","E","B",null],"character_chosen":"THE_DT","items_purchased":["Master of Strategy+1","TentaclePot:ReiMu","Energy Potion"],"campfire_rested":0,"item_purchase_floors":[29,29,53],"current_hp_per_floor":[45,45,45,45,50,47,47,35,35,32,32,32,32,32,32,16,64,60,60,64,47,47,47,52,41,41,41,41,41,41,41,41,40,69,69,69,69,69,69,69,69,69,69,69,69,69,69,69,69,69,69,69,69,69,48],"gold":45,"neow_bonus":"THREE_ENEMY_KILL","is_daily":false,"chose_seed":false,"campfire_upgraded":8,"win_rate":0.0,"timestamp":1608049222,"path_taken":["M","?","M","M","?","E","R","E","T","?","E","R","M","M","R","BOSS","M","?","M","M","M","R","?","?","T","?","R","$","M","?","R","BOSS","M","?","M","M","M","R","E","?","T","?","M","$","M","M","R","BOSS","R","$","E","BOSS"],"items_purchased_type":["Card","Relic","Potion"],"build_version":"2020-12-13","purchased_purges":3,"victory":true,"max_hp_per_floor":[45,45,45,45,50,50,50,64,64,64,64,64,64,64,64,64,64,64,64,64,64,64,64,64,69,69,69,69,69,69,69,69,69,69,69,69,69,69,69,69,69,69,69,69,69,69,69,69,69,69,69,69,69,69,69],"card_choices":[{"not_picked":["DTMod:Training","DTMod:BurningForce"],"picked":"DTMod:BlazingStrike","floor":1.0},{"not_picked":["DTMod:DragonDance","DTMod:FlameSlash"],"picked":"DTMod:Threaten","floor":2.0},{"not_picked":["DTMod:BuildUp","DTMod:WarmUp"],"picked":"DTMod:CleansingStrike","floor":3.0},{"not_picked":["DTMod:MagicField","DTMod:Adaptation"],"picked":"DTMod:BurningEnergy","floor":4.0},{"not_picked":["DTMod:BizarreTactic","DTMod:BreakAttack"],"picked":"DTMod:Cover","floor":6.0},{"not_picked":["DTMod:LowKick","DTMod:ShieldDrain"],"picked":"DTMod:Astonish","floor":8.0},{"not_picked":["DTMod:Observe+1","DTMod:BizarreTactic+1"],"picked":"DTMod:InvisibleFlame+1","floor":11.0},{"not_picked":["DTMod:StunTrap+1","DTMod:FlameSlash"],"picked":"DTMod:BurningForce","floor":13.0},{"not_picked":["DTMod:MagicField+1","DTMod:Threaten+1"],"picked":"DTMod:Cover+1","floor":14.0},{"not_picked":["DTMod:RepeatStrike","DTMod:TriAttack"],"picked":"DTMod:GearUp+1","floor":16.0},{"not_picked":["DTMod:Training+1","DTMod:MagicField+1"],"picked":"DTMod:Cover+1","floor":18.0},{"not_picked":["DTMod:DeepFocus+1","DTMod:BurningForce+1"],"picked":"DTMod:BurningEnergy+1","floor":20.0},{"not_picked":["DTMod:Threaten+1","DTMod:Hide+1","DTMod:MasterPlan+1"],"picked":"SKIP","floor":21.0},{"not_picked":["DTMod:CleansingStrike","DTMod:BurningEnergy+1"],"picked":"DTMod:GhostSkin+1","floor":22.0},{"not_picked":["DTMod:BizarreTactic+1","DTMod:TagTeam+1"],"picked":"DTMod:ForkedFire+1","floor":24.0},{"not_picked":["DTMod:Punisher","DTMod:QuickFly"],"picked":"DTMod:Weaken+1","floor":27.0},{"not_picked":["DTMod:BreakAttack","DTMod:MagicField+1"],"picked":"DTMod:HeatWave+1","floor":30.0},{"not_picked":["DTMod:Threaten+1","DTMod:BuildUp","DTMod:Hide+1"],"picked":"SKIP","floor":35},{"not_picked":["DTMod:Observe+1","DTMod:MagiciansMark"],"picked":"DTMod:Shift+1","floor":37},{"not_picked":["DTMod:CalculatedDefense+1","DTMod:MasterPlan+1"],"picked":"DTMod:SneakAttack","floor":38},{"not_picked":["DTMod:QuickFly","DTMod:Dissolve+1"],"picked":"DTMod:Training+1","floor":39},{"not_picked":["DTMod:SneakAttack+1","DTMod:QuickFly","DTMod:GearUp+1"],"picked":"SKIP","floor":41},{"not_picked":["DTMod:Cover+1","DTMod:Astonish+1"],"picked":"DTMod:BurningEnergy+1","floor":45},{"not_picked":["DTMod:BlazingStrike+1","DTMod:MagiciansMark"],"picked":"DTMod:CrossStep+1","floor":47},{"not_picked":["DTMod:Threaten+1","DTMod:BreakAttack","DTMod:QuickFly+1"],"picked":"SKIP","floor":48},{"not_picked":["DTMod:Cover+1","DTMod:DeepFocus+1"],"picked":"DTMod:Shift+1","floor":54}],"player_experience":761533,"relics_obtained":[{"floor":6.0,"key":"Lizard Tail"},{"floor":8.0,"key":"Mango"},{"floor":9.0,"key":"Frozen Egg 2"},{"floor":11.0,"key":"Toxic Egg 2"},{"floor":24.0,"key":"Red Mask"},{"floor":41,"key":"Bag of Preparation"},{"floor":43,"key":"PreservedInsect"},{"floor":54,"key":"Turnip"}],"event_choices":[{"damage_healed":0.0,"max_hp_gain":5.0,"max_hp_loss":0.0,"gold_gain":0.0,"event_name":"Big Fish","player_choice":"Donut","floor":5.0,"gold_loss":0.0,"damage_taken":0.0},{"damage_healed":0.0,"max_hp_gain":0.0,"max_hp_loss":0.0,"gold_gain":0.0,"event_name":"Scrap Ooze","player_choice":"Success","floor":10.0,"gold_loss":0.0,"damage_taken":3.0,"relics_obtained":["Toy Ornithopter"]},{"damage_healed":0.0,"max_hp_gain":0.0,"max_hp_loss":0.0,"gold_gain":0.0,"cards_transformed":["DTMod:Threaten","DTMod:DoubleHit"],"event_name":"Drug Dealer","player_choice":"Became Test Subject","floor":19.0,"gold_loss":0.0,"damage_taken":0.0,"cards_obtained":["DTMod:DragonDance","DTMod:ComboAttack"]},{"damage_healed":0.0,"max_hp_gain":0.0,"max_hp_loss":0.0,"gold_gain":0.0,"event_name":"Masked Bandits","player_choice":"Fought Bandits","floor":24.0,"gold_loss":0.0,"damage_taken":0.0},{"damage_healed":0.0,"max_hp_gain":5.0,"max_hp_loss":0.0,"gold_gain":0.0,"event_name":"Forgotten Altar","player_choice":"Shed Blood","floor":25.0,"gold_loss":0.0,"damage_taken":16.0},{"cards_removed":["DTMod:BreakAttack"],"damage_healed":0,"gold_gain":0,"player_choice":"Took Card","damage_taken":0,"max_hp_gain":0,"max_hp_loss":0,"event_name":"NoteForYourself","floor":36,"gold_loss":0,"cards_obtained":["Well Laid Plans"]}],"is_beta":false,"boss_relics":[{"not_picked":["Busted Crown","RedLine:ReiMu"],"picked":"Pandora\u0027s Box"},{"not_picked":["Runic Pyramid","DTMod:TheChair"],"picked":"SlaversCollar"}],"items_purged_floors":[29,42,46],"is_endless":false,"potions_floor_spawned":[2,6,11,14,16,20,22,27,33,35,37,41],"ascension_level":0}}