{"host":"newqdrzxfhh2im9e","time":1608070160,"event":{"mods":["AchievementEnabler","BaseMod","BetterRewards","Block Reminder","Colored Map","Jorbs\u0027s Wanderer Trilogy","Minty Spire (QoL Compilation)","Rare Cards Sparkle","Shop Mod","StSLib"],"gold_per_floor":[109,126,143,159,11,11,39,53,131,160,160,335,347,361,361,361,361],"floor_reached":16,"playtime":482,"items_purged":[],"score":154,"play_id":"3d0aed97-f9ba-4668-9ab5-ecd8f27e828c","local_time":"20201215140920","is_ascension_mode":true,"campfire_choices":[{"data":"Reaper","floor":6,"key":"SMITH"},{"floor":15,"key":"REST"}],"circlet_count":0,"master_deck":["Strike_R","Strike_R","Strike_R","Strike_R","Strike_R","Defend_R","Defend_R","Defend_R","Defend_R","Bash","Carnage","Evolve","Reckless Charge","Sever Soul","Reaper+1","Fiend Fire+1","Pommel Strike","Barricade+1","Doubt","Pummel","Rampage"],"relics":["Burning Blood","NeowsBlessing","White Beast Statue","Frozen Egg 2","CaptainsWheel"],"acts_visited":["Exordium"],"potions_floor_usage":[7,10,10,13,14,16],"damage_taken":[{"damage":0,"enemies":"2 Louse","floor":1,"turns":1},{"damage":0,"enemies":"Jaw Worm","floor":2,"turns":1},{"damage":0,"enemies":"Small Slimes","floor":3,"turns":1},{"damage":4,"enemies":"3 Louse","floor":4,"turns":3},{"damage":35,"enemies":"3 Sentries","floor":7,"turns":6},{"damage":21,"enemies":"Lots of Slimes","floor":8,"turns":5},{"damage":2,"enemies":"Gremlin Nob","floor":10,"turns":3},{"damage":47,"enemies":"Exordium Thugs","floor":13,"turns":5},{"damage":9,"enemies":"Red Slaver","floor":14,"turns":2},{"damage":46,"enemies":"The Guardian","floor":16,"turns":8}],"seed_played":"6051675297128274620","potions_obtained":[{"floor":4,"key":"Explosive Potion"},{"floor":7,"key":"HeartOfIron"},{"floor":8,"key":"BlessingOfTheForge"},{"floor":10,"key":"SkillPotion"},{"floor":13,"key":"FearPotion"},{"floor":14,"key":"SteroidPotion"}],"is_trial":false,"path_per_floor":["M","M","M","M","$","R","E","M","T","E","?","?","M","M","R","B"],"character_chosen":"IRONCLAD","items_purchased":["Reaper"],"campfire_rested":1,"item_purchase_floors":[5],"current_hp_per_floor":[78,80,80,80,80,80,56,47,47,56,56,56,25,22,46,0,0],"gold":361,"neow_bonus":"THREE_ENEMY_KILL","is_daily":false,"chose_seed":false,"campfire_upgraded":1,"win_rate":0.0,"timestamp":1608070160,"path_taken":["M","M","M","M","$","R","E","M","T","E","?","?","M","M","R","BOSS"],"items_purchased_type":["Card"],"build_version":"2020-12-13","purchased_purges":0,"victory":false,"max_hp_per_floor":[80,80,80,80,80,80,80,80,80,80,80,80,80,80,80,80,80],"card_choices":[{"not_picked":["Clothesline","Armaments"],"picked":"Carnage","floor":1},{"not_picked":["Armaments","Pummel"],"picked":"Evolve","floor":2},{"not_picked":["True Grit","Flex"],"picked":"Reckless Charge","floor":3},{"not_picked":["Perfected Strike","Headbutt"],"picked":"Sever Soul","floor":4},{"not_picked":["True Grit","Pommel Strike"],"picked":"Fiend Fire","floor":7},{"not_picked":["True Grit","Shrug It Off"],"picked":"Pommel Strike","floor":8},{"not_picked":["Perfected Strike","Headbutt"],"picked":"Barricade+1","floor":10},{"not_picked":["Burning Pact","Shrug It Off"],"picked":"Pummel","floor":13},{"not_picked":["Perfected Strike","Flex"],"picked":"Rampage","floor":14}],"player_experience":600424,"relics_obtained":[{"floor":7,"key":"White Beast Statue"},{"floor":9,"key":"Frozen Egg 2"},{"floor":10,"key":"CaptainsWheel"}],"event_choices":[{"damage_healed":0,"gold_gain":0,"player_choice":"Grow","damage_taken":0,"max_hp_gain":0,"max_hp_loss":0,"event_name":"Living Wall","floor":11,"gold_loss":0,"cards_upgraded":["Fiend Fire"]},{"damage_healed":0,"gold_gain":175,"player_choice":"AGREE","damage_taken":0,"max_hp_gain":0,"max_hp_loss":0,"event_name":"Liars Game","floor":12,"gold_loss":0,"cards_obtained":["Doubt"]}],"is_beta":false,"boss_relics":[],"items_purged_floors":[],"is_endless":false,"potions_floor_spawned":[4,7,8,10,13,14],"killed_by":"The Guardian","ascension_level":7}}