{"host":"l12hrjjiowxu1z6t","time":1608014371,"event":{"mods":["BaseMod","Colored Map","Downfall","Minty Spire (QoL Compilation)","Relic Stats","StSLib"],"gold_per_floor":[99,113,113,132,132,132,132,144,169,94,114,126,143,157,170,170,170],"floor_reached":16,"playtime":1093,"items_purged":[],"score":156,"play_id":"c5f46652-baf4-4e7f-9f2c-70f48d57257c","local_time":"20201214233931","is_ascension_mode":false,"campfire_choices":[{"data":"champ:Taunt","floor":1,"key":"SMITH"},{"data":"champ:BerserkersShout","floor":3,"key":"SMITH"},{"data":"champ:FocusedDefense","floor":5,"key":"SMITH"},{"data":"champ:Execute","floor":10,"key":"SMITH"}],"circlet_count":0,"master_deck":["champ:Strike","champ:Strike","champ:Strike","champ:Strike","champ:Defend","champ:Defend","champ:Defend","champ:Defend","champ:Execute+1","champ:Taunt+1","champ:BerserkersShout+1","champ:FocusedDefense+1"],"relics":["champ:ChampionCrown","Singing Bowl","Strawberry","downfall:HeartBlessingGreen"],"acts_visited":["Exordium"],"potions_floor_usage":[9],"damage_taken":[{"damage":5,"enemies":"Small Slimes","floor":2,"turns":3},{"damage":21,"enemies":"Jaw Worm","floor":4,"turns":3},{"damage":28,"enemies":"Cultist","floor":8,"turns":4},{"damage":77,"enemies":"3 Sentries","floor":9,"turns":10},{"damage":19,"enemies":"2 Fungi Beasts","floor":11,"turns":4},{"damage":16,"enemies":"Blue Slaver","floor":12,"turns":3},{"damage":14,"enemies":"Exordium Thugs","floor":13,"turns":5},{"damage":12,"enemies":"2 Fungi Beasts","floor":14,"turns":4},{"damage":46,"enemies":"Lots of Slimes","floor":15,"turns":7},{"damage":0,"enemies":"downfall:Silent","floor":16,"turns":1}],"seed_played":"2851945874995406469","potions_obtained":[{"floor":4,"key":"ColorlessPotion"},{"floor":9,"key":"Dexterity Potion"},{"floor":12,"key":"Ancient Potion"},{"floor":13,"key":"Weak Potion"}],"is_trial":false,"path_per_floor":["R","M","R","M","R","?","T","M","E","R","M","M","M","M","M","B"],"character_chosen":"THE_CHAMP","items_purchased":[],"campfire_rested":0,"item_purchase_floors":[],"current_hp_per_floor":[99,99,99,89,89,89,89,82,44,44,46,37,35,36,10,10,10],"gold":170,"neow_bonus":"TEN_PERCENT_HP_BONUS","is_daily":false,"chose_seed":false,"campfire_upgraded":4,"win_rate":0.0,"timestamp":1608014371,"path_taken":["R","M","R","M","R","?","T","M","E","R","M","M","M","M","M","BOSS"],"items_purchased_type":[],"build_version":"2020-12-13","purchased_purges":0,"victory":false,"max_hp_per_floor":[99,99,99,99,99,99,99,101,110,110,112,114,116,118,120,120,120],"relic_stats":{"Singing Bowl":14,"counters":[10,43],"obtain_stats":[{"Singing Bowl":7,"Strawberry":9,"champ:ChampionCrown":0,"downfall:HeartBlessingGreen":10},{"Singing Bowl":2,"Strawberry":4,"champ:ChampionCrown":0,"downfall:HeartBlessingGreen":4},{"Singing Bowl":6,"Strawberry":20,"champ:ChampionCrown":0,"downfall:HeartBlessingGreen":20}]},"card_choices":[{"not_picked":["champ:GladiatorsShout","champ:PerfectedStrike"],"picked":"champ:BerserkersShout","floor":2},{"not_picked":["champ:AdrenalArmor","champ:BerserkersShout"],"picked":"champ:FocusedDefense","floor":4},{"not_picked":["champ:GladiatorStyle","champ:BerserkersShout","champ:SteelEdge"],"picked":"Singing Bowl","floor":8},{"not_picked":["champ:Haymaker","champ:FocusedGladiator","champ:CrownThrow"],"picked":"Singing Bowl","floor":9},{"not_picked":["champ:StanceDance","champ:FlashCut","champ:CrookedStrike"],"picked":"Singing Bowl","floor":11},{"not_picked":["champ:TornadoPunch","champ:RecklessLeap","champ:Encircle"],"picked":"Singing Bowl","floor":12},{"not_picked":["champ:SkillfulDodge","champ:CrookedStrike","champ:AdrenalArmor"],"picked":"Singing Bowl","floor":13},{"not_picked":["champ:Encircle","champ:PerfectedStrike","champ:Duel"],"picked":"Singing Bowl","floor":14},{"not_picked":["champ:Backstep","champ:Duel","champ:Riposte"],"picked":"Singing Bowl","floor":15}],"player_experience":150915,"relics_obtained":[{"floor":7,"key":"Singing Bowl"},{"floor":9,"key":"Strawberry"}],"event_choices":[],"is_beta":false,"boss_relics":[],"items_purged_floors":[],"is_endless":false,"potions_floor_spawned":[4,9,12,13,15],"killed_by":"downfall:Silent","ascension_level":0}}