{"host":"15dd7v8o90xso62x","time":1608052969,"event":{"mods":["BaseMod","Minty Spire (QoL Compilation)","Quick Restart","StSLib"],"gold_per_floor":[114,114,132,143,163,163,176,176,176,211,211,241,241,280,280,370,370,384,384,408,247,263,263,276,276,276,10,51,70,70,111,111,204,204,225,225,100,113,113,144,157,157,157,171,171,21,36,370,370,370,370],"floor_reached":52,"playtime":2102,"items_purged":["FlurryOfBlows","Conclude","MasterReality","Judgement"],"score":2215,"play_id":"6c188001-24fc-434e-8cf0-a30da37dee64","local_time":"20201216022249","is_ascension_mode":true,"campfire_choices":[{"data":"Eruption","floor":6.0,"key":"SMITH"},{"data":"Ragnarok","floor":8.0,"key":"SMITH"},{"data":"ClearTheMind","floor":11.0,"key":"SMITH"},{"data":"Vault","floor":15.0,"key":"SMITH"},{"data":"MentalFortress","floor":23.0,"key":"SMITH"},{"data":"Prostrate","floor":25.0,"key":"SMITH"},{"data":"Adaptation","floor":30.0,"key":"SMITH"},{"data":"Perseverance","floor":32.0,"key":"SMITH"},{"data":"Worship","floor":42.0,"key":"SMITH"},{"data":"Brilliance","floor":45.0,"key":"SMITH"},{"data":"DeusExMachina","floor":49.0,"key":"SMITH"}],"circlet_count":0,"master_deck":["AscendersBane","Eruption+1","Vigilance+1","Ragnarok+1","Prostrate+1","Vengeance","Wallop","ClearTheMind+1","Vault+1","Brilliance+1","SignatureMove","FearNoEvil","MentalFortress+1","InnerPeace+1","MentalFortress","Adaptation+1","CrushJoints+1","Worship+1","DeusExMachina+1"],"relics":["PureWater","War Paint","Toy Ornithopter","TeardropLocket","Ornamental Fan","Golden Idol","Eternal Feather","Pandora\u0027s Box","Kunai","TheAbacus","HornCleat","Letter Opener","Empty Cage","Akabeko","White Beast Statue","Old Coin"],"acts_visited":["Exordium","TheCity","TheBeyond"],"potions_floor_usage":[],"damage_taken":[{"damage":0.0,"enemies":"2 Louse","floor":1.0,"turns":2.0},{"damage":0.0,"enemies":"Cultist","floor":3.0,"turns":3.0},{"damage":4.0,"enemies":"Small Slimes","floor":4.0,"turns":2.0},{"damage":13.0,"enemies":"2 Fungi Beasts","floor":5.0,"turns":3.0},{"damage":21.0,"enemies":"Exordium Thugs","floor":7.0,"turns":3.0},{"damage":0.0,"enemies":"3 Sentries","floor":10.0,"turns":2.0},{"damage":0.0,"enemies":"Gremlin Nob","floor":12.0,"turns":1.0},{"damage":10.0,"enemies":"3 Sentries","floor":14.0,"turns":4.0},{"damage":18.0,"enemies":"Hexaghost","floor":16.0,"turns":7.0},{"damage":0.0,"enemies":"Spheric Guardian","floor":18.0,"turns":2.0},{"damage":0.0,"enemies":"2 Thieves","floor":20.0,"turns":4.0},{"damage":0.0,"enemies":"Centurion and Healer","floor":22.0,"turns":4.0},{"damage":12.0,"enemies":"Snake Plant","floor":24.0,"turns":2.0},{"damage":11.0,"enemies":"Book of Stabbing","floor":28.0,"turns":4.0},{"damage":0.0,"enemies":"Snecko","floor":29.0,"turns":4.0},{"damage":3.0,"enemies":"Gremlin Leader","floor":31.0,"turns":5.0},{"damage":2.0,"enemies":"Automaton","floor":33.0,"turns":7.0},{"damage":11.0,"enemies":"3 Shapes","floor":35.0,"turns":3.0},{"damage":0.0,"enemies":"3 Darklings","floor":38.0,"turns":6.0},{"damage":29.0,"enemies":"Giant Head","floor":40.0,"turns":7.0},{"damage":0.0,"enemies":"Maw","floor":41.0,"turns":4.0},{"damage":30.0,"enemies":"Writhing Mass","floor":44.0,"turns":5.0},{"damage":27.0,"enemies":"Jaw Worm Horde","floor":47.0,"turns":4.0},{"damage":0.0,"enemies":"Nemesis","floor":48.0,"turns":4.0},{"damage":36.0,"enemies":"Donu and Deca","floor":50.0,"turns":7.0},{"damage":0,"enemies":"Awakened One","floor":51,"turns":8}],"seed_played":"-5582354320889951135","potions_obtained":[{"floor":1.0,"key":"Weak Potion"},{"floor":4.0,"key":"SteroidPotion"},{"floor":10.0,"key":"FairyPotion"},{"floor":12.0,"key":"GamblersBrew"},{"floor":16.0,"key":"SkillPotion"},{"floor":20.0,"key":"AttackPotion"},{"floor":28.0,"key":"Strength Potion"},{"floor":31.0,"key":"SkillPotion"},{"floor":35.0,"key":"DuplicationPotion"},{"floor":38.0,"key":"LiquidMemories"},{"floor":39.0,"key":"FairyPotion"},{"floor":47.0,"key":"DuplicationPotion"}],"is_trial":false,"path_per_floor":["M","?","M","M","M","R","M","R","T","E","R","E","?","E","R","B",null,"M","?","M","$","M","R","M","R","T","$","E","M","R","E","R","B",null,"M","?","$","M","?","E","M","R","T","M","R","$","M","E","R","B","B",null],"character_chosen":"WATCHER","items_purchased":["MentalFortress","TheAbacus"],"campfire_rested":0,"item_purchase_floors":[21,27],"current_hp_per_floor":[61,61,61,57,44,44,23,23,23,28,28,28,5,20,29,16,55,55,55,55,55,60,68,56,68,68,68,57,57,68,65,68,66,68,57,57,57,57,57,28,28,37,37,7,16,16,20,20,29,3,3],"gold":370,"neow_bonus":"ONE_RANDOM_RARE_CARD","is_daily":false,"chose_seed":false,"campfire_upgraded":11,"win_rate":0.0,"timestamp":1608052969,"path_taken":["M","?","?","M","M","R","M","R","T","E","R","E","?","E","R","BOSS","M","?","M","$","M","R","M","R","T","$","E","M","R","E","R","BOSS","M","?","$","M","?","E","?","R","T","M","R","$","M","E","R","BOSS","BOSS"],"items_purchased_type":["Card","Relic"],"build_version":"2020-12-13","purchased_purges":4,"victory":true,"max_hp_per_floor":[68,68,68,68,68,68,68,68,68,68,68,68,68,68,68,68,68,68,68,68,68,68,68,68,68,68,68,68,68,68,68,68,68,68,68,68,68,68,68,68,68,68,68,68,68,68,68,68,68,68,68],"card_choices":[{"not_picked":["WaveOfTheHand","ForeignInfluence","ThirdEye"],"picked":"SKIP","floor":1.0},{"not_picked":["FearNoEvil","Nirvana"],"picked":"Prostrate","floor":3.0},{"not_picked":["EmptyFist","JustLucky"],"picked":"Vengeance","floor":4.0},{"not_picked":["EmptyBody","Collect"],"picked":"Wallop","floor":5.0},{"not_picked":["SandsOfTime","Consecrate"],"picked":"ClearTheMind","floor":7.0},{"not_picked":["Ragnarok","Indignation","Evaluate"],"picked":"SKIP","floor":10.0},{"not_picked":["Protect","JustLucky"],"picked":"Vault","floor":12.0},{"not_picked":["SignatureMove","FlurryOfBlows","DeceiveReality"],"picked":"SKIP","floor":14.0},{"not_picked":["Ragnarok","Blasphemy"],"picked":"Brilliance","floor":16.0},{"not_picked":["WreathOfFlame","EmptyBody","ThirdEye"],"picked":"SKIP","floor":18.0},{"not_picked":["ClearTheMind","Fasting2+1","CrushJoints"],"picked":"SKIP","floor":20.0},{"not_picked":["EmptyMind","Indignation"],"picked":"InnerPeace+1","floor":22.0},{"not_picked":["Evaluate","Protect"],"picked":"MentalFortress","floor":24.0},{"not_picked":["CarveReality","Establishment","CrushJoints"],"picked":"SKIP","floor":28.0},{"not_picked":["BowlingBash","FlyingSleeves"],"picked":"Adaptation","floor":29.0},{"not_picked":["Consecrate","SashWhip"],"picked":"CrushJoints+1","floor":31.0},{"not_picked":["CutThroughFate","Prostrate","LikeWater"],"picked":"SKIP","floor":35.0},{"not_picked":["Protect","EmptyFist","EmptyBody+1"],"picked":"SKIP","floor":38.0},{"not_picked":["Crescendo+1","SandsOfTime","Indignation"],"picked":"SKIP","floor":40.0},{"not_picked":["Perseverance","ReachHeaven"],"picked":"Worship","floor":41.0},{"not_picked":["JustLucky","Crescendo","ThirdEye+1"],"picked":"SKIP","floor":44.0},{"not_picked":["FlyingSleeves+1","ThirdEye","CarveReality"],"picked":"SKIP","floor":47.0},{"not_picked":["Judgement","MasterReality"],"picked":"DeusExMachina","floor":48.0}],"player_experience":908024,"relics_obtained":[{"floor":9.0,"key":"Toy Ornithopter"},{"floor":10.0,"key":"TeardropLocket"},{"floor":12.0,"key":"Ornamental Fan"},{"floor":14.0,"key":"Eternal Feather"},{"floor":26.0,"key":"Kunai"},{"floor":28.0,"key":"HornCleat"},{"floor":31.0,"key":"Letter Opener"},{"floor":40.0,"key":"Akabeko"},{"floor":43.0,"key":"White Beast Statue"},{"floor":48.0,"key":"Old Coin"}],"event_choices":[{"damage_healed":0.0,"max_hp_gain":0.0,"max_hp_loss":0.0,"gold_gain":0.0,"event_name":"WeMeetAgain","player_choice":"Gave Potion","floor":2.0,"gold_loss":0.0,"damage_taken":0.0,"relics_obtained":["War Paint"]},{"damage_healed":0.0,"max_hp_gain":0.0,"max_hp_loss":0.0,"gold_gain":0.0,"event_name":"Golden Idol","player_choice":"Take Damage","floor":13.0,"gold_loss":0.0,"damage_taken":23.0,"relics_obtained":["Golden Idol"]},{"damage_healed":0.0,"max_hp_gain":0.0,"max_hp_loss":0.0,"gold_gain":0.0,"event_name":"The Library","player_choice":"Read","floor":19.0,"gold_loss":0.0,"damage_taken":0.0,"cards_obtained":["Perseverance"]},{"cards_removed":["Perseverance"],"damage_healed":0.0,"max_hp_gain":0.0,"max_hp_loss":0.0,"gold_gain":0.0,"event_name":"Falling","player_choice":"Removed Skill","floor":36.0,"gold_loss":0.0,"damage_taken":0.0},{"damage_healed":0.0,"max_hp_gain":0.0,"max_hp_loss":0.0,"gold_gain":0.0,"event_name":"Lab","player_choice":"Got Potions","floor":39.0,"gold_loss":0.0,"damage_taken":0.0}],"is_beta":false,"boss_relics":[{"not_picked":["Runic Pyramid","Fusion Hammer"],"picked":"Pandora\u0027s Box"},{"not_picked":["Runic Dome","Tiny House"],"picked":"Empty Cage"}],"items_purged_floors":[21,27,37,46],"is_endless":false,"potions_floor_spawned":[1,4,10,12,16,20,28,31,35,38,40,44,47,48],"ascension_level":20}}