{"host":"mg3e76uznu9x14du","time":1608066240,"event":{"mods":["BaseMod","Colored Map","Downfall","Minty Spire (QoL Compilation)","Permanent Neow","Relic Stats","StSLib","Waifu the Spire","everything is the same but u backflip on backflip"],"gold_per_floor":[99,274,294,322,335,335,335,370,386,311,336,336,352,101,111,111,111],"floor_reached":16,"playtime":743,"items_purged":["hexamod:Strike"],"score":142,"play_id":"2527ebc7-6ad2-44ab-b831-9f3ae0f29ab8","local_time":"20201215160400","is_ascension_mode":true,"campfire_choices":[{"data":"hexamod:Float","floor":1,"key":"SMITH"},{"floor":10,"key":"REST"}],"circlet_count":0,"master_deck":["hexamod:Strike","hexamod:Defend","hexamod:Defend","hexamod:Defend","hexamod:Defend","hexamod:Sear","hexamod:Float+1","hexamod:FourthSeal","hexamod:RainOfEmbers","hexamod:FlamesFromBeyond","hexamod:GhostLash","hexamod:GhostLash","hexamod:SpectersWail","hexamod:Hexaguard","hexamod:GhostShield","hexamod:TimeOfNeed","hexamod:AdvancingGuard"],"relics":["hexamod:SpiritBrand","Vajra","hexamod:Sixitude","downfall:HeartBlessingBlue","Odd Mushroom"],"acts_visited":["Exordium"],"potions_floor_usage":[4,8],"damage_taken":[{"damage":0,"enemies":"Small Slimes","floor":3,"turns":3},{"damage":60,"enemies":"3 Sentries","floor":4,"turns":13},{"damage":1,"enemies":"Jaw Worm","floor":5,"turns":5},{"damage":0,"enemies":"Gremlin Nob","floor":8,"turns":4},{"damage":0,"enemies":"2 Louse","floor":9,"turns":3},{"damage":6,"enemies":"The Mushroom Lair","floor":11,"turns":4},{"damage":2,"enemies":"Red Slaver","floor":13,"turns":2},{"damage":0,"enemies":"downfall:FleeingMerchant","floor":14,"turns":4},{"damage":0,"enemies":"Lots of Slimes","floor":15,"turns":3},{"damage":27,"enemies":"downfall:Defect","floor":16,"turns":4}],"seed_played":"-4245966595820486335","potions_obtained":[{"floor":3,"key":"AttackPotion"},{"floor":5,"key":"Block Potion"},{"floor":8,"key":"Regen Potion"},{"floor":8,"key":"Guardian:BlockOnCardUsePotion"},{"floor":9,"key":"FearPotion"},{"floor":12,"key":"Fire Potion"}],"is_trial":false,"path_per_floor":["R","?","M","E","M","?","T","E","M","R","?","?","M","$","M","B"],"character_chosen":"THE_SPIRIT","items_purchased":["hexamod:TimeOfNeed"],"campfire_rested":1,"item_purchase_floors":[14],"current_hp_per_floor":[63,63,63,3,2,2,2,2,2,33,27,27,25,25,25,0,0],"gold":111,"neow_bonus":"REMOVE_TWO","is_daily":false,"chose_seed":false,"campfire_upgraded":1,"win_rate":0.0,"timestamp":1608066240,"path_taken":["R","?","M","E","M","?","T","E","M","R","?","?","?","?","M","BOSS"],"items_purchased_type":["Card"],"build_version":"2020-12-13","purchased_purges":1,"victory":false,"max_hp_per_floor":[63,63,63,63,63,63,63,63,63,73,73,73,73,73,73,73,73],"relic_stats":{"counters":[10,45],"obtain_stats":[{"downfall:HeartBlessingBlue":10,"Vajra":4,"hexamod:Sixitude":8,"Odd Mushroom":11,"hexamod:SpiritBrand":0},{"downfall:HeartBlessingBlue":5,"Vajra":2,"hexamod:Sixitude":4,"Odd Mushroom":6,"hexamod:SpiritBrand":0},{"downfall:HeartBlessingBlue":28,"Vajra":16,"hexamod:Sixitude":25,"Odd Mushroom":32,"hexamod:SpiritBrand":0}]},"card_choices":[{"not_picked":["hexamod:BacktrackSmack","hexamod:FastForward"],"picked":"hexamod:FourthSeal","floor":3},{"not_picked":["hexamod:HeatShield","hexamod:ShieldOfDarkness"],"picked":"hexamod:RainOfEmbers","floor":4},{"not_picked":["hexamod:InspiringFlames","hexamod:NightmareStrike"],"picked":"hexamod:FlamesFromBeyond","floor":5},{"not_picked":["hexamod:GhostOfSpirePresent","hexamod:SpectralSpark"],"picked":"hexamod:GhostLash","floor":8},{"not_picked":["hexamod:NightmareGuise","hexamod:RainOfEmbers"],"picked":"hexamod:GhostLash","floor":9},{"not_picked":["hexamod:EmpoweringStance","hexamod:AdvancingGuard"],"picked":"hexamod:SpectersWail","floor":11},{"not_picked":["hexamod:ThermalTransfer","hexamod:GhostLash"],"picked":"hexamod:Hexaguard","floor":13},{"not_picked":["hexamod:FourthSeal","hexamod:HauntingEcho"],"picked":"hexamod:GhostShield","floor":14},{"not_picked":["hexamod:SoulSteal","hexamod:FastForward"],"picked":"hexamod:AdvancingGuard","floor":15}],"player_experience":382477,"relics_obtained":[{"floor":4,"key":"Vajra"},{"floor":8,"key":"hexamod:Sixitude"},{"floor":11,"key":"Odd Mushroom"}],"event_choices":[{"cards_removed":["Doubt"],"damage_healed":0,"gold_gain":0,"player_choice":"Card Removal","damage_taken":0,"max_hp_gain":0,"max_hp_loss":0,"event_name":"The Cleric","floor":6,"gold_loss":0},{"damage_healed":0,"gold_gain":0,"player_choice":"Fought Mushrooms","damage_taken":0,"max_hp_gain":0,"max_hp_loss":0,"event_name":"Mushrooms","floor":11,"gold_loss":0},{"damage_healed":0,"gold_gain":0,"player_choice":"Got Potions","damage_taken":0,"max_hp_gain":0,"max_hp_loss":0,"event_name":"Lab","floor":12,"gold_loss":0}],"is_beta":false,"boss_relics":[],"items_purged_floors":[14],"is_endless":false,"potions_floor_spawned":[3,8,9,13],"killed_by":"downfall:Defect","ascension_level":1}}