{"host":"kta213tp32cz47du","time":1608048212,"event":{"mods":["BaseMod","Better Altar","Better Third Choice","Colored Map","Colored Powertips","Conspire","Curses Come First","Displayed Cursed Tome","Hubris","Minty Spire (QoL Compilation)","Rare Cards Sparkle","Replay The Spire","Shop Mod","StSLib","The Blue Laboratory","vexMod"],"gold_per_floor":[112,187,287,300,313,338,338,357,357,387,387,405,67,77,77,178,178,196,196,34,34,34,34],"floor_reached":22,"playtime":1880,"items_purged":["Strike_R"],"score":194,"play_id":"f8cb8c8f-de6d-432f-9538-664999eb09e2","local_time":"20201215160332","is_ascension_mode":false,"campfire_choices":[{"data":"Whirlwind","floor":7,"key":"SMITH"},{"data":"Bash","floor":11,"key":"SMITH"},{"data":"Cleave","floor":15,"key":"SMITH"}],"circlet_count":0,"master_deck":["Strike_R","Strike_R","Strike_R","Strike_R","Defend_R","Defend_R","Defend_R","Defend_R","Bash+1","Thunderclap","Whirlwind+1","Cleave+1","Entrench+1","Cleave","Flex+1","Battle Trance+1","Midas Touch+1","Flex+1","Exhume+1","Flex+1","Metallicize","Havoc+1"],"relics":["Burning Blood","NeowsBlessing","Toxic Egg 2","hubris:BundleOfHerbs","vexMod:BarristanHead","conspire:SpecialSausage","hubris:Towel","betterThird:NestCultRelic"],"acts_visited":["Exordium","TheCity"],"potions_floor_usage":[10,16,16,22,22],"damage_taken":[{"damage":0,"enemies":"2 Louse","floor":1,"turns":1},{"damage":0,"enemies":"Cultist","floor":4,"turns":1},{"damage":0,"enemies":"Small Slimes","floor":5,"turns":1},{"damage":30,"enemies":"3 Sentries","floor":6,"turns":6},{"damage":5,"enemies":"Looter","floor":8,"turns":3},{"damage":22,"enemies":"Gremlin Nob","floor":10,"turns":5},{"damage":0,"enemies":"Large Slime","floor":12,"turns":4},{"damage":22,"enemies":"Gremlin Gang","floor":14,"turns":4},{"damage":58,"enemies":"The Guardian","floor":16,"turns":9},{"damage":30,"enemies":"2 Thieves","floor":18,"turns":3},{"damage":10,"enemies":"Spheric Guardian","floor":22,"turns":4}],"seed_played":"2507807305318341759","potions_obtained":[{"floor":6,"key":"blueLaboratory:HummingbirdPotion"},{"floor":12,"key":"ColorlessPotion"},{"floor":14,"key":"blueLaboratory:HeartbeatPotion"},{"floor":16,"key":"SpeedPotion"}],"is_trial":false,"path_per_floor":["M","?","?","M","M","E","R","M","T","E","R","M","$","M","R","B",null,"M","?","$","?","M"],"character_chosen":"IRONCLAD","items_purchased":["Battle Trance+1","Midas Touch+1","Metallicize","ColorlessPotion","Havoc+1"],"campfire_rested":0,"item_purchase_floors":[13,13,20,20,20],"current_hp_per_floor":[80,69,69,75,80,56,56,57,57,47,47,53,53,37,37,29,80,56,56,56,56,46,46],"gold":34,"neow_bonus":"THREE_ENEMY_KILL","is_daily":false,"chose_seed":false,"campfire_upgraded":3,"win_rate":0.0,"timestamp":1608048212,"path_taken":["M","?","?","?","M","E","R","M","T","E","R","M","$","M","R","BOSS","M","?","$","?","M"],"items_purchased_type":["Card","Card","Card","Potion","Card"],"build_version":"2020-12-13","purchased_purges":1,"victory":false,"max_hp_per_floor":[80,80,80,80,80,80,80,80,80,80,80,80,80,80,80,80,80,80,80,80,80,80,80],"card_choices":[{"not_picked":["Twin Strike","Anger"],"picked":"Thunderclap","floor":1},{"not_picked":["Anger","Infernal Blade"],"picked":"Whirlwind","floor":4},{"not_picked":["Sword Boomerang","Blood for Blood"],"picked":"Cleave","floor":5},{"not_picked":["Anger","ReplayTheSpireMod:Stacked+1"],"picked":"Entrench+1","floor":6},{"not_picked":["Body Slam","Anger"],"picked":"Cleave","floor":8},{"not_picked":["Sword Boomerang","Hemogenesis"],"picked":"Flex+1","floor":10},{"not_picked":["Twin Strike","Body Slam","Thunderclap"],"picked":"SKIP","floor":12},{"not_picked":["Replay:Many Hands+1","True Grit+1"],"picked":"Flex+1","floor":14},{"not_picked":["conspire:Purge+1","Hemogenesis"],"picked":"Exhume+1","floor":16},{"not_picked":["Dark Embrace","Run Through+1"],"picked":"Flex+1","floor":18}],"player_experience":223550,"relics_obtained":[{"floor":6,"key":"Toxic Egg 2"},{"floor":9,"key":"hubris:BundleOfHerbs"},{"floor":10,"key":"vexMod:BarristanHead"}],"event_choices":[{"damage_healed":0,"gold_gain":75,"player_choice":"Gold","damage_taken":11,"max_hp_gain":0,"max_hp_loss":0,"event_name":"betterThird:BetterGoop","floor":2,"gold_loss":0},{"damage_healed":0,"gold_gain":100,"player_choice":"Pray","damage_taken":0,"max_hp_gain":0,"max_hp_loss":0,"event_name":"Golden Shrine","floor":3,"gold_loss":0},{"damage_healed":0,"gold_gain":0,"player_choice":"Madness","damage_taken":0,"relics_obtained":["betterThird:NestCultRelic"],"max_hp_gain":0,"max_hp_loss":0,"event_name":"betterThird:BetterNest","floor":21,"gold_loss":0}],"is_beta":false,"boss_relics":[{"not_picked":["Replay:Ancient Bell","hubris:Backtick"],"picked":"conspire:SpecialSausage"}],"items_purged_floors":[13],"is_endless":false,"potions_floor_spawned":[6,12,14,16],"killed_by":"Spheric Guardian","ascension_level":0}}