{"host":"4cz9gr89nglr7k8k","time":1608054925,"event":{"mods":["BaseMod","Minty Spire (QoL Compilation)","Relic Stats","Slay-I"],"gold_per_floor":[119,138,0,16,16,16,33,33,33,33,50,50,67,83,83,83,83],"floor_reached":16,"playtime":296,"items_purged":[],"score":183,"play_id":"4658441c-431d-463e-86c3-bca236d514ac","local_time":"20201215185525","is_ascension_mode":true,"campfire_choices":[{"data":"Caltrops","floor":6,"key":"SMITH"},{"floor":12,"key":"REST"},{"floor":15,"key":"REST"}],"circlet_count":0,"master_deck":["AscendersBane","Strike_G","Strike_G","Strike_G","Strike_G","Strike_G","Defend_G","Defend_G","Defend_G","Defend_G","Defend_G","Survivor","Neutralize","Finisher","Caltrops+1","Crippling Poison","Flying Knee","Dagger Spray","Envenom","Parasite","Bane","Leg Sweep","Sucker Punch"],"relics":["Ring of the Snake","NeowsBlessing","Bottled Lightning"],"acts_visited":["Exordium"],"potions_floor_usage":[11,16],"damage_taken":[{"damage":0,"enemies":"Small Slimes","floor":1,"turns":1},{"damage":0,"enemies":"Cultist","floor":2,"turns":1},{"damage":0,"enemies":"Jaw Worm","floor":4,"turns":1},{"damage":13,"enemies":"Blue Slaver","floor":7,"turns":3},{"damage":11,"enemies":"Looter","floor":11,"turns":3},{"damage":28,"enemies":"Gremlin Gang","floor":13,"turns":4},{"damage":15,"enemies":"Red Slaver","floor":14,"turns":4},{"damage":51,"enemies":"Slime Boss","floor":16,"turns":9}],"seed_played":"5129948137145589904","potions_obtained":[{"floor":1,"key":"SpeedPotion"},{"floor":2,"key":"PowerPotion"},{"floor":7,"key":"Weak Potion"},{"floor":10,"key":"Fruit Juice"}],"is_trial":false,"path_per_floor":["M","M","$","M","$","R","M","?","T","?","M","R","M","M","R","B"],"character_chosen":"THE_SILENT","items_purchased":["Crippling Poison","Flying Knee"],"campfire_rested":2,"item_purchase_floors":[3,3],"current_hp_per_floor":[59,59,59,59,59,59,46,62,62,62,56,71,43,28,49,0,0],"gold":83,"neow_bonus":"THREE_ENEMY_KILL","is_daily":false,"chose_seed":false,"campfire_upgraded":1,"win_rate":0.0,"timestamp":1608054925,"path_taken":["M","M","$","M","$","R","M","?","T","?","M","R","M","M","R","BOSS"],"items_purchased_type":["Card","Card"],"build_version":"2020-12-13","purchased_purges":0,"victory":false,"max_hp_per_floor":[66,66,66,66,66,66,66,66,66,66,71,71,71,71,71,71,71],"relic_stats":{"counters":[8,26],"obtain_stats":[{"NeowsBlessing":0,"Bottled Lightning":9,"Ring of the Snake":0},{"NeowsBlessing":0,"Bottled Lightning":4,"Ring of the Snake":0},{"NeowsBlessing":0,"Bottled Lightning":6,"Ring of the Snake":0}],"Ring of the Snake":[16]},"card_choices":[{"not_picked":["Reflex","Dodge and Roll"],"picked":"Finisher","floor":1},{"not_picked":["Prepared","Riddle With Holes"],"picked":"Caltrops","floor":2},{"not_picked":["Deadly Poison","Riddle With Holes"],"picked":"Dagger Spray","floor":4},{"not_picked":["Skewer","Prepared"],"picked":"Envenom","floor":7},{"not_picked":["Dodge and Roll","Underhanded Strike"],"picked":"Bane","floor":11},{"not_picked":["Outmaneuver","Underhanded Strike"],"picked":"Leg Sweep","floor":13},{"not_picked":["Acrobatics","Well Laid Plans"],"picked":"Sucker Punch","floor":14}],"player_experience":1442948,"relics_obtained":[{"floor":9,"key":"Bottled Lightning"}],"event_choices":[{"damage_healed":16,"gold_gain":0,"player_choice":"Healed and dodged fight","damage_taken":0,"max_hp_gain":0,"max_hp_loss":0,"event_name":"Mushrooms","floor":8,"gold_loss":0,"cards_obtained":["Parasite"]},{"damage_healed":0,"gold_gain":0,"player_choice":"Got Potions","damage_taken":0,"max_hp_gain":0,"max_hp_loss":0,"event_name":"Lab","floor":10,"gold_loss":0}],"is_beta":false,"boss_relics":[],"items_purged_floors":[],"is_endless":false,"potions_floor_spawned":[1,2,7],"killed_by":"Slime Boss","ascension_level":19}}