{"host":"ws4mzzemcqsz5e2k","time":1608026859,"event":{"mods":["Act Like it!","BaseMod","Colored Powertips","Downfall","Minty Spire (QoL Compilation)","StSLib","没有小屋子和绿帽子啦"],"gold_per_floor":[99,131,150,75,105,145,145,163,163,178,188,188,202,202,213,308,308,308,319,334,334,349,360,360,360,393,318,14,14,14,30,50,154,154,154,167,67,82,102,137,208,133,147,147,163,215,227,277,291,394,394,394,421,438,438,438,458,458,472,472,472,202,221,239,267,287,383,383,383,399,411,611,47,66,97,97,110,144,144,144,154,173,189,294,294,294,146,146,146,146],"floor_reached":89,"playtime":3723,"items_purged":["Guardian:Strike_Guardian","Guardian:TimeBomb+1","Guardian:Planning+1","hexamod:Haunted"],"score":2168,"play_id":"d78996d1-d8a2-4318-bff3-9cd5359afc89","local_time":"20201215180739","daily_mods":["Heirloom","downfall:Lament","Uncertain Future"],"is_ascension_mode":false,"campfire_choices":[{"floor":1.0,"key":"RECALL"},{"data":"Guardian:MultiBeam","floor":4.0,"key":"SMITH"},{"data":"Guardian:CurlUp","floor":9.0,"key":"SMITH"},{"data":"Guardian:Reroute","floor":18.0,"key":"SMITH"},{"data":"Guardian:PrimingBeam","floor":25.0,"key":"SMITH"},{"data":"Guardian:AncientConstruct","floor":27.0,"key":"SMITH"},{"data":"Guardian:EvasiveProtocol","floor":35.0,"key":"SMITH"},{"data":"Guardian:PrismaticBeam","floor":42.0,"key":"SMITH"},{"data":"Guardian:StasisEngine","floor":44.0,"key":"SMITH"},{"data":"Guardian:StasisStrike","floor":52.0,"key":"SMITH"},{"floor":55.0,"key":"REST"},{"data":"Guardian:FierceBash","floor":61.0,"key":"SMITH"},{"data":"Guardian:GemFinder","floor":69.0,"key":"SMITH"},{"floor":76,"key":"REST"},{"floor":86,"key":"REST"},{"floor":88,"key":"REST"}],"circlet_count":0,"master_deck":["Guardian:CurlUp+1","Guardian:TwinSlam+1","Guardian:StasisEngine+1","Guardian:MultiBeam+1","Guardian:ShieldCharger+1","Guardian:DecasProtection+1","Guardian:PrimingBeam+1","Guardian:StasisField+1","Guardian:Reroute+1","Guardian:ExploitGems+1","Guardian:BronzeArmor+1","Guardian:AncientConstruct+1","Guardian:PrismaticBeam+1","Guardian:ExploitGems+1","Guardian:EvasiveProtocol+1","Guardian:BronzeArmor+1","Guardian:PrismaticBarrier+1","Guardian:ExploitGems+1","Guardian:TimeCapacitor+1","Guardian:StasisStrike+1","Guardian:GemFinder+1","Guardian:CompilePackage+1"],"relics":["Guardian:ModeShifter","NeowsBlessing","Bird Faced Urn","Toxic Egg 2","downfall:HeartBlessingRed","Prayer Wheel","Chemical X","Oddly Smooth Stone","downfall:ShatteredFragment","Empty Cage","Guardian:PocketSentry","Happy Flower","downfall:HeartBlessingGreen","hexamod:BolsterEngine","Vajra","Spirit Poop","Pandora\u0027s Box","Guardian:SackOfGems","downfall:HeartBlessingBlue","FossilizedHelix","champ:DuelingGlove","sneckomod:SneckoTalon","NeowsBlessing","Eternal Feather","ClockworkSouvenir","Odd Mushroom","SlaversCollar","Singing Bowl","Anchor","Runic Pyramid","OrangePellets"],"acts_visited":["Exordium","TheCity","TheBeyond","Exordium","TheCity","TheBeyond"],"potions_floor_usage":[],"damage_taken":[{"damage":0.0,"enemies":"Gremlin Nob","floor":2.0,"turns":1.0},{"damage":0.0,"enemies":"2 Louse","floor":3.0,"turns":1.0},{"damage":0.0,"enemies":"downfall:FleeingMerchant","floor":6.0,"turns":1.0},{"damage":0.0,"enemies":"Small Slimes","floor":8.0,"turns":2.0},{"damage":0.0,"enemies":"Jaw Worm","floor":10.0,"turns":1.0},{"damage":6.0,"enemies":"2 Fungi Beasts","floor":11.0,"turns":3.0},{"damage":0.0,"enemies":"Lots of Slimes","floor":13.0,"turns":1.0},{"damage":2.0,"enemies":"Exordium Thugs","floor":15.0,"turns":3.0},{"damage":16.0,"enemies":"downfall:Silent","floor":16.0,"turns":6.0},{"damage":2.0,"enemies":"Spheric Guardian","floor":19.0,"turns":3.0},{"damage":0.0,"enemies":"Centurion and Healer","floor":20.0,"turns":3.0},{"damage":12.0,"enemies":"Snake Plant","floor":22.0,"turns":3.0},{"damage":3.0,"enemies":"Snecko","floor":23.0,"turns":4.0},{"damage":15.0,"enemies":"Gremlin Leader","floor":26.0,"turns":4.0},{"damage":0.0,"enemies":"Shelled Parasite and Fungi","floor":31.0,"turns":2.0},{"damage":0.0,"enemies":"Snake Plant","floor":32.0,"turns":2.0},{"damage":0.0,"enemies":"downfall:Defect","floor":33.0,"turns":4.0},{"damage":4.0,"enemies":"3 Darklings","floor":36.0,"turns":2.0},{"damage":0.0,"enemies":"3 Shapes","floor":38.0,"turns":3.0},{"damage":4.0,"enemies":"Sphere and 2 Shapes","floor":39.0,"turns":3.0},{"damage":0.0,"enemies":"Nemesis","floor":40.0,"turns":4.0},{"damage":0.0,"enemies":"Transient","floor":43.0,"turns":5.0},{"damage":0.0,"enemies":"4 Shapes","floor":45.0,"turns":3.0},{"damage":4.0,"enemies":"2 Orb Walkers","floor":46.0,"turns":2.0},{"damage":0.0,"enemies":"3 Darklings","floor":47.0,"turns":2.0},{"damage":0.0,"enemies":"Mind Bloom Boss Battle","floor":48.0,"turns":3.0},{"damage":0.0,"enemies":"Spire Growth","floor":49.0,"turns":3.0},{"damage":0.0,"enemies":"downfall:Watcher","floor":50.0,"turns":4.0},{"damage":0.0,"enemies":"Lagavulin","floor":53.0,"turns":1.0},{"damage":0.0,"enemies":"Jaw Worm","floor":54.0,"turns":1.0},{"damage":0.0,"enemies":"2 Louse","floor":57.0,"turns":1.0},{"damage":0.0,"enemies":"Cultist","floor":59.0,"turns":2.0},{"damage":0.0,"enemies":"Exordium Wildlife","floor":63.0,"turns":3.0},{"damage":0.0,"enemies":"Large Slime","floor":64.0,"turns":1.0},{"damage":0.0,"enemies":"The Mushroom Lair","floor":65.0,"turns":1.0},{"damage":0.0,"enemies":"2 Fungi Beasts","floor":66.0,"turns":2.0},{"damage":0.0,"enemies":"Slime Boss","floor":67.0,"turns":2.0},{"damage":0.0,"enemies":"Shell Parasite","floor":70.0,"turns":3.0},{"damage":0.0,"enemies":"3 Cultists","floor":71.0,"turns":2.0},{"damage":0,"enemies":"Snecko","floor":74,"turns":2},{"damage":0,"enemies":"Book of Stabbing","floor":75,"turns":2},{"damage":0,"enemies":"Cultist and Chosen","floor":77,"turns":2},{"damage":0,"enemies":"Gremlin Leader","floor":78,"turns":2},{"damage":0,"enemies":"Centurion and Healer","floor":81,"turns":2},{"damage":10,"enemies":"Snake Plant","floor":82,"turns":2},{"damage":0,"enemies":"Shelled Parasite and Fungi","floor":83,"turns":2},{"damage":0,"enemies":"Automaton","floor":84,"turns":3},{"damage":0,"enemies":"Orb Walker","floor":89,"turns":1}],"seed_played":"4429225748891407833","potions_obtained":[{"floor":3.0,"key":"Explosive Potion"},{"floor":8.0,"key":"ColorlessPotion"},{"floor":11.0,"key":"DistilledChaos"},{"floor":19.0,"key":"Dexterity Potion"},{"floor":26.0,"key":"Swift Potion"},{"floor":31.0,"key":"DistilledChaos"},{"floor":33.0,"key":"Guardian:BlockOnCardUsePotion"},{"floor":40.0,"key":"FearPotion"}],"is_trial":true,"path_per_floor":["R","E","M","R","?","$","T","M","R","M","M","?","M","?","M","B",null,"R","M","M","?","M","M","T","R","E","R","$","?","?","M","M","B",null,"R","M","$","M","M","E","T","R","M","R","M","?","M","?","M","B",null,"R","E","M","R","?","M","T","M","?","R","$","M","M","?","M","B",null,"R","M","M","?","$","M","E","R","M","E","?","?","M","M","M","B",null,"R","$","R","M"],"character_chosen":"GUARDIAN","items_purchased":["Chemical X","Guardian:Gem_White","hexamod:BolsterEngine","Vajra","ClockworkSouvenir","Singing Bowl","Anchor","OrangePellets"],"campfire_rested":4,"item_purchase_floors":[6,6,28,28,62,73,73,87],"current_hp_per_floor":[80,80,80,80,80,80,80,80,80,80,76,52,52,52,52,40,80,80,78,80,65,57,54,54,54,43,43,43,43,43,43,47,53,85,85,81,81,85,83,85,85,95,95,95,95,93,95,95,95,95,95,95,95,95,95,95,95,95,95,95,95,95,95,95,95,95,95,95,95,95,95,95,95,99,103,103,107,111,111,111,117,111,123,131,131,131,131,131,131,131],"gold":146,"neow_bonus":"","is_daily":false,"chose_seed":false,"campfire_upgraded":11,"win_rate":0.0,"timestamp":1608026859,"path_taken":["R","E","M","R","?","$","T","M","R","M","M","?","M","?","M","BOSS","R","M","M","?","M","M","T","R","E","R","$","?","?","M","M","BOSS","R","M","$","M","M","E","T","R","M","R","?","?","M","?","M","BOSS","R","E","M","R","?","M","T","M","?","R","$","M","M","?","M","BOSS","R","M","M","?","$","M","E","R","M","E","?","?","M","M","M","BOSS","R","$","R","M"],"items_purchased_type":["Relic","Card","Relic","Relic","Relic","Relic","Relic","Relic"],"build_version":"2020-12-13","purchased_purges":4,"victory":false,"max_hp_per_floor":[80,80,80,80,80,80,80,80,80,80,80,80,80,80,80,80,80,80,80,80,85,85,85,85,85,85,85,85,85,85,85,85,85,85,85,85,85,85,85,85,85,95,95,95,95,95,95,95,95,95,95,95,95,95,95,95,95,95,95,95,95,95,95,95,95,95,95,95,95,95,95,95,95,99,103,103,107,111,111,111,117,121,127,131,131,131,131,131,131,131],"card_choices":[{"not_picked":["Guardian:Incinerate","Guardian:Clone+1"],"picked":"Guardian:StasisEngine","floor":2.0},{"not_picked":["Guardian:Gem_Yellow","Guardian:Reroute"],"picked":"Guardian:MultiBeam","floor":3.0},{"not_picked":["Guardian:Incinerate","Guardian:Reroute"],"picked":"Guardian:ShieldCharger+1","floor":6.0},{"not_picked":["Guardian:Preprogram+1","Guardian:Incinerate"],"picked":"Guardian:Gem_Crimson","floor":8.0},{"not_picked":["Guardian:ChargeCore","Guardian:Gem_White"],"picked":"Guardian:DecasProtection+1","floor":8.0},{"not_picked":["Guardian:Planning+1","Guardian:Gem_Purple"],"picked":"Guardian:PrimingBeam","floor":10.0},{"not_picked":["Guardian:TimeSifter","Guardian:TemporalStrike"],"picked":"Guardian:Gem_Cyan","floor":10.0},{"not_picked":["Guardian:SpikerProtocol","Guardian:ArmoredProtocol"],"picked":"Guardian:Gem_Cyan","floor":11.0},{"not_picked":["Guardian:RollAttack","Guardian:VentSteam+1","Guardian:CrystalBeam"],"picked":"SKIP","floor":11.0},{"not_picked":["Guardian:TimeCapacitor","Guardian:PiercingHide+1"],"picked":"Guardian:StasisField+1","floor":13.0},{"not_picked":["Guardian:SpikerProtocol","Guardian:VentSteam+1","Guardian:Gem_Cyan"],"picked":"SKIP","floor":13.0},{"not_picked":["Guardian:TemporalShield+1","Guardian:TemporalStrike"],"picked":"Guardian:Reroute","floor":15.0},{"not_picked":["Guardian:ChargeCore","Guardian:Gem_Cyan","Guardian:RollAttack"],"picked":"SKIP","floor":15.0},{"not_picked":["Guardian:Gem_Synthetic","Guardian:BaubleBeam"],"picked":"Guardian:ExploitGems+1","floor":16.0},{"not_picked":["Guardian:ChargeCore","Guardian:TemporalStrike","Guardian:PolyBeam"],"picked":"SKIP","floor":19.0},{"not_picked":["Guardian:BronzeArmor+1","Guardian:Recover+1","Guardian:Gem_Red"],"picked":"SKIP","floor":19.0},{"not_picked":["Guardian:ChargeCore","Guardian:TemporalStrike","Guardian:PolyBeam"],"picked":"SKIP","floor":19.0},{"not_picked":["Guardian:BronzeArmor+1","Guardian:Recover+1","Guardian:Gem_Red"],"picked":"SKIP","floor":19.0},{"not_picked":["Guardian:Incinerate+1","Guardian:FuturePlans"],"picked":"Guardian:Gem_Red","floor":20.0},{"not_picked":["Guardian:Gem_Lightblue","Guardian:FloatingOrbs","Guardian:GuardianWhirl"],"picked":"SKIP","floor":20.0},{"not_picked":["Guardian:ChargeUp+1","Guardian:WalkerClaw","Guardian:CrystalBeam"],"picked":"SKIP","floor":22.0},{"not_picked":["Guardian:Planning+1","Guardian:BronzeArmor+1","Guardian:FuturePlans+1"],"picked":"SKIP","floor":22.0},{"not_picked":["Guardian:Planning+1","Guardian:FuturePlans+1"],"picked":"Guardian:BronzeArmor+1","floor":22.0},{"not_picked":["Guardian:ChargeUp+1","Guardian:WalkerClaw","Guardian:CrystalBeam"],"picked":"SKIP","floor":22.0},{"not_picked":["Guardian:Gem_Cyan","Guardian:Gem_Red"],"picked":"Guardian:Gem_Blue","floor":23.0},{"not_picked":["Guardian:TemporalStrike+1","Guardian:Gem_Lightblue"],"picked":"Guardian:AncientConstruct","floor":23.0},{"not_picked":["Guardian:Reroute","Guardian:Recover+1","Guardian:ShieldCharger+1"],"picked":"SKIP","floor":26.0},{"not_picked":["Guardian:Gem_Yellow","Guardian:TemporalShield+1"],"picked":"Guardian:PrismaticBeam","floor":31.0},{"not_picked":["Guardian:ShieldSpikes+1","Guardian:Preprogram+1","Guardian:Incinerate"],"picked":"SKIP","floor":31.0},{"not_picked":["Guardian:Suspension+1","Guardian:Gem_Green","Guardian:ShieldSpikes+1"],"picked":"SKIP","floor":32.0},{"not_picked":["Guardian:Reroute","Guardian:SpikerProtocol+1","Guardian:ShieldCharger+1"],"picked":"SKIP","floor":32.0},{"not_picked":["Guardian:BaubleBeam","Guardian:CompilePackage+1"],"picked":"Guardian:ExploitGems+1","floor":33.0},{"not_picked":["Guardian:RollAttack","Guardian:Suspension+1","Guardian:SentryBeam+1"],"picked":"SKIP","floor":36.0},{"not_picked":["Guardian:Recover+1","Guardian:Planning+1","Guardian:RollAttack+1"],"picked":"SKIP","floor":36.0},{"not_picked":["Guardian:PrismaticBarrier+1","Guardian:PiercingHide+1","Guardian:MultiBeam"],"picked":"SKIP","floor":38.0},{"not_picked":["Guardian:Suspension+1","Guardian:Reroute","Guardian:Gem_Lightblue"],"picked":"SKIP","floor":38.0},{"not_picked":["Guardian:ChargeCore","Guardian:VentSteam+1","Guardian:CrystalBeam"],"picked":"SKIP","floor":39.0},{"not_picked":["Guardian:BronzeArmor+1","Guardian:Suspension+1","Guardian:Gem_Yellow"],"picked":"SKIP","floor":39.0},{"not_picked":["Guardian:CrystalBeam+1","Guardian:PiercingHide+1"],"picked":"Guardian:PrismaticBarrier+1","floor":40.0},{"not_picked":["Guardian:FloatingOrbs","Guardian:Gem_Lightblue"],"picked":"Guardian:ExploitGems+1","floor":43.0},{"not_picked":["Guardian:RollAttack+1","Guardian:WalkerClaw+1"],"picked":"Guardian:Gem_Fragmented","floor":43.0},{"not_picked":["Guardian:Preprogram+1","Guardian:TemporalShield+1"],"picked":"Guardian:Gem_Cyan","floor":45.0},{"not_picked":["Guardian:VentSteam+1","Guardian:SpikerProtocol+1","Guardian:Incinerate+1"],"picked":"SKIP","floor":45.0},{"not_picked":["Guardian:Recover+1","Guardian:ChargeUp+1"],"picked":"Guardian:Gem_Red","floor":46.0},{"not_picked":["Guardian:VentSteam+1","Guardian:Recover+1","Guardian:TemporalStrike+1"],"picked":"SKIP","floor":47.0},{"not_picked":["Guardian:BronzeOrb+1","Guardian:Planning+1","Guardian:BronzeArmor+1"],"picked":"SKIP","floor":47.0},{"not_picked":["Guardian:ChargeCore","Guardian:CrystalBeam+1"],"picked":"Guardian:Gem_Blue","floor":48.0},{"not_picked":["Guardian:FloatingOrbs+1","Guardian:Orbwalk+1"],"picked":"Guardian:TimeCapacitor+1","floor":49.0},{"not_picked":["Guardian:ShieldSpikes+1","Guardian:Recover+1","Guardian:SphericShield+1"],"picked":"SKIP","floor":49.0},{"not_picked":["Guardian:AncientConstruct","Guardian:ExploitGems+1"],"picked":"Guardian:StasisStrike","floor":50.0},{"not_picked":["Guardian:ShieldCharger+1","Guardian:ShieldSpikes+1","Guardian:CrystalBeam"],"picked":"SKIP","floor":53.0},{"not_picked":["Guardian:Gem_Lightblue","Guardian:Planning+1","Guardian:Gem_Blue"],"picked":"SKIP","floor":54.0},{"not_picked":["Guardian:StasisEngine","Guardian:MultiBeam","Guardian:Gem_Red"],"picked":"SKIP","floor":54.0},{"not_picked":["Guardian:PolyBeam","Guardian:Reroute"],"picked":"Guardian:Gem_Green","floor":57.0},{"not_picked":["Guardian:MultiBeam","Guardian:BronzeArmor+1","Guardian:Gem_Purple"],"picked":"SKIP","floor":57.0},{"not_picked":["Guardian:Gem_Lightblue","Guardian:Planning+1"],"picked":"Guardian:FierceBash","floor":59.0},{"not_picked":["Guardian:Emergency+1","Guardian:EvasiveProtocol","Guardian:VentSteam+1"],"picked":"SKIP","floor":59.0},{"not_picked":["Guardian:Gem_Green","Guardian:WalkerClaw"],"picked":"Guardian:Gem_Red","floor":63.0},{"not_picked":["Guardian:RollAttack","Guardian:PrimingBeam","Guardian:Gem_Cyan"],"picked":"SKIP","floor":63.0},{"not_picked":["Guardian:ShieldCharger+1","Guardian:WalkerClaw"],"picked":"Guardian:GemFinder","floor":64.0},{"not_picked":["Guardian:PrimingBeam","Guardian:TemporalStrike"],"picked":"Guardian:Gem_Fragmented","floor":64.0},{"not_picked":["Guardian:Gem_Green","Guardian:Gem_Cyan"],"picked":"Guardian:Gem_Red","floor":66.0},{"not_picked":["Guardian:RefractedBeam","Guardian:TemporalShield+1","Guardian:TimeBomb+1"],"picked":"SKIP","floor":66.0},{"not_picked":["Guardian:Recover+1","Guardian:WalkerClaw","Guardian:PiercingHide+1"],"picked":"SKIP","floor":66.0},{"not_picked":["Guardian:Gem_Green","Guardian:Gem_Lightblue"],"picked":"Guardian:Gem_Red","floor":67.0},{"not_picked":["Guardian:VentSteam+1","Guardian:TimeBomb+1","Guardian:Gem_Crimson"],"picked":"SKIP","floor":70.0},{"not_picked":["Guardian:PrismaticBeam","Guardian:DonusPower+1","Guardian:Harden+1"],"picked":"SKIP","floor":70.0},{"not_picked":["Guardian:SpikerProtocol","Guardian:Suspension+1","Guardian:DonusPower+1"],"picked":"SKIP","floor":71.0},{"not_picked":["Guardian:RollAttack+1","Guardian:Gem_Cyan","Guardian:WalkerClaw"],"picked":"SKIP","floor":71.0},{"not_picked":["Guardian:Gem_Green","Guardian:Gem_Cyan","Guardian:Gem_Red"],"picked":"Singing Bowl","floor":74},{"not_picked":["Guardian:CrystalBeam","Guardian:PrimingBeam","Guardian:Gem_Fragmented"],"picked":"Singing Bowl","floor":74},{"not_picked":["Guardian:ShieldCharger+1","Guardian:DecasProtection+1"],"picked":"Guardian:CompilePackage+1","floor":74},{"not_picked":["Guardian:Gem_Cyan","Guardian:Gem_Lightblue","Guardian:Gem_Green"],"picked":"Singing Bowl","floor":75},{"not_picked":["Guardian:ChargeUp+1","Guardian:Planning+1","Guardian:Gem_Fragmented"],"picked":"Singing Bowl","floor":75},{"not_picked":["Guardian:ChargeUp+1","Guardian:TemporalShield+1","Guardian:ArmoredProtocol"],"picked":"Singing Bowl","floor":77},{"not_picked":["Guardian:ChargeCore","Guardian:Gem_Fragmented","Guardian:Recover+1"],"picked":"Singing Bowl","floor":77},{"not_picked":["Guardian:Gem_Green","Guardian:Gem_Lightblue","Guardian:Gem_Red"],"picked":"Singing Bowl","floor":78},{"not_picked":["Guardian:WalkerClaw+1","Guardian:Gem_Blue","Guardian:Emergency+1"],"picked":"Singing Bowl","floor":78},{"not_picked":["Guardian:Gem_Lightblue","Guardian:Gem_Red","Guardian:Gem_Cyan"],"picked":"Singing Bowl","floor":81},{"not_picked":["Guardian:EvasiveProtocol","Guardian:Incinerate","Guardian:Reroute+1"],"picked":"Singing Bowl","floor":81},{"not_picked":["Guardian:RollAttack","Guardian:WalkerClaw","Guardian:BaubleBeam"],"picked":"Singing Bowl","floor":81},{"not_picked":["Guardian:ShieldCharger+1","Guardian:EvasiveProtocol","Guardian:PrismaticBarrier+1"],"picked":"Singing Bowl","floor":82},{"not_picked":["Guardian:ShieldCharger+1","Guardian:Gem_Red","Guardian:PrismaticBarrier+1"],"picked":"Singing Bowl","floor":82},{"not_picked":["Guardian:Gem_Lightblue","Guardian:Gem_Cyan","Guardian:Gem_Red"],"picked":"Singing Bowl","floor":83},{"not_picked":["Guardian:Incinerate","Guardian:BronzeArmor+1","Guardian:TemporalStrike+1"],"picked":"Singing Bowl","floor":83},{"not_picked":["Guardian:Gem_Green","Guardian:RollAttack","Guardian:Gem_Lightblue"],"picked":"Singing Bowl","floor":83},{"not_picked":["Guardian:Gem_Lightblue","Guardian:Gem_Green","Guardian:Gem_Red"],"picked":"Singing Bowl","floor":84},{"not_picked":["Guardian:TimeSifter","Guardian:FastForward+1","Guardian:CompilePackage+1"],"picked":"Singing Bowl","floor":84}],"player_experience":1467510,"relics_obtained":[{"floor":2.0,"key":"Toxic Egg 2"},{"floor":7.0,"key":"Oddly Smooth Stone"},{"floor":24.0,"key":"Guardian:PocketSentry"},{"floor":26.0,"key":"Happy Flower"},{"floor":40.0,"key":"Guardian:SackOfGems"},{"floor":46.0,"key":"FossilizedHelix"},{"floor":48.0,"key":"champ:DuelingGlove"},{"floor":58.0,"key":"Eternal Feather"},{"floor":65.0,"key":"Odd Mushroom"}],"event_choices":[{"damage_healed":0.0,"max_hp_gain":0.0,"max_hp_loss":0.0,"gold_gain":0.0,"event_name":"Ghosts","player_choice":"Ignored","floor":29.0,"gold_loss":0.0,"damage_taken":0.0},{"cards_removed":["Regret"],"damage_healed":0.0,"max_hp_gain":0.0,"max_hp_loss":0.0,"gold_gain":0.0,"event_name":"Bonfire Elementals","player_choice":"Offered Curse","floor":30.0,"gold_loss":0.0,"damage_taken":0.0,"relics_obtained":["Spirit Poop"]},{"damage_healed":0.0,"max_hp_gain":0.0,"max_hp_loss":0.0,"gold_gain":0.0,"event_name":"Mysterious Sphere","player_choice":"Fight","floor":46.0,"gold_loss":0.0,"damage_taken":0.0},{"damage_healed":0.0,"max_hp_gain":0.0,"max_hp_loss":0.0,"gold_gain":0.0,"event_name":"Mushrooms","player_choice":"Fought Mushrooms","floor":65.0,"gold_loss":0.0,"damage_taken":0.0},{"damage_healed":0,"gold_gain":0,"player_choice":"Ignored","damage_taken":0,"max_hp_gain":0,"max_hp_loss":0,"event_name":"Vampires","floor":79,"gold_loss":0},{"cards_removed":["Guardian:FierceBash"],"damage_healed":0,"gold_gain":0,"player_choice":"Elegance","damage_taken":0,"max_hp_gain":0,"max_hp_loss":0,"event_name":"Back to Basics","floor":80,"gold_loss":0}],"is_beta":false,"boss_relics":[{"not_picked":["Guardian:StasisSlotReductionRelic","Busted Crown"],"picked":"Empty Cage"},{"not_picked":["SacredBark","Calling Bell"],"picked":"Pandora\u0027s Box"},{"not_picked":["Astrolabe","Runic Dome"],"picked":"sneckomod:SneckoTalon"},{"not_picked":["Runic Dome","Snecko Eye"],"picked":"SlaversCollar"},{"not_picked":["Coffee Dripper","Guardian:StasisSlotReductionRelic"],"picked":"Runic Pyramid"}],"items_purged_floors":[6,37,62,73],"is_endless":true,"potions_floor_spawned":[3,8,11,13,16,19,20,26,31,33,36,40,46,47,49,54,57,59,66,67,71,75],"killed_by":"Orb Walker","ascension_level":0}}