{"host":"k4e6oxvdzzmkrew5","time":1608051783,"event":{"mods":["AchievementEnabler","BaseMod","BetterRewards","Clawfect","Colored Map","Custom Start","Highlight Path","Minty Spire (QoL Compilation)","Permanent Neow","Remove Card Discount Mod","StSLib","Unceasing Turn Reminder"],"gold_per_floor":[118,20,20,33,46,46,46,21,21,41,71,146,146,160,160,256,306,324,335,349,362,362,389,401,401,401,429,27,27,27,47,47,152,152,162,173,173,0,0,0,19,19,73,73,73],"floor_reached":44,"playtime":3077,"items_purged":["Defend_B","Decay"],"score":473,"play_id":"06c87a7c-b4a0-44d3-a6c3-2675aace09e3","local_time":"20201215110303","is_ascension_mode":false,"campfire_choices":[{"data":"Coolheaded","floor":6,"key":"SMITH"},{"floor":15,"key":"REST"},{"floor":25,"key":"REST"},{"floor":29,"key":"RECALL"},{"data":"Lockon","floor":32,"key":"SMITH"},{"data":"Machine Learning","floor":40,"key":"SMITH"}],"circlet_count":0,"master_deck":["Gash","Gash","Gash","Gash+1","Gash","Defend_B+1","Defend_B+1","Defend_B+1","Defend_B+1","Clawfect:Clawter+1","Flash of Steel","Coolheaded+1","Clawfect:ClawForTheEyes","Clawfect:ClawLightning","Clawfect:ClawSnap","FTL","Aggregate","Machine Learning+1","Clawfect:ClawLightning","Clawfect:ClawLightning","Clawfect:ClawAndGloom","Clawfect:Clawrage","Lockon+1","Clawfect:ScrapingClaw+1","Clawfect:ClawAndTear","Clawfect:ClawAndGloom","Deep Breath","Capacitor","Echo Form","Clawfect:ScrapingClaw+1","Clawfect:ClawCell","Normality"],"relics":["Black Star","Kunai","Pen Nib","Centennial Puzzle","Tiny House","Omamori","Blood Vial","Art of War","Bottled Flame","Eternal Feather","Cursed Key","Red Mask","WarpedTongs","Happy Flower"],"acts_visited":["Exordium","TheCity","TheBeyond"],"potions_floor_usage":[11,19,20,21,23,31,33,35],"damage_taken":[{"damage":4,"enemies":"Jaw Worm","floor":1,"turns":4},{"damage":0,"enemies":"Cultist","floor":4,"turns":3},{"damage":0,"enemies":"Small Slimes","floor":5,"turns":4},{"damage":19,"enemies":"Gremlin Gang","floor":10,"turns":4},{"damage":6,"enemies":"3 Sentries","floor":11,"turns":4},{"damage":4,"enemies":"Blue Slaver","floor":14,"turns":3},{"damage":21,"enemies":"Hexaghost","floor":16,"turns":5},{"damage":0,"enemies":"Spheric Guardian","floor":18,"turns":2},{"damage":8,"enemies":"3 Byrds","floor":19,"turns":3},{"damage":21,"enemies":"Centurion and Healer","floor":20,"turns":3},{"damage":13,"enemies":"Sentry and Sphere","floor":21,"turns":3},{"damage":4,"enemies":"Book of Stabbing","floor":23,"turns":3},{"damage":10,"enemies":"3 Cultists","floor":24,"turns":4},{"damage":11,"enemies":"Gremlin Leader","floor":27,"turns":3},{"damage":17,"enemies":"Centurion and Healer","floor":31,"turns":3},{"damage":19,"enemies":"Collector","floor":33,"turns":4},{"damage":21,"enemies":"3 Darklings","floor":35,"turns":3},{"damage":8,"enemies":"Orb Walker","floor":36,"turns":3},{"damage":18,"enemies":"Maw","floor":41,"turns":4},{"damage":75,"enemies":"Nemesis","floor":44,"turns":5}],"seed_played":"3908069496055262386","potions_obtained":[{"floor":5,"key":"FearPotion"},{"floor":10,"key":"LiquidBronze"},{"floor":14,"key":"Explosive Potion"},{"floor":17,"key":"EssenceOfDarkness"},{"floor":19,"key":"FearPotion"},{"floor":20,"key":"PowerPotion"},{"floor":27,"key":"ColorlessPotion"},{"floor":33,"key":"Explosive Potion"},{"floor":36,"key":"FocusPotion"}],"is_trial":false,"path_per_floor":["M","$","?","M","M","R","?","$","T","M","E","?","?","M","R","B",null,"M","M","M","M","?","E","M","R","T","E","$","R","?","M","R","B",null,"M","M","?","?","?","R","M","?","T","E"],"character_chosen":"DEFECT","items_purchased":["Flash of Steel","Clawfect:ClawLightning","Eternal Feather","Clawfect:ClawAndGloom","Deep Breath"],"campfire_rested":2,"item_purchase_floors":[2,8,28,28,28],"current_hp_per_floor":[71,71,71,71,71,71,71,71,71,52,46,35,35,31,53,32,80,80,72,51,38,38,34,26,50,50,41,41,56,56,41,56,39,80,59,53,73,73,78,80,62,62,62,0,0],"gold":73,"neow_bonus":"BOSS_RELIC","is_daily":false,"chose_seed":false,"campfire_upgraded":3,"win_rate":0.0,"timestamp":1608051783,"path_taken":["M","$","?","?","M","R","?","$","T","?","E","?","?","M","R","BOSS","M","M","M","M","?","E","M","R","T","E","$","R","?","?","R","BOSS","M","M","?","?","?","R","?","?","T","E"],"items_purchased_type":["Card","Card","Relic","Card","Card"],"build_version":"2020-12-13","purchased_purges":2,"victory":false,"max_hp_per_floor":[75,75,75,75,75,75,75,75,75,75,75,75,75,75,75,75,80,80,80,80,80,80,80,80,80,80,80,80,80,80,80,80,80,80,80,80,80,80,80,80,80,80,80,80,80],"card_choices":[{"not_picked":["Redo","Steam Power"],"picked":"Clawfect:Clawter","floor":1},{"not_picked":["Leap","Storm"],"picked":"Coolheaded","floor":4},{"not_picked":["Turbo","FTL"],"picked":"Clawfect:ClawForTheEyes","floor":5},{"not_picked":["Stack","Clawfect:ClawCell"],"picked":"Clawfect:ClawSnap","floor":10},{"not_picked":["Multi-Cast","Gash"],"picked":"FTL","floor":11},{"not_picked":["Skim","Chill"],"picked":"Aggregate","floor":14},{"not_picked":["Fission","Core Surge"],"picked":"Machine Learning","floor":16},{"not_picked":["Clawfect:Clawter","Double Energy"],"picked":"Clawfect:ClawLightning","floor":17},{"not_picked":["Gash","Chill"],"picked":"Clawfect:ClawLightning","floor":18},{"not_picked":["Rebound","Conserve Battery"],"picked":"Gash","floor":19},{"not_picked":["Reboot","Steam+1"],"picked":"Clawfect:ClawAndGloom","floor":20},{"not_picked":["Sunder","Coolheaded"],"picked":"Clawfect:Clawrage","floor":21},{"not_picked":["Recycle+1","Double Energy+1"],"picked":"Lockon","floor":23},{"not_picked":["Redo","FTL+1"],"picked":"Clawfect:ScrapingClaw+1","floor":24},{"not_picked":["Conserve Battery","Coolheaded"],"picked":"Clawfect:ClawAndTear","floor":27},{"not_picked":["Conserve Battery","Coolheaded"],"picked":"Capacitor","floor":31},{"not_picked":["Thunder Strike","Core Surge"],"picked":"Echo Form","floor":33},{"not_picked":["Coolheaded","Undo","Leap+1"],"picked":"SKIP","floor":35},{"not_picked":["Clawfect:ClawForTheEyes+1","FTL"],"picked":"Clawfect:ScrapingClaw+1","floor":36},{"not_picked":["Clawfect:ClawForTheEyes","Clawfect:ClawLightning+1"],"picked":"Clawfect:ClawCell","floor":41}],"player_experience":118501,"relics_obtained":[{"floor":9,"key":"Kunai"},{"floor":11,"key":"Pen Nib"},{"floor":11,"key":"Centennial Puzzle"},{"floor":23,"key":"Omamori"},{"floor":23,"key":"Blood Vial"},{"floor":27,"key":"Art of War"},{"floor":27,"key":"Bottled Flame"},{"floor":43,"key":"Happy Flower"}],"event_choices":[{"damage_healed":0,"gold_gain":0,"player_choice":"Upgraded","damage_taken":0,"max_hp_gain":0,"max_hp_loss":0,"event_name":"Upgrade Shrine","floor":3,"gold_loss":0,"cards_upgraded":["Clawfect:Clawter"]},{"cards_removed":["Doubt"],"damage_healed":0,"gold_gain":0,"player_choice":"Took Card","damage_taken":0,"max_hp_gain":0,"max_hp_loss":0,"event_name":"NoteForYourself","floor":7,"gold_loss":0,"cards_obtained":["Doubt"]},{"damage_healed":0,"gold_gain":75,"player_choice":"Gather Gold","damage_taken":11,"max_hp_gain":0,"max_hp_loss":0,"event_name":"World of Goop","floor":12,"gold_loss":0},{"damage_healed":0,"gold_gain":0,"player_choice":"Ignored","damage_taken":0,"max_hp_gain":0,"max_hp_loss":0,"event_name":"Golden Wing","floor":13,"gold_loss":0},{"damage_healed":0,"gold_gain":0,"player_choice":"Smashed Altar","damage_taken":0,"max_hp_gain":0,"max_hp_loss":0,"event_name":"Forgotten Altar","floor":22,"gold_loss":0,"cards_obtained":["Decay"]},{"damage_healed":0,"gold_gain":0,"player_choice":"Simplicity","damage_taken":0,"max_hp_gain":0,"max_hp_loss":0,"event_name":"Back to Basics","floor":30,"gold_loss":0,"cards_upgraded":["Defend_B","Defend_B","Defend_B","Defend_B"]},{"damage_healed":20,"gold_gain":0,"player_choice":"Writhe","damage_taken":0,"max_hp_gain":0,"max_hp_loss":0,"event_name":"Winding Halls","floor":37,"gold_loss":0,"cards_obtained":["Writhe"]},{"damage_healed":0,"gold_gain":0,"player_choice":"Paid","damage_taken":0,"relics_obtained":["Red Mask"],"max_hp_gain":0,"max_hp_loss":0,"event_name":"Tomb of Lord Red Mask","floor":38,"gold_loss":173},{"cards_removed":["Gash"],"damage_healed":5,"gold_gain":0,"player_choice":"Offered Common","damage_taken":0,"max_hp_gain":0,"max_hp_loss":0,"event_name":"Bonfire Elementals","floor":39,"gold_loss":0},{"cards_removed":["Gash"],"damage_healed":5,"gold_gain":0,"player_choice":"Offered Special","damage_taken":0,"max_hp_gain":0,"max_hp_loss":0,"event_name":"Bonfire Elementals","floor":39,"gold_loss":0},{"damage_healed":0,"gold_gain":0,"player_choice":"Rummage","damage_taken":0,"relics_obtained":["WarpedTongs"],"max_hp_gain":0,"max_hp_loss":0,"event_name":"Accursed Blacksmith","floor":42,"gold_loss":0,"cards_obtained":["Pain"]}],"is_beta":false,"boss_relics":[{"not_picked":["SacredBark","Coffee Dripper"],"picked":"Tiny House"},{"not_picked":["Nuclear Battery","Inserter"],"picked":"Cursed Key"}],"items_purged_floors":[2,28],"is_endless":false,"potions_floor_spawned":[5,10,14,19,20,27,33,36],"killed_by":"Nemesis","ascension_level":0}}