{"host":"6t1lyqu4vs0bu9t8","time":1608029893,"event":{"mods":["AchievementEnabler","BaseMod","Colored Map","Keyboard Shortcuts","Minty Spire (QoL Compilation)","Permanent Neow","Quick Restart","Rare Cards Sparkle","StSLib","SuperFastMode","everything is the same but u backflip on backflip"],"gold_per_floor":[16,30,30,48,48,48,58,233,233,251,271,117,134,134,134,239,239,255,273,273,273,285,285,285,285],"floor_reached":24,"playtime":445,"items_purged":["Doubt"],"score":307,"play_id":"5d630976-4992-444f-b520-1d5c1d92e40c","local_time":"20201215195813","is_ascension_mode":true,"campfire_choices":[{"data":"Dualcast","floor":6.0,"key":"SMITH"},{"data":"Streamline","floor":15.0,"key":"SMITH"},{"data":"Conserve Battery","floor":23.0,"key":"SMITH"}],"circlet_count":0,"master_deck":["AscendersBane","Strike_B","Defend_B","Defend_B","Defend_B","Defend_B","Zap","Dualcast+1","Gash","Sunder","Conserve Battery+1","Rip and Tear","Steam","Hologram","Defragment","Streamline+1","Double Energy+1","Skim+1","Rebound"],"relics":["Cracked Core","Pocketwatch","Letter Opener","Sozu"],"acts_visited":["Exordium","TheCity"],"potions_floor_usage":[],"damage_taken":[{"damage":0.0,"enemies":"Cultist","floor":1.0,"turns":2.0},{"damage":0.0,"enemies":"2 Louse","floor":2.0,"turns":2.0},{"damage":2.0,"enemies":"Jaw Worm","floor":4.0,"turns":3.0},{"damage":2.0,"enemies":"Looter","floor":7.0,"turns":3.0},{"damage":4.0,"enemies":"Gremlin Gang","floor":10.0,"turns":3.0},{"damage":11.0,"enemies":"3 Louse","floor":11.0,"turns":3.0},{"damage":1.0,"enemies":"Exordium Thugs","floor":13.0,"turns":3.0},{"damage":2.0,"enemies":"Slime Boss","floor":16.0,"turns":7.0},{"damage":0.0,"enemies":"Chosen","floor":18.0,"turns":4.0},{"damage":16.0,"enemies":"Shell Parasite","floor":19.0,"turns":4.0},{"damage":0.0,"enemies":"Shelled Parasite and Fungi","floor":20.0,"turns":1.0},{"damage":0.0,"enemies":"Sentry and Sphere","floor":22.0,"turns":3.0},{"damage":52,"enemies":"Book of Stabbing","floor":24,"turns":5}],"seed_played":"-579582211791427705","potions_obtained":[{"floor":2.0,"key":"SpeedPotion"},{"floor":7.0,"key":"FocusPotion"},{"floor":16.0,"key":"SmokeBomb"}],"is_trial":false,"path_per_floor":["M","M","$","M","?","R","M","?","T","M","M","$","M","?","R","B",null,"M","M","M","?","M","R","E"],"character_chosen":"DEFECT","items_purchased":["Defragment"],"campfire_rested":0,"item_purchase_floors":[12],"current_hp_per_floor":[68,68,68,66,63,63,61,61,61,57,46,46,45,45,45,43,67,67,51,51,51,51,51,0,0],"gold":285,"neow_bonus":"TRANSFORM_TWO_CARDS","is_daily":false,"chose_seed":false,"campfire_upgraded":3,"win_rate":0.0,"timestamp":1608029893,"path_taken":["M","M","$","?","?","R","M","?","T","M","M","$","M","?","R","BOSS","M","M","?","?","M","R","E"],"items_purchased_type":["Card"],"build_version":"2020-12-13","purchased_purges":1,"victory":false,"max_hp_per_floor":[75,75,75,75,75,75,75,75,75,75,75,75,75,75,75,75,75,75,75,75,75,75,75,75,75],"card_choices":[{"not_picked":["Redo","Cold Snap","Hologram"],"picked":"SKIP","floor":1.0},{"not_picked":["Scrape","Turbo"],"picked":"Conserve Battery","floor":2.0},{"not_picked":["Hello World","Conserve Battery"],"picked":"Rip and Tear","floor":4.0},{"not_picked":["Turbo","Amplify"],"picked":"Steam","floor":7.0},{"not_picked":["Ball Lightning","Streamline"],"picked":"Hologram","floor":10.0},{"not_picked":["Steam","Recycle","Melter"],"picked":"SKIP","floor":11.0},{"not_picked":["Barrage","Conserve Battery"],"picked":"Streamline","floor":13.0},{"not_picked":["Aggregate","Heatsinks"],"picked":"Double Energy+1","floor":18.0},{"not_picked":["Chill","Compile Driver"],"picked":"Skim","floor":19.0},{"not_picked":["Go for the Eyes+1","Cold Snap"],"picked":"Rebound","floor":22.0}],"player_experience":410481,"relics_obtained":[{"floor":9.0,"key":"Letter Opener"}],"event_choices":[{"damage_healed":0.0,"max_hp_gain":0.0,"max_hp_loss":0.0,"gold_gain":0.0,"event_name":"Scrap Ooze","player_choice":"Success","floor":5.0,"gold_loss":0.0,"damage_taken":3.0,"relics_obtained":["Pocketwatch"]},{"damage_healed":0.0,"max_hp_gain":0.0,"max_hp_loss":0.0,"gold_gain":175.0,"event_name":"Liars Game","player_choice":"AGREE","floor":8.0,"gold_loss":0.0,"damage_taken":0.0,"cards_obtained":["Doubt"]},{"cards_removed":["Strike_B"],"damage_healed":0.0,"max_hp_gain":0.0,"max_hp_loss":0.0,"gold_gain":0.0,"event_name":"Bonfire Elementals","player_choice":"Offered Basic","floor":14.0,"gold_loss":0.0,"damage_taken":0.0},{"damage_healed":0.0,"max_hp_gain":0.0,"max_hp_loss":0.0,"gold_gain":0.0,"event_name":"Upgrade Shrine","player_choice":"Upgraded","floor":21.0,"gold_loss":0.0,"damage_taken":0.0,"cards_upgraded":["Skim"]}],"is_beta":false,"boss_relics":[{"not_picked":["FrozenCore","Runic Dome"],"picked":"Sozu"}],"items_purged_floors":[12],"is_endless":false,"potions_floor_spawned":[2,7,16,19,22],"killed_by":"Book of Stabbing","ascension_level":12}}