{"host":"9d9dhukr2jywmy0f","time":1608059060,"event":{"mods":["2.2 Compatiblity","Alarm Clock","BaseMod","Bestiary","Block Reminder","Colored Map","Colored Powertips","Curses Come First","DeckTracker","Displayed Cursed Tome","Highlight Path","Key Reminder","Keyboard Shortcuts","Minty Spire (QoL Compilation)","MonsterHotkey","Potion Indicator Mod","Quick Restart","RNG Fix","Rare Cards Sparkle","Relic Sorter","Relic Stats","Spire Birthday Party","StSLib","Synergy Search","Unceasing Turn Reminder","Unknown Chances"],"gold_per_floor":[369,384,269,269,285,285,315,315,315,340,340,240,256,50,50,129,129,146,61,61,75,95,95,114,114,114,114,114,114,114,129,129,203,203,219,238,3,15,29,29,29,44,44,44,44,84,84,110,110,110,110,110,110,64,89,89],"floor_reached":57,"playtime":2744,"items_purged":["Strike_R","Strike_R","Strike_R","Strike_R"],"score":2735,"play_id":"65b9fc02-47b0-4f19-92ca-6548654448a9","local_time":"20201216030420","is_ascension_mode":true,"campfire_choices":[{"data":"Body Slam","floor":6.0,"key":"SMITH"},{"data":"Entrench","floor":8.0,"key":"SMITH"},{"data":"Power Through","floor":11.0,"key":"SMITH"},{"data":"Barricade","floor":15.0,"key":"SMITH"},{"data":"Entrench","floor":23.0,"key":"SMITH"},{"data":"Impervious","floor":25.0,"key":"SMITH"},{"data":"Body Slam","floor":28.0,"key":"SMITH"},{"data":"Warcry","floor":32.0,"key":"SMITH"},{"data":"Burning Pact","floor":40.0,"key":"SMITH"},{"data":"Burning Pact","floor":44.0,"key":"SMITH"},{"data":"Havoc","floor":47.0,"key":"SMITH"},{"floor":49.0,"key":"RECALL"},{"data":"Exhume","floor":53.0,"key":"SMITH"}],"circlet_count":0,"master_deck":["AscendersBane","Defend_R","Defend_R","Defend_R","Defend_R","Bash","Shrug It Off","Entrench+1","Body Slam+1","Power Through+1","Shrug It Off","Barricade+1","Impervious+1","Entrench+1","Body Slam+1","Exhume+1","Havoc+1","Burning Pact+1","Burning Pact+1","Bloodletting+1","Havoc+1","Exhume","Shrug It Off"],"relics":["Burning Blood","Odd Mushroom","Nunchaku","Lantern","Coffee Dripper","Mercury Hourglass","Mummified Hand","Runic Pyramid","CeramicFish","Kunai"],"acts_visited":["Exordium","TheCity","TheBeyond","TheEnding"],"potions_floor_usage":[56,56],"damage_taken":[{"damage":2.0,"enemies":"Cultist","floor":1.0,"turns":4.0},{"damage":1.0,"enemies":"2 Louse","floor":2.0,"turns":4.0},{"damage":7.0,"enemies":"Jaw Worm","floor":5.0,"turns":4.0},{"damage":20.0,"enemies":"The Mushroom Lair","floor":7.0,"turns":7.0},{"damage":48.0,"enemies":"Gremlin Nob","floor":10.0,"turns":6.0},{"damage":0.0,"enemies":"Blue Slaver","floor":13.0,"turns":5.0},{"damage":11.0,"enemies":"The Guardian","floor":16.0,"turns":10.0},{"damage":11.0,"enemies":"3 Byrds","floor":18.0,"turns":9.0},{"damage":16.0,"enemies":"Chosen","floor":21.0,"turns":5.0},{"damage":0.0,"enemies":"Snecko","floor":22.0,"turns":7.0},{"damage":6.0,"enemies":"Snake Plant","floor":24.0,"turns":4.0},{"damage":0.0,"enemies":"Centurion and Healer","floor":31.0,"turns":5.0},{"damage":4.0,"enemies":"Automaton","floor":33.0,"turns":6.0},{"damage":26.0,"enemies":"3 Darklings","floor":35.0,"turns":6.0},{"damage":0.0,"enemies":"3 Shapes","floor":36.0,"turns":6.0},{"damage":0.0,"enemies":"3 Darklings","floor":38.0,"turns":5.0},{"damage":0.0,"enemies":"Jaw Worm Horde","floor":39.0,"turns":3.0},{"damage":0.0,"enemies":"Transient","floor":42.0,"turns":5.0},{"damage":0.0,"enemies":"Nemesis","floor":46.0,"turns":5.0},{"damage":0.0,"enemies":"Sphere and 2 Shapes","floor":48.0,"turns":6.0},{"damage":0.0,"enemies":"Awakened One","floor":50.0,"turns":5.0},{"damage":14.0,"enemies":"Donu and Deca","floor":51.0,"turns":7.0},{"damage":0.0,"enemies":"Shield and Spear","floor":55.0,"turns":11.0},{"damage":40,"enemies":"The Heart","floor":56,"turns":8}],"seed_played":"-7089389380903494068","potions_obtained":[{"floor":5.0,"key":"ElixirPotion"},{"floor":10.0,"key":"AttackPotion"},{"floor":13.0,"key":"Fruit Juice"},{"floor":16.0,"key":"Dexterity Potion"},{"floor":21.0,"key":"PowerPotion"},{"floor":22.0,"key":"Block Potion"},{"floor":24.0,"key":"GamblersBrew"},{"floor":31.0,"key":"DuplicationPotion"},{"floor":33.0,"key":"LiquidBronze"},{"floor":39.0,"key":"Energy Potion"},{"floor":42.0,"key":"DuplicationPotion"}],"is_trial":false,"path_per_floor":["M","M","$","?","M","R","?","R","T","E","R","$","M","$","R","B",null,"M","?","$","M","M","R","M","R","T","?","R","?","?","M","R","B",null,"M","M","$","M","M","R","?","M","T","R","?","E","R","M","R","B","B",null,"R","$","E","B",null],"character_chosen":"IRONCLAD","items_purchased":["Entrench","Barricade","Burning Pact","Shrug It Off"],"campfire_rested":0,"item_purchase_floors":[3,14,37,54],"current_hp_per_floor":[68,68,68,73,72,72,58,58,58,16,16,16,27,27,27,22,64,59,59,59,49,55,55,55,55,55,55,55,55,55,61,61,63,74,54,60,60,66,72,72,72,78,78,78,74,74,74,74,74,74,66,72,72,72,74,40],"gold":89,"neow_bonus":"TWO_FIFTY_GOLD","is_daily":false,"chose_seed":false,"campfire_upgraded":12,"win_rate":0.0,"timestamp":1608059060,"path_taken":["M","M","$","?","M","R","?","R","T","E","R","$","?","$","R","BOSS","M","?","?","M","M","R","M","R","T","?","R","?","?","?","R","BOSS","M","M","$","M","M","R","?","M","T","R","?","E","R","M","R","BOSS","BOSS","R","$","E","BOSS"],"items_purchased_type":["Card","Card","Card","Card"],"build_version":"2020-11-30","purchased_purges":4,"victory":true,"max_hp_per_floor":[68,68,68,73,73,73,73,73,73,73,73,73,78,78,78,78,78,78,78,78,78,78,78,78,78,78,78,78,78,78,78,78,78,78,78,78,78,78,78,78,78,78,78,78,74,74,74,74,74,74,74,74,74,74,74,74],"relic_stats":{"Nunchaku":[11],"counters":[24,143],"Mummified Hand":[14],"CeramicFish":27,"Kunai":[0],"obtain_stats":[{"keyreminder:keyreminder":43,"Nunchaku":9,"Lantern":10,"Mummified Hand":26,"CeramicFish":46,"Coffee Dripper":17,"Kunai":55,"Odd Mushroom":7,"Burning Blood":0,"Mercury Hourglass":19,"Runic Pyramid":34},{"keyreminder:keyreminder":18,"Nunchaku":4,"Lantern":5,"Mummified Hand":11,"CeramicFish":19,"Coffee Dripper":7,"Kunai":23,"Odd Mushroom":4,"Burning Blood":0,"Mercury Hourglass":8,"Runic Pyramid":13},{"keyreminder:keyreminder":101,"Nunchaku":19,"Lantern":25,"Mummified Hand":65,"CeramicFish":106,"Coffee Dripper":40,"Kunai":135,"Odd Mushroom":19,"Burning Blood":0,"Mercury Hourglass":49,"Runic Pyramid":76}],"Burning Blood":113,"Mercury Hourglass":[340]},"card_choices":[{"not_picked":["Fire Breathing","Anger","Wild Strike"],"picked":"SKIP","floor":1.0},{"not_picked":["Reckless Charge","Sword Boomerang"],"picked":"Shrug It Off","floor":2.0},{"not_picked":["Twin Strike","Uppercut"],"picked":"Body Slam","floor":5.0},{"not_picked":["Sword Boomerang","Anger"],"picked":"Power Through","floor":7.0},{"not_picked":["Carnage","Reaper","Clothesline"],"picked":"SKIP","floor":10.0},{"not_picked":["Wild Strike","Clash"],"picked":"Shrug It Off","floor":13.0},{"not_picked":["Feed","Corruption"],"picked":"Impervious","floor":16.0},{"not_picked":["Reckless Charge","Carnage+1"],"picked":"Entrench","floor":18.0},{"not_picked":["Clash","Bloodletting+1","Iron Wave"],"picked":"SKIP","floor":21.0},{"not_picked":["Sentinel+1","Rage","Iron Wave"],"picked":"SKIP","floor":22.0},{"not_picked":["Clothesline","Infernal Blade","Blood for Blood"],"picked":"SKIP","floor":24.0},{"not_picked":["Rupture","Blood for Blood","Armaments"],"picked":"SKIP","floor":31.0},{"not_picked":["Juggernaut","Limit Break"],"picked":"Exhume","floor":33.0},{"not_picked":["Shockwave","Armaments+1"],"picked":"Havoc","floor":35.0},{"not_picked":["Flex","Evolve"],"picked":"Burning Pact","floor":36.0},{"not_picked":["Clash","Flex","Combust"],"picked":"SKIP","floor":38.0},{"not_picked":["Pummel","Uppercut","Warcry"],"picked":"SKIP","floor":39.0},{"not_picked":["Carnage","Blood for Blood"],"picked":"Bloodletting+1","floor":42.0},{"not_picked":["Body Slam","Shockwave"],"picked":"Havoc+1","floor":46.0},{"not_picked":["Perfected Strike+1","Wild Strike"],"picked":"Exhume","floor":48.0},{"not_picked":["Power Through","Flame Barrier","Headbutt"],"picked":"SKIP","floor":55.0}],"player_experience":684345,"relics_obtained":[{"floor":7.0,"key":"Odd Mushroom"},{"floor":9.0,"key":"Nunchaku"},{"floor":10.0,"key":"Lantern"},{"floor":26.0,"key":"Mummified Hand"},{"floor":46.0,"key":"CeramicFish"},{"floor":55.0,"key":"Kunai"}],"event_choices":[{"damage_healed":0.0,"max_hp_gain":5.0,"max_hp_loss":0.0,"gold_gain":0.0,"event_name":"Big Fish","player_choice":"Donut","floor":4.0,"gold_loss":0.0,"damage_taken":0.0},{"damage_healed":0.0,"max_hp_gain":0.0,"max_hp_loss":0.0,"gold_gain":0.0,"event_name":"Mushrooms","player_choice":"Fought Mushrooms","floor":7.0,"gold_loss":0.0,"damage_taken":0.0},{"damage_healed":0.0,"max_hp_gain":0.0,"max_hp_loss":0.0,"gold_gain":0.0,"event_name":"Addict","player_choice":"Obtained Relic","floor":19.0,"gold_loss":85.0,"damage_taken":0.0,"relics_obtained":["Mercury Hourglass"]},{"damage_healed":0.0,"max_hp_gain":0.0,"max_hp_loss":0.0,"gold_gain":0.0,"event_name":"The Library","player_choice":"Read","floor":27.0,"gold_loss":0.0,"damage_taken":0.0,"cards_obtained":["Body Slam"]},{"damage_healed":0.0,"max_hp_gain":0.0,"max_hp_loss":0.0,"gold_gain":0.0,"event_name":"Vampires","player_choice":"Ignored","floor":29.0,"gold_loss":0.0,"damage_taken":0.0},{"damage_healed":0.0,"max_hp_gain":0.0,"max_hp_loss":0.0,"gold_gain":0.0,"cards_transformed":["Strike_R"],"event_name":"Transmorgrifier","player_choice":"Transformed","floor":30.0,"gold_loss":0.0,"damage_taken":0.0,"cards_obtained":["Warcry"]},{"cards_removed":["Warcry"],"damage_healed":0.0,"max_hp_gain":0.0,"max_hp_loss":0.0,"gold_gain":0.0,"event_name":"Falling","player_choice":"Removed Skill","floor":41.0,"gold_loss":0.0,"damage_taken":0.0},{"damage_healed":0.0,"max_hp_gain":0.0,"max_hp_loss":4.0,"gold_gain":0.0,"event_name":"Winding Halls","player_choice":"Max HP","floor":45.0,"gold_loss":0.0,"damage_taken":0.0}],"is_beta":false,"boss_relics":[{"not_picked":["Philosopher\u0027s Stone","Cursed Key"],"picked":"Coffee Dripper"},{"not_picked":["SlaversCollar","Sozu"],"picked":"Runic Pyramid"}],"items_purged_floors":[3,12,14,37],"is_endless":false,"potions_floor_spawned":[5,10,13,16,21,22,24,31,33,38,39,42,46],"ascension_level":20}}