{"host":"126yiuos2nq86se7","time":1608000868,"event":{"mods":["AchievementEnabler","Act Like it!","BaseMod","Colored Map","Colored Powertips","Friendly Minions","Highlight Path","Minty Spire (QoL Compilation)","StSLib","SuperFastMode","The Animator","The Hierophant","The Servant 0.9.4"],"gold_per_floor":[216,65,77,77,42,42,72,72,72,86,100,111,111,127,127,222,222,162,162,172,192,212,212,212],"floor_reached":23,"playtime":878,"items_purged":["Dualcast"],"score":203,"play_id":"21c795bf-b15b-4798-a19c-9853d0e255c1","local_time":"20201215135428","is_ascension_mode":true,"campfire_choices":[{"data":"Capacitor","floor":6,"key":"SMITH"},{"data":"Loop","floor":8,"key":"SMITH"},{"floor":13,"key":"REST"},{"data":"Hologram","floor":15,"key":"SMITH"}],"circlet_count":0,"master_deck":["Strike_B","Strike_B","Strike_B","Strike_B","Defend_B","Defend_B","Defend_B","Defend_B","Capacitor+1","Auto Shields","Loop+1","Chill","Hologram+1","Conserve Battery","Defragment","Redo"],"relics":["Cracked Core","Matryoshka","Omamori","Regal Pillow","Busted Crown"],"acts_visited":["Exordium","TheCity"],"potions_floor_usage":[7,7,16,16,23,23,23],"damage_taken":[{"damage":6,"enemies":"Cultist","floor":1,"turns":3},{"damage":0,"enemies":"Jaw Worm","floor":3,"turns":6},{"damage":30,"enemies":"Lagavulin","floor":7,"turns":8},{"damage":0,"enemies":"2 Louse","floor":10,"turns":4},{"damage":2,"enemies":"Gremlin Gang","floor":11,"turns":7},{"damage":0,"enemies":"2 Fungi Beasts","floor":12,"turns":4},{"damage":10,"enemies":"Large Slime","floor":14,"turns":6},{"damage":33,"enemies":"The Guardian","floor":16,"turns":14},{"damage":10,"enemies":"2 Thieves","floor":18,"turns":4},{"damage":0,"enemies":"Chosen","floor":20,"turns":6},{"damage":18,"enemies":"Centurion and Healer","floor":21,"turns":9},{"damage":0,"enemies":"Shelled Parasite and Fungi","floor":22,"turns":15},{"damage":64,"enemies":"Gremlin Leader","floor":23,"turns":9}],"seed_played":"-8939785553296887442","potions_obtained":[{"floor":1,"key":"LiquidMemories"},{"floor":3,"key":"SkillPotion"},{"floor":7,"key":"Strength Potion"},{"floor":14,"key":"Dexterity Potion"},{"floor":20,"key":"EssenceOfDarkness"},{"floor":21,"key":"Regen Potion"},{"floor":22,"key":"GamblersBrew"}],"is_trial":false,"path_per_floor":["M","$","M","?","$","R","E","R","T","M","M","M","R","M","R","B",null,"M","?","M","M","M","E"],"character_chosen":"DEFECT","items_purchased":["Auto Shields","Loop"],"campfire_rested":1,"item_purchase_floors":[2,5],"current_hp_per_floor":[69,69,69,69,69,69,39,39,39,39,37,37,74,64,64,31,75,65,65,65,47,47,0,0],"gold":212,"neow_bonus":"HUNDRED_GOLD","is_daily":false,"chose_seed":false,"campfire_upgraded":3,"win_rate":0.0,"timestamp":1608000868,"path_taken":["M","$","?","?","$","R","E","R","T","M","M","M","R","M","R","BOSS","M","?","M","?","M","E"],"items_purchased_type":["Card","Card"],"build_version":"2020-12-13","purchased_purges":1,"victory":false,"max_hp_per_floor":[75,75,75,75,75,75,75,75,75,75,75,75,75,75,75,75,75,75,75,75,75,75,75,75],"card_choices":[{"not_picked":["Barrage","Compile Driver"],"picked":"Capacitor","floor":1},{"not_picked":["Go for the Eyes","Reprogram","Compile Driver"],"picked":"SKIP","floor":3},{"not_picked":["Heatsinks","All For One"],"picked":"Chill","floor":7},{"not_picked":["Coolheaded","Sunder"],"picked":"Hologram","floor":10},{"not_picked":["Stack","Storm","Beam Cell"],"picked":"SKIP","floor":11},{"not_picked":["Turbo","Chaos"],"picked":"Conserve Battery","floor":12},{"not_picked":["Gash","Reprogram"],"picked":"Defragment","floor":14},{"not_picked":["Compile Driver"],"picked":"SKIP","floor":18},{"not_picked":[],"picked":"Redo","floor":20},{"not_picked":["Rebound"],"picked":"SKIP","floor":21},{"not_picked":["Streamline"],"picked":"SKIP","floor":22}],"player_experience":1591532,"relics_obtained":[{"floor":7,"key":"Matryoshka"},{"floor":9,"key":"Omamori"},{"floor":9,"key":"Regal Pillow"}],"event_choices":[{"cards_removed":["Zap"],"damage_healed":0,"gold_gain":0,"player_choice":"Forget","damage_taken":0,"max_hp_gain":0,"max_hp_loss":0,"event_name":"Living Wall","floor":4,"gold_loss":0},{"damage_healed":0,"gold_gain":0,"player_choice":"0 cards matched","damage_taken":0,"max_hp_gain":0,"max_hp_loss":0,"event_name":"Match and Keep!","floor":19,"gold_loss":0,"cards_obtained":[]}],"is_beta":false,"boss_relics":[{"not_picked":["Runic Dome","Nuclear Battery"],"picked":"Busted Crown"}],"items_purged_floors":[2],"is_endless":false,"potions_floor_spawned":[1,3,7,14,20,21,22],"killed_by":"Gremlin Leader","ascension_level":1}}