{"host":"yw3evqd6vz25gg9c","time":1608017932,"event":{"mods":["2.2 Compatiblity","BaseMod","Custom Start","Downfall","Minty Spire (QoL Compilation)","Replay The Spire","StSLib","slay the spire mod where everything is the same but ironclad has a cowboy hat"],"gold_per_floor":[256,256,60,73,73,86,86,236,236,236,93,93,93,111,111,122,122,152,49,60,160,160,160,160,173,185,198,218,286,286,299,299,299,313,23,34,51,51,51],"floor_reached":38,"playtime":2874,"items_purged":["Slimebound:Icky"],"score":341,"play_id":"09df9481-68de-4f2c-9147-ad3b5eb28c5a","local_time":"20201215003852","is_ascension_mode":false,"campfire_choices":[{"data":"hexamod:Float","floor":5,"key":"SMITH"},{"data":"hexamod:SpectersWail","floor":15,"key":"SMITH"},{"floor":23,"key":"DIG"},{"data":"hexamod:GhostShield","floor":32,"key":"SMITH"}],"circlet_count":0,"master_deck":["hexamod:Strike","hexamod:Strike","hexamod:Strike","hexamod:Strike","hexamod:Defend","hexamod:Defend","hexamod:Defend","hexamod:Defend","hexamod:Sear","hexamod:Float+1","hexamod:Hexaguard","hexamod:SwordOfDarkness","hexamod:GhostOfSpireFuture","hexamod:Hexaguard","hexamod:GhostShield+1","hexamod:ShieldOfDarkness","hexamod:HauntingEcho","hexamod:SpectersWail+1","hexamod:FastForward","hexamod:GhostLash","hexamod:SpectersWail","hexamod:AdvancingGuard","expansioncontent:HyperBeam","hexamod:NightmareStrike","hexamod:ParanormalForm","hexamod:InspiringFlames+1","hexamod:RecurringNightmare","hexamod:SpectersWail","hexamod:SkipABeat","hexamod:GhostShield+1","hexamod:SpectersWail+1","hexamod:GhostLash+1"],"relics":["hexamod:SpiritBrand","ReplayTheSpireMod:Ninjato","InkBottle","Odd Mushroom","Coffee Dripper","Ancient Tea Set","White Beast Statue","Eternal Feather"],"acts_visited":["Exordium","TheCity"],"potions_floor_usage":[3,11,19,21,21,25,28,34,35,35,36,38,38],"damage_taken":[{"damage":0,"enemies":"downfall:FleeingMerchant","floor":3,"turns":5},{"damage":3,"enemies":"2 Louse","floor":4,"turns":2},{"damage":0,"enemies":"Jaw Worm","floor":6,"turns":4},{"damage":0,"enemies":"downfall:FleeingMerchant","floor":11,"turns":4},{"damage":0,"enemies":"Small Slimes","floor":14,"turns":3},{"damage":2,"enemies":"Exordium Wildlife","floor":16,"turns":5},{"damage":7,"enemies":"The Mushroom Lair","floor":18,"turns":2},{"damage":0,"enemies":"downfall:FleeingMerchant","floor":19,"turns":4},{"damage":0,"enemies":"3 Louse","floor":20,"turns":3},{"damage":0,"enemies":"downfall:Watcher","floor":21,"turns":6},{"damage":0,"enemies":"Chosen","floor":24,"turns":1},{"damage":4,"enemies":"Snecko","floor":25,"turns":5},{"damage":26,"enemies":"Shelled Parasite and Fungi","floor":26,"turns":5},{"damage":14,"enemies":"Centurion and Healer","floor":27,"turns":7},{"damage":8,"enemies":"Snecko","floor":28,"turns":4},{"damage":0,"enemies":"3 Cultists","floor":31,"turns":2},{"damage":0,"enemies":"Centurion and Healer","floor":34,"turns":3},{"damage":0,"enemies":"downfall:FleeingMerchant","floor":35,"turns":4},{"damage":0,"enemies":"Cultist and Chosen","floor":36,"turns":4},{"damage":11,"enemies":"Sentry and Sphere","floor":37,"turns":4},{"damage":12,"enemies":"downfall:Silent","floor":38,"turns":6}],"seed_played":"4667100180061443002","potions_obtained":[{"floor":1,"key":"Flashbang"},{"floor":6,"key":"Adrenaline Potion"},{"floor":14,"key":"hexamod:EctoCoolerPotion"},{"floor":16,"key":"Weak Potion"},{"floor":20,"key":"PowerPotion"},{"floor":21,"key":"Dexterity Potion"},{"floor":27,"key":"Reflective Coating"},{"floor":28,"key":"AttackPotion"},{"floor":31,"key":"Explosive Potion"},{"floor":34,"key":"champ:CounterPotion"},{"floor":35,"key":"Guardian:BlockOnCardUsePotion"},{"floor":36,"key":"Weak Potion"},{"floor":37,"key":"SkillPotion"}],"is_trial":false,"path_per_floor":["R","?","$","M","R","M","T","?","PTL","PTL","$","PTL","PTL","M","R","M","?","?","$","M","B",null,"R","M","M","M","M","M","T","?","M","R","?","M","$","M","M","B"],"character_chosen":"THE_SPIRIT","items_purchased":["hexamod:GhostOfSpireFuture","hexamod:Hexaguard","hexamod:GhostShield","hexamod:FastForward","expansioncontent:HyperBeam","Eternal Feather","hexamod:SpectersWail+1"],"campfire_rested":0,"item_purchase_floors":[3,3,3,11,19,35,35],"current_hp_per_floor":[70,70,70,67,67,67,67,67,67,67,67,67,67,67,67,65,70,63,63,63,63,75,75,75,71,45,31,23,23,23,23,23,23,23,23,23,12,0,0],"gold":51,"neow_bonus":"HUNDRED_GOLD","is_daily":false,"chose_seed":false,"campfire_upgraded":3,"win_rate":0.0,"timestamp":1608017932,"path_taken":["R","?","$","M","R","M","T","?","PTL","PTL","?","PTL","PTL","M","R","M","?","?","$","M","BOSS","R","M","M","M","M","M","T","?","M","R","?","M","$","?","M","BOSS"],"items_purchased_type":["Card","Card","Card","Card","Card","Relic","Card"],"build_version":"2020-12-13","purchased_purges":1,"victory":false,"max_hp_per_floor":[70,70,70,70,70,70,70,70,70,70,70,70,70,70,70,70,75,75,75,75,75,75,75,75,75,75,75,75,75,75,75,75,75,75,75,75,75,75,75],"card_choices":[{"not_picked":["hexamod:NightmareGuise","hexamod:GhostShield"],"picked":"hexamod:Hexaguard","floor":1},{"not_picked":["hexamod:RainOfEmbers","hexamod:SearingWound"],"picked":"hexamod:SwordOfDarkness","floor":3},{"not_picked":["hexamod:BacktrackSmack","hexamod:FastForward"],"picked":"hexamod:ShieldOfDarkness","floor":4},{"not_picked":["hexamod:SoulSteal","hexamod:SecondSeal"],"picked":"hexamod:HauntingEcho","floor":6},{"not_picked":["hexamod:HeatMetal","hexamod:SoulSteal"],"picked":"hexamod:SpectersWail","floor":11},{"not_picked":["hexamod:InspiringFlames","hexamod:BacktrackSmack"],"picked":"hexamod:GhostLash","floor":14},{"not_picked":["hexamod:CrushingStance","hexamod:Hexaguard"],"picked":"hexamod:SpectersWail","floor":16},{"not_picked":["hexamod:HauntingEcho","hexamod:PowerFromBeyond"],"picked":"hexamod:AdvancingGuard","floor":19},{"not_picked":["hexamod:RetreatToShadows","hexamod:GhostOfSpirePresent"],"picked":"hexamod:NightmareStrike","floor":20},{"not_picked":["hexamod:VolcanoVisage","hexamod:TimeOfNeed"],"picked":"hexamod:ParanormalForm","floor":21},{"not_picked":["hexamod:ThermalTransfer","hexamod:BacktrackSmack"],"picked":"hexamod:InspiringFlames+1","floor":24},{"not_picked":["hexamod:RainOfEmbers","hexamod:BacktrackSmack","hexamod:GhostOfSpireFuture"],"picked":"SKIP","floor":25},{"not_picked":["hexamod:ThermalTransfer","hexamod:Incineration"],"picked":"hexamod:RecurringNightmare","floor":26},{"not_picked":["hexamod:HeatShield","hexamod:RainOfEmbers"],"picked":"hexamod:SpectersWail","floor":27},{"not_picked":["hexamod:SpectralAdrenaline","hexamod:FifthSeal","hexamod:Firestarter"],"picked":"SKIP","floor":28},{"not_picked":["hexamod:HauntingEcho","hexamod:Hexaguard"],"picked":"hexamod:SkipABeat","floor":31},{"not_picked":["hexamod:ThirdSeal","hexamod:AdvancingGuard+1","hexamod:VolcanoVisage"],"picked":"SKIP","floor":34},{"not_picked":["hexamod:StepThrough+1","hexamod:ShieldOfDarkness","hexamod:BurningTouch"],"picked":"SKIP","floor":35},{"not_picked":["hexamod:EtherealExpedition","hexamod:SpectralAdrenaline","hexamod:BacktrackSmack+1"],"picked":"SKIP","floor":36},{"not_picked":["hexamod:BurningTouch","hexamod:ThirdSeal"],"picked":"hexamod:GhostLash+1","floor":37}],"player_experience":136531,"relics_obtained":[{"floor":1,"key":"ReplayTheSpireMod:Ninjato"},{"floor":7,"key":"InkBottle"},{"floor":18,"key":"Odd Mushroom"},{"floor":23,"key":"Ancient Tea Set"},{"floor":29,"key":"White Beast Statue"}],"event_choices":[{"damage_healed":0,"gold_gain":0,"player_choice":"Donut","damage_taken":0,"max_hp_gain":5,"max_hp_loss":0,"event_name":"Big Fish","floor":17,"gold_loss":0},{"damage_healed":0,"gold_gain":0,"player_choice":"Fought Mushrooms","damage_taken":0,"max_hp_gain":0,"max_hp_loss":0,"event_name":"Mushrooms","floor":18,"gold_loss":0},{"damage_healed":0,"gold_gain":0,"player_choice":"Copied","damage_taken":0,"max_hp_gain":0,"max_hp_loss":0,"event_name":"Duplicator","floor":33,"gold_loss":0,"cards_obtained":["hexamod:GhostShield"]}],"is_beta":false,"boss_relics":[{"not_picked":["Cursed Key","Honey Jar"],"picked":"Coffee Dripper"}],"items_purged_floors":[11],"is_endless":false,"potions_floor_spawned":[6,14,16,20,21,27,28,31,34,35,36,37],"killed_by":"downfall:Silent","ascension_level":0}}