{"host":"df9o10zwd5ba1nc2","time":1608071220,"event":{"mods":["Aspiration","Bard","BaseMod","Beaked The Cultist","Better Altar","Better Match","Better Note","Better Sensory Stone","Better Skull","Better Third Choice","BetterRewards","CCEM","Clawfect","Colored Map","Conspire","Downfall","GifTheSpireLib","Googly Eyes","Halation","Hermit","Highlight Path","Hubris","Hunter ??","Infinite Spire","Jedi Mod","Jorbs\u0027s Wanderer Trilogy","Mad Scientist","Marisa????????","Minty Spire (QoL Compilation)","Permanent Neow","Replay The Spire","Shade Mod","Shop Mod","Spicy Shops","StSLib","Stuff the Spire","The Administrix","The Animator","The Cursed","The Disciple","The Problem Sleuth","The Servant 0.9.4","Unceasing Turn Reminder","everything is the same but u backflip on backflip","slay the spire mod where everything is the same but ironclad has a cowboy hat"],"gold_per_floor":[109,109,159,178,25,42,74,74,99,99,119,19,19,48,48,144,144,161,176,22,22,41,67,84,109,109,123,123,123,141,81,81,178,178,196,196,207,207,207,207,224,224,224],"floor_reached":42,"playtime":3395,"items_purged":["Voices","Replay:Sluggish","Amnesia"],"score":546,"play_id":"51987d8e-d9cd-43de-9a3e-455c2466cf03","local_time":"20201215172700","is_ascension_mode":false,"campfire_choices":[{"data":"hubris:Counter","floor":8.0,"key":"SMITH"},{"data":"Neutralize","floor":15.0,"key":"SMITH"},{"data":"infinitespire:UltimateForm","floor":32,"key":"SMITH"},{"data":"Adrenaline","floor":32,"key":"SMITH"},{"data":"infinitespire:Starlight","floor":40,"key":"SMITH"},{"data":"Defend_G","floor":40,"key":"SMITH"}],"circlet_count":0,"master_deck":["Strike_G","Strike_G","Strike_G","Strike_G","Defend_G","Defend_G+1","Defend_G","Defend_G","Survivor","Neutralize+1","ReplayTheSpireMod:Tripwire","Adrenaline+1","Backflip","StuffTheSpire:BumpUp","Fluid Movement+1","hubris:Counter+1","Noxious Fumes","Bane","StuffTheSpire:ClusterCrunch","expansioncontent:Collect","Dodge and Roll","A Thousand Cuts","jedi:pocketpoison+1","Underhanded Strike","After Image","Flying Knee","Outmaneuver","Choke+1","ReplayTheSpireMod:Speed Training+1","Dagger Throw+1","infinitespire:UltimateForm+1","ReplayTheSpireMod:Speed Training","Bullet Time","Toxin Wave+1","PiercingWail+1","infinitespire:Starlight+1","ReplayTheSpireMod:Compounding Headache","Poisoned Stab+1"],"relics":["Ring of the Snake","Ring of Fury","Ring of Greed","Membership Card","Thread and Needle","MerchantsRug","Bird Faced Urn","hubris:SlimyHat","StuffTheSpire:RedRose","jedi:gremlinknob","SacredBark","PreservedInsect","Bag of Marbles","halation:PenCase","StuffTheSpire:EmeraldSignet","CCEMRelics:OrganicArmor","theSleuth:SaltedMelon","theSleuth:SaltedMelon","Empty Cage"],"acts_visited":["Exordium","TheCity","TheBeyond"],"potions_floor_usage":[25,25,33,42],"damage_taken":[{"damage":0.0,"enemies":"Small Slimes","floor":1.0,"turns":4.0},{"damage":3.0,"enemies":"2 Louse","floor":4.0,"turns":2.0},{"damage":0.0,"enemies":"Jaw Worm","floor":6.0,"turns":3.0},{"damage":0.0,"enemies":"Replay:BlueRogue","floor":7.0,"turns":7.0},{"damage":0.0,"enemies":"Large Slime","floor":11.0,"turns":3.0},{"damage":4.0,"enemies":"Lagavulin","floor":14.0,"turns":7.0},{"damage":9.0,"enemies":"Slime Boss","floor":16.0,"turns":11.0},{"damage":19.0,"enemies":"Chosen","floor":18.0,"turns":5.0},{"damage":14,"enemies":"Spheric Guardian","floor":19,"turns":4},{"damage":10,"enemies":"Shelled Parasite and Fungi","floor":22,"turns":8},{"damage":0,"enemies":"HollowMod:Nosk","floor":23,"turns":1},{"damage":0,"enemies":"conspire:HollyBat","floor":24,"turns":8},{"damage":18,"enemies":"Nightmare","floor":25,"turns":6},{"damage":23,"enemies":"Sentry and Sphere","floor":27,"turns":8},{"damage":3,"enemies":"Snecko","floor":30,"turns":4},{"damage":15,"enemies":"conspire:MysteriousRune","floor":33,"turns":8},{"damage":29,"enemies":"Orb Walker","floor":35,"turns":6},{"damage":29,"enemies":"3 Shapes","floor":37,"turns":4},{"damage":0,"enemies":"Sphere and 2 Shapes","floor":41,"turns":1},{"damage":37,"enemies":"Spire Growth","floor":42,"turns":3}],"seed_played":"-1759008122760126768","potions_obtained":[{"floor":14.0,"key":"conspire:TimeTravelPotion"},{"floor":22,"key":"Poison Potion"},{"floor":23,"key":"Dexterity Potion"},{"floor":27,"key":"Adrenaline Potion"},{"floor":33,"key":"sneckomod:MuddlingPotion"},{"floor":35,"key":"Ancient Potion"}],"is_trial":false,"path_per_floor":["M","?","?","M","$","M","E","R","T","?","M","$","?","E","R","B",null,"M","M","$","?","M","E","M","NM","T","M","AVR","?","M","?","R","B",null,"M","?","M","?","AVR","R","M","M"],"character_chosen":"THE_SILENT","items_purchased":["Thread and Needle","Fluid Movement+1","MerchantsRug","expansioncontent:Collect","After Image","PreservedInsect"],"campfire_rested":0,"item_purchase_floors":[5,5,5,12,20,20],"current_hp_per_floor":[49,49,49,46,46,46,46,46,46,46,50,50,50,52,52,49,70,66,56,56,56,54,54,64,56,56,41,41,41,42,42,44,41,72,49,49,22,4,4,6,6,0,0],"gold":224,"neow_bonus":"TRANSFORM_TWO_CARDS","is_daily":false,"chose_seed":false,"campfire_upgraded":6,"win_rate":0.0,"timestamp":1608071220,"path_taken":["M","?","?","M","$","?","E","R","T","?","M","$","?","E","R","BOSS","M","M","$","?","M","E","M","NM","T","M","AVR","?","M","?","R","BOSS","M","?","?","?","AVR","R","M","M"],"items_purchased_type":["Relic","Card","Relic","Card","Card","Relic"],"build_version":"2020-12-13","purchased_purges":3,"victory":false,"max_hp_per_floor":[70,70,70,70,70,70,70,70,70,70,70,70,70,70,70,70,70,70,70,70,70,70,70,70,70,70,70,70,70,70,70,72,72,72,72,72,72,72,72,74,74,74,74],"card_choices":[{"not_picked":["Hidden Blade","StuffTheSpire:ClusterCrunch"],"picked":"Backflip","floor":1.0},{"not_picked":["Tactician","All Out Attack"],"picked":"StuffTheSpire:BumpUp","floor":4.0},{"not_picked":["Caltrops","Predator"],"picked":"hubris:Counter","floor":6.0},{"not_picked":["Prepared","jedi:rejectivetoxin"],"picked":"Noxious Fumes","floor":7.0},{"not_picked":["StuffTheSpire:MirrorStance","Predator"],"picked":"StuffTheSpire:ClusterCrunch","floor":11.0},{"not_picked":["Deadly Poison","Blur"],"picked":"Dodge and Roll","floor":14.0},{"not_picked":["aspiration:Lunge","After Image"],"picked":"A Thousand Cuts","floor":16.0},{"not_picked":["Cloak And Dagger","ReplayTheSpireMod:Scrap Shanks"],"picked":"jedi:pocketpoison+1","floor":18},{"not_picked":["ReplayTheSpireMod:Scrap Shanks","Deadly Poison"],"picked":"Underhanded Strike","floor":19},{"not_picked":["Backstab+1","Crippling Poison+1"],"picked":"Flying Knee","floor":22},{"not_picked":["jedi:collectorvenom+1","Bane"],"picked":"Outmaneuver","floor":23},{"not_picked":["StuffTheSpire:MirrorStance","ReplayTheSpireMod:From All Sides"],"picked":"Choke+1","floor":24},{"not_picked":["ReplayTheSpireMod:Exploit Weakness","Deadly Poison+1"],"picked":"ReplayTheSpireMod:Speed Training+1","floor":25},{"not_picked":["StuffTheSpire:ClusterCrunch","Blade Dance+1"],"picked":"Dagger Throw+1","floor":27},{"not_picked":["Quick Slash","jedi:pocketpoison"],"picked":"ReplayTheSpireMod:Speed Training","floor":30},{"not_picked":["Unload","infinitespire:Neurotoxin"],"picked":"Bullet Time","floor":33},{"not_picked":["jedi:pocketpoison+1","Backflip"],"picked":"Toxin Wave+1","floor":35},{"not_picked":["Underhanded Strike","ReplayTheSpireMod:Exploit Weakness"],"picked":"PiercingWail+1","floor":37},{"not_picked":["infinitespire:Menacing","ReplayTheSpireMod:Book of Names"],"picked":"infinitespire:Starlight","floor":38},{"not_picked":["Cloak And Dagger+1","Prepared"],"picked":"Poisoned Stab+1","floor":41}],"player_experience":32841,"relics_obtained":[{"floor":3.0,"key":"Ring of Fury"},{"floor":3.0,"key":"Ring of Greed"},{"floor":3.0,"key":"Membership Card"},{"floor":3.0,"key":"Smiling Mask"},{"floor":7.0,"key":"Bird Faced Urn"},{"floor":9.0,"key":"hubris:SlimyHat"},{"floor":14.0,"key":"jedi:gremlinknob"},{"floor":23,"key":"Bag of Marbles"},{"floor":25,"key":"halation:PenCase"},{"floor":26,"key":"StuffTheSpire:EmeraldSignet"}],"event_choices":[{"damage_healed":0.0,"max_hp_gain":0.0,"max_hp_loss":0.0,"gold_gain":0.0,"event_name":"Golden Wing","player_choice":"Ignored","floor":2.0,"gold_loss":0.0,"damage_taken":0.0},{"cards_removed":["Regret"],"damage_healed":0,"gold_gain":0,"player_choice":"Give","damage_taken":0,"max_hp_gain":0,"max_hp_loss":0,"event_name":"betterNote:BetterNote","floor":21,"gold_loss":0,"cards_obtained":["hubris:Despair"]},{"damage_healed":0,"gold_gain":0,"player_choice":"Upgraded","damage_taken":0,"max_hp_gain":0,"max_hp_loss":0,"event_name":"Upgrade Shrine","floor":36,"gold_loss":0,"cards_upgraded":["ReplayTheSpireMod:Faulty Equipment"]}],"is_beta":false,"boss_relics":[{"not_picked":["ReplayTheSpireMod:DimensionalGlitch","beaked:SacredDeck"],"picked":"SacredBark"},{"not_picked":["hubris:RunicObelisk","Runic Pyramid"],"picked":"Empty Cage"}],"items_purged_floors":[5,28,39],"is_endless":true,"potions_floor_spawned":[14,22,23,27,33,35],"killed_by":"Spire Growth","ascension_level":0}}