{"host":"qrlp59d4kykmw4mt","time":1608006482,"event":{"mods":["Act Like it!","BaseMod","Colored Map","Downfall","Friendly Minions","Highlight Path","Minty Spire (QoL Compilation)","Permanent Neow","Random Character Button","Rare Cards Sparkle","SacredBarkPlus","StSLib","SuperFastMode","everything is the same but u backflip on backflip"],"gold_per_floor":[99,175,207,227,152,162,162,26,26,52,62,77,177,194,208,305,305,230,230,230,247,447,457,457,382,382,410,422,422,434,319,334,434,434,434,445,459,459,479,141,141,154,154,186,204,399,412,412,430,430,430,458,67,67,67],"floor_reached":56,"playtime":4214,"items_purged":["champ:Strike","champ:Strike","champ:Defend","champ:CrownThrow","champ:Execute"],"score":1261,"play_id":"27cfa6a8-8a27-4a2d-88e0-740db1825632","local_time":"20201214232802","is_ascension_mode":false,"campfire_choices":[{"floor":1,"key":"RECALL"},{"data":"champ:Taunt","floor":5,"key":"SMITH"},{"data":"champ:StanceDance","floor":9,"key":"SMITH"},{"data":"champ:Lariat","floor":18,"key":"SMITH"},{"data":"champ:ShieldSlam","floor":20,"key":"SMITH"},{"data":"champ:Duel","floor":25,"key":"SMITH"},{"floor":35,"key":"REST"},{"floor":38,"key":"REST"},{"floor":43,"key":"REST"},{"data":"1","floor":54,"key":"LIFT"}],"circlet_count":0,"master_deck":["champ:Defend+1","champ:Defend+1","champ:Defend+1","champ:Taunt+1","champ:Lariat+1","champ:TornadoPunch","champ:StanceDance+1","champ:BringItOn","champ:StanceDance+1","champ:TornadoPunch","champ:Lariat+1","champ:DefensiveShout+1","champ:ShieldSlam+1","champ:Circumvent+1","champ:Duel+1","champ:Lariat+1","champ:GutPunch","champ:MurderStrike","champ:Circumvent+1","champ:ShieldSlam","champ:FlashCut","champ:ArenaPreparation+1","champ:RapidStrikes","champ:MurderStrike","champ:Circumvent+1","champ:DefensiveStyle"],"relics":["champ:ChampionCrown","Question Card","Centennial Puzzle","downfall:HeartBlessingRed","Meat on the Bone","Toxic Egg 2","Toy Ornithopter","Black Star","downfall:HeartBlessingGreen","downfall:HeartBlessingBlue","MutagenicStrength","Darkstone Periapt","Bag of Preparation","Fusion Hammer","Lantern","Kunai","Girya","Mercury Hourglass","War Paint","Shuriken","champ:DefensiveTrainingManual"],"acts_visited":["Exordium","TheCity","TheBeyond","TheEnding"],"potions_floor_usage":[13,13,55,55,55],"damage_taken":[{"damage":80,"enemies":"Gremlin Nob","floor":3,"turns":7},{"damage":5,"enemies":"Cultist","floor":4,"turns":3},{"damage":0,"enemies":"2 Louse","floor":6,"turns":2},{"damage":5,"enemies":"downfall:FleeingMerchant","floor":8,"turns":4},{"damage":8,"enemies":"3 Sentries","floor":10,"turns":4},{"damage":5,"enemies":"Small Slimes","floor":11,"turns":5},{"damage":5,"enemies":"3 Louse","floor":12,"turns":2},{"damage":43,"enemies":"downfall:LadyInBlue","floor":13,"turns":14},{"damage":5,"enemies":"Lots of Slimes","floor":14,"turns":3},{"damage":0,"enemies":"Gremlin Gang","floor":15,"turns":2},{"damage":16,"enemies":"downfall:Ironclad","floor":16,"turns":10},{"damage":7,"enemies":"3 Byrds","floor":21,"turns":6},{"damage":0,"enemies":"Spheric Guardian","floor":23,"turns":3},{"damage":6,"enemies":"Book of Stabbing","floor":27,"turns":5},{"damage":2,"enemies":"Shelled Parasite and Fungi","floor":28,"turns":3},{"damage":0,"enemies":"Centurion and Healer","floor":30,"turns":6},{"damage":0,"enemies":"downfall:FleeingMerchant","floor":31,"turns":4},{"damage":10,"enemies":"Cultist and Chosen","floor":32,"turns":6},{"damage":20,"enemies":"downfall:Watcher","floor":33,"turns":11},{"damage":0,"enemies":"3 Darklings","floor":36,"turns":4},{"damage":6,"enemies":"3 Shapes","floor":37,"turns":4},{"damage":12,"enemies":"Sphere and 2 Shapes","floor":39,"turns":4},{"damage":10,"enemies":"downfall:FleeingMerchant","floor":40,"turns":4},{"damage":12,"enemies":"3 Darklings","floor":42,"turns":3},{"damage":15,"enemies":"Giant Head","floor":44,"turns":8},{"damage":29,"enemies":"4 Shapes","floor":45,"turns":4},{"damage":5,"enemies":"downfall:FleeingMerchant","floor":46,"turns":3},{"damage":25,"enemies":"Spire Growth","floor":47,"turns":3},{"damage":31,"enemies":"Transient","floor":49,"turns":5},{"damage":29,"enemies":"downfall:Defect","floor":50,"turns":6},{"damage":60,"enemies":"downfall:CharBossMerchant","floor":52,"turns":7},{"damage":29,"enemies":"downfall:NeowBoss","floor":55,"turns":24}],"seed_played":"-4885041092662620125","potions_obtained":[{"floor":4,"key":"BlessingOfTheForge"},{"floor":6,"key":"PowerPotion"},{"floor":12,"key":"Guardian:BlockOnCardUsePotion"},{"floor":13,"key":"Explosive Potion"},{"floor":13,"key":"Fruit Juice"},{"floor":13,"key":"LiquidMemories"},{"floor":15,"key":"Regen Potion"},{"floor":16,"key":"DistilledChaos"},{"floor":42,"key":"Dexterity Potion"},{"floor":44,"key":"CultistPotion"}],"is_trial":false,"path_per_floor":["R","T","E","M","R","M","T","$","R","E","M","M","?","M","M","B",null,"R","?","R","M","?","M","T","R","?","E","M","?","M","$","M","B",null,"R","M","M","R","M","$","T","M","R","E","M","$","M","?","M","B",null,"E","$","R","B",null],"character_chosen":"THE_CHAMP","items_purchased":["champ:BringItOn","Lantern","champ:FlashCut","champ:DefensiveTrainingManual","champ:DefensiveStyle"],"campfire_rested":3,"item_purchase_floors":[8,40,40,53,53],"current_hp_per_floor":[90,90,28,28,28,28,28,40,40,49,61,61,60,60,60,56,95,95,95,95,93,93,93,93,103,103,97,95,87,87,87,87,75,105,105,105,104,105,105,105,105,105,105,103,92,92,90,90,95,95,105,81,81,81,77],"gold":67,"neow_bonus":"REMOVE_CARD","is_daily":false,"chose_seed":false,"campfire_upgraded":5,"win_rate":0.0,"timestamp":1608006482,"path_taken":["R","?","E","?","R","M","T","$","R","E","M","M","?","?","M","BOSS","R","?","R","M","?","?","T","R","?","E","M","?","M","$","M","BOSS","R","M","M","R","M","$","T","M","R","E","?","$","?","?","M","BOSS","E","$","R","BOSS"],"items_purchased_type":["Card","Relic","Card","Relic","Card"],"build_version":"2020-12-13","purchased_purges":5,"victory":true,"max_hp_per_floor":[90,90,90,90,90,90,90,90,90,90,90,90,95,95,95,95,95,95,95,95,95,95,95,95,105,105,105,105,105,105,105,105,105,105,105,105,105,105,105,105,105,105,105,105,105,105,105,105,105,105,105,105,105,105,105],"card_choices":[{"not_picked":["champ:ArenaPreparation","champ:StanceDance","champ:TornadoPunch"],"picked":"champ:Lariat","floor":3},{"not_picked":["champ:BerserkersShout","champ:Encircle","champ:Haymaker"],"picked":"champ:TornadoPunch","floor":4},{"not_picked":["champ:RecklessLeap","champ:Haymaker","champ:BerserkersShout"],"picked":"champ:StanceDance","floor":6},{"not_picked":["champ:BerserkersShout","champ:FanOfKnives","champ:DefensiveShout","champ:Riposte"],"picked":"SKIP","floor":8},{"not_picked":["champ:Riposte+1","champ:Haymaker","champ:AdrenalArmor+1","champ:SteelEdge"],"picked":"SKIP","floor":10},{"not_picked":["champ:DefensiveShout+1","champ:CrookedStrike","champ:BerserkersShout+1"],"picked":"champ:StanceDance+1","floor":11},{"not_picked":["champ:Shatter","champ:Encircle","champ:BerserkersShout+1","champ:RecklessLeap"],"picked":"SKIP","floor":12},{"not_picked":["champ:Backstep+1","champ:ViciousMockery+1","champ:BerserkerStyle"],"picked":"champ:TornadoPunch","floor":13},{"not_picked":["champ:BladeFlurry","champ:PerfectedStrike","champ:AdrenalArmor+1"],"picked":"champ:Lariat+1","floor":14},{"not_picked":["champ:CalledShot","champ:SwordThrow","champ:PerfectedStrike"],"picked":"champ:DefensiveShout+1","floor":15},{"not_picked":["champ:LastStand","champ:StrikeOfGenius","champ:HoldFirm+1"],"picked":"champ:ShieldSlam","floor":16},{"not_picked":["champ:FlashCut","champ:FocusedGladiator+1","champ:StanceDance+1"],"picked":"champ:Circumvent+1","floor":21},{"not_picked":["champ:BringItOn+1","champ:Encircle","champ:Riposte+1"],"picked":"champ:Duel","floor":23},{"not_picked":["champ:PerfectedStrike","champ:StanceDance+1","champ:BladeFlurry"],"picked":"champ:Lariat+1","floor":27},{"not_picked":["champ:StanceDance+1","champ:RecklessLeap","champ:FlashCut","champ:PerfectedStrike"],"picked":"SKIP","floor":28},{"not_picked":["champ:GutPunch+1","champ:AdrenalArmor+1","champ:BerserkersShout+1","champ:EnGarde+1"],"picked":"SKIP","floor":30},{"not_picked":["champ:ViciousMockery+1","champ:TornadoPunch","champ:HeavySlash","champ:IronFortress"],"picked":"SKIP","floor":31},{"not_picked":["champ:BerserkersShout+1","champ:Backstep+1","champ:BladeFlurry"],"picked":"champ:GutPunch","floor":32},{"not_picked":["champ:VampiricStrike","champ:Devastate","champ:DancingMaster"],"picked":"champ:MurderStrike","floor":33},{"not_picked":["champ:Haymaker","champ:Lariat+1","champ:RisingSlash"],"picked":"champ:Circumvent+1","floor":36},{"not_picked":["champ:ShieldWall+1","champ:PerfectedStrike+1","champ:IronFortress"],"picked":"champ:Duel+1","floor":37},{"not_picked":["champ:EndlessRage","champ:TornadoPunch+1","champ:Encircle+1","champ:AdrenalArmor+1"],"picked":"SKIP","floor":39},{"not_picked":["champ:StrikeOfGenius","champ:AdrenalArmor+1","champ:EnGarde+1"],"picked":"champ:ShieldSlam","floor":40},{"not_picked":["champ:Shatter","champ:Backstep+1","champ:FanOfKnives"],"picked":"champ:ArenaPreparation+1","floor":42},{"not_picked":["champ:BringItOn+1","champ:Encircle","champ:GutPunch+1"],"picked":"champ:CrownThrow","floor":44},{"not_picked":["champ:ArenaPreparation+1","champ:GladiatorsShout+1","champ:Shatter+1","champ:TornadoPunch"],"picked":"SKIP","floor":45},{"not_picked":["champ:StrikeOfGenius","champ:Riposte+1","champ:TornadoPunch+1","champ:BladeFlurry"],"picked":"SKIP","floor":46},{"not_picked":["champ:BerserkersShout+1","champ:ViciousMockery+1","champ:EnGarde+1"],"picked":"champ:RapidStrikes","floor":47},{"not_picked":["champ:BerserkersShout+1","champ:AdrenalArmor+1","champ:RapidStrikes"],"picked":"champ:MurderStrike","floor":49},{"not_picked":["champ:FanOfKnives+1","champ:TornadoPunch","champ:PreciseThrust+1"],"picked":"champ:Circumvent+1","floor":52}],"player_experience":279162,"relics_obtained":[{"floor":2,"key":"Question Card"},{"floor":3,"key":"Centennial Puzzle"},{"floor":7,"key":"Meat on the Bone"},{"floor":10,"key":"Toxic Egg 2"},{"floor":13,"key":"Toy Ornithopter"},{"floor":27,"key":"Darkstone Periapt"},{"floor":27,"key":"Bag of Preparation"},{"floor":41,"key":"Kunai"},{"floor":44,"key":"Girya"},{"floor":44,"key":"Mercury Hourglass"},{"floor":52,"key":"War Paint"},{"floor":52,"key":"Shuriken"}],"event_choices":[{"damage_healed":0,"gold_gain":0,"player_choice":"Inject Mutagens","damage_taken":0,"relics_obtained":["MutagenicStrength"],"max_hp_gain":0,"max_hp_loss":0,"event_name":"Drug Dealer","floor":26,"gold_loss":0},{"cards_removed":["champ:Duel"],"damage_healed":0,"gold_gain":0,"player_choice":"Removed Attack","damage_taken":0,"max_hp_gain":0,"max_hp_loss":0,"event_name":"Falling","floor":48,"gold_loss":0}],"is_beta":false,"boss_relics":[{"not_picked":["Runic Pyramid","SacredBark"],"picked":"Black Star"},{"not_picked":["Philosopher\u0027s Stone","Runic Dome"],"picked":"Fusion Hammer"}],"items_purged_floors":[8,31,40,46,53],"is_endless":false,"potions_floor_spawned":[4,6,12,15,16,21,37,42,44,47,49,52],"ascension_level":0}}