{"host":"Á¤±Û¸µ","time":1608008393,"event":{"mods":["AchievementEnabler","BaseMod","Colored Map","DeckTracker","Highlight Path","Keyboard Shortcuts","Minty Spire (QoL Compilation)","Permanent Neow","Quick Restart","Rare Cards Sparkle","StSLib","SuperFastMode","everything is the same but u backflip on backflip"],"gold_per_floor":[114,129,144,219,219,219,249,249,249,249,249,264,22,46,46,155,155,179,203,203,203,227,227,10,34,34,34,34],"floor_reached":27,"playtime":868,"items_purged":[],"score":338,"play_id":"49647e78-0ba5-4b36-acde-719cf39edccb","local_time":"20201215135953","daily_mods":["Allstar","Hoarder","Night Terrors"],"is_ascension_mode":false,"campfire_choices":[{"data":"Zap","floor":6.0,"key":"SMITH"},{"data":"Dualcast","floor":8.0,"key":"SMITH"},{"data":"Multi-Cast","floor":11.0,"key":"SMITH"},{"data":"Seek","floor":15.0,"key":"SMITH"},{"data":"Heatsinks","floor":23,"key":"SMITH"}],"circlet_count":0,"master_deck":["Strike_B","Strike_B","Strike_B","Defend_B","Defend_B","Defend_B","Defend_B","Zap+1","Dualcast+1","Discovery","Discovery","Discovery","Dramatic Entrance","Dramatic Entrance","Dramatic Entrance","Forethought","Forethought","Forethought","Jack Of All Trades","Jack Of All Trades","Jack Of All Trades","Forethought","Forethought","Forethought","Stack","Stack","Stack","Leap","Leap","Leap","Gash","Gash","Gash","Gash","Gash","Gash","Multi-Cast+1","Multi-Cast","Multi-Cast","Aggregate","Aggregate","Aggregate","Seek+1","Seek","Seek","Heatsinks+1","Heatsinks","Heatsinks","Reboot","Reboot","Reboot","Chaos","Chaos","Chaos","Steam","Steam","Steam","Reinforced Body+1","Reinforced Body+1","Reinforced Body+1","Apotheosis","Apotheosis","Apotheosis","Impatience","Impatience","Impatience","Gash","Gash","Gash","Stack","Stack","Stack"],"relics":["Cracked Core","Shuriken","The Courier","CeramicFish","Inserter","Singing Bowl"],"acts_visited":["Exordium","TheCity"],"potions_floor_usage":[27,27,27],"damage_taken":[{"damage":0.0,"enemies":"Small Slimes","floor":1.0,"turns":1.0},{"damage":11.0,"enemies":"Jaw Worm","floor":2.0,"turns":2.0},{"damage":0.0,"enemies":"2 Louse","floor":3.0,"turns":1.0},{"damage":19.0,"enemies":"Lagavulin","floor":7.0,"turns":4.0},{"damage":15.0,"enemies":"Large Slime","floor":12.0,"turns":2.0},{"damage":0.0,"enemies":"2 Fungi Beasts","floor":14.0,"turns":1.0},{"damage":10.0,"enemies":"Hexaghost","floor":16.0,"turns":8.0},{"damage":0.0,"enemies":"Shell Parasite","floor":18.0,"turns":1.0},{"damage":22.0,"enemies":"Spheric Guardian","floor":19.0,"turns":4.0},{"damage":13,"enemies":"Chosen and Byrds","floor":22,"turns":5},{"damage":15,"enemies":"Snecko","floor":25,"turns":6},{"damage":12,"enemies":"Centurion and Healer","floor":27,"turns":2}],"seed_played":"8833210206598683822","potions_obtained":[{"floor":2.0,"key":"SpeedPotion"},{"floor":7.0,"key":"Block Potion"},{"floor":12.0,"key":"Dexterity Potion"},{"floor":19.0,"key":"PowerPotion"},{"floor":25,"key":"DuplicationPotion"}],"is_trial":false,"path_per_floor":["M","M","M","?","?","R","E","R","T","?","R","M","$","M","R","B",null,"M","M","?","?","M","R","$","M","T","M"],"character_chosen":"DEFECT","items_purchased":["CeramicFish","Seek","Apotheosis","Impatience","Gash"],"campfire_rested":0,"item_purchase_floors":[13,13,24,24,24],"current_hp_per_floor":[75,64,64,53,53,53,34,34,34,34,34,19,19,19,19,9,75,75,53,39,39,26,26,26,11,11,0,0],"gold":34,"neow_bonus":"","is_daily":true,"chose_seed":false,"campfire_upgraded":5,"win_rate":0.0,"timestamp":1608008393,"path_taken":["M","M","M","?","?","R","E","R","T","?","R","M","$","M","R","BOSS","M","M","?","?","M","R","$","M","T","M"],"items_purchased_type":["Relic","Card","Card","Card","Card"],"build_version":"2020-12-07","purchased_purges":0,"victory":false,"max_hp_per_floor":[75,75,75,75,75,75,75,75,75,75,75,75,75,75,75,75,75,75,75,80,80,80,80,80,80,80,80,80],"card_choices":[{"not_picked":["Reinforced Body","Cold Snap"],"picked":"Stack","floor":1.0},{"not_picked":["Consume","Redo"],"picked":"Leap","floor":2.0},{"not_picked":["Rebound","Chill"],"picked":"Gash","floor":3.0},{"not_picked":["Redo","Fusion"],"picked":"Gash","floor":7.0},{"not_picked":["Conserve Battery","Coolheaded"],"picked":"Aggregate","floor":12.0},{"not_picked":["Compile Driver","Cold Snap"],"picked":"Heatsinks","floor":14.0},{"not_picked":["Amplify","Multi-Cast"],"picked":"Reboot","floor":16.0},{"not_picked":["Barrage+1","Capacitor+1"],"picked":"Chaos","floor":18.0},{"not_picked":["Lockon","Beam Cell"],"picked":"Steam","floor":19.0},{"not_picked":["Steam","Beam Cell"],"picked":"Reinforced Body+1","floor":22},{"not_picked":["Rebound","Beam Cell"],"picked":"Stack","floor":25}],"player_experience":470022,"relics_obtained":[{"floor":7.0,"key":"Shuriken"},{"floor":9.0,"key":"The Courier"},{"floor":26,"key":"Singing Bowl"}],"event_choices":[{"damage_healed":0.0,"max_hp_gain":0.0,"max_hp_loss":0.0,"gold_gain":75.0,"event_name":"World of Goop","player_choice":"Gather Gold","floor":4.0,"gold_loss":0.0,"damage_taken":11.0},{"damage_healed":0.0,"max_hp_gain":0.0,"max_hp_loss":0.0,"gold_gain":0.0,"event_name":"Liars Game","player_choice":"Ignored","floor":5.0,"gold_loss":0.0,"damage_taken":0.0},{"damage_healed":0.0,"max_hp_gain":0.0,"max_hp_loss":0.0,"gold_gain":0.0,"cards_transformed":["Strike_B"],"event_name":"Living Wall","player_choice":"Change","floor":10.0,"gold_loss":0.0,"damage_taken":0.0,"cards_obtained":["Multi-Cast"]},{"damage_healed":0.0,"max_hp_gain":5.0,"max_hp_loss":0.0,"gold_gain":0.0,"event_name":"Forgotten Altar","player_choice":"Shed Blood","floor":20.0,"gold_loss":0.0,"damage_taken":19.0},{"damage_healed":0,"gold_gain":0,"player_choice":"Ignored","damage_taken":0,"max_hp_gain":0,"max_hp_loss":0,"event_name":"The Mausoleum","floor":21,"gold_loss":0}],"is_beta":true,"boss_relics":[{"not_picked":["Runic Dome","SlaversCollar"],"picked":"Inserter"}],"items_purged_floors":[],"is_endless":false,"potions_floor_spawned":[2,7,12,19,25],"killed_by":"Centurion and Healer","ascension_level":0}}