{"host":"5a3ojr29q3aeapfp","time":1608020391,"event":{"mods":["BaseMod","CapriCore","Colored Powertips","Downfall","GungeonMod","Hermit","Koishi","Minty Spire (QoL Compilation)","Remilia£®¿Ÿ√◊¿Ú—«£©","Replay The Spire","Spicy Shops","StSLib","The Cursed","The Immortal","Youmu£®ªÍ∆«—˝√Œ£©","°æ“≈ŒÔø®≈∆°øREMEMod"],"gold_per_floor":[99,124,137,154,154,154,64,75,75,0,31,31,20,39,139,199,214,318,318,168,188,188,217,367,396,465,465,515,75,125,188,238,334,346,446,446,446,475,475,507,276,276,276,291,341,369,419,482,495,25,44,44,44,73,29,29,29],"floor_reached":58,"playtime":6979,"items_purged":["Slimebound:Strike_Slimebound","Slimebound:Strike_Slimebound","Writhe","Decay","TheCursedMod:Dregs"],"score":1366,"play_id":"aa107468-bff6-4e33-a060-4ba2ac481803","local_time":"20201215161951","is_ascension_mode":false,"campfire_choices":[{"floor":1.0,"key":"RECALL"},{"data":"expansioncontent:QuickStudy","floor":10.0,"key":"SMITH"},{"data":"Slimebound:Split","floor":12.0,"key":"SMITH"},{"data":"Slimebound:CorrosiveSpit","floor":20.0,"key":"SMITH"},{"data":"Slimebound:SplitAcid","floor":22.0,"key":"SMITH"},{"data":"Slimebound:SelfFormingGoo","floor":27.0,"key":"SMITH"},{"data":"REME_Flogging","floor":37.0,"key":"SMITH"},{"data":"Slimebound:CheckThePlaybook","floor":39.0,"key":"SMITH"},{"data":"Slimebound:MegaLick","floor":42.0,"key":"SMITH"},{"data":"Slimebound:AcidTongue","floor":56,"key":"SMITH"}],"circlet_count":0,"master_deck":["Slimebound:Strike_Slimebound+1","Slimebound:Tackle","Slimebound:Defend_Slimebound","Slimebound:Defend_Slimebound","Slimebound:Defend_Slimebound","Slimebound:Defend_Slimebound","Slimebound:Split+1","Slimebound:CorrosiveSpit+1","expansioncontent:QuickStudy+1","Slimebound:BestDefense","Slimebound:SplitAcid+1","Slimebound:SamplingLick","Slimebound:SpikyOuterGoop","Slimebound:GoopSpray","Slimebound:ViciousTackle+1","Slimebound:SelfFormingGoo+1","Slimebound:RejuvenatingLick","Slimebound:LeechLife","Slimebound:MegaLick+1","Slimebound:MassFeed","Slimebound:Repurpose","Slimebound:SplitAcid","Slimebound:RejuvenatingLick","REME_Flogging+1","Slimebound:SplitMire+1","Pride","Slimebound:Nibble","Slimebound:CheckThePlaybook+1","Hallucinations","Slimebound:OneTwoCombo","Slimebound:Prepare+1","Slimebound:SplitLeeching","Slimebound:LeechEnergy+1","Hallucinations","Slimebound:AcidTongue+1","Slimebound:WasteNot","Slimebound:MinionMaster+1","Slimebound:GoopTackle+1","Slimebound:DivideAndConquer","Slimebound:RainOfGoop+1","Slimebound:LeadByExample+1"],"relics":["Slimebound:AbsorbEndCombat","REME_ComplimentaryCards","Vajra","Lantern","downfall:HeartBlessingRed","DemoMod:PartiallyEatenCheese","Boot","downfall:CloakOfManyFaces","CultistMask","FaceOfCleric","NlothsMask","GremlinMask","SsserpentHead","REME_DuelDisc","downfall:HeartBlessingGreen","downfall:HeartBlessingBlue","Replay:Baseball","Potion Belt","Ancient Tea Set","DemoMod:LamentConfigurum","GreatHeart","Replay:Rubber Ducky","DemoMod:ResourcefulSack","Replay:Ancient Bell","ReplayTheSpireMod:Lightbulb","Sundial","DemoMod:GundromedaStrain","Replay:Ringing Soul","FossilizedHelix","ReplayFunnel","Gremlin Horn","ReplayTheSpireMod:Ring of Exchange","Ring of Searing","Whetstone","Golden Egg","Membership Card","Pet Ghost","Ginger","Toy Ornithopter"],"acts_visited":["Exordium","TheCity","TheBeyond","TheEnding"],"potions_floor_usage":[57,57,57,57],"damage_taken":[{"damage":27.0,"enemies":"3 Sentries","floor":2.0,"turns":5.0},{"damage":7.0,"enemies":"2 Louse","floor":3.0,"turns":2.0},{"damage":0.0,"enemies":"Cultist","floor":4.0,"turns":2.0},{"damage":8.0,"enemies":"downfall:FleeingMerchant","floor":7.0,"turns":4.0},{"damage":8.0,"enemies":"Jaw Worm","floor":8.0,"turns":2.0},{"damage":34.0,"enemies":"Gremlin Nob","floor":11.0,"turns":4.0},{"damage":0.0,"enemies":"downfall:FleeingMerchant","floor":13.0,"turns":1.0},{"damage":27.0,"enemies":"Large Slime","floor":14.0,"turns":4.0},{"damage":40.0,"enemies":"downfall:FaceTrader","floor":15.0,"turns":7.0},{"damage":19.0,"enemies":"Lots of Slimes","floor":16.0,"turns":3.0},{"damage":5.0,"enemies":"Exordium Wildlife","floor":17.0,"turns":2.0},{"damage":55.0,"enemies":"downfall:Silent","floor":18.0,"turns":6.0},{"damage":20.0,"enemies":"Spheric Guardian","floor":21.0,"turns":4.0},{"damage":52.0,"enemies":"Book of Stabbing","floor":23.0,"turns":5.0},{"damage":46.0,"enemies":"Gremlin Leader","floor":25.0,"turns":5.0},{"damage":15.0,"enemies":"Cultist and Chosen","floor":31.0,"turns":4.0},{"damage":59.0,"enemies":"3 Cultists","floor":34.0,"turns":5.0},{"damage":114.0,"enemies":"downfall:Watcher","floor":35.0,"turns":9.0},{"damage":42.0,"enemies":"R_Hoarder","floor":38.0,"turns":5.0},{"damage":80.0,"enemies":"Reptomancer","floor":40.0,"turns":4.0},{"damage":10.0,"enemies":"Orb Walker","floor":44.0,"turns":2.0},{"damage":34.0,"enemies":"Nemesis","floor":46.0,"turns":3.0},{"damage":0.0,"enemies":"3 Shapes","floor":48.0,"turns":1.0},{"damage":36.0,"enemies":"Maw","floor":49.0,"turns":4.0},{"damage":17,"enemies":"3 Darklings","floor":51,"turns":2},{"damage":53,"enemies":"downfall:Ironclad","floor":52,"turns":5},{"damage":79,"enemies":"downfall:CharBossMerchant","floor":54,"turns":5},{"damage":115,"enemies":"downfall:NeowBoss","floor":57,"turns":16}],"seed_played":"5726116050483240838","potions_obtained":[{"floor":2.0,"key":"DuplicationPotion"},{"floor":4.0,"key":"Languid Potion"},{"floor":11.0,"key":"SteroidPotion"},{"floor":15.0,"key":"BlessingOfTheForge"},{"floor":17.0,"key":"DistilledChaos"},{"floor":18.0,"key":"DistilledChaos"},{"floor":25.0,"key":"Elixir"},{"floor":31.0,"key":"Fire Potion"},{"floor":34.0,"key":"Fire Potion"},{"floor":44.0,"key":"Swift Potion"},{"floor":51,"key":"Fire Potion"}],"is_trial":false,"path_per_floor":["R","E","M","M","PTL","PTL","$","M","T","R","E","R","$","M","?","M","M","B",null,"R","M","R","E","?","E","T","R","?","$","?","M","?","T","M","B",null,"R","E","R","E","$","R","T","M","?","E","?","M","M","$","M","B",null,"E","$","R","B",null],"character_chosen":"SLIMEBOUND","items_purchased":["Boot","Slimebound:SelfFormingGoo","DemoMod:LamentConfigurum","REME_Flogging","ReplayFunnel","Slimebound:SplitLeeching","Membership Card","Pet Ghost","Slimebound:GoopTackle","Ginger","Slimebound:LeadByExample","Adrenaline Potion"],"campfire_rested":0,"item_purchase_floors":[13,13,29,29,41,41,50,50,50,50,55,55],"current_hp_per_floor":[60,53,54,58,58,58,60,56,56,56,46,46,46,35,29,39,49,51,63,73,77,77,57,57,68,68,68,68,68,73,83,83,83,49,16,91,91,86,86,46,49,49,49,61,64,66,66,85,111,114,134,129,156,144,147,147,164],"gold":29,"neow_bonus":"RANDOM_COMMON_RELIC","is_daily":false,"chose_seed":false,"campfire_upgraded":9,"win_rate":0.0,"timestamp":1608020391,"path_taken":["R","E","M","M","PTL","PTL","$","M","T","R","E","R","$","M","?","?","M","BOSS","R","M","R","E","?","E","T","R","?","$","?","?","?","?","M","BOSS","R","E","R","E","$","R","T","M","?","E","?","?","M","$","M","BOSS","E","$","R","BOSS"],"items_purchased_type":["Relic","Card","Relic","Card","Relic","Card","Relic","Relic","Card","Relic","Card","Potion"],"build_version":"2020-12-13","purchased_purges":5,"victory":true,"max_hp_per_floor":[60,60,60,60,60,60,60,60,60,60,60,60,60,60,60,61,62,63,63,73,77,77,81,81,82,82,82,82,82,82,83,83,83,84,91,91,91,98,98,105,108,108,108,112,115,119,116,129,136,139,146,156,156,160,163,163,164],"card_choices":[{"not_picked":["Slimebound:SlimeSpikes","Slimebound:PressTheAttack","Slimebound:Equalize"],"picked":"SKIP","floor":2.0},{"not_picked":["Slimebound:FinishingTackle","Slimebound:SlimeBarrage"],"picked":"Slimebound:BestDefense","floor":3.0},{"not_picked":["Slimebound:LeechEnergy","Slimebound:GoopSpray"],"picked":"Slimebound:SplitAcid","floor":4.0},{"not_picked":["Slimebound:TongueLash","Slimebound:FinishingTackle"],"picked":"Slimebound:SamplingLick","floor":7.0},{"not_picked":["Slimebound:SlimeBrawl","Slimebound:WasteNot"],"picked":"Slimebound:SpikyOuterGoop","floor":8.0},{"not_picked":["Slimebound:TongueLash","Slimebound:FlameTackle"],"picked":"Slimebound:GoopSpray","floor":11.0},{"not_picked":["Slimebound:Grow","Slimebound:GrowthPunch"],"picked":"Slimebound:ViciousTackle","floor":13.0},{"not_picked":["Slimebound:GrowthPunch","Slimebound:Schlurp"],"picked":"Slimebound:RejuvenatingLick","floor":14.0},{"not_picked":["Slimebound:SplitLeeching","Slimebound:BestDefense"],"picked":"Slimebound:LeechLife","floor":15.0},{"not_picked":["Slimebound:SplitBruiser","Slimebound:FinishingTackle"],"picked":"Slimebound:SplitMire","floor":16.0},{"not_picked":["Slimebound:RollThrough","Slimebound:Dissolve"],"picked":"Slimebound:MegaLick","floor":17.0},{"not_picked":["Slimebound:OozeBath","Slimebound:SlimeSlap"],"picked":"Slimebound:MassFeed","floor":18.0},{"not_picked":["Slimebound:LeechEnergy+1","Slimebound:GrowthPunch"],"picked":"Slimebound:Repurpose","floor":21.0},{"not_picked":["Slimebound:PressTheAttack","Slimebound:SplitLeeching"],"picked":"Slimebound:SplitAcid","floor":23.0},{"not_picked":["Slimebound:LeechingTouch","Slimebound:SlimeSpikes+1"],"picked":"Slimebound:RejuvenatingLick","floor":25.0},{"not_picked":["Slimebound:Schlurp","Slimebound:GrowthPunch+1"],"picked":"Slimebound:SplitMire+1","floor":31.0},{"not_picked":["Slimebound:RollThrough","Slimebound:LeechingTouch"],"picked":"Slimebound:Nibble","floor":34.0},{"not_picked":["Slimebound:RallyTheTroops","Slimebound:MassFeed"],"picked":"Slimebound:CheckThePlaybook","floor":35.0},{"not_picked":["ReplayTheSpireMod:Faulty Equipment","Languid"],"picked":"Decay","floor":36.0},{"not_picked":["Gluttony_TH","hexamod:Haunted"],"picked":"TheCursedMod:Dregs","floor":36.0},{"not_picked":["Envy_TH","Lust_TH"],"picked":"Hallucinations","floor":36.0},{"not_picked":["Slimebound:SplitBruiser+1","Slimebound:PrepareCrush"],"picked":"Slimebound:OneTwoCombo","floor":38.0},{"not_picked":["Slimebound:ViciousTackle","Slimebound:Repurpose"],"picked":"Slimebound:Prepare+1","floor":40.0},{"not_picked":["Slimebound:ServeAndProtect","Slimebound:ComboTackle"],"picked":"Slimebound:LeechEnergy+1","floor":44.0},{"not_picked":["Slimebound:LivingWall+1","Slimebound:RejuvenatingLick"],"picked":"Slimebound:AcidTongue","floor":46.0},{"not_picked":["Slimebound:SlimeSpikes","Slimebound:ForwardTackle"],"picked":"Slimebound:WasteNot","floor":48.0},{"not_picked":["Slimebound:FinishingTackle+1","Slimebound:PressTheAttack+1"],"picked":"Slimebound:MinionMaster","floor":49.0},{"not_picked":["Slimebound:PressTheAttack","Slimebound:GoopSpray"],"picked":"Slimebound:DivideAndConquer","floor":51},{"not_picked":["Slimebound:GrowthPunch+1","Slimebound:LeechingTouch"],"picked":"Slimebound:RainOfGoop+1","floor":54}],"player_experience":105656,"relics_obtained":[{"floor":2.0,"key":"Lantern"},{"floor":11.0,"key":"DemoMod:PartiallyEatenCheese"},{"floor":15.0,"key":"downfall:CloakOfManyFaces"},{"floor":23.0,"key":"Replay:Baseball"},{"floor":25.0,"key":"Potion Belt"},{"floor":33.0,"key":"Replay:Rubber Ducky"},{"floor":38.0,"key":"Replay:Ringing Soul"},{"floor":40.0,"key":"FossilizedHelix"},{"floor":43.0,"key":"Gremlin Horn"},{"floor":45.0,"key":"ReplayTheSpireMod:Ring of Exchange"},{"floor":45.0,"key":"Ring of Searing"},{"floor":46.0,"key":"Whetstone"},{"floor":54,"key":"Toy Ornithopter"}],"event_choices":[{"cards_removed":["Slimebound:SplitMire"],"damage_healed":5.0,"max_hp_gain":0.0,"max_hp_loss":0.0,"gold_gain":0.0,"event_name":"Bonfire Elementals","player_choice":"Offered Common","floor":30.0,"gold_loss":0.0,"damage_taken":0.0},{"cards_removed":["Slimebound:SplitMire"],"damage_healed":5.0,"max_hp_gain":0.0,"max_hp_loss":0.0,"gold_gain":0.0,"event_name":"Bonfire Elementals","player_choice":"Offered Special","floor":30.0,"gold_loss":0.0,"damage_taken":0.0},{"cards_removed":["Parasite"],"damage_healed":0.0,"max_hp_gain":0.0,"max_hp_loss":0.0,"gold_gain":0.0,"event_name":"Purifier","player_choice":"Purged","floor":47.0,"gold_loss":0.0,"damage_taken":0.0}],"is_beta":false,"boss_relics":[{"not_picked":["Painkiller Herb","SacredBark"],"picked":"REME_DuelDisc"},{"not_picked":["Black Star","Kintsugi"],"picked":"Replay:Ancient Bell"},{"not_picked":["REME_PuzzleBoxRelic","Blue Doll"],"picked":"ReplayTheSpireMod:Lightbulb"},{"not_picked":["DemoMod:MeltedRock","Pantograph"],"picked":"Sundial"},{"not_picked":["DemoMod:AgedBell","Mango"],"picked":"DemoMod:GundromedaStrain"}],"items_purged_floors":[7,13,29,41,50],"is_endless":false,"potions_floor_spawned":[2,4,11,15,17,18,21,25,31,34,44,51],"ascension_level":0}}