{"host":"y76clbnovzmw9ubx","time":1608042391,"event":{"mods":["AchievementEnabler","BaseMod","Minty Spire (QoL Compilation)","Permanent Neow","Relic Stats"],"gold_per_floor":[119,119,135,152,167,193,193,222,222,222,236,271,289,307,307,381,381,400,434,434,408,421,421,448,466,466,501,501,501,105,131,143,155,155],"floor_reached":33,"playtime":1730,"items_purged":["Strike_B"],"score":754,"play_id":"5c58fa86-ccbe-4f3e-9c28-b9a3174e50e8","local_time":"20201215092631","is_ascension_mode":true,"campfire_choices":[{"floor":7,"key":"REST"},{"data":"Undo","floor":10,"key":"SMITH"},{"floor":15,"key":"REST"},{"data":"Double Energy","floor":23,"key":"SMITH"},{"floor":29,"key":"REST"},{"data":"Hologram","floor":32,"key":"SMITH"}],"circlet_count":0,"master_deck":["AscendersBane","Strike_B","Defend_B","Defend_B","Defend_B","Zap","Dualcast","Buffer+1","Ball Lightning","Glacier","Undo+1","Compile Driver","Core Surge","Seek","Hologram+1","Glacier","Electrodynamics","Fusion+1","Core Surge+1","Streamline+1","BootSequence","Leap","Double Energy+1","Chill","Capacitor+1","Impatience","Go for the Eyes","Barrage"],"relics":["Cracked Core","Question Card","StoneCalendar","Mercury Hourglass","Letter Opener","Astrolabe","Red Mask","Ancient Tea Set","Cables","Girya","Runic Capacitor","MawBank"],"acts_visited":["Exordium","TheCity"],"potions_floor_usage":[16,16,19,27,33,33],"damage_taken":[{"damage":3.0,"enemies":"2 Louse","floor":1.0,"turns":3.0},{"damage":0.0,"enemies":"Cultist","floor":3.0,"turns":4.0},{"damage":4.0,"enemies":"Small Slimes","floor":4.0,"turns":4.0},{"damage":1.0,"enemies":"2 Fungi Beasts","floor":5.0,"turns":4.0},{"damage":33,"enemies":"Gremlin Nob","floor":6,"turns":5},{"damage":9,"enemies":"3 Sentries","floor":8,"turns":10},{"damage":11,"enemies":"Exordium Thugs","floor":11,"turns":5},{"damage":0,"enemies":"Lagavulin","floor":12,"turns":7},{"damage":3,"enemies":"3 Louse","floor":13,"turns":3},{"damage":0,"enemies":"Blue Slaver","floor":14,"turns":4},{"damage":22,"enemies":"Hexaghost","floor":16,"turns":12},{"damage":4,"enemies":"3 Byrds","floor":18,"turns":5},{"damage":0,"enemies":"Masked Bandits","floor":19,"turns":2},{"damage":0,"enemies":"2 Thieves","floor":21,"turns":4},{"damage":6,"enemies":"3 Cultists","floor":22,"turns":3},{"damage":0,"enemies":"Slavers","floor":24,"turns":4},{"damage":0,"enemies":"Chosen and Byrds","floor":25,"turns":5},{"damage":24,"enemies":"Book of Stabbing","floor":27,"turns":7},{"damage":15,"enemies":"Gremlin Leader","floor":31,"turns":5},{"damage":51,"enemies":"Automaton","floor":33,"turns":12}],"seed_played":"-8250153985328117205","potions_obtained":[{"floor":4.0,"key":"PotionOfCapacity"},{"floor":8,"key":"Weak Potion"},{"floor":18,"key":"AttackPotion"},{"floor":21,"key":"SpeedPotion"},{"floor":25,"key":"Block Potion"},{"floor":27,"key":"Weak Potion"}],"is_trial":false,"path_per_floor":["M","?","M","M","M","E","R","E","T","R","M","E","M","M","R","B",null,"M","?","?","M","M","R","E","M","T","E","?","R","$","E","R","B"],"character_chosen":"DEFECT","items_purchased":["Runic Capacitor","Impatience","Go for the Eyes"],"campfire_rested":3,"item_purchase_floors":[30,30,30],"current_hp_per_floor":[61,61,61,57,56,23,44,35,35,35,24,24,21,21,42,20,58,54,54,54,54,48,48,48,48,48,24,24,45,45,30,30,0,0],"gold":155,"neow_bonus":"ONE_RANDOM_RARE_CARD","is_daily":false,"chose_seed":false,"campfire_upgraded":3,"win_rate":0.0,"timestamp":1608042391,"path_taken":["M","?","M","M","?","E","R","E","T","R","M","E","M","M","R","BOSS","M","?","?","M","M","R","E","?","T","E","?","R","$","E","R","BOSS"],"items_purchased_type":["Relic","Card","Card"],"build_version":"2020-12-13","purchased_purges":1,"victory":false,"max_hp_per_floor":[71,71,71,71,71,71,71,71,71,71,71,71,71,71,71,71,71,71,71,71,71,71,71,71,71,71,71,71,71,71,71,71,71,71],"relic_stats":{"counters":[20,108],"Astrolabe":["Fusion","Core Surge","Streamline"],"StoneCalendar":[123],"Letter Opener":[66],"Question Card":14,"MawBank":24,"obtain_stats":[{"Girya":27,"Astrolabe":17,"StoneCalendar":8,"Red Mask":19,"Runic Capacitor":30,"Letter Opener":12,"Cracked Core":0,"Question Card":6,"Ancient Tea Set":24,"MawBank":31,"Mercury Hourglass":9,"Cables":26},{"Girya":18,"Astrolabe":11,"StoneCalendar":6,"Red Mask":13,"Runic Capacitor":18,"Letter Opener":8,"Cracked Core":0,"Question Card":5,"Ancient Tea Set":16,"MawBank":19,"Mercury Hourglass":6,"Cables":17},{"Girya":91,"Astrolabe":61,"StoneCalendar":30,"Red Mask":68,"Runic Capacitor":91,"Letter Opener":42,"Cracked Core":0,"Question Card":20,"Ancient Tea Set":79,"MawBank":96,"Mercury Hourglass":30,"Cables":84}],"Mercury Hourglass":[318],"Cables":[22,15,4,0,3]},"card_choices":[{"not_picked":["Barrage","FTL"],"picked":"Ball Lightning","floor":1.0},{"not_picked":["Conserve Battery","Streamline"],"picked":"Glacier","floor":3.0},{"not_picked":["Gash","Doom and Gloom"],"picked":"Undo","floor":4.0},{"not_picked":["Barrage","BootSequence"],"picked":"Compile Driver","floor":5.0},{"not_picked":["Redo","Stack","Steam Power"],"picked":"SKIP","floor":6},{"not_picked":["Steam","Undo","Chaos"],"picked":"Core Surge","floor":8},{"not_picked":["Compile Driver","Aggregate","Steam","Sweeping Beam"],"picked":"SKIP","floor":11},{"not_picked":["Scrape","Ball Lightning","Hello World"],"picked":"Seek","floor":12},{"not_picked":["Force Field","Stack","Doom and Gloom"],"picked":"Hologram","floor":13},{"not_picked":["Sweeping Beam","White Noise","Heatsinks"],"picked":"Glacier","floor":14},{"not_picked":["Fission","Buffer","Thunder Strike"],"picked":"Electrodynamics","floor":16},{"not_picked":["Steam","Coolheaded","Storm","Compile Driver"],"picked":"SKIP","floor":18},{"not_picked":["Barrage","Coolheaded","Hello World"],"picked":"BootSequence","floor":19},{"not_picked":["Conserve Battery","Steam+1","Doom and Gloom"],"picked":"Leap","floor":21},{"not_picked":["Lockon+1","Doom and Gloom","Turbo"],"picked":"Double Energy","floor":22},{"not_picked":["Beam Cell","Amplify","Compile Driver"],"picked":"Chill","floor":24},{"not_picked":["Redo+1","Beam Cell","Steam Power","Coolheaded"],"picked":"SKIP","floor":25},{"not_picked":["Blizzard","Stack","Sweeping Beam"],"picked":"Capacitor","floor":27},{"not_picked":["Lockon","Multi-Cast","Steam"],"picked":"Barrage","floor":31}],"player_experience":2869545,"relics_obtained":[{"floor":6,"key":"Question Card"},{"floor":8,"key":"StoneCalendar"},{"floor":9,"key":"Mercury Hourglass"},{"floor":12,"key":"Letter Opener"},{"floor":19,"key":"Red Mask"},{"floor":24,"key":"Ancient Tea Set"},{"floor":26,"key":"Cables"},{"floor":27,"key":"Girya"},{"floor":31,"key":"MawBank"}],"event_choices":[{"damage_healed":0.0,"max_hp_gain":0.0,"max_hp_loss":0.0,"gold_gain":0.0,"event_name":"Upgrade Shrine","player_choice":"Upgraded","floor":2.0,"gold_loss":0.0,"damage_taken":0.0,"cards_upgraded":["Buffer"]},{"damage_healed":0,"gold_gain":0,"player_choice":"Fought Bandits","damage_taken":0,"max_hp_gain":0,"max_hp_loss":0,"event_name":"Masked Bandits","floor":19,"gold_loss":0},{"damage_healed":0,"gold_gain":0,"player_choice":"Leave","damage_taken":0,"max_hp_gain":0,"max_hp_loss":0,"event_name":"FaceTrader","floor":20,"gold_loss":0},{"damage_healed":0,"gold_gain":0,"player_choice":"Upgraded","damage_taken":0,"max_hp_gain":0,"max_hp_loss":0,"event_name":"Upgrade Shrine","floor":28,"gold_loss":0,"cards_upgraded":["Capacitor"]}],"is_beta":false,"boss_relics":[{"not_picked":["FrozenCore","Pandora\u0027s Box"],"picked":"Astrolabe"}],"items_purged_floors":[30],"is_endless":false,"potions_floor_spawned":[4,8,11,12,18,21,25,27],"killed_by":"Automaton","ascension_level":20}}