{"host":"ceopyqoizwrgii5g","time":1608004882,"event":{"mods":["Act Like it!","Aspiration","BaseMod","BetterRewards","CapriCore","Conspire","Dota2Spire","GungeonMod","Hallownest","Hermit","Infinite Spire","Luminous","Marisa（霧雨　魔理沙）","Minty Spire (QoL Compilation)","Permanent Neow","Quick Restart","Reimu（博???）","Remilia（蕾米莉?）","Replay The Spire","Robot Space Explorer","RumiaBox-露米?的神秘盒子","Shop Mod","Spicy Shops","StSLib","SuperFastMode","The Bug Knight","The Runesmith","Transform Curses","WarShipGirlsR/??少女R mod","Youmu（魂魄妖?）","【?方二次?作】八云紫mod","【功能Mod】混沌之?修复?丁"],"gold_per_floor":[157,199,122,173,84,142,142,233,233,193,153,153,192,192,192,351,351,420,420,444,189,189,189,240,345,345,416,443,443,413,478,521,529,529,685,685,741,787,787,835,869,945,1143,1202,1202,1265,1265,1309,1137,1237,1237,1355,1355,1386,1401,1507,1135,1135,1210,1385,1456,1456,1456,1456,1473,1532,1532,1532,1728,1728,1754,1772,1772,1818,1818,1852,1931,1931,1931,1960,1960,2008,2030,2077,2077,2195,2195,2232,2301,2329,1954,1954,1986,1986,2011,2011,2103,2103,2277,2374,2409,2409,2523,2523,2546,2564,1936,1963,1991,1991,2026,2026,2049,2198,2227,2275,2275,1603,1603,1721,1721,1744,1790,1818,1847,2038,2105,2105,1413,1413,1328,1238,1292,1292,1292,1292,1681,1681],"floor_reached":137,"playtime":3249,"items_purged":["Strike_R","Strike_R","Strike_R","ReplayTheSpireMod:Limb From Limb+1","Strike_R","Defend_R","Doubt","Defend_R","Defend_R"],"score":4702,"play_id":"f095d77f-be7f-4cbd-b9fd-a4582aa56514","local_time":"20201215120122","is_ascension_mode":true,"campfire_choices":[{"data":"Inflame","floor":7,"key":"SMITH"},{"data":"Inflame","floor":12,"key":"SMITH"},{"data":"Metallicize","floor":15,"key":"SMITH"},{"data":"Flex","floor":26,"key":"SMITH"},{"data":"Searing Blow+1","floor":29,"key":"SMITH"},{"data":"Seeing Red","floor":34,"key":"SMITH"},{"data":"Seeing Red","floor":51,"key":"SMITH"},{"data":"DemoMod:BlackBlade","floor":63,"key":"SMITH"},{"data":"Flex","floor":68,"key":"SMITH"},{"data":"Searing Blow+2","floor":78,"key":"SMITH"},{"data":"Searing Blow+3","floor":81,"key":"SMITH"},{"data":"Searing Blow+4","floor":85,"key":"SMITH"},{"data":"Searing Blow+5","floor":94,"key":"SMITH"},{"data":"infinitespire:Fortify","floor":98,"key":"SMITH"},{"data":"Searing Blow+6","floor":102,"key":"SMITH"},{"data":"Searing Blow+7","floor":110,"key":"SMITH"},{"data":"Searing Blow+8","floor":112,"key":"SMITH"},{"data":"Searing Blow+10","floor":117,"key":"SMITH"},{"data":"Searing Blow+11","floor":119,"key":"SMITH"},{"data":"Searing Blow+12","floor":134,"key":"SMITH"},{"data":"Searing Blow+13","floor":136,"key":"SMITH"}],"circlet_count":0,"master_deck":["Defend_R","Bash+1","Flex+1","Metallicize+1","Inflame+1","Sword Boomerang+1","Sword Boomerang+1","Metallicize+1","Sword Boomerang+1","Searing Blow+14","Inflame+1","Whirlwind+1","Heavy Blade+1","Flex+1","Demon Form+1","Heavy Blade+1","Inflame+1","conspire:Charge+1","Seeing Red+1","Reaper+1","Demon Form+1","Thunderclap+1","conspire:HitWhereItHurts+1","Thunderclap+1","Rampage+1","Seeing Red+1","Metallicize+1","Flex+1","Limit Break+1","Flex+1","Iron Wave+1","DemoMod:WhiteBlade+1","DemoMod:BlackBlade+1","conspire:Banana+1","Thunderclap+1","Thunderclap+1","Limit Break+1","Massacre+1","Pummel+1","Reaper+1","infinitespire:Fortify+1","Flex+1","Seeing Red+1","Flex+1","infinitespire:DeathsTouch+1","conspire:HitWhereItHurts+1","Thunderclap+1","Massacre+1","Flex+1"],"relics":["Burning Blood","aspiration:Nostalgia","hermit:Momento","Strawberry","MerchantsRug","DemoMod:OrangeGuonStone","infinitespire:Midas Blood","DemoMod:PinkGuonStone","Sling","BargainBundle","Ancient Tea Set","DemoMod:GnawedKey","aspiration:StickyExplosives","Molten Egg 2","Eternal Feather","DemoMod:MemoryAlloy","Golden Egg","TentaclePot:ReiMu","aspiration:TomeofQuesting","Replay:Bandana","King of Hearts","Medical Kit","Paper Frog","DemoMod:LamentConfigurum","Frozen Eye","SecretRecord","SecretRecord","SecretRecord","SecretRecord","SecretRecord","SecretRecord","SecretRecord","SecretRecord","SecretRecord","SecretRecord","SecretRecord","SecretRecord","SecretRecord","SecretRecord","SecretRecord","SecretRecord","Toxic Egg 2","Blue Doll","PlanX","Anchor","Whetstone","ReplayTheSpireMod:Spearhead","DemoMod:PoisonVial","Ccalipers","EasyGame_NEW","Replay:Bottled Eggs","Strange Spoon","Another Sword","Oddly Smooth Stone","Charon\u0027s Ashes","infinitespire:Lucky Rock","SlaversCollar","Magic Flower"],"acts_visited":["Exordium","TheCity","TheBeyond","Exordium","TheCity","TheBeyond","Exordium","TheCity"],"potions_floor_usage":[32,35,37,40,46,46,50,50,86,137,137,137],"damage_taken":[{"damage":0,"enemies":"Cultist","floor":1,"turns":1},{"damage":0,"enemies":"Jaw Worm","floor":2,"turns":2},{"damage":0,"enemies":"Small Slimes","floor":4,"turns":1},{"damage":0,"enemies":"Gremlin Nob","floor":6,"turns":2},{"damage":0,"enemies":"Lagavulin","floor":8,"turns":1},{"damage":0,"enemies":"Looter","floor":13,"turns":1},{"damage":8,"enemies":"The Guardian","floor":16,"turns":4},{"damage":3,"enemies":"3 Byrds","floor":18,"turns":3},{"damage":0,"enemies":"Spheric Guardian","floor":20,"turns":1},{"damage":8,"enemies":"Cultist and Chosen","floor":24,"turns":2},{"damage":5,"enemies":"HollowMod:Nosk","floor":25,"turns":2},{"damage":0,"enemies":"conspire:SneckoGhost","floor":27,"turns":1},{"damage":0,"enemies":"Snecko","floor":31,"turns":2},{"damage":0,"enemies":"Nightmare","floor":32,"turns":1},{"damage":2,"enemies":"Automaton","floor":35,"turns":4},{"damage":0,"enemies":"3 Shapes","floor":37,"turns":1},{"damage":5,"enemies":"3 Darklings","floor":38,"turns":3},{"damage":36,"enemies":"Sphere and 2 Shapes","floor":40,"turns":3},{"damage":0,"enemies":"Writhing Mass","floor":41,"turns":1},{"damage":0,"enemies":"HollowMod:StalkingDevout","floor":42,"turns":3},{"damage":0,"enemies":"Transient","floor":43,"turns":5},{"damage":0,"enemies":"Reptomancer","floor":44,"turns":2},{"damage":7,"enemies":"R_Hoarder","floor":46,"turns":4},{"damage":0,"enemies":"Spire Growth","floor":48,"turns":1},{"damage":0,"enemies":"Reptomancer","floor":50,"turns":2},{"damage":28,"enemies":"Time Eater","floor":52,"turns":2},{"damage":17,"enemies":"Small Slimes","floor":54,"turns":2},{"damage":0,"enemies":"Jaw Worm","floor":55,"turns":1},{"damage":0,"enemies":"Cultist","floor":56,"turns":2},{"damage":0,"enemies":"Gremlin Nob","floor":59,"turns":1},{"damage":0,"enemies":"3 Sentries","floor":61,"turns":2},{"damage":0,"enemies":"Looter","floor":65,"turns":2},{"damage":0,"enemies":"Lagavulin","floor":66,"turns":2},{"damage":0,"enemies":"Hexaghost","floor":69,"turns":2},{"damage":18,"enemies":"2 Thieves","floor":71,"turns":2},{"damage":0,"enemies":"Spheric Guardian","floor":72,"turns":2},{"damage":31,"enemies":"conspire:MimicChest","floor":74,"turns":3},{"damage":20,"enemies":"Cultist and Chosen","floor":76,"turns":2},{"damage":0,"enemies":"Nightmare","floor":77,"turns":1},{"damage":0,"enemies":"Snake Plant","floor":80,"turns":2},{"damage":0,"enemies":"conspire:SneckoGhost","floor":82,"turns":1},{"damage":8,"enemies":"Shelled Parasite and Fungi","floor":83,"turns":2},{"damage":0,"enemies":"Gremlin Leader","floor":84,"turns":1},{"damage":32,"enemies":"conspire:MysteriousRune","floor":86,"turns":5},{"damage":0,"enemies":"3 Darklings","floor":88,"turns":1},{"damage":32,"enemies":"2 Orb Walkers","floor":89,"turns":3},{"damage":24,"enemies":"3 Shapes","floor":90,"turns":2},{"damage":0,"enemies":"R_Hoarder","floor":93,"turns":1},{"damage":0,"enemies":"Nightmare","floor":95,"turns":2},{"damage":0,"enemies":"Reptomancer","floor":97,"turns":1},{"damage":2,"enemies":"Spire Growth","floor":99,"turns":2},{"damage":0,"enemies":"Transient","floor":100,"turns":2},{"damage":0,"enemies":"Nemesis","floor":101,"turns":1},{"damage":68,"enemies":"Time Eater","floor":103,"turns":3},{"damage":0,"enemies":"Cultist","floor":105,"turns":2},{"damage":0,"enemies":"Jaw Worm","floor":106,"turns":1},{"damage":0,"enemies":"Small Slimes","floor":108,"turns":1},{"damage":0,"enemies":"3 Louse","floor":109,"turns":1},{"damage":0,"enemies":"Gremlin Nob","floor":111,"turns":2},{"damage":0,"enemies":"Nightmare_Alpha","floor":114,"turns":1},{"damage":0,"enemies":"Looter","floor":115,"turns":1},{"damage":0,"enemies":"Gremlin Nob","floor":116,"turns":1},{"damage":3,"enemies":"The Guardian","floor":120,"turns":2},{"damage":2,"enemies":"3 Byrds","floor":122,"turns":2},{"damage":0,"enemies":"Chosen","floor":123,"turns":1},{"damage":61,"enemies":"Snake Plant","floor":124,"turns":3},{"damage":0,"enemies":"Centurion and Healer","floor":125,"turns":1},{"damage":0,"enemies":"Snecko","floor":126,"turns":1},{"damage":52,"enemies":"Slavers","floor":127,"turns":2},{"damage":0,"enemies":"Gremlin Leader","floor":133,"turns":1},{"damage":437,"enemies":"infinitespire:LordOfFortification","floor":137,"turns":5}],"seed_played":"-4634224622940241874","potions_obtained":[{"floor":1,"key":"SteroidPotion"},{"floor":2,"key":"Energy Potion"},{"floor":8,"key":"Death Potion"},{"floor":20,"key":"Toxic Potion"},{"floor":31,"key":"Energy Potion"},{"floor":38,"key":"BlessingOfTheForge"},{"floor":41,"key":"HeartOfIron"},{"floor":43,"key":"Energy Potion"},{"floor":46,"key":"DemoMod:LeadSkinPotion"},{"floor":48,"key":"BlessingOfTheForge"},{"floor":59,"key":"Dota2Spire:Clarity"},{"floor":66,"key":"SteroidPotion"},{"floor":69,"key":"DuplicationPotion"},{"floor":86,"key":"Strength Potion"}],"is_trial":false,"path_per_floor":["M","M","$","M","$","E","R","E","T","?","$","R","M","T","R","B",null,"M","?","M","$","PTL","PTL","M","E","R","E","T","R","?","M","NM","?","R","B",null,"M","M","?","M","M","E","M","E","T","E","?","M","$","E","R","B",null,"M","M","M","$","T","E","?","E","T","R","?","M","E","?","R","B",null,"M","M","$","?","?","M","NM","R","T","M","R","E","M","E","R","B",null,"M","?","M","$","?","E","R","NM","T","E","R","M","M","E","R","B",null,"M","M","$","M","M","R","E","R","T","NM","M","E","R","$","R","B",null,"M","M","M","M","M","E","?","$","T","?","$","E","R","AVR","R","B"],"character_chosen":"IRONCLAD","items_purchased":["aspiration:Nostalgia","Strawberry","MerchantsRug","DemoMod:OrangeGuonStone","infinitespire:Midas Blood","DemoMod:PinkGuonStone","Sling","Flex","BargainBundle","Ancient Tea Set","DemoMod:GnawedKey","aspiration:StickyExplosives","Metallicize","Molten Egg 2","Inflame","Eternal Feather","DemoMod:MemoryAlloy","Golden Egg","Sword Boomerang+1","TentaclePot:ReiMu","aspiration:TomeofQuesting","Metallicize","Replay:Bandana","King of Hearts","Medical Kit","Paper Frog","DemoMod:LamentConfigurum","Frozen Eye","Sword Boomerang+1","Searing Blow+1","Whirlwind+1","Flex+1","Inflame","Flex","Membership Card","DemoMod:WhiteBlade+1","conspire:Banana","Toxic Egg 2","Blue Doll","PlanX","Ccalipers","Strange Spoon","Another Sword","Oddly Smooth Stone","Massacre+1","Flex+1"],"campfire_rested":0,"item_purchase_floors":[0,0,0,0,0,0,0,0,0,0,0,0,0,0,0,0,0,0,0,0,0,0,0,0,0,0,0,0,0,3,5,11,21,49,57,57,57,107,107,107,118,129,129,129,129,132],"current_hp_per_floor":[94,94,94,94,94,94,94,94,94,94,94,94,94,94,94,92,94,94,94,94,94,94,94,92,93,94,94,94,94,94,94,94,78,93,94,94,94,94,94,64,70,76,82,88,88,94,94,94,94,94,94,72,94,83,89,94,94,94,94,94,94,94,94,94,94,94,94,94,109,109,97,103,103,109,109,95,118,126,126,126,126,126,124,126,126,100,126,126,101,83,83,83,89,113,119,119,125,126,126,150,174,174,201,201,201,201,201,201,201,201,201,201,201,201,201,201,201,201,201,201,201,201,201,201,201,201,228,228,228,228,228,228,228,228,228,228,0,0],"gold":1681,"neow_bonus":"","is_daily":false,"chose_seed":false,"campfire_upgraded":21,"win_rate":0.0,"timestamp":1608004882,"path_taken":["M","M","$","M","$","E","R","E","T","?","$","R","M","?","R","BOSS","M","?","M","$","PTL","PTL","M","E","R","E","T","R","?","M","NM","?","R","BOSS","M","M","?","?","M","E","M","E","T","E","?","M","$","E","R","BOSS","M","M","?","$","?","E","?","E","T","R","?","?","E","?","R","BOSS","M","M","?","?","?","M","NM","R","T","M","R","E","M","E","R","BOSS","M","?","M","$","?","E","R","NM","T","E","R","?","?","E","R","BOSS","M","M","$","?","M","R","E","R","T","NM","M","E","R","$","R","BOSS","M","?","M","M","?","E","?","$","T","?","$","E","R","AVR","R","BOSS"],"items_purchased_type":["Relic","Relic","Relic","Relic","Relic","Relic","Relic","Card","Relic","Relic","Relic","Relic","Card","Relic","Card","Relic","Relic","Relic","Card","Relic","Relic","Card","Relic","Relic","Relic","Relic","Relic","Relic","Card","Card","Card","Card","Card","Card","Relic","Card","Card","Relic","Relic","Relic","Relic","Relic","Relic","Relic","Card","Card"],"build_version":"2020-12-13","purchased_purges":9,"victory":false,"max_hp_per_floor":[94,94,94,94,94,94,94,94,94,94,94,94,94,94,94,94,94,94,94,94,94,94,94,94,94,94,94,94,94,94,94,94,94,94,94,94,94,94,94,94,94,94,94,94,94,94,94,94,94,94,94,94,94,94,94,94,94,94,94,94,94,94,94,94,94,94,94,94,109,109,109,109,109,109,109,109,126,126,126,126,126,126,126,126,126,126,126,126,126,126,126,126,126,126,126,126,126,126,126,150,174,174,201,201,201,201,201,201,201,201,201,201,201,201,201,201,201,201,201,201,201,201,201,201,201,201,228,228,228,228,228,228,228,228,228,228,255,255],"card_choices":[{"not_picked":["Reckless Charge+1","Anger+1","Carnage+1"],"picked":"SKIP","floor":1},{"not_picked":["Metallicize","True Grit"],"picked":"ReplayTheSpireMod:Limb From Limb+1","floor":2},{"not_picked":["Spot Weakness","Shrug It Off"],"picked":"Inflame","floor":4},{"not_picked":["Rage","ReplayTheSpireMod:Strike From Hell+1","Bludgeon+1"],"picked":"SKIP","floor":6},{"not_picked":["Warcry","Carnage+1"],"picked":"Heavy Blade+1","floor":8},{"not_picked":["Shrug It Off","Twin Strike+1","Uppercut+1"],"picked":"SKIP","floor":13},{"not_picked":["Barricade","Double Tap"],"picked":"Demon Form","floor":16},{"not_picked":["Metallicize","Havoc+1","Clothesline+1"],"picked":"SKIP","floor":18},{"not_picked":["ReplayTheSpireMod:Limb From Limb+1","Thunderclap+1"],"picked":"Heavy Blade+1","floor":20},{"not_picked":["Disarm","Sever Soul+1","Body Slam+1"],"picked":"SKIP","floor":24},{"not_picked":["infinitespire:OneForAll+1","Sentinel+1","Feel No Pain"],"picked":"SKIP","floor":25},{"not_picked":["Metallicize","Infernal Blade","Evolve"],"picked":"SKIP","floor":27},{"not_picked":[],"picked":"conspire:Charge","floor":30},{"not_picked":[],"picked":"Seeing Red","floor":30},{"not_picked":[],"picked":"Reaper","floor":30},{"not_picked":["ReplayTheSpireMod:Strike From Hell+1","Twin Strike+1"],"picked":"Demon Form","floor":31},{"not_picked":["Shrug It Off","Cleave+1"],"picked":"Thunderclap+1","floor":32},{"not_picked":["Barricade","Feed+1"],"picked":"conspire:HitWhereItHurts+1","floor":35},{"not_picked":["Heavy Blade+1","Dark Embrace","Replay:Undeath\u0027s Touch+1"],"picked":"SKIP","floor":37},{"not_picked":["Clothesline+1","Reckless Charge+1","Body Slam+1"],"picked":"SKIP","floor":38},{"not_picked":["Twin Strike+1","Defy Death+1"],"picked":"Rampage+1","floor":40},{"not_picked":["True Grit+1","ReplayTheSpireMod:Strike From Hell+1","Uppercut+1"],"picked":"SKIP","floor":41},{"not_picked":["True Grit+1","ReplayTheSpireMod:Strike From Hell+1","Uppercut+1"],"picked":"SKIP","floor":41},{"not_picked":["Clash+1","Feel No Pain+1","Body Slam+1"],"picked":"SKIP","floor":42},{"not_picked":["Warcry","Dark Embrace","Demonic Infusion"],"picked":"SKIP","floor":43},{"not_picked":["Flex+1","conspire:Charge+1"],"picked":"Seeing Red","floor":44},{"not_picked":["Pommel Strike+1","Clothesline+1"],"picked":"Metallicize+1","floor":46},{"not_picked":["Searing Blow+1","Warcry+1","Combust+1"],"picked":"SKIP","floor":48},{"not_picked":["Sentinel+1","Bloodletting+1","Rupture"],"picked":"SKIP","floor":50},{"not_picked":["Eclipse","Barricade"],"picked":"Limit Break","floor":52},{"not_picked":["Carnage+1","Seeing Red","Ghostly Armor"],"picked":"SKIP","floor":54},{"not_picked":["Wild Strike+1","Armaments"],"picked":"Flex","floor":55},{"not_picked":["Fire Breathing","Carnage+1"],"picked":"Iron Wave+1","floor":56},{"not_picked":["Disarm","Offering","Havoc"],"picked":"SKIP","floor":59},{"not_picked":["Evolve","Clothesline+1"],"picked":"Thunderclap+1","floor":61},{"not_picked":["Burning Pact","ReplayTheSpireMod:Limb From Limb+1"],"picked":"Thunderclap+1","floor":65},{"not_picked":["Iron Wave+1","Clothesline+1"],"picked":"Limit Break","floor":66},{"not_picked":["Iron Wave+1","ReplayReversal+1","ReplayTheSpireMod:Stacked+1"],"picked":"SKIP","floor":71},{"not_picked":["ReplayTheSpireMod:Strike From Hell+1","Headbutt+1","Dropkick+1"],"picked":"SKIP","floor":72},{"not_picked":["Anger+1","Headbutt+1"],"picked":"Massacre+1","floor":74},{"not_picked":["Reckless Charge+1","Shrug It Off","Warcry"],"picked":"SKIP","floor":76},{"not_picked":["Wild Strike+1","Corruption","Evolve"],"picked":"SKIP","floor":77},{"not_picked":["Havoc","Iron Wave+1","Blood for Blood+1"],"picked":"SKIP","floor":80},{"not_picked":["Replay:Undeath\u0027s Touch+1","Evolve"],"picked":"Pummel+1","floor":82},{"not_picked":["Pommel Strike+1","Twin Strike+1","DemoMod:WhiteBlade+1"],"picked":"SKIP","floor":83},{"not_picked":["Armaments+1","Abandon","Body Slam+1"],"picked":"SKIP","floor":84},{"not_picked":["Eclipse","Hemogenesis+1"],"picked":"Reaper+1","floor":86},{"not_picked":["Heavy Blade+1","Run Through+1","Armaments+1"],"picked":"SKIP","floor":88},{"not_picked":["Fiend Fire+1","True Grit","Pommel Strike+1"],"picked":"SKIP","floor":90},{"not_picked":["Pommel Strike+1","ReplayTheSpireMod:Stacked+1","Havoc"],"picked":"SKIP","floor":93},{"not_picked":["infinitespire:Execution","infinitespire:Gouge"],"picked":"infinitespire:Fortify","floor":95},{"not_picked":["Blood for Blood+1","Dropkick+1","Battle Trance+1"],"picked":"SKIP","floor":95},{"not_picked":["Anger+1","Bludgeon+1"],"picked":"Flex+1","floor":97},{"not_picked":["True Grit+1","ReplayTheSpireMod:Muscle Training"],"picked":"Seeing Red+1","floor":99},{"not_picked":["Armaments+1","Rampage+1","Clothesline+1"],"picked":"SKIP","floor":100},{"not_picked":["Clothesline+1","Armaments","Offering"],"picked":"SKIP","floor":101},{"not_picked":["ReplayTheSpireMod:Limb From Limb+1","Warcry","Combust"],"picked":"SKIP","floor":105},{"not_picked":["ReplayTheSpireMod:Corrosion Curse","Anger+1","ReplayTheSpireMod:Strike From Hell+1"],"picked":"SKIP","floor":106},{"not_picked":["Thunderclap+1","Power Through+1"],"picked":"Flex+1","floor":108},{"not_picked":["Spot Weakness+1","Burning Pact+1","Armaments+1"],"picked":"SKIP","floor":109},{"not_picked":["Pommel Strike+1","Reckless Charge+1","ReplayTheSpireMod:LeadingStrike+1"],"picked":"SKIP","floor":111},{"not_picked":["infinitespire:Punishment","infinitespire:Menacing"],"picked":"infinitespire:DeathsTouch","floor":114},{"not_picked":["Warcry+1","Hemokinesis+1","Run Through+1"],"picked":"SKIP","floor":114},{"not_picked":["Warcry+1","Hemokinesis+1","Run Through+1"],"picked":"SKIP","floor":114},{"not_picked":["Run Through+1","Twin Strike+1","Clash+1"],"picked":"SKIP","floor":115},{"not_picked":["Heavy Blade+1","Burning Pact+1","Thunderclap+1"],"picked":"SKIP","floor":116},{"not_picked":["Immolate+1","Reaper+1"],"picked":"conspire:HitWhereItHurts+1","floor":120},{"not_picked":["Anger+1","Headbutt+1"],"picked":"Thunderclap+1","floor":122},{"not_picked":["Burning Pact+1","Dual Wield+1","Wild Strike+1"],"picked":"SKIP","floor":123},{"not_picked":["Perfected Strike+1","Warcry+1","Dark Embrace+1"],"picked":"SKIP","floor":124},{"not_picked":["Wild Strike+1","Sword Boomerang+1","True Grit+1"],"picked":"SKIP","floor":125},{"not_picked":["Armaments+1","Shrug It Off+1","Entrench+1"],"picked":"SKIP","floor":126},{"not_picked":["Heavy Blade+1","Sever Soul+1","Shockwave+1"],"picked":"SKIP","floor":127},{"not_picked":["Heavy Blade+1","Sever Soul+1","Shockwave+1"],"picked":"SKIP","floor":127},{"not_picked":["Havoc+1","conspire:Purge+1","conspire:Charge+1"],"picked":"SKIP","floor":133},{"not_picked":["Havoc+1","conspire:Purge+1","conspire:Charge+1"],"picked":"SKIP","floor":133}],"player_experience":295671,"relics_obtained":[{"floor":1,"key":"AddBug"},{"floor":6,"key":"SecretRecord"},{"floor":6,"key":"infinitespire:PuzzleCube"},{"floor":8,"key":"Ccalipers"},{"floor":9,"key":"DemoMod:Bottle"},{"floor":13,"key":"SecretRecord"},{"floor":14,"key":"DemoMod:BlueGuonStone"},{"floor":18,"key":"SecretRecord"},{"floor":25,"key":"aspiration:AnachronicSnailShell"},{"floor":27,"key":"Incense Burner"},{"floor":28,"key":"Dota2Spire:ArmletOfMordiggian"},{"floor":31,"key":"SecretRecord"},{"floor":32,"key":"Dota2Spire:LotusOrb"},{"floor":33,"key":"Enchiridion"},{"floor":38,"key":"SecretRecord"},{"floor":42,"key":"SecretRecord"},{"floor":42,"key":"Garlic"},{"floor":44,"key":"SecretRecord"},{"floor":44,"key":"Matryoshka"},{"floor":45,"key":"StoneCalendar"},{"floor":46,"key":"SecretRecord"},{"floor":46,"key":"Replay:Baseball"},{"floor":50,"key":"infinitespire:Lychee Nut"},{"floor":55,"key":"SecretRecord"},{"floor":58,"key":"conspire:BottledYoYo"},{"floor":59,"key":"Bag of Preparation"},{"floor":61,"key":"SecretRecord"},{"floor":61,"key":"Juzu Bracelet"},{"floor":62,"key":"CrazyTorch:ReiMu"},{"floor":66,"key":"Blue Candle"},{"floor":74,"key":"SecretRecord"},{"floor":74,"key":"Dota2Spire:Dagon"},{"floor":79,"key":"conspire:Flyswatter"},{"floor":80,"key":"SecretRecord"},{"floor":82,"key":"infinitespire:Beetle Shell"},{"floor":84,"key":"SecretRecord"},{"floor":84,"key":"Mercury Hourglass"},{"floor":89,"key":"DemoMod:Antibody"},{"floor":93,"key":"SecretRecord"},{"floor":93,"key":"DemoMod:PoisonVial"},{"floor":95,"key":"ReplayTheSpireMod:Spearhead"},{"floor":96,"key":"DemoMod:ChaffGrenade"},{"floor":97,"key":"Dota2Spire:ShadowBlade"},{"floor":101,"key":"SecretRecord"},{"floor":101,"key":"Dota2Spire:ArcaneBoots"},{"floor":111,"key":"Anchor"},{"floor":113,"key":"Whetstone"},{"floor":114,"key":"ReplayTheSpireMod:Spearhead"},{"floor":116,"key":"DemoMod:PoisonVial"},{"floor":127,"key":"Replay:Bottled Eggs"},{"floor":133,"key":"infinitespire:Lucky Rock"}],"event_choices":[{"damage_healed":0,"gold_gain":0,"player_choice":"塞?","damage_taken":0,"relics_obtained":["PaintedHorse:ReiMu"],"max_hp_gain":0,"max_hp_loss":0,"event_name":"yidonshenshe","floor":10,"gold_loss":40},{"damage_healed":0,"gold_gain":0,"player_choice":"Leave","damage_taken":0,"max_hp_gain":0,"max_hp_loss":0,"event_name":"conspire:Investor","floor":19,"gold_loss":0},{"damage_healed":0,"gold_gain":0,"player_choice":"Obtained Book","damage_taken":16,"max_hp_gain":0,"max_hp_loss":0,"event_name":"Cursed Tome","floor":33,"gold_loss":0},{"damage_healed":0,"gold_gain":0,"player_choice":"Copied","damage_taken":0,"max_hp_gain":0,"max_hp_loss":0,"event_name":"Duplicator","floor":39,"gold_loss":0,"cards_obtained":["Thunderclap"]},{"damage_healed":0,"gold_gain":0,"player_choice":"Bought 0 Potions","damage_taken":0,"max_hp_gain":0,"max_hp_loss":0,"event_name":"The Woman in Blue","floor":47,"gold_loss":0},{"damage_healed":0,"gold_gain":175,"player_choice":"AGREE","damage_taken":0,"max_hp_gain":0,"max_hp_loss":0,"event_name":"Liars Game","floor":60,"gold_loss":0,"cards_obtained":["Doubt"]},{"damage_healed":0,"gold_gain":0,"player_choice":"Bought 0 Potions","damage_taken":0,"max_hp_gain":0,"max_hp_loss":0,"event_name":"The Woman in Blue","floor":64,"gold_loss":0},{"cards_removed":["Doubt"],"damage_healed":0,"gold_gain":0,"player_choice":"Removed Curses","damage_taken":0,"max_hp_gain":0,"max_hp_loss":0,"event_name":"Fountain of Cleansing","floor":67,"gold_loss":0},{"cards_removed":["Strike_R"],"damage_healed":0,"gold_gain":0,"player_choice":"Purged","damage_taken":0,"max_hp_gain":0,"max_hp_loss":0,"event_name":"Purifier","floor":75,"gold_loss":0},{"damage_healed":0,"gold_gain":0,"player_choice":"Fight","damage_taken":0,"max_hp_gain":0,"max_hp_loss":0,"event_name":"Mysterious Sphere","floor":89,"gold_loss":0},{"damage_healed":0,"gold_gain":0,"player_choice":"Ignored","damage_taken":0,"max_hp_gain":0,"max_hp_loss":0,"event_name":"Ghosts","floor":128,"gold_loss":0},{"damage_healed":0,"gold_gain":0,"player_choice":"Obtained Relic","damage_taken":0,"relics_obtained":["Charon\u0027s Ashes"],"max_hp_gain":0,"max_hp_loss":0,"event_name":"Addict","floor":131,"gold_loss":85}],"is_beta":false,"boss_relics":[{"not_picked":["Kintsugi","aspiration:SecretTechniqueScroll"],"picked":"aspiration:RunicSpoon"},{"not_picked":["RedLine:ReiMu","infinitespire:Cupcake"],"picked":"aspiration:PoetsPen"},{"not_picked":["Sozu","aspiration:FutureDiary"],"picked":"aspiration:MobileForge"},{"not_picked":["Pandora\u0027s Box","Abe\u0027s Treasure"],"picked":"Mark of Pain"},{"not_picked":["Sozu","Velvet Choker"],"picked":"Ooze Armor"},{"not_picked":["Empty Cage","Busted Crown"],"picked":"infinitespire:Burning Sword"},{"not_picked":["conspire:SpecialSausage","Replay:Bronze Core"],"picked":"EasyGame_NEW"}],"items_purged_floors":[21,21,49,57,91,91,107,118,118],"is_endless":true,"potions_floor_spawned":[1,2,8,13,20,27,31,38,41,43,46,48,55,59,66,69,71,72,74,86,90,97,100,101,105,108,111,116,124,127],"killed_by":"infinitespire:LordOfFortification","ascension_level":4}}