{"host":"ltpwhm5ae82pbtlp","time":1608009654,"event":{"mods":["BaseMod","Better Third Choice","Downfall","Hermit","Minty Spire (QoL Compilation)","Quick Restart","StSLib","The Cursed","The Problem Sleuth","TheBandit"],"gold_per_floor":[114,114,114,129,154,154,187,212,212,212,246,264,308,6,6,130,130,146,167,167,197,216,216,264,264,290,310,310,235,257,281,281,406,406,435,435,435,155,173,173,203,203,203,124,124,148,173,173,173,178],"floor_reached":51,"playtime":2589,"items_purged":["hermit:Defend_Hermit","hermit:Strike_Hermit"],"score":739,"play_id":"d60dab67-83a3-4bd4-bbb9-bdb2dde8aec3","local_time":"20201214212054","is_ascension_mode":false,"campfire_choices":[{"data":"hermit:Manifest","floor":6.0,"key":"SMITH"},{"floor":10.0,"key":"REST"},{"floor":15.0,"key":"REST"},{"floor":23.0,"key":"REST"},{"data":"hermit:ShadowCloak","floor":25.0,"key":"SMITH"},{"floor":32.0,"key":"REST"},{"floor":40,"key":"REST"},{"data":"hermit:GhostlyPresence","floor":42,"key":"SMITH"},{"data":"hermit:Reprieve","floor":49,"key":"SMITH"}],"circlet_count":0,"master_deck":["hermit:Strike_Hermit","hermit:Strike_Hermit","hermit:Defend_Hermit","hermit:Defend_Hermit","hermit:Defend_Hermit","hermit:Snapshot","hermit:Covet","hermit:Spite","Pain","hermit:Glare","hermit:Manifest+1","hermit:Enervate","hermit:Vantage","hermit:WideOpen","hermit:BigShot","hermit:GhostlyPresence+1","hermit:FromBeyond","CurseOfTheBell","hermit:Coalescence+1","hermit:Scavenge","hermit:Snipe+1","hermit:ShadowCloak+1","hermit:Gambit","hermit:Deadeye","hermit:EyeOfTheStorm","hermit:Dissolve","hermit:Grudge+1","hermit:LowProfile","hermit:Determination","hermit:Ricochet","hermit:BigShot","Writhe","hermit:Reprieve+1"],"relics":["hermit:Momento","Golden Idol","WarpedTongs","Shuriken","Kunai","White Beast Statue","Bottled Lightning","Sling","PreservedInsect","Calling Bell","Bag of Preparation","Mercury Hourglass","Unceasing Top","Happy Flower","Bronze Scales","SlaversCollar","Blood Vial","HandDrill","Torii"],"acts_visited":["Exordium","TheCity","TheBeyond"],"potions_floor_usage":[50],"damage_taken":[{"damage":10.0,"enemies":"Small Slimes","floor":1.0,"turns":4.0},{"damage":0.0,"enemies":"2 Louse","floor":4.0,"turns":2.0},{"damage":1.0,"enemies":"Cultist","floor":5.0,"turns":3.0},{"damage":10.0,"enemies":"Gremlin Nob","floor":7.0,"turns":4.0},{"damage":2.0,"enemies":"Lots of Slimes","floor":8.0,"turns":3.0},{"damage":4.0,"enemies":"Lagavulin","floor":11.0,"turns":5.0},{"damage":5.0,"enemies":"Blue Slaver","floor":12.0,"turns":4.0},{"damage":10.0,"enemies":"Gremlin Nob","floor":13.0,"turns":4.0},{"damage":9.0,"enemies":"The Guardian","floor":16.0,"turns":9.0},{"damage":14.0,"enemies":"Shell Parasite","floor":18.0,"turns":5.0},{"damage":17.0,"enemies":"Spheric Guardian","floor":19.0,"turns":7.0},{"damage":4.0,"enemies":"Centurion and Healer","floor":21.0,"turns":7.0},{"damage":8.0,"enemies":"Snecko","floor":22.0,"turns":8.0},{"damage":12.0,"enemies":"Book of Stabbing","floor":24.0,"turns":5.0},{"damage":10.0,"enemies":"Snake Plant","floor":27.0,"turns":4.0},{"damage":3.0,"enemies":"Chosen and Byrds","floor":30.0,"turns":6.0},{"damage":4.0,"enemies":"Centurion and Healer","floor":31.0,"turns":4.0},{"damage":0.0,"enemies":"Automaton","floor":33.0,"turns":12.0},{"damage":21.0,"enemies":"3 Darklings","floor":35.0,"turns":6.0},{"damage":17,"enemies":"3 Shapes","floor":39,"turns":3},{"damage":16,"enemies":"3 Darklings","floor":41,"turns":5},{"damage":10,"enemies":"Jaw Worm Horde","floor":46,"turns":2},{"damage":39,"enemies":"Maw","floor":47,"turns":9},{"damage":46,"enemies":"Donu and Deca","floor":50,"turns":9}],"seed_played":"8222685226457793344","potions_obtained":[{"floor":0.0,"key":"hexamod:EctoCoolerPotion"},{"floor":0.0,"key":"GamblersBrew"},{"floor":0.0,"key":"Fire Potion"},{"floor":7.0,"key":"FearPotion"},{"floor":13.0,"key":"GamblersBrew"},{"floor":16.0,"key":"Weak Potion"},{"floor":19.0,"key":"LiquidBronze"},{"floor":21.0,"key":"champ:CounterPotion"},{"floor":22.0,"key":"EntropicBrew"},{"floor":24.0,"key":"EntropicBrew"},{"floor":30.0,"key":"Slimebound:ThreeZeroPotion"},{"floor":33.0,"key":"hermit:Tonic"},{"floor":35.0,"key":"FairyPotion"}],"is_trial":false,"path_per_floor":["M","?","?","M","M","R","E","M","T","R","E","M","E","$","R","B",null,"M","M","?","M","M","R","E","R","T","M","?","$","M","M","R","B",null,"M","T","?","$","M","R","M","R","T","$","?","M","M","?","R","B",null],"character_chosen":"HERMIT","items_purchased":["Sling","PreservedInsect","hermit:LowProfile","HandDrill","hermit:BigShot"],"campfire_rested":5,"item_purchase_floors":[14,14,38,38,44],"current_hp_per_floor":[65,47,47,47,46,46,36,34,34,56,52,47,37,37,59,50,75,61,44,44,40,32,54,42,42,42,32,32,32,29,25,47,47,75,54,54,54,54,39,61,47,47,47,47,66,58,33,66,66,40],"gold":178,"neow_bonus":"THREE_SMALL_POTIONS","is_daily":false,"chose_seed":false,"campfire_upgraded":4,"win_rate":0.0,"timestamp":1608009654,"path_taken":["M","?","?","M","?","R","E","M","T","R","E","?","E","$","R","BOSS","M","M","?","M","?","R","E","R","T","?","?","?","M","?","R","BOSS","M","?","?","$","M","R","M","R","T","$","?","M","M","?","R","BOSS"],"items_purchased_type":["Relic","Relic","Card","Relic","Card"],"build_version":"2020-12-13","purchased_purges":2,"victory":true,"max_hp_per_floor":[75,75,75,75,75,75,75,75,75,75,75,75,75,75,75,75,75,75,75,75,75,75,75,75,75,75,75,75,75,75,75,75,75,75,75,75,75,75,75,75,75,75,75,75,75,75,75,66,66,66],"card_choices":[{"not_picked":["hermit:Coalescence","hermit:Virtue"],"picked":"hermit:Spite","floor":1.0},{"not_picked":["hermit:HighCaliber","hermit:Combo"],"picked":"hermit:Glare","floor":4.0},{"not_picked":["hermit:Quickdraw","hermit:LoneWolf"],"picked":"hermit:Manifest","floor":5.0},{"not_picked":["hermit:NoHoldsBarred","hermit:TakeCover"],"picked":"hermit:Enervate","floor":7.0},{"not_picked":["hermit:HoleUp","hermit:Snipe"],"picked":"hermit:Vantage","floor":8.0},{"not_picked":["hermit:Ricochet","hermit:Vantage"],"picked":"hermit:WideOpen","floor":11.0},{"not_picked":["hermit:TakeAim","hermit:Ricochet"],"picked":"hermit:BigShot","floor":12.0},{"not_picked":["hermit:Magnum","hermit:Grudge"],"picked":"hermit:GhostlyPresence","floor":13.0},{"not_picked":["hermit:BlackWind","hermit:FinalCanter"],"picked":"hermit:FromBeyond","floor":16.0},{"not_picked":["hermit:Vantage","hermit:Ricochet"],"picked":"hermit:Coalescence+1","floor":18.0},{"not_picked":["hermit:Quickdraw","hermit:Virtue"],"picked":"hermit:Scavenge","floor":19.0},{"not_picked":["hermit:Vantage","hermit:LoneWolf"],"picked":"hermit:Snipe+1","floor":21.0},{"not_picked":["hermit:Misfire","hermit:Spite"],"picked":"hermit:ShadowCloak","floor":22.0},{"not_picked":["hermit:Horror","hermit:TakeAim+1"],"picked":"hermit:Gambit","floor":24.0},{"not_picked":["hermit:Headshot","hermit:BigShot"],"picked":"hermit:Deadeye","floor":27.0},{"not_picked":["hermit:Quickdraw","hermit:CursedWeapon"],"picked":"hermit:EyeOfTheStorm","floor":30.0},{"not_picked":["hermit:TakeCover+1","hermit:CalledShot+1","hermit:ShadowCloak+1"],"picked":"SKIP","floor":31.0},{"not_picked":["hermit:Gambit","hermit:OverwhelmingPower"],"picked":"hermit:Dissolve","floor":33.0},{"not_picked":["hermit:LuckOfTheDraw+1","hermit:Roulette"],"picked":"hermit:Grudge+1","floor":35.0},{"not_picked":["hermit:Snipe","hermit:Deadeye"],"picked":"hermit:Determination","floor":39},{"not_picked":["hermit:Misfire","hermit:Scavenge+1"],"picked":"hermit:Ricochet","floor":41},{"not_picked":["hermit:WideOpen","hermit:Quickdraw"],"picked":"hermit:Reprieve","floor":46},{"not_picked":["hermit:SprayPray+1","hermit:CalledShot+1","hermit:DeadMansHand"],"picked":"SKIP","floor":47}],"player_experience":153621,"relics_obtained":[{"floor":7.0,"key":"Shuriken"},{"floor":9.0,"key":"Kunai"},{"floor":11.0,"key":"White Beast Statue"},{"floor":13.0,"key":"Bottled Lightning"},{"floor":17.0,"key":"Bag of Preparation"},{"floor":17.0,"key":"Mercury Hourglass"},{"floor":17.0,"key":"Unceasing Top"},{"floor":24.0,"key":"Happy Flower"},{"floor":26.0,"key":"Bronze Scales"},{"floor":36.0,"key":"Blood Vial"},{"floor":43,"key":"Torii"}],"event_choices":[{"damage_healed":0.0,"max_hp_gain":0.0,"max_hp_loss":0.0,"gold_gain":0.0,"event_name":"Golden Idol","player_choice":"Take Damage","floor":2.0,"gold_loss":0.0,"damage_taken":18.0,"relics_obtained":["Golden Idol"]},{"damage_healed":0.0,"max_hp_gain":0.0,"max_hp_loss":0.0,"gold_gain":0.0,"event_name":"Accursed Blacksmith","player_choice":"Rummage","floor":3.0,"gold_loss":0.0,"damage_taken":0.0,"relics_obtained":["WarpedTongs"],"cards_obtained":["Pain"]},{"damage_healed":0.0,"max_hp_gain":0.0,"max_hp_loss":0.0,"gold_gain":0.0,"event_name":"FaceTrader","player_choice":"Leave","floor":20.0,"gold_loss":0.0,"damage_taken":0.0},{"cards_removed":["hermit:Strike_Hermit"],"damage_healed":0.0,"max_hp_gain":0.0,"max_hp_loss":0.0,"gold_gain":0.0,"event_name":"Purifier","player_choice":"Purged","floor":28.0,"gold_loss":0.0,"damage_taken":0.0},{"damage_healed":0,"gold_gain":0,"player_choice":"Ignored","damage_taken":0,"max_hp_gain":0,"max_hp_loss":0,"event_name":"Mysterious Sphere","floor":37,"gold_loss":0},{"damage_healed":19,"gold_gain":0,"player_choice":"Writhe","damage_taken":0,"max_hp_gain":0,"max_hp_loss":0,"event_name":"Winding Halls","floor":45,"gold_loss":0,"cards_obtained":["Writhe"]},{"damage_healed":66,"gold_gain":0,"player_choice":"Heal","damage_taken":0,"max_hp_gain":0,"max_hp_loss":9,"event_name":"The Moai Head","floor":48,"gold_loss":0}],"is_beta":false,"boss_relics":[{"not_picked":["Runic Pyramid","hermit:BartenderGlass"],"picked":"Calling Bell"},{"not_picked":["Cursed Key","SacredBark"],"picked":"SlaversCollar"}],"items_purged_floors":[29,38],"is_endless":false,"potions_floor_spawned":[4,5,7,12,13,16,18,19,21,22,24,27,30,31,33,35,39,41,46,47],"ascension_level":0}}