{"host":"hfvpa4llnnjpeawn","time":1608006384,"event":{"mods":["2.2 Compatiblity","Act Like it!","BaseMod","Better Skull","Better Third Choice","BetterRewards","CapriCore","Conspire","Downfall","Elementarium","Hermit","Hubris","Koishi","Lobotomy","Mad Scientist","Minty Spire (QoL Compilation)","Replay The Spire","Shade Mod","Somnambulant","StSLib","The Bladedancer","The Factory","The Jungle","Waifu the Spire"],"gold_per_floor":[99,99,118,137,153,57,57,67,98,23,39,52,66,79,91,195,245,245,262,262,11,28,28,28,28,55,55,70,80,96,108,127,228,228,228,241,241,88,88,188,188,188,206,206,226,243,270,270,270,270],"floor_reached":49,"playtime":3650,"items_purged":[],"score":515,"play_id":"f119c9cd-9728-4cec-9d90-955fd5e8aac2","local_time":"20201214232624","is_ascension_mode":false,"campfire_choices":[{"floor":1,"key":"RECALL"},{"data":"champ:StrikeOfGenius","floor":10,"key":"SMITH"},{"data":"champ:HeavySlash","floor":18,"key":"SMITH"},{"data":"champ:Encircle","floor":20,"key":"SMITH"},{"data":"expansioncontent:AwakenDeath","floor":23,"key":"SMITH"},{"data":"champ:ArenaPreparation","floor":25,"key":"SMITH"},{"floor":27,"key":"REST"},{"data":"Writhe","floor":35,"key":"PURGE"},{"data":"champ:CrownThrow","floor":37,"key":"SMITH"},{"data":"expansioncontent:GuardianWhirl","floor":42,"key":"SMITH"},{"floor":44,"key":"REST"}],"circlet_count":0,"master_deck":["champ:Strike","champ:Strike","champ:Strike+1","champ:Defend","champ:Defend","champ:Defend","champ:Defend","champ:Execute","champ:Taunt","champ:VampiricStrike","champ:Haymaker","champ:ArenaPreparation+1","champ:FanOfKnives","champ:StrikeOfGenius+1","expansioncontent:ChargeUp","champ:FlashCut","champ:EnGarde","champ:BerserkerStyle","champ:RisingSlash","champ:ShieldWall","champ:DefensiveStyle","champ:AdrenalArmor","champ:HeavySlash+1","champ:TornadoPunch","champ:Encircle+1","champ:BringItOn","expansioncontent:AwakenDeath+1","champ:FlashCut+1","champ:MurderStrike+1","champ:FocusedBerserking+1","champ:FocusedDefense","champ:DeathBlow","champ:CrownThrow+1","champ:CrownThrow","Pain","Slimebound:Icky","champ:FaceSlap+1","champ:GladiatorStyle+1","expansioncontent:GuardianWhirl+1","champ:FightOn","champ:FightOn","champ:VampiricStrike"],"relics":["conspire:RoyalGoblet","hubris:64BitClover","champ:DefensiveTrainingManual","downfall:HeartBlessingRed","hubris:BottledRain","Tiny House","Tiny Chest","Pantograph","Toy Ornithopter","Replay:Mystery Machine","Replay:Ancient Bell","Bag of Preparation","Garlic","conspire:GiftBox","Darkstone Periapt","Pet Ghost"],"acts_visited":["Exordium","Exordium","TheBeyond"],"potions_floor_usage":[9,11,12,12,13,14,16,16,21,29,29,32,33,46],"damage_taken":[{"damage":0,"enemies":"2 Louse","floor":3,"turns":2},{"damage":5,"enemies":"Cultist","floor":4,"turns":3},{"damage":10,"enemies":"Small Slimes","floor":5,"turns":3},{"damage":24,"enemies":"downfall:FleeingMerchant","floor":6,"turns":4},{"damage":28,"enemies":"Blue Slaver","floor":8,"turns":4},{"damage":13,"enemies":"Lagavulin","floor":9,"turns":6},{"damage":22,"enemies":"Large Slime","floor":11,"turns":5},{"damage":0,"enemies":"Lots of Slimes","floor":12,"turns":1},{"damage":10,"enemies":"Exordium Thugs","floor":13,"turns":3},{"damage":13,"enemies":"Gremlin Gang","floor":14,"turns":3},{"damage":17,"enemies":"3 Louse","floor":15,"turns":2},{"damage":40,"enemies":"downfall:Silent","floor":16,"turns":6},{"damage":27,"enemies":"Elementarium:Cyclone","floor":19,"turns":5},{"damage":36,"enemies":"downfall:FleeingMerchant","floor":21,"turns":4},{"damage":5,"enemies":"Elementarium:2_ELEMENTALS","floor":22,"turns":2},{"damage":64,"enemies":"Elementarium:ElementalPortal","floor":26,"turns":8},{"damage":42,"enemies":"Elementarium:VoidBeast","floor":28,"turns":3},{"damage":50,"enemies":"Elementarium:3_ELEMENTALS","floor":29,"turns":3},{"damage":13,"enemies":"Elementarium:VOID_CORRUPTION_AND_TAR_GOLEM","floor":30,"turns":4},{"damage":44,"enemies":"Elementarium:CYCLONE_AND_ORB_OF_FIRE","floor":31,"turns":5},{"damage":34,"enemies":"Elementarium:VOID_CORRUPTION_AND_ORB_OF_FIRE","floor":32,"turns":5},{"damage":82,"enemies":"downfall:Defect","floor":33,"turns":7},{"damage":89,"enemies":"3 Darklings","floor":36,"turns":7},{"damage":19,"enemies":"downfall:FleeingMerchant","floor":38,"turns":4},{"damage":3,"enemies":"Orb Walker","floor":43,"turns":3},{"damage":43,"enemies":"Jaw Worm Horde","floor":45,"turns":4},{"damage":71,"enemies":"Writhing Mass","floor":46,"turns":7},{"damage":32,"enemies":"4 Shapes","floor":49,"turns":2}],"seed_played":"-314642055746200917","potions_obtained":[{"floor":8,"key":"LifebloodPotion"},{"floor":9,"key":"sneckomod:MuddlingPotion"},{"floor":11,"key":"EntropicBrew"},{"floor":12,"key":"SkillPotion"},{"floor":13,"key":"champ:UltimateStancePotion"},{"floor":17,"key":"HauntedGourdPotion"},{"floor":22,"key":"FairyPotion"},{"floor":26,"key":"FearPotion"},{"floor":28,"key":"Weak Potion"},{"floor":29,"key":"Explosive Potion"},{"floor":32,"key":"champ:OpenerPotion"},{"floor":36,"key":"LiquidBronze"},{"floor":46,"key":"Fruit Juice"}],"is_trial":false,"path_per_floor":["R","?","M","M","M","$","T","M","E","R","M","M","M","M","M","B",null,"R","M","R","$","M","R","T","R","E","R","M","M","M","M","M","B",null,"R","M","R","$","?","?","T","R","M","R","M","M","T","$","M"],"character_chosen":"THE_CHAMP","items_purchased":["expansioncontent:ChargeUp","Tiny Chest","expansioncontent:AwakenDeath","expansioncontent:GuardianWhirl","champ:FightOn","Flashbang","Swift Potion"],"campfire_rested":2,"item_purchase_floors":[6,21,21,38,38,48,48],"current_hp_per_floor":[90,90,90,90,90,90,90,78,90,90,85,85,85,89,78,74,95,95,75,75,66,66,66,66,66,38,66,44,49,43,47,23,68,95,95,56,56,55,55,55,55,55,52,80,62,39,39,30,0,0],"gold":270,"neow_bonus":"BOSS_RELIC","is_daily":false,"chose_seed":false,"campfire_upgraded":7,"win_rate":0.0,"timestamp":1608006384,"path_taken":["R","?","?","M","M","$","T","?","E","R","M","M","M","M","M","BOSS","R","M","R","?","M","R","T","R","E","R","M","M","M","M","M","BOSS","R","M","R","$","?","?","T","R","?","R","M","M","?","?","M"],"items_purchased_type":["Card","Relic","Card","Card","Card","Potion","Potion"],"build_version":"2020-12-13","purchased_purges":0,"victory":false,"max_hp_per_floor":[90,90,90,90,90,90,90,90,90,90,90,90,90,90,90,90,95,95,95,95,95,95,95,95,95,95,95,95,95,95,95,95,95,95,95,95,95,95,95,95,95,95,95,95,95,100,100,100,100,100],"card_choices":[{"not_picked":["champ:BladeFlurry","champ:CrookedStrike"],"picked":"champ:Haymaker","floor":3},{"not_picked":["champ:Backstep","champ:GladiatorsShout"],"picked":"champ:ArenaPreparation","floor":4},{"not_picked":["champ:Encircle","champ:StanceDance"],"picked":"champ:FanOfKnives","floor":5},{"not_picked":["champ:CrookedStrike","champ:Encircle"],"picked":"champ:StrikeOfGenius","floor":6},{"not_picked":["champ:Haymaker","champ:CrookedStrike"],"picked":"champ:FlashCut","floor":8},{"not_picked":["champ:DeathBlow","champ:FanOfKnives"],"picked":"champ:EnGarde","floor":9},{"not_picked":["champ:Haymaker","champ:BerserkersShout"],"picked":"champ:BerserkerStyle","floor":11},{"not_picked":["champ:StanceDance","champ:FalseCounter"],"picked":"champ:RisingSlash","floor":12},{"not_picked":["champ:Encircle","champ:Haymaker"],"picked":"champ:ShieldWall","floor":13},{"not_picked":["champ:EndlessRage","champ:ShieldWall"],"picked":"champ:DefensiveStyle","floor":14},{"not_picked":["champ:EnGarde","champ:VampiricStrike"],"picked":"champ:AdrenalArmor","floor":15},{"not_picked":["champ:HoldFirm","champ:PerfectForm"],"picked":"champ:HeavySlash","floor":16},{"not_picked":["champ:BringItOn","champ:SkillfulDodge"],"picked":"champ:TornadoPunch","floor":17},{"not_picked":["champ:DeathBlow","champ:RapidStrikes"],"picked":"champ:Encircle","floor":19},{"not_picked":["champ:Haymaker+1","champ:FlashCut"],"picked":"champ:BringItOn","floor":21},{"not_picked":["champ:CrookedStrike+1","champ:RisingSlash"],"picked":"champ:FlashCut+1","floor":22},{"not_picked":["champ:Backstep","champ:BerserkersShout"],"picked":"champ:MurderStrike","floor":26},{"not_picked":["champ:StanceDance","champ:FlashCut","champ:RisingSlash"],"picked":"SKIP","floor":28},{"not_picked":["champ:EnragedBash+1","champ:CalledShot"],"picked":"champ:FocusedBerserking+1","floor":29},{"not_picked":["champ:RisingSlash","champ:Shatter"],"picked":"champ:FocusedDefense","floor":30},{"not_picked":["champ:Haymaker","champ:Encircle","champ:FocusedGladiator"],"picked":"SKIP","floor":31},{"not_picked":["champ:SkillfulDodge","champ:StanceDance"],"picked":"champ:DeathBlow","floor":32},{"not_picked":["champ:SteelEdge","champ:PerfectForm"],"picked":"champ:CrownThrow","floor":33},{"not_picked":["champ:ShieldSlam","champ:PerfectForm"],"picked":"champ:CrownThrow","floor":34},{"not_picked":["Regret","Replay:Hysterical Blindness"],"picked":"Pain","floor":34},{"not_picked":["CurseOfTheBell","Doubt"],"picked":"Writhe","floor":34},{"not_picked":["Languid","hexamod:Haunted"],"picked":"Slimebound:Icky","floor":34},{"not_picked":["champ:EnGarde","champ:FocusedDefense"],"picked":"champ:FaceSlap+1","floor":36},{"not_picked":["champ:Circumvent","champ:AdrenalArmor"],"picked":"champ:GladiatorStyle+1","floor":38},{"not_picked":["champ:PreciseThrust","champ:BerserkersShout","champ:Backstep"],"picked":"SKIP","floor":43},{"not_picked":["champ:GladiatorStyle+1","champ:AdrenalArmor"],"picked":"champ:VampiricStrike","floor":45},{"not_picked":["champ:RapidStrikes","champ:BringItOn","champ:GladiatorsShout"],"picked":"SKIP","floor":46}],"player_experience":212056,"relics_obtained":[{"floor":7,"key":"hubris:64BitClover"},{"floor":9,"key":"champ:DefensiveTrainingManual"},{"floor":16,"key":"hubris:BottledRain"},{"floor":24,"key":"Pantograph"},{"floor":26,"key":"Toy Ornithopter"},{"floor":32,"key":"Replay:Mystery Machine"},{"floor":41,"key":"Darkstone Periapt"},{"floor":47,"key":"Pet Ghost"}],"event_choices":[{"damage_healed":0,"gold_gain":0,"cards_transformed":["champ:Strike"],"player_choice":"Transformed","damage_taken":0,"max_hp_gain":0,"max_hp_loss":0,"event_name":"Transmorgrifier","floor":2,"gold_loss":0,"cards_obtained":["champ:VampiricStrike"]}],"is_beta":false,"boss_relics":[{"not_picked":["Coffee Dripper","Fusion Hammer"],"picked":"Tiny House"},{"not_picked":["Black Star","conspire:SlowCooker"],"picked":"Replay:Ancient Bell"},{"not_picked":["Art of War","hubris:SlimyHat"],"picked":"Bag of Preparation"},{"not_picked":["Replay:Accelerometer","Snack Pack"],"picked":"Garlic"},{"not_picked":["Prayer Wheel","conspire:Boomerang"],"picked":"conspire:GiftBox"}],"items_purged_floors":[],"is_endless":false,"potions_floor_spawned":[8,9,11,12,13,22,26,28,29,32,36,46],"killed_by":"4 Shapes","ascension_level":0}}