{"host":"jn2qdns2nxijvlnt","time":1608019025,"event":{"mods":["BaseMod","Minty Spire (QoL Compilation)","Quick Restart"],"gold_per_floor":[114,2,2,22,42,42,74,224,300,8,8,19,19,49,49,122,122,134,144,144,160,160,160],"floor_reached":22,"playtime":1306,"items_purged":["Doubt"],"score":388,"play_id":"6fc88e6b-8fc9-4086-9968-26d7d952199d","local_time":"20201215025705","is_ascension_mode":true,"campfire_choices":[{"data":"Uppercut","floor":6.0,"key":"SMITH"},{"data":"Seeing Red","floor":13.0,"key":"SMITH"},{"floor":15.0,"key":"REST"}],"circlet_count":0,"master_deck":["AscendersBane","Strike_R","Strike_R","Strike_R","Strike_R+1","Defend_R","Defend_R","Defend_R","Defend_R","Bash+1","Uppercut+1","Shrug It Off","Intimidate+1","Seeing Red+1","Barricade","Heavy Blade"],"relics":["Burning Blood","Orichalcum","Singing Bowl","Darkstone Periapt","Whetstone","Potion Belt","Velvet Choker"],"acts_visited":["Exordium","TheCity"],"potions_floor_usage":[],"damage_taken":[{"damage":4.0,"enemies":"2 Louse","floor":1.0,"turns":3.0},{"damage":0.0,"enemies":"Cultist","floor":4.0,"turns":3.0},{"damage":4.0,"enemies":"Small Slimes","floor":5.0,"turns":3.0},{"damage":18.0,"enemies":"3 Sentries","floor":7.0,"turns":9.0},{"damage":3.0,"enemies":"Blue Slaver","floor":12.0,"turns":4.0},{"damage":16.0,"enemies":"Lagavulin","floor":14.0,"turns":5.0},{"damage":24.0,"enemies":"The Guardian","floor":16.0,"turns":11.0},{"damage":22.0,"enemies":"2 Thieves","floor":18.0,"turns":4.0},{"damage":19.0,"enemies":"Shell Parasite","floor":19.0,"turns":5.0},{"damage":53.0,"enemies":"Centurion and Healer","floor":21.0,"turns":9.0},{"damage":12,"enemies":"Snecko","floor":22,"turns":4}],"seed_played":"-1366641764902282496","potions_obtained":[{"floor":1.0,"key":"EssenceOfSteel"},{"floor":5.0,"key":"Fire Potion"},{"floor":14.0,"key":"PowerPotion"},{"floor":16.0,"key":"Fire Potion"},{"floor":18.0,"key":"AttackPotion"}],"is_trial":false,"path_per_floor":["M","$","?","M","M","R","E","?","T","$","?","M","R","E","R","B",null,"M","M","?","M","M"],"character_chosen":"IRONCLAD","items_purchased":["Shrug It Off","SkillPotion","Whetstone","BlessingOfTheForge"],"campfire_rested":1,"item_purchase_floors":[2,2,10,10],"current_hp_per_floor":[77,77,77,82,82,82,72,72,72,72,72,75,75,67,86,68,82,68,57,57,12,0,0],"gold":160,"neow_bonus":"TEN_PERCENT_HP_BONUS","is_daily":false,"chose_seed":false,"campfire_upgraded":2,"win_rate":0.0,"timestamp":1608019025,"path_taken":["M","$","?","M","?","R","E","?","T","$","?","M","R","E","R","BOSS","M","M","?","M","M"],"items_purchased_type":["Card","Potion","Relic","Potion"],"build_version":"2020-12-13","purchased_purges":1,"victory":false,"max_hp_per_floor":[82,82,82,82,82,82,84,84,84,84,84,84,84,86,86,86,86,88,90,90,92,92,92],"card_choices":[{"not_picked":["Spot Weakness","Clash"],"picked":"Uppercut","floor":1.0},{"not_picked":["Body Slam","Havoc"],"picked":"Intimidate","floor":4.0},{"not_picked":["Combust","Dark Embrace","Wild Strike"],"picked":"SKIP","floor":5.0},{"not_picked":["Evolve","Flex","Reckless Charge"],"picked":"Singing Bowl","floor":7.0},{"not_picked":["Shrug It Off","Sever Soul"],"picked":"Seeing Red","floor":12.0},{"not_picked":["Hemokinesis","Intimidate","Entrench"],"picked":"Singing Bowl","floor":14.0},{"not_picked":["Corruption","Brutality"],"picked":"Barricade","floor":16.0},{"not_picked":["Whirlwind","Pommel Strike","Reckless Charge"],"picked":"Singing Bowl","floor":18.0},{"not_picked":["Clash","Shockwave","Bloodletting"],"picked":"Singing Bowl","floor":19.0},{"not_picked":["Blood for Blood","Uppercut","Wild Strike"],"picked":"Singing Bowl","floor":21.0}],"player_experience":421946,"relics_obtained":[{"floor":7.0,"key":"Singing Bowl"},{"floor":9.0,"key":"Darkstone Periapt"},{"floor":14.0,"key":"Potion Belt"}],"event_choices":[{"damage_healed":0.0,"max_hp_gain":0.0,"max_hp_loss":0.0,"gold_gain":0.0,"event_name":"WeMeetAgain","player_choice":"Gave Potion","floor":3.0,"gold_loss":0.0,"damage_taken":0.0,"relics_obtained":["Orichalcum"]},{"damage_healed":0.0,"max_hp_gain":0.0,"max_hp_loss":0.0,"gold_gain":150.0,"event_name":"Liars Game","player_choice":"AGREE","floor":8.0,"gold_loss":0.0,"damage_taken":0.0,"cards_obtained":["Doubt"]},{"damage_healed":0.0,"max_hp_gain":0.0,"max_hp_loss":0.0,"gold_gain":0.0,"event_name":"Living Wall","player_choice":"Grow","floor":11.0,"gold_loss":0.0,"damage_taken":0.0,"cards_upgraded":["Intimidate"]},{"damage_healed":0.0,"max_hp_gain":0.0,"max_hp_loss":0.0,"gold_gain":0.0,"cards_transformed":["Strike_R"],"event_name":"Transmorgrifier","player_choice":"Transformed","floor":20.0,"gold_loss":0.0,"damage_taken":0.0,"cards_obtained":["Heavy Blade"]}],"is_beta":false,"boss_relics":[{"not_picked":["Coffee Dripper","Black Star"],"picked":"Velvet Choker"}],"items_purged_floors":[10],"is_endless":false,"potions_floor_spawned":[1,5,14,16,18],"killed_by":"Snecko","ascension_level":20}}