{"host":"u0ul4tg7h190tzjo","time":1608066384,"event":{"mods":["AchievementEnabler","Act Like it!","Aspiration","BaseMod","Beaked The Cultist","Better Altar","Better Note","Better Sensory Stone","Better Skull","Better Third Choice","Colored Powertips","Conspire","Downfall","Energized Spire","GifTheSpireLib","Hubris","Minty Spire (QoL Compilation)","Rare Cards Sparkle","Shop Mod","Spikes Relics","StSLib","Stuff the Spire","The Dragon Tamer","vexMod"],"gold_per_floor":[109,109,7,24,40,73,86,86,167,167,184,198,209,239,239,336,336,356,188,201,201,218,236,236,236,262,276,276,287,298,309,309,407,407,422,422,437,437,147,147,147,147],"floor_reached":40,"playtime":5291,"items_purged":["DTMod:Strike","DTMod:Strike"],"score":454,"play_id":"af2c9678-ca17-4854-96d3-f49d724707ce","local_time":"20201215160624","is_ascension_mode":false,"metric_token":1555,"campfire_choices":[{"data":"DTMod:SwitchingTactic","floor":8,"key":"SMITH"},{"floor":10,"key":"RECALL"},{"data":"DTMod:Outburst","floor":15,"key":"SMITH"},{"floor":25,"key":"REST"},{"data":"DTMod:Threaten","floor":28,"key":"SMITH"},{"data":"DTMod:ShadowImage","floor":32,"key":"SMITH"}],"dtmod_dragon_data":[0,50,3,1,10,9],"circlet_count":0,"master_deck":["DTMod:Strike","DTMod:Strike","DTMod:DoubleHit","DTMod:TargetDefense","DTMod:TargetDefense","DTMod:TargetDefense","DTMod:SwitchingTactic+1","DTMod:Threaten+1","DTMod:MaximumCharge","DTMod:BlazingStrike","DTMod:BlazingStrike","DTMod:FlameSlash","DTMod:BurningEnergy","DTMod:ComboAttack","DTMod:ComboAttack","DTMod:ComboAttack","DTMod:BlazingStrike","DTMod:Outburst+1","DTMod:ShadowImage+1","DTMod:Hide+1","DTMod:ComboAttack","DTMod:MagiciansMark","DTMod:ComboAttack","DTMod:Hide","DTMod:TagTeam+1","DTMod:BlazingStrike","DTMod:DarkBreath","DTMod:Adaptation+1","DTMod:Outburst","DTMod:BurningForce","StuffTheSpire:Ambrosia","DTMod:TagTeam"],"relics":["DTMod:PactStone","NeowsBlessing","Pantograph","RetroEgg","Velvet Choker","Runic Pyramid","Omamori"],"acts_visited":["Exordium","TheCity","TheBeyond"],"potions_floor_usage":[6,14,14,35],"damage_taken":[{"damage":0,"enemies":"Small Slimes","floor":1,"turns":1},{"damage":0,"enemies":"Cultist","floor":4,"turns":1},{"damage":0,"enemies":"Jaw Worm","floor":5,"turns":1},{"damage":3,"enemies":"3 Sentries","floor":6,"turns":5},{"damage":0,"enemies":"Exordium Wildlife","floor":7,"turns":3},{"damage":0,"enemies":"2 Fungi Beasts","floor":11,"turns":3},{"damage":0,"enemies":"Lots of Slimes","floor":12,"turns":3},{"damage":0,"enemies":"3 Louse","floor":13,"turns":3},{"damage":17,"enemies":"Lagavulin","floor":14,"turns":3},{"damage":14,"enemies":"Hexaghost","floor":16,"turns":6},{"damage":0,"enemies":"Chosen","floor":18,"turns":2},{"damage":6,"enemies":"3 Byrds","floor":20,"turns":5},{"damage":0,"enemies":"Snake Plant","floor":22,"turns":4},{"damage":0,"enemies":"Chosen and Byrds","floor":23,"turns":5},{"damage":0,"enemies":"Centurion and Healer","floor":27,"turns":2},{"damage":0,"enemies":"Shelled Parasite and Fungi","floor":29,"turns":5},{"damage":3,"enemies":"conspire:HollyBat","floor":30,"turns":7},{"damage":2,"enemies":"Centurion and Healer","floor":31,"turns":5},{"damage":21,"enemies":"hubris:MusketHawk","floor":33,"turns":6},{"damage":0,"enemies":"3 Shapes","floor":35,"turns":4},{"damage":0,"enemies":"Orb Walker","floor":37,"turns":3},{"damage":84,"enemies":"Reptomancer","floor":40,"turns":7}],"seed_played":"-4238440481508675103","potions_obtained":[{"floor":5,"key":"Block Potion"},{"floor":11,"key":"Swift Potion"},{"floor":13,"key":"GamblersBrew"},{"floor":23,"key":"Fire Potion"},{"floor":27,"key":"FairyPotion"},{"floor":33,"key":"Block Potion"},{"floor":35,"key":"Dexterity Potion"}],"is_trial":false,"path_per_floor":["M","?","$","M","M","E","M","R","T","R","M","M","M","E","R","B",null,"M","$","M","?","M","M","?","R","T","M","R","M","M","M","R","B",null,"M","?","M","?","$","E"],"character_chosen":"THE_DT","items_purchased":["DTMod:MaximumCharge","DTMod:BlazingStrike","DTMod:ComboAttack","DTMod:MagiciansMark","DTMod:TagTeam","Omamori"],"campfire_rested":1,"item_purchase_floors":[3,3,19,19,39,39],"current_hp_per_floor":[45,45,45,45,45,42,42,42,42,42,42,42,42,25,25,31,45,45,45,39,39,39,39,39,45,45,45,45,45,42,40,40,24,45,45,45,45,45,45,0,0,0],"gold":147,"neow_bonus":"THREE_ENEMY_KILL","is_daily":false,"chose_seed":false,"campfire_upgraded":4,"win_rate":0.0,"timestamp":1608066384,"path_taken":["M","?","$","M","?","E","?","R","T","R","M","M","M","E","R","BOSS","M","$","M","?","M","M","?","R","T","?","R","M","M","M","R","BOSS","M","?","M","?","$","E"],"items_purchased_type":["Card","Card","Card","Card","Card","Relic"],"build_version":"2020-12-13","purchased_purges":2,"victory":false,"max_hp_per_floor":[45,45,45,45,45,45,45,45,45,45,45,45,45,45,45,45,45,45,45,45,45,45,45,45,45,45,45,45,45,45,45,45,45,45,45,45,45,45,45,46,46,46],"card_choices":[{"not_picked":["DTMod:MagicField","DTMod:Overwhelm"],"picked":"DTMod:Threaten","floor":1},{"not_picked":["DTMod:Hide","DTMod:LowKick"],"picked":"DTMod:BlazingStrike","floor":4},{"not_picked":["DTMod:MasterPlan","DTMod:MagicField"],"picked":"DTMod:FlameSlash","floor":5},{"not_picked":["DTMod:MasterPlan","DTMod:QuickFly"],"picked":"DTMod:BurningEnergy","floor":6},{"not_picked":["DTMod:Weaken","DTMod:Conduct"],"picked":"DTMod:ComboAttack","floor":7},{"not_picked":["DTMod:QuickFly","DTMod:Threaten"],"picked":"DTMod:ComboAttack","floor":11},{"not_picked":["DTMod:CleansingStrike","DTMod:Threaten"],"picked":"DTMod:ComboAttack","floor":12},{"not_picked":["DTMod:Conduct","DTMod:Adaptation"],"picked":"DTMod:BlazingStrike","floor":13},{"not_picked":["DTMod:DarkBreath","DTMod:Punisher"],"picked":"DTMod:Outburst","floor":14},{"not_picked":["DTMod:FierySynthesis","DTMod:ExcessFootwork"],"picked":"DTMod:ShadowImage","floor":16},{"not_picked":["DTMod:Threaten","DTMod:HeatWave"],"picked":"DTMod:Hide+1","floor":18},{"not_picked":["DTMod:RunningTactic","DTMod:TauntingStrike+1","DTMod:Coolant+1"],"picked":"SKIP","floor":20},{"not_picked":["DTMod:Threaten","DTMod:QuickFly"],"picked":"DTMod:ComboAttack","floor":22},{"not_picked":["DTMod:HeatWave","DTMod:GhostSkin"],"picked":"DTMod:Hide","floor":23},{"not_picked":["DTMod:CleansingStrike","DTMod:BurningEnergy+1"],"picked":"DTMod:TagTeam+1","floor":27},{"not_picked":["DTMod:PurifyingFlame","DTMod:MasterPlan"],"picked":"DTMod:BlazingStrike","floor":29},{"not_picked":["DTMod:FlameSlash","DTMod:BuildUp+1"],"picked":"DTMod:DarkBreath","floor":30},{"not_picked":["DTMod:BlueScale","DTMod:WarmUp"],"picked":"DTMod:Adaptation","floor":31},{"not_picked":["DTMod:ExcessFootwork","DTMod:EchoTactic"],"picked":"DTMod:Outburst","floor":33},{"not_picked":["DTMod:MasterPlan","DTMod:Overwhelm"],"picked":"DTMod:BurningForce","floor":35},{"not_picked":["DTMod:Haste+1","DTMod:Cover+1","DTMod:ComboAttack"],"picked":"SKIP","floor":37},{"not_picked":["StuffTheSpire:Perfection","StuffTheSpire:Vigor"],"picked":"StuffTheSpire:Ambrosia","floor":38}],"player_experience":160905,"relics_obtained":[{"floor":6,"key":"Pantograph"},{"floor":14,"key":"RetroEgg"},{"floor":26,"key":"StuffTheSpire:HeavyRock"}],"event_choices":[{"cards_removed":["DTMod:TargetDefense"],"damage_healed":0,"gold_gain":0,"player_choice":"Card Removal","damage_taken":0,"max_hp_gain":0,"max_hp_loss":0,"event_name":"Wheel of Change","floor":2,"gold_loss":0},{"damage_healed":0,"gold_gain":0,"player_choice":"Ignored","damage_taken":0,"max_hp_gain":0,"max_hp_loss":0,"event_name":"betterNote:BetterNote","floor":21,"gold_loss":0,"cards_obtained":["beaked:Windmill"]},{"damage_healed":0,"gold_gain":0,"player_choice":"Leave","damage_taken":0,"max_hp_gain":0,"max_hp_loss":0,"event_name":"FaceTrader","floor":24,"gold_loss":0}],"is_beta":false,"boss_relics":[{"not_picked":["Sozu","conspire:RoyalGoblet"],"picked":"Velvet Choker"},{"not_picked":["aspiration:PoetsPen_weak","hubris:RunicObelisk"],"picked":"Runic Pyramid"}],"items_purged_floors":[19,39],"is_endless":false,"potions_floor_spawned":[5,11,13,23,27,33,35],"killed_by":"Reptomancer","ascension_level":0}}