{"host":"87fdiiwflhrwsj8a","time":1608060165,"event":{"mods":["Aspiration","BaseMod","Better Match","Better Note","Better Third Choice","BetterRewards","Colored Map","GifTheSpireLib","Infinite Spire","Minty Spire (QoL Compilation)","Relic Sorter","Replay The Spire","Robot Space Explorer","StSLib","Stuff the Spire","The Cursed"],"gold_per_floor":[114,140,140,157,157,157,184,184,184,213,213,226,226,246,262,281,281,386,386,404,404,404,423,434,79,91,91,169,199,218,228,228,257,257,362,362,398,398,441,441,241,290,290,344,344,399,443,485,528,528,528,665,665,724,774,837,717,717,785,785,842,842,907,971,971,1048,1323,1421,1606,1606,1708,1240,1327,1404,1489,1489,1489,1489,1586,1695,1695,1813,1813,1813,1935,2055,2055,2273,2273,2418,2236,2236,2368,2517,2517,2689,2859,2859,3076,3076,3277,3277,3487,3487,3786,3786,4040,4312,4603,4481,4785,5116,5116,5464,5464,5836,6227,6304,6327,5983,5983,5976,5976],"floor_reached":122,"playtime":11194,"items_purged":[],"score":3009,"play_id":"f674debe-0798-40dd-ade2-2e2c2af1ee30","local_time":"20201215142245","is_ascension_mode":false,"campfire_choices":[{"data":"TheCursedMod:SpitefulStrike","floor":6.0,"key":"SMITH"},{"data":"TheCursedMod:VoidForm","floor":13.0,"key":"SMITH"},{"data":"TheCursedMod:Torture","floor":17.0,"key":"SMITH"},{"floor":32.0,"key":"REST"},{"data":"TheCursedMod:CleanUpWorkshop","floor":34.0,"key":"SMITH"},{"floor":43.0,"key":"REST"},{"data":"TheCursedMod:Evocation","floor":51.0,"key":"SMITH"},{"data":"TheCursedMod:HellfireBreathing","floor":60.0,"key":"SMITH"},{"data":"TheCursedMod:Hemoplague","floor":65.0,"key":"SMITH"},{"data":"TheCursedMod:LuckyCharm","floor":78.0,"key":"SMITH"},{"data":"TheCursedMod:RapidMovement","floor":84.0,"key":"SMITH"},{"floor":87.0,"key":"REST"},{"floor":95.0,"key":"RECALL"},{"floor":100.0,"key":"REST"},{"floor":102.0,"key":"REST"},{"floor":104.0,"key":"REST"},{"data":"TheCursedMod:SaltUponWound","floor":121.0,"key":"SMITH"}],"circlet_count":0,"master_deck":["TheCursedMod:Strike_TheCursed+1","TheCursedMod:Strike_TheCursed+1","TheCursedMod:Strike_TheCursed","TheCursedMod:Strike_TheCursed","TheCursedMod:Defend_TheCursed+1","TheCursedMod:Defend_TheCursed","TheCursedMod:Defend_TheCursed","TheCursedMod:Defend_TheCursed+1","TheCursedMod:CursedWand","TheCursedMod:CleanUpWorkshop+1","TheCursedMod:Dregs","TheCursedMod:SpitefulStrike+1","TheCursedMod:CursedShiv+1","TheCursedMod:VoidForm+1","TheCursedMod:Torture+1","TheCursedMod:DemonSword+1","TheCursedMod:SpreadPlague+1","ReplayTheSpireMod:Splinters","Pain","TheCursedMod:SpitefulStrike+1","TheCursedMod:RapidMovement+1","TheCursedMod:LuckyCharm+1","TheCursedMod:Stigma+1","TheCursedMod:Mangle+1","TheCursedMod:Stigma+1","TheCursedMod:VoidForm+1","TheCursedMod:TacticalStrike+1","TheCursedMod:OutForBlood+1","TheCursedMod:Stigma+1","TheCursedMod:CollectTribute+1","TheCursedMod:AbyssShockwave+1","TheCursedMod:Evocation+1","Parasite","TheCursedMod:DemonicPact+1","TheCursedMod:HellfireBreathing+1","TheCursedMod:OutForBlood+1","TheCursedMod:CursedShiv+1","TheCursedMod:AbyssShockwave+1","TheCursedMod:LuckyCharm+1","TheCursedMod:Hemoplague+1","Regret","TheCursedMod:DemonicPact+1","AbeCurse","Apotheosis+1","TheCursedMod:TacticalStrike+1","Flash of Steel+1","TheCursedMod:Hemoplague+1","TheCursedMod:Mangle","TheCursedMod:CursedRelics+1","TheCursedMod:OutForBlood+1","infinitespire:Punishment+1","TheCursedMod:Hemoplague+1","TheCursedMod:Hemoplague+1","TheCursedMod:OutForBlood+1","StuffTheSpire:PlasmaPulse+1","CurseOfTheBell","TheCursedMod:NeowsMight+1","TheCursedMod:SaltUponWound+1"],"relics":["TheCursedMod:BlackMagic101","NeowsBlessing","Smiling Mask","StuffTheSpire:Wildfire","ReplayTheSpireMod:TigerMarble","TheCursedMod:BloodyHarpoon","Painkiller Herb","Membership Card","Golden Egg","Sling","Black Star","Gremlin Horn","StuffTheSpire:HeavyRock","Replay:Bottled Eggs","Blood Vial","Oddly Smooth Stone","Busted Crown","infinitespire:EvilPickle","Divine Protection","Replay:Ringing Soul","Pen Nib","Bottled Flame","Akabeko","Strawberry","Simple Rune","aspiration:HiddenCompartment","Orichalcum","SlaversCollar","aspiration:TomeofQuesting","Gremlin Food","ReplayTheSpireMod:Ninjato","Replay:PocketPolymizer","infinitespire:Midas Blood","Iron Hammer","Abe\u0027s Treasure","Replay:Bottled Snecko","StuffTheSpire:MayFlowers","Mirror","Lantern","Blue Candle","StuffTheSpire:Experiment12","infinitespire:EmpoweringShard","SacredBark","infinitespire:EvilPickle","PreservedInsect","Tiny Chest","Bronze Scales","StuffTheSpire:SapphireSignet","Replay:Bottled Flurry","infinitespire:CheckeredPen","Snack Pack","TheCursedMod:FourLeafCloverCharm","TheCursedMod:Tack","Anchor","Juzu Bracelet","Calling Bell","Replay:Mystery Machine","Meat on the Bone","Turnip","infinitespire:Eraser","Odd Mushroom","StuffTheSpire:Rhapsscallions","aspiration:DSix","ReplayTheSpireMod:ShopPack"],"acts_visited":["Exordium","TheCity","TheBeyond","Exordium","TheCity","TheBeyond","Exordium"],"potions_floor_usage":[122,122],"damage_taken":[{"damage":0.0,"enemies":"Cultist","floor":1.0,"turns":1.0},{"damage":0.0,"enemies":"Jaw Worm","floor":4.0,"turns":1.0},{"damage":0.0,"enemies":"3 Sentries","floor":7.0,"turns":1.0},{"damage":13.0,"enemies":"Gremlin Nob","floor":10.0,"turns":3.0},{"damage":0.0,"enemies":"2 Louse","floor":12.0,"turns":3.0},{"damage":0.0,"enemies":"Lots of Slimes","floor":14.0,"turns":4.0},{"damage":2.0,"enemies":"Exordium Wildlife","floor":15.0,"turns":3.0},{"damage":1.0,"enemies":"3 Louse","floor":16.0,"turns":3.0},{"damage":41.0,"enemies":"The Guardian","floor":18.0,"turns":8.0},{"damage":5.0,"enemies":"Shell Parasite","floor":20.0,"turns":3.0},{"damage":8.0,"enemies":"Spheric Guardian","floor":23.0,"turns":3.0},{"damage":4.0,"enemies":"Chosen and Byrds","floor":24.0,"turns":3.0},{"damage":17.0,"enemies":"Centurion and Healer","floor":26.0,"turns":5.0},{"damage":13.0,"enemies":"Book of Stabbing","floor":29.0,"turns":3.0},{"damage":1.0,"enemies":"Snake Plant","floor":30.0,"turns":2.0},{"damage":3.0,"enemies":"Sentry and Sphere","floor":31.0,"turns":4.0},{"damage":13.0,"enemies":"Replay:Snechameleon","floor":33.0,"turns":4.0},{"damage":8.0,"enemies":"Pondfish","floor":35.0,"turns":5.0},{"damage":4.0,"enemies":"3 Shapes","floor":37.0,"turns":4.0},{"damage":11.0,"enemies":"Orb Walker","floor":39.0,"turns":3.0},{"damage":35.0,"enemies":"Nightmare","floor":42.0,"turns":6.0},{"damage":7.0,"enemies":"Giant Head","floor":44.0,"turns":5.0},{"damage":0.0,"enemies":"Reptomancer","floor":46.0,"turns":2.0},{"damage":0.0,"enemies":"Transient","floor":47.0,"turns":5.0},{"damage":1.0,"enemies":"Writhing Mass","floor":48.0,"turns":3.0},{"damage":0.0,"enemies":"Maw","floor":49.0,"turns":5.0},{"damage":31.0,"enemies":"Replay:Hell Engine","floor":52.0,"turns":7.0},{"damage":0.0,"enemies":"Small Slimes","floor":54.0,"turns":1.0},{"damage":0.0,"enemies":"Cultist","floor":55.0,"turns":2.0},{"damage":0.0,"enemies":"2 Louse","floor":56.0,"turns":1.0},{"damage":0.0,"enemies":"Gremlin Nob","floor":59.0,"turns":2.0},{"damage":0.0,"enemies":"Blue Slaver","floor":61.0,"turns":2.0},{"damage":3.0,"enemies":"Lagavulin","floor":63.0,"turns":5.0},{"damage":0.0,"enemies":"Exordium Wildlife","floor":64.0,"turns":1.0},{"damage":0.0,"enemies":"Gremlin Nob","floor":66.0,"turns":2.0},{"damage":86.0,"enemies":"Hexaghost","floor":69.0,"turns":4.0},{"damage":0.0,"enemies":"Chosen","floor":71.0,"turns":2.0},{"damage":0.0,"enemies":"2 Thieves","floor":73.0,"turns":2.0},{"damage":2.0,"enemies":"Centurion and Healer","floor":74.0,"turns":3.0},{"damage":0.0,"enemies":"Snecko","floor":75.0,"turns":3.0},{"damage":0.0,"enemies":"Gremlin Leader","floor":79.0,"turns":3.0},{"damage":0.0,"enemies":"Shelled Parasite and Fungi","floor":80.0,"turns":1.0},{"damage":6.0,"enemies":"Snake Plant","floor":82.0,"turns":2.0},{"damage":30.0,"enemies":"Slavers","floor":85.0,"turns":3.0},{"damage":0.0,"enemies":"3 Cultists","floor":86.0,"turns":2.0},{"damage":20.0,"enemies":"Pondfish","floor":88.0,"turns":4.0},{"damage":35.0,"enemies":"3 Darklings","floor":90.0,"turns":3.0},{"damage":0.0,"enemies":"3 Shapes","floor":93.0,"turns":3.0},{"damage":19.0,"enemies":"3 Darklings","floor":94.0,"turns":2.0},{"damage":0.0,"enemies":"Nightmare","floor":96.0,"turns":2.0},{"damage":14.0,"enemies":"Spire Growth","floor":97.0,"turns":4.0},{"damage":23.0,"enemies":"Nemesis","floor":99.0,"turns":3.0},{"damage":5.0,"enemies":"4 Shapes","floor":101.0,"turns":1.0},{"damage":11.0,"enemies":"Maw","floor":103.0,"turns":4.0},{"damage":56.0,"enemies":"Time Eater","floor":105.0,"turns":5.0},{"damage":0.0,"enemies":"Jaw Worm","floor":107.0,"turns":1.0},{"damage":0.0,"enemies":"2 Louse","floor":108.0,"turns":1.0},{"damage":0.0,"enemies":"Small Slimes","floor":109.0,"turns":1.0},{"damage":0.0,"enemies":"Looter","floor":111.0,"turns":1.0},{"damage":0.0,"enemies":"Gremlin Nob","floor":112.0,"turns":2.0},{"damage":0.0,"enemies":"Lots of Slimes","floor":114.0,"turns":1.0},{"damage":0.0,"enemies":"2 Fungi Beasts","floor":116.0,"turns":1.0},{"damage":0.0,"enemies":"Looter","floor":117.0,"turns":1.0},{"damage":0.0,"enemies":"The Mushroom Lair","floor":119.0,"turns":1.0},{"damage":164,"enemies":"Hexaghost","floor":122,"turns":2}],"seed_played":"2067721893254339934","potions_obtained":[{"floor":4.0,"key":"Explosive Potion"},{"floor":5.0,"key":"Fire Potion"},{"floor":5.0,"key":"LiquidBronze"},{"floor":12.0,"key":"AttackPotion"},{"floor":31.0,"key":"DuplicationPotion"},{"floor":33.0,"key":"Doom Potion"},{"floor":35.0,"key":"Strength Potion"}],"is_trial":false,"path_per_floor":["M","T","?","M","?","R","E","PTL","PTL","E","T","M","R","M","M","M","R","B",null,"?","T","?","?","?","T","?","AVR","T","E","?","?","T","E","T","B",null,"?","?","?","AVR","T","NM","T","E","T","E","?","?","?","?","T","B",null,"?","?","?","T","?","E","T","?","T","E","?","T","E","?","T","B",null,"?","T","?","?","?","PTL","PTL","T","E","?","T","?","?","T","E","?","T","B",null,"?","T","?","?","?","T","NM","?","T","E","T","?","T","?","T","B",null,"?","?","?","T","?","E","AVR","?","T","?","?","?","?","T","T","B"],"character_chosen":"THE_CURSED","items_purchased":["Membership Card","Golden Egg","TheCursedMod:LuckyCharm","TheCursedMod:Stigma","TheCursedMod:Mangle","Replay:Ringing Soul","TheCursedMod:CollectTribute","TheCursedMod:OutForBlood","TheCursedMod:CursedShiv","TheCursedMod:AbyssShockwave","Replay:Bottled Snecko","Apotheosis","StuffTheSpire:MayFlowers","TheCursedMod:TacticalStrike","Flash of Steel","TheCursedMod:Hemoplague","PreservedInsect","TheCursedMod:Hemoplague","Tiny Chest","TheCursedMod:Tack","StuffTheSpire:PlasmaPulse","StuffTheSpire:Rhapsscallions","aspiration:DSix","ReplayTheSpireMod:ShopPack"],"campfire_rested":6,"item_purchase_floors":[25,25,25,25,25,41,41,57,57,57,72,72,72,72,72,72,91,91,91,110,110,120,120,120],"current_hp_per_floor":[75,75,75,75,75,75,75,75,75,62,62,62,62,62,60,59,59,18,75,70,70,70,62,58,58,41,41,41,28,27,24,46,33,33,27,75,71,71,62,62,65,35,59,61,61,66,68,72,74,74,74,48,97,100,100,100,103,103,106,106,106,106,106,108,108,109,112,112,29,118,120,123,123,121,123,123,123,123,123,125,125,122,122,122,94,99,131,114,134,102,105,105,110,100,100,102,92,92,71,113,114,143,134,143,92,146,146,146,146,149,149,149,152,152,152,155,155,144,151,152,152,0,0],"gold":5976,"neow_bonus":"THREE_ENEMY_KILL","is_daily":false,"chose_seed":false,"campfire_upgraded":10,"win_rate":0.0,"timestamp":1608060165,"path_taken":["M","?","?","?","?","R","E","PTL","PTL","E","T","M","R","M","?","M","R","BOSS","?","T","?","?","?","T","?","AVR","T","E","?","?","T","E","T","BOSS","?","?","?","AVR","?","NM","T","E","T","E","?","?","?","?","T","BOSS","?","?","?","T","?","E","T","?","T","E","?","T","E","?","T","BOSS","?","T","?","?","?","PTL","PTL","T","E","?","T","?","?","T","E","?","T","BOSS","?","T","?","?","?","T","NM","?","T","E","T","?","T","?","T","BOSS","?","?","?","T","?","E","AVR","?","T","?","?","?","?","T","T","BOSS"],"items_purchased_type":["Relic","Relic","Card","Card","Card","Relic","Card","Card","Card","Card","Relic","Card","Relic","Card","Card","Card","Relic","Card","Relic","Relic","Card","Relic","Relic","Relic"],"build_version":"2020-11-30","purchased_purges":0,"victory":false,"max_hp_per_floor":[75,75,75,75,75,75,75,75,75,75,75,75,75,75,75,75,75,75,75,75,75,75,75,75,75,75,75,75,75,75,75,75,75,75,75,75,75,75,75,75,78,81,81,88,88,91,91,94,94,94,94,97,97,100,100,100,103,103,106,106,106,106,109,109,109,109,112,112,115,118,120,123,123,123,123,123,123,123,123,125,125,128,128,128,128,131,131,134,134,137,140,140,143,143,143,143,143,143,143,143,143,143,143,143,146,146,146,146,146,149,149,149,152,152,152,155,155,155,158,159,159,159,159],"card_choices":[{"not_picked":["TheCursedMod:SoulCrush","TheCursedMod:FleshFromBone"],"picked":"TheCursedMod:SpitefulStrike","floor":1.0},{"not_picked":["TheCursedMod:SpitefulPlan","TheCursedMod:Obscuration"],"picked":"TheCursedMod:CursedShiv","floor":4.0},{"not_picked":["TheCursedMod:Grudge","TheCursedMod:CircleOfBlood","TheCursedMod:RavingStaff"],"picked":"SKIP","floor":7.0},{"not_picked":["TheCursedMod:CursedMace","TheCursedMod:CursedAmulet"],"picked":"TheCursedMod:VoidForm","floor":10.0},{"not_picked":["TheCursedMod:CursedAmulet","TheCursedMod:CursedMace"],"picked":"TheCursedMod:Torture","floor":12.0},{"not_picked":["TheCursedMod:Obscuration","TheCursedMod:CircleOfCorruption","TheCursedMod:FleshFromBone"],"picked":"SKIP","floor":14.0},{"not_picked":["TheCursedMod:CursedAmulet","TheCursedMod:SmokeScreen"],"picked":"TheCursedMod:Stigma","floor":15.0},{"not_picked":["TheCursedMod:Obscuration","TheCursedMod:Wield","TheCursedMod:CursedBlade"],"picked":"SKIP","floor":16.0},{"not_picked":["TheCursedMod:ForbiddenAlchemy","TheCursedMod:ManaCirculation"],"picked":"TheCursedMod:DemonSword","floor":18.0},{"not_picked":["TheCursedMod:CursedAmulet","TheCursedMod:Stretching"],"picked":"TheCursedMod:SpreadPlague+1","floor":20.0},{"not_picked":["TheCursedMod:Hemoplague","TheCursedMod:SmokeScreen+1"],"picked":"TheCursedMod:SpitefulStrike+1","floor":23.0},{"not_picked":["TheCursedMod:CursedStaff","TheCursedMod:CircleOfWindfury"],"picked":"TheCursedMod:RapidMovement","floor":24.0},{"not_picked":["TheCursedMod:RavingStaff","TheCursedMod:SpitefulStrike"],"picked":"TheCursedMod:Stigma+1","floor":26.0},{"not_picked":["TheCursedMod:CircleOfFocus","TheCursedMod:Stretching","TheCursedMod:SpitefulStrike"],"picked":"SKIP","floor":29.0},{"not_picked":["TheCursedMod:CircleOfFocus","TheCursedMod:Stretching","TheCursedMod:SpitefulStrike"],"picked":"SKIP","floor":29.0},{"not_picked":["TheCursedMod:CircleOfFocus","TheCursedMod:SaltUponWound"],"picked":"TheCursedMod:VoidForm","floor":30.0},{"not_picked":["TheCursedMod:CursedMace+1","TheCursedMod:SurpriseAttack+1","TheCursedMod:CircleOfFlame"],"picked":"SKIP","floor":31.0},{"not_picked":["TheCursedMod:CircleOfFlame","TheCursedMod:PrepareRite"],"picked":"TheCursedMod:TacticalStrike+1","floor":33.0},{"not_picked":["TheCursedMod:CollectTribute","TheCursedMod:VoidForm"],"picked":"TheCursedMod:OutForBlood","floor":35.0},{"not_picked":[],"picked":"TheCursedMod:Stigma+1","floor":37.0},{"not_picked":["TheCursedMod:CursedMace+1"],"picked":"SKIP","floor":39.0},{"not_picked":[],"picked":"TheCursedMod:AbyssShockwave+1","floor":42.0},{"not_picked":["TheCursedMod:SmokeScreen+1"],"picked":"SKIP","floor":44.0},{"not_picked":[],"picked":"TheCursedMod:Evocation","floor":46.0},{"not_picked":["TheCursedMod:PrepareRite+1"],"picked":"SKIP","floor":47.0},{"not_picked":["TheCursedMod:CursedBlade"],"picked":"SKIP","floor":48.0},{"not_picked":["TheCursedMod:Stretching+1"],"picked":"SKIP","floor":49.0},{"not_picked":[],"picked":"TheCursedMod:DemonicPact","floor":52.0},{"not_picked":[],"picked":"TheCursedMod:HellfireBreathing","floor":54.0},{"not_picked":["TheCursedMod:Obscuration"],"picked":"SKIP","floor":55.0},{"not_picked":["TheCursedMod:RapidMovement"],"picked":"SKIP","floor":56.0},{"not_picked":[],"picked":"TheCursedMod:LuckyCharm","floor":59.0},{"not_picked":["TheCursedMod:CursedAmulet"],"picked":"SKIP","floor":61.0},{"not_picked":[],"picked":"TheCursedMod:Hemoplague","floor":63.0},{"not_picked":["TheCursedMod:Evocation"],"picked":"SKIP","floor":64.0},{"not_picked":["TheCursedMod:Stretching"],"picked":"SKIP","floor":66.0},{"not_picked":[],"picked":"TheCursedMod:DemonicPact","floor":69.0},{"not_picked":["TheCursedMod:Stigma"],"picked":"SKIP","floor":71.0},{"not_picked":["TheCursedMod:BloodBarrier"],"picked":"SKIP","floor":73.0},{"not_picked":["TheCursedMod:Stigma+1"],"picked":"SKIP","floor":74.0},{"not_picked":["TheCursedMod:CursedArmor"],"picked":"SKIP","floor":75.0},{"not_picked":["TheCursedMod:FleshFromBone"],"picked":"SKIP","floor":79.0},{"not_picked":["TheCursedMod:BloodBarrier+1"],"picked":"SKIP","floor":80.0},{"not_picked":["TheCursedMod:Mangle"],"picked":"SKIP","floor":82.0},{"not_picked":[],"picked":"TheCursedMod:Mangle","floor":82.0},{"not_picked":["TheCursedMod:RavingStaff+1"],"picked":"SKIP","floor":85.0},{"not_picked":[],"picked":"TheCursedMod:CursedRelics","floor":86.0},{"not_picked":[],"picked":"TheCursedMod:OutForBlood","floor":88.0},{"not_picked":["ReplayTheSpireMod:??????????????????????","infinitespire:Gouge"],"picked":"infinitespire:Punishment","floor":90.0},{"not_picked":["TheCursedMod:Torture"],"picked":"SKIP","floor":90.0},{"not_picked":[],"picked":"TheCursedMod:Hemoplague","floor":93.0},{"not_picked":["TheCursedMod:TroublousMinions+1"],"picked":"SKIP","floor":94.0},{"not_picked":["TheCursedMod:Mangle"],"picked":"SKIP","floor":96.0},{"not_picked":["TheCursedMod:Wield"],"picked":"SKIP","floor":97.0},{"not_picked":["TheCursedMod:SurpriseAttack"],"picked":"SKIP","floor":99.0},{"not_picked":["TheCursedMod:FleshFromBone+1"],"picked":"SKIP","floor":101.0},{"not_picked":["TheCursedMod:SmokeScreen+1"],"picked":"SKIP","floor":103.0},{"not_picked":[],"picked":"TheCursedMod:OutForBlood","floor":105.0},{"not_picked":["TheCursedMod:SurpriseAttack"],"picked":"SKIP","floor":107.0},{"not_picked":["TheCursedMod:CursedAmulet"],"picked":"SKIP","floor":108.0},{"not_picked":["TheCursedMod:SmokeScreen"],"picked":"SKIP","floor":109.0},{"not_picked":["TheCursedMod:SoulCrush"],"picked":"SKIP","floor":111.0},{"not_picked":["TheCursedMod:CursedBlade"],"picked":"SKIP","floor":112.0},{"not_picked":["TheCursedMod:CursedShiv"],"picked":"SKIP","floor":114.0},{"not_picked":[],"picked":"TheCursedMod:NeowsMight","floor":116.0},{"not_picked":["TheCursedMod:Wield"],"picked":"SKIP","floor":117.0},{"not_picked":[],"picked":"TheCursedMod:SaltUponWound","floor":119.0}],"player_experience":2531692,"relics_obtained":[{"floor":2.0,"key":"Smiling Mask"},{"floor":7.0,"key":"StuffTheSpire:Wildfire"},{"floor":10.0,"key":"ReplayTheSpireMod:TigerMarble"},{"floor":11.0,"key":"TheCursedMod:BloodyHarpoon"},{"floor":28.0,"key":"Gremlin Horn"},{"floor":29.0,"key":"StuffTheSpire:HeavyRock"},{"floor":29.0,"key":"Replay:Bottled Eggs"},{"floor":33.0,"key":"Blood Vial"},{"floor":33.0,"key":"Oddly Smooth Stone"},{"floor":42.0,"key":"Pen Nib"},{"floor":42.0,"key":"Bottled Flame"},{"floor":44.0,"key":"Akabeko"},{"floor":44.0,"key":"Strawberry"},{"floor":45.0,"key":"Simple Rune"},{"floor":46.0,"key":"aspiration:HiddenCompartment"},{"floor":46.0,"key":"Orichalcum"},{"floor":59.0,"key":"aspiration:TomeofQuesting"},{"floor":62.0,"key":"Gremlin Food"},{"floor":63.0,"key":"ReplayTheSpireMod:Ninjato"},{"floor":63.0,"key":"Replay:PocketPolymizer"},{"floor":66.0,"key":"infinitespire:Midas Blood"},{"floor":66.0,"key":"Iron Hammer"},{"floor":79.0,"key":"Mirror"},{"floor":79.0,"key":"Lantern"},{"floor":81.0,"key":"Blue Candle"},{"floor":85.0,"key":"StuffTheSpire:Experiment12"},{"floor":85.0,"key":"infinitespire:EmpoweringShard"},{"floor":96.0,"key":"Bronze Scales"},{"floor":96.0,"key":"StuffTheSpire:SapphireSignet"},{"floor":98.0,"key":"Replay:Bottled Flurry"},{"floor":99.0,"key":"infinitespire:CheckeredPen"},{"floor":99.0,"key":"Snack Pack"},{"floor":112.0,"key":"Anchor"},{"floor":112.0,"key":"Juzu Bracelet"},{"floor":113.0,"key":"Replay:Mystery Machine"},{"floor":113.0,"key":"Meat on the Bone"},{"floor":113.0,"key":"Turnip"},{"floor":115.0,"key":"infinitespire:Eraser"},{"floor":119.0,"key":"Odd Mushroom"}],"event_choices":[{"damage_healed":0.0,"max_hp_gain":0.0,"max_hp_loss":0.0,"gold_gain":0.0,"event_name":"betterNote:BetterNote","player_choice":"Ignored","floor":3.0,"gold_loss":0.0,"damage_taken":0.0,"cards_obtained":["Strike_B"]},{"damage_healed":0.0,"max_hp_gain":0.0,"max_hp_loss":0.0,"gold_gain":0.0,"event_name":"Lab","player_choice":"Got Potions","floor":5.0,"gold_loss":0.0,"damage_taken":0.0},{"damage_healed":0.0,"max_hp_gain":0.0,"max_hp_loss":0.0,"gold_gain":0.0,"event_name":"Upgrade Shrine","player_choice":"Upgraded","floor":38.0,"gold_loss":0.0,"damage_taken":0.0,"cards_upgraded":["TheCursedMod:DemonSword"]},{"damage_healed":0.0,"max_hp_gain":0.0,"max_hp_loss":0.0,"gold_gain":0.0,"event_name":"Transmorgrifier","player_choice":"Ignored","floor":50.0,"gold_loss":0.0,"damage_taken":0.0},{"damage_healed":0.0,"max_hp_gain":0.0,"max_hp_loss":0.0,"gold_gain":0.0,"event_name":"The Cleric","player_choice":"Leave","floor":58.0,"gold_loss":0.0,"damage_taken":0.0},{"damage_healed":0.0,"max_hp_gain":0.0,"max_hp_loss":0.0,"gold_gain":275.0,"event_name":"Golden Shrine","player_choice":"Desecrate","floor":67.0,"gold_loss":0.0,"damage_taken":0.0,"cards_obtained":["Regret"]},{"damage_healed":0.0,"max_hp_gain":0.0,"max_hp_loss":0.0,"gold_gain":0.0,"event_name":"Vampires","player_choice":"Ignored","floor":83.0,"gold_loss":0.0,"damage_taken":0.0},{"damage_healed":0.0,"max_hp_gain":0.0,"max_hp_loss":0.0,"gold_gain":0.0,"event_name":"Tomb of Lord Red Mask","player_choice":"Ignored","floor":92.0,"gold_loss":0.0,"damage_taken":0.0},{"damage_healed":0.0,"max_hp_gain":0.0,"max_hp_loss":0.0,"gold_gain":75.0,"event_name":"betterThird:BetterGoop","player_choice":"Gold","floor":118.0,"gold_loss":0.0,"damage_taken":11.0},{"damage_healed":0.0,"max_hp_gain":0.0,"max_hp_loss":0.0,"gold_gain":0.0,"event_name":"Mushrooms","player_choice":"Fought Mushrooms","floor":119.0,"gold_loss":0.0,"damage_taken":0.0}],"is_beta":false,"boss_relics":[{"not_picked":["Honey Jar","aspiration:RunicSpoon"],"picked":"Painkiller Herb"},{"not_picked":["ChewingGum","Cursed Key"],"picked":"Busted Crown"},{"not_picked":["Pandora\u0027s Box","Astrolabe"],"picked":"SlaversCollar"},{"not_picked":["Sozu","ChewingGum"],"picked":"Abe\u0027s Treasure"},{"not_picked":["Honey Jar","aspiration:IroncladSkillbook"],"picked":"SacredBark"},{"not_picked":["Velvet Choker","infinitespire:Cupcake"],"picked":"TheCursedMod:FourLeafCloverCharm"}],"items_purged_floors":[],"is_endless":true,"potions_floor_spawned":[4,7,12,14,18,20,31,33,35,37,46,48,49,52,56,59,69,71,79,80,85,88,93,94,101,107,109,114,117],"killed_by":"Hexaghost","ascension_level":0}}