{"host":"ad1lywlk73qplbjq","time":1608075205,"event":{"mods":["AchievementEnabler","BaseMod","Curses Come First","Downfall","Minty Spire (QoL Compilation)","StSLib","The Necromancer"],"gold_per_floor":[99,118,118,130,156,92,117,136,136,168,184,197,297,397,416,511,511,511,23,108,124,139,165,189,189,189,189],"floor_reached":26,"playtime":1860,"items_purged":[],"score":286,"play_id":"c063af5c-8b10-4bed-8780-63ded73b1403","local_time":"20201216003325","is_ascension_mode":false,"campfire_choices":[{"data":"Slimebound:Split","floor":1.0,"key":"SMITH"},{"data":"Slimebound:SlimeBrawl","floor":9.0,"key":"SMITH"},{"data":"Slimebound:Teamwork","floor":18.0,"key":"SMITH"},{"data":"Slimebound:SlimeBarrage","floor":25.0,"key":"SMITH"}],"circlet_count":0,"master_deck":["Slimebound:Strike_Slimebound","Slimebound:Strike_Slimebound","Slimebound:Strike_Slimebound","Slimebound:Tackle","Slimebound:Defend_Slimebound","Slimebound:Defend_Slimebound","Slimebound:Defend_Slimebound","Slimebound:Defend_Slimebound","Slimebound:Split+1","Slimebound:CorrosiveSpit","Slimebound:SplitMire","Slimebound:SlimeBrawl+1","Slimebound:LeadByExample","Slimebound:SplitBruiser","Slimebound:SplitBruiser","Slimebound:SplitBruiser","Slimebound:LevelUp","Slimebound:SplitLeeching","Slimebound:Teamwork+1","Slimebound:SlimeBarrage+1","expansioncontent:DashGenerateEvil","Slimebound:SplitAcid+1","Slimebound:SplitBruiser","Slimebound:Replication+1"],"relics":["Slimebound:AbsorbEndCombat","MealTicket","downfall:BrokenWingStatue","Orichalcum","Meat on the Bone","Slimebound:TarBlob","Lantern","Bag of Preparation","Toy Ornithopter","Nunchaku"],"acts_visited":["Exordium","TheCity"],"potions_floor_usage":[26],"damage_taken":[{"damage":12.0,"enemies":"Cultist","floor":2.0,"turns":4.0},{"damage":12.0,"enemies":"Small Slimes","floor":4.0,"turns":3.0},{"damage":41.0,"enemies":"3 Sentries","floor":5.0,"turns":5.0},{"damage":23.0,"enemies":"downfall:FleeingMerchant","floor":6.0,"turns":4.0},{"damage":25.0,"enemies":"Jaw Worm","floor":8.0,"turns":2.0},{"damage":38.0,"enemies":"Gremlin Nob","floor":10.0,"turns":3.0},{"damage":21.0,"enemies":"Blue Slaver","floor":11.0,"turns":2.0},{"damage":16.0,"enemies":"Large Slime","floor":12.0,"turns":2.0},{"damage":22.0,"enemies":"3 Louse","floor":15.0,"turns":2.0},{"damage":54.0,"enemies":"downfall:Watcher","floor":16.0,"turns":4.0},{"damage":45.0,"enemies":"downfall:FleeingMerchant","floor":19.0,"turns":4.0},{"damage":23.0,"enemies":"Shell Parasite","floor":21.0,"turns":3.0},{"damage":36.0,"enemies":"3 Byrds","floor":22.0,"turns":2.0},{"damage":24.0,"enemies":"Book of Stabbing","floor":23.0,"turns":3.0},{"damage":83,"enemies":"downfall:Defect","floor":26,"turns":4}],"seed_played":"-1588594044344556367","potions_obtained":[{"floor":2.0,"key":"PowerPotion"},{"floor":4.0,"key":"sneckomod:MuddlingPotion"},{"floor":5.0,"key":"DistilledChaos"},{"floor":12.0,"key":"PowerPotion"},{"floor":16.0,"key":"Weak Potion"},{"floor":21.0,"key":"Strength Potion"}],"is_trial":false,"path_per_floor":["R","M","?","M","E","$","T","M","R","E","M","M","?","?","M","B",null,"R","$","?","M","M","E","T","R","?"],"character_chosen":"SLIMEBOUND","items_purchased":["Slimebound:SplitBruiser","Lantern","Bag of Preparation","expansioncontent:DashGenerateEvil"],"campfire_rested":0,"item_purchase_floors":[6,19,19,19],"current_hp_per_floor":[60,58,58,60,37,55,55,46,46,30,37,51,51,51,53,58,60,60,60,48,57,56,56,56,56,0,0],"gold":189,"neow_bonus":"RANDOM_COMMON_RELIC","is_daily":false,"chose_seed":false,"campfire_upgraded":4,"win_rate":0.0,"timestamp":1608075205,"path_taken":["R","M","?","M","E","$","T","M","R","E","M","M","?","?","M","BOSS","R","$","?","M","M","E","T","R","?"],"items_purchased_type":["Card","Relic","Relic","Card"],"build_version":"2020-12-13","purchased_purges":0,"victory":false,"max_hp_per_floor":[60,60,60,60,60,60,60,60,60,60,60,60,60,60,60,60,60,60,60,60,60,60,60,60,60,60,60],"card_choices":[{"not_picked":["Slimebound:LeechEnergy","Slimebound:TongueLash"],"picked":"Slimebound:SplitMire","floor":2.0},{"not_picked":["Slimebound:ViciousTackle","Slimebound:FinishingTackle"],"picked":"Slimebound:SlimeBrawl","floor":4.0},{"not_picked":["Slimebound:ComboTackle","Slimebound:FirmFortitude"],"picked":"Slimebound:LeadByExample","floor":5.0},{"not_picked":["Slimebound:Equalize","Slimebound:GoopTackle"],"picked":"Slimebound:SplitBruiser","floor":6.0},{"not_picked":["Slimebound:GrowthPunch","Slimebound:DivideAndConquer","Slimebound:PressTheAttack"],"picked":"SKIP","floor":8.0},{"not_picked":["Slimebound:WasteNot","Slimebound:Chomp","Slimebound:DisruptingSlam"],"picked":"SKIP","floor":10.0},{"not_picked":["Slimebound:ComboTackle","Slimebound:ForwardTackle"],"picked":"Slimebound:SplitBruiser","floor":11.0},{"not_picked":["Slimebound:SplitLeeching","Slimebound:ViciousTackle"],"picked":"Slimebound:LevelUp","floor":12.0},{"not_picked":["Slimebound:HauntingLick","Slimebound:FlameTackle"],"picked":"Slimebound:SplitLeeching","floor":15.0},{"not_picked":["Slimebound:WasteNot","Slimebound:OozeBath"],"picked":"Slimebound:Teamwork","floor":16.0},{"not_picked":["Slimebound:SlimeTap","Slimebound:FinishingTackle"],"picked":"Slimebound:SlimeBarrage","floor":19.0},{"not_picked":["Slimebound:LeechEnergy","Slimebound:SamplingLick"],"picked":"Slimebound:SplitAcid+1","floor":21.0},{"not_picked":["Slimebound:FinishingTackle+1","Slimebound:Replication"],"picked":"Slimebound:SplitBruiser","floor":22.0},{"not_picked":["Slimebound:Grow","Slimebound:ServeAndProtect"],"picked":"Slimebound:Replication+1","floor":23.0}],"player_experience":169388,"relics_obtained":[{"floor":5.0,"key":"Orichalcum"},{"floor":10.0,"key":"Meat on the Bone"},{"floor":23.0,"key":"Toy Ornithopter"},{"floor":24.0,"key":"Nunchaku"}],"event_choices":[],"is_beta":false,"boss_relics":[{"not_picked":["Tiny House","Philosopher\u0027s Stone"],"picked":"Slimebound:TarBlob"}],"items_purged_floors":[],"is_endless":false,"potions_floor_spawned":[2,4,5,12,16,21],"killed_by":"downfall:Defect","ascension_level":0}}