{"host":"wha9hktbkslqvblg","time":1608014311,"event":{"mods":["BaseMod","Colored Map","Minty Spire (QoL Compilation)","Relic Stats","SuperFastMode","everything is the same but u backflip on backflip"],"gold_per_floor":[109,109,34,34,34,34,50,50,120,120,137,137,154,168,168,242,242,254,77,77,77,90,123,123,133,133,133,183,183,183,196,196,270,270,284,338,338,338,357,391,391,416,416,416,316,341,266,286,286,286,286,286,286,57,86,86],"floor_reached":57,"playtime":1603,"items_purged":["Twin Strike","Cleave","Reckless Charge","Feed"],"score":3313,"play_id":"fbf7a744-6aeb-420d-8e44-ea740746b114","local_time":"20201215153831","is_ascension_mode":true,"campfire_choices":[{"data":"Whirlwind","floor":6,"key":"SMITH"},{"data":"Dark Embrace","floor":8,"key":"SMITH"},{"floor":10,"key":"REST"},{"data":"Exhume","floor":12,"key":"SMITH"},{"data":"Shrug It Off","floor":15,"key":"SMITH"},{"data":"Body Slam","floor":24,"key":"SMITH"},{"data":"Entrench","floor":30,"key":"SMITH"},{"data":"Barricade","floor":32,"key":"SMITH"},{"data":"Ghostly","floor":41,"key":"SMITH"},{"floor":44,"key":"RECALL"},{"data":"Ghostly","floor":49,"key":"SMITH"},{"data":"Ghostly","floor":53,"key":"SMITH"}],"circlet_count":0,"master_deck":["AscendersBane","Bash+1","Barricade+1","Dark Embrace+1","Exhume+1","Battle Trance+1","Shrug It Off+1","Flame Barrier","Fire Breathing","Ghostly+1","Ghostly+1","Ghostly+1","Body Slam+1","Entrench+1","Seeing Red","True Grit+1"],"relics":["Pandora\u0027s Box","Coffee Dripper","Pear","Red Skull","Mummified Hand","Runic Pyramid","Pocketwatch","Anchor","Bottled Tornado","The Courier","CeramicFish","InkBottle"],"acts_visited":["Exordium","TheCity","TheBeyond","TheEnding"],"potions_floor_usage":[16,16,36,40,56],"damage_taken":[{"damage":12,"enemies":"Jaw Worm","floor":1,"turns":2},{"damage":10,"enemies":"Small Slimes","floor":7,"turns":3},{"damage":6,"enemies":"Cultist","floor":11,"turns":3},{"damage":6,"enemies":"Exordium Thugs","floor":13,"turns":3},{"damage":0,"enemies":"Lots of Slimes","floor":14,"turns":1},{"damage":27,"enemies":"Slime Boss","floor":16,"turns":8},{"damage":5,"enemies":"Spheric Guardian","floor":18,"turns":4},{"damage":1,"enemies":"Chosen","floor":22,"turns":4},{"damage":50,"enemies":"Book of Stabbing","floor":23,"turns":7},{"damage":1,"enemies":"Snecko","floor":25,"turns":7},{"damage":2,"enemies":"Cultist and Chosen","floor":31,"turns":5},{"damage":1,"enemies":"Champ","floor":33,"turns":7},{"damage":0,"enemies":"Orb Walker","floor":35,"turns":4},{"damage":0,"enemies":"2 Orb Walkers","floor":36,"turns":4},{"damage":1,"enemies":"3 Darklings","floor":39,"turns":4},{"damage":0,"enemies":"Reptomancer","floor":40,"turns":4},{"damage":0,"enemies":"Giant Head","floor":42,"turns":3},{"damage":0,"enemies":"Reptomancer","floor":46,"turns":4},{"damage":0,"enemies":"Transient","floor":48,"turns":4},{"damage":0,"enemies":"Time Eater","floor":50,"turns":4},{"damage":0,"enemies":"Awakened One","floor":51,"turns":4},{"damage":0,"enemies":"Shield and Spear","floor":55,"turns":3},{"damage":0,"enemies":"The Heart","floor":56,"turns":7}],"seed_played":"4714596583401701265","potions_obtained":[{"floor":1,"key":"Strength Potion"},{"floor":5,"key":"DistilledChaos"},{"floor":22,"key":"Fire Potion"},{"floor":23,"key":"SmokeBomb"},{"floor":31,"key":"DistilledChaos"},{"floor":35,"key":"BloodPotion"},{"floor":39,"key":"SteroidPotion"},{"floor":42,"key":"LiquidMemories"}],"is_trial":false,"path_per_floor":["M","?","$","?","?","R","M","R","T","R","M","R","M","M","R","B",null,"M","$","?","T","M","E","R","M","T","?","?","?","R","M","R","B",null,"M","?","?","?","M","E","R","E","T","R","$","E","?","M","R","B","B",null,"R","$","E","B",null],"character_chosen":"IRONCLAD","items_purchased":["Fire Breathing","SkillPotion","DistilledChaos"],"campfire_rested":1,"item_purchase_floors":[19,54,54],"current_hp_per_floor":[56,56,56,33,33,33,26,26,26,49,46,46,46,49,49,25,76,74,74,48,58,60,10,10,9,9,9,9,9,9,10,10,9,50,53,56,56,56,55,55,55,55,55,55,55,55,55,55,55,55,55,63,63,63,63,63],"gold":86,"neow_bonus":"BOSS_RELIC","is_daily":false,"chose_seed":false,"campfire_upgraded":10,"win_rate":0.0,"timestamp":1608014311,"path_taken":["M","?","$","?","?","R","M","R","T","R","M","R","M","?","R","BOSS","M","$","?","?","?","E","R","M","T","?","?","?","R","M","R","BOSS","M","?","?","?","?","E","R","E","T","R","$","E","?","?","R","BOSS","BOSS","R","$","E","BOSS"],"items_purchased_type":["Card","Potion","Potion"],"build_version":"2020-12-13","purchased_purges":4,"victory":true,"max_hp_per_floor":[75,75,75,75,75,75,78,78,78,78,81,81,87,90,90,93,93,96,96,48,58,61,61,61,61,61,61,61,61,61,64,64,64,64,67,70,70,66,66,66,66,66,66,66,66,66,66,66,66,66,66,66,66,66,66,66],"relic_stats":{"counters":[23,99],"Mummified Hand":[46],"CeramicFish":0,"Pandora\u0027s Box":["Barricade","Whirlwind","Cleave","Dark Embrace","Twin Strike","Exhume","Feed","Reckless Charge","Battle Trance"],"obtain_stats":[{"Pear":21,"CeramicFish":46,"The Courier":43,"Bottled Tornado":42,"Burning Blood":0,"Anchor":40,"Mummified Hand":26,"Pandora\u0027s Box":0,"Coffee Dripper":17,"Red Skull":23,"InkBottle":55,"Runic Pyramid":34,"Pocketwatch":36},{"Pear":7,"CeramicFish":18,"The Courier":17,"Bottled Tornado":17,"Burning Blood":0,"Anchor":16,"Mummified Hand":10,"Pandora\u0027s Box":0,"Coffee Dripper":6,"Red Skull":9,"InkBottle":22,"Runic Pyramid":12,"Pocketwatch":14},{"Pear":24,"CeramicFish":77,"The Courier":73,"Bottled Tornado":73,"Burning Blood":0,"Anchor":70,"Mummified Hand":42,"Pandora\u0027s Box":0,"Coffee Dripper":20,"Red Skull":35,"InkBottle":92,"Runic Pyramid":54,"Pocketwatch":62}],"InkBottle":[1],"Pocketwatch":[12]},"card_choices":[{"not_picked":["Rampage","Thunderclap","Heavy Blade"],"picked":"SKIP","floor":1},{"not_picked":["Rampage","Pummel","Perfected Strike"],"picked":"SKIP","floor":7},{"not_picked":["Wild Strike","Sword Boomerang","Cleave"],"picked":"SKIP","floor":11},{"not_picked":["Wild Strike","Twin Strike"],"picked":"Shrug It Off","floor":13},{"not_picked":["Pummel","Inflame"],"picked":"Flame Barrier","floor":14},{"not_picked":["Headbutt","Whirlwind","Searing Blow"],"picked":"SKIP","floor":18},{"not_picked":["Shockwave","Uppercut","Havoc"],"picked":"SKIP","floor":22},{"not_picked":["Sentinel","Blood for Blood"],"picked":"Body Slam","floor":23},{"not_picked":["Cleave","Shockwave","True Grit+1"],"picked":"SKIP","floor":25},{"not_picked":["Iron Wave","Pommel Strike","Body Slam"],"picked":"SKIP","floor":31},{"not_picked":["Whirlwind","Pommel Strike","Cleave"],"picked":"SKIP","floor":35},{"not_picked":["Headbutt+1","Whirlwind+1"],"picked":"Seeing Red","floor":39},{"not_picked":["Rupture+1","Body Slam","Uppercut+1"],"picked":"SKIP","floor":40},{"not_picked":["Dual Wield","Corruption"],"picked":"True Grit+1","floor":42},{"not_picked":["Body Slam","Armaments","Infernal Blade+1"],"picked":"SKIP","floor":46},{"not_picked":["Clash+1","Flex","Combust+1"],"picked":"SKIP","floor":48},{"not_picked":["Berserk","Warcry","Shrug It Off"],"picked":"SKIP","floor":55}],"player_experience":840549,"relics_obtained":[{"floor":21,"key":"Pear"},{"floor":23,"key":"Red Skull"},{"floor":26,"key":"Mummified Hand"},{"floor":36,"key":"Pocketwatch"},{"floor":40,"key":"Anchor"},{"floor":42,"key":"Bottled Tornado"},{"floor":43,"key":"The Courier"},{"floor":46,"key":"CeramicFish"},{"floor":55,"key":"InkBottle"}],"event_choices":[{"damage_healed":0,"gold_gain":0,"player_choice":"Ignored","damage_taken":0,"max_hp_gain":0,"max_hp_loss":0,"event_name":"Liars Game","floor":2,"gold_loss":0},{"damage_healed":0,"gold_gain":0,"player_choice":"Entered Light","damage_taken":23,"max_hp_gain":0,"max_hp_loss":0,"event_name":"Shining Light","floor":4,"gold_loss":0,"cards_upgraded":["Bash","Battle Trance"]},{"damage_healed":0,"gold_gain":0,"player_choice":"Got Potions","damage_taken":0,"max_hp_gain":0,"max_hp_loss":0,"event_name":"Lab","floor":5,"gold_loss":0},{"damage_healed":0,"gold_gain":0,"player_choice":"Became a Ghost","damage_taken":0,"max_hp_gain":0,"max_hp_loss":48,"event_name":"Ghosts","floor":20,"gold_loss":0,"cards_obtained":["Ghostly","Ghostly","Ghostly"]},{"damage_healed":0,"gold_gain":0,"player_choice":"Ignored","damage_taken":0,"max_hp_gain":0,"max_hp_loss":0,"event_name":"The Mausoleum","floor":27,"gold_loss":0},{"damage_healed":0,"gold_gain":50,"player_choice":"Stole From Cult","damage_taken":0,"max_hp_gain":0,"max_hp_loss":0,"event_name":"Nest","floor":28,"gold_loss":0},{"damage_healed":0,"gold_gain":0,"player_choice":"Read","damage_taken":0,"max_hp_gain":0,"max_hp_loss":0,"event_name":"The Library","floor":29,"gold_loss":0,"cards_obtained":["Entrench"]},{"damage_healed":0,"gold_gain":0,"player_choice":"Fight","damage_taken":0,"max_hp_gain":0,"max_hp_loss":0,"event_name":"Mysterious Sphere","floor":36,"gold_loss":0},{"damage_healed":0,"gold_gain":0,"player_choice":"Ignored","damage_taken":0,"max_hp_gain":0,"max_hp_loss":0,"event_name":"Tomb of Lord Red Mask","floor":37,"gold_loss":0},{"damage_healed":0,"gold_gain":0,"player_choice":"Max HP","damage_taken":0,"max_hp_gain":0,"max_hp_loss":4,"event_name":"Winding Halls","floor":38,"gold_loss":0},{"cards_removed":["Whirlwind"],"damage_healed":0,"gold_gain":0,"player_choice":"Single Remove","damage_taken":0,"max_hp_gain":0,"max_hp_loss":0,"event_name":"Designer","floor":47,"gold_loss":75}],"is_beta":false,"boss_relics":[{"not_picked":["Fusion Hammer","Black Star"],"picked":"Coffee Dripper"},{"not_picked":["Sozu","Empty Cage"],"picked":"Runic Pyramid"}],"items_purged_floors":[3,19,45,54],"is_endless":false,"potions_floor_spawned":[1,7,22,23,31,35,39,42,48,55],"ascension_level":20}}