{"host":"rhvnggv2pwqsaug0","time":1608005491,"event":{"mods":["BaseMod","Minty Spire (QoL Compilation)","Replay The Spire","StSLib"],"gold_per_floor":[111,111,286,236,236,269,269,303,303,313,326,336,348,57,57,158,158,177,196,305,108,128,128,128],"floor_reached":23,"playtime":658,"items_purged":["Dagger Spray"],"score":264,"play_id":"12d3066e-9206-4848-b415-c79820bd853d","local_time":"20201215121131","is_ascension_mode":true,"campfire_choices":[{"data":"Bouncing Flask","floor":7,"key":"SMITH"},{"data":"Bouncing Flask","floor":15,"key":"SMITH"}],"circlet_count":0,"master_deck":["Strike_G","Strike_G","Strike_G","Strike_G","Defend_G","Defend_G","Defend_G","Defend_G","Defend_G","Survivor","Neutralize","Setup+1","Bouncing Flask+1","Prepared","Bouncing Flask+1","Prepared","Bouncing Flask+1","Replay:Bag of Tricks","Poisoned Stab","Deadly Poison","Poisoned Stab","Backstab","Calculated Gamble+1"],"relics":["Ring of the Snake","NeowsBlessing","Bag of Preparation","Pet Ghost","Iron Hammer","DollysMirror","Boot","Black Star","BargainBundle"],"acts_visited":["Exordium","TheCity"],"potions_floor_usage":[16,18,23,23],"damage_taken":[{"damage":0,"enemies":"2 Louse","floor":1,"turns":1},{"damage":0,"enemies":"3 Sentries","floor":6,"turns":1},{"damage":0,"enemies":"Replay:BlueRogue","floor":8,"turns":1},{"damage":0,"enemies":"Small Slimes","floor":10,"turns":3},{"damage":0,"enemies":"Jaw Worm","floor":11,"turns":3},{"damage":6,"enemies":"2 Fungi Beasts","floor":12,"turns":3},{"damage":2,"enemies":"Looter","floor":13,"turns":3},{"damage":9,"enemies":"Hexaghost","floor":16,"turns":6},{"damage":14,"enemies":"Shell Parasite","floor":18,"turns":4},{"damage":0,"enemies":"Chosen","floor":19,"turns":3},{"damage":5,"enemies":"Snecko","floor":22,"turns":3},{"damage":32,"enemies":"Gremlin Leader","floor":23,"turns":3}],"seed_played":"-4789405466302939395","potions_obtained":[{"floor":8,"key":"Swift Potion"},{"floor":10,"key":"Block Potion"},{"floor":11,"key":"Fire Potion"},{"floor":16,"key":"Languid Potion"},{"floor":18,"key":"SkillPotion"}],"is_trial":false,"path_per_floor":["M","$","?","?","?","E","R","E","T","M","M","M","M","$","R","B",null,"M","M","?","$","M","E"],"character_chosen":"THE_SILENT","items_purchased":["DollysMirror","Boot","BargainBundle"],"campfire_rested":0,"item_purchase_floors":[14,14,21],"current_hp_per_floor":[70,70,70,70,70,70,70,70,70,70,70,64,62,62,62,53,70,56,56,28,28,23,0,0],"gold":128,"neow_bonus":"THREE_ENEMY_KILL","is_daily":false,"chose_seed":false,"campfire_upgraded":2,"win_rate":0.0,"timestamp":1608005491,"path_taken":["M","$","?","?","?","E","R","E","T","M","M","?","M","$","R","BOSS","M","M","?","$","M","E"],"items_purchased_type":["Relic","Relic","Relic"],"build_version":"2020-12-13","purchased_purges":1,"victory":false,"max_hp_per_floor":[70,70,70,70,70,70,70,70,70,70,70,70,70,70,70,70,70,70,70,70,70,70,70,70],"card_choices":[{"not_picked":["Dodge and Roll","Blur"],"picked":"Dagger Spray","floor":1},{"not_picked":["Hidden Blade","Burst"],"picked":"Bouncing Flask","floor":6},{"not_picked":["Hidden Blade","Quick Slash"],"picked":"Prepared","floor":8},{"not_picked":["Quick Slash","Blur","Infinite Blades"],"picked":"SKIP","floor":10},{"not_picked":["Corpse Explosion","Fluid Movement"],"picked":"Bouncing Flask","floor":11},{"not_picked":["Accuracy","Cloak And Dagger","Flying Knee"],"picked":"SKIP","floor":12},{"not_picked":["Acrobatics","Cloak And Dagger"],"picked":"Prepared","floor":13},{"not_picked":["Venomology","Burst"],"picked":"Replay:Bag of Tricks","floor":16},{"not_picked":["Acrobatics","Flying Knee","Dash"],"picked":"SKIP","floor":18},{"not_picked":["Blade Dance","Quick Slash"],"picked":"Poisoned Stab","floor":19},{"not_picked":["Caltrops+1","Endless Agony"],"picked":"Deadly Poison","floor":20},{"not_picked":["Masterful Stab","Skewer+1"],"picked":"Poisoned Stab","floor":20},{"not_picked":["Choke","Underhanded Strike"],"picked":"Backstab","floor":20},{"not_picked":["Setup+1","Leg Sweep+1"],"picked":"Calculated Gamble+1","floor":22}],"player_experience":202070,"relics_obtained":[{"floor":6,"key":"Bag of Preparation"},{"floor":8,"key":"Pet Ghost"},{"floor":9,"key":"Iron Hammer"}],"event_choices":[{"damage_healed":0,"gold_gain":175,"player_choice":"AGREE","damage_taken":0,"max_hp_gain":0,"max_hp_loss":0,"event_name":"Liars Game","floor":3,"gold_loss":0,"cards_obtained":["Doubt"]},{"cards_removed":["Doubt"],"damage_healed":0,"gold_gain":0,"player_choice":"Card Removal","damage_taken":0,"max_hp_gain":0,"max_hp_loss":0,"event_name":"The Cleric","floor":4,"gold_loss":50}],"is_beta":false,"boss_relics":[{"not_picked":["Painkiller Herb","Tiny House"],"picked":"Black Star"}],"items_purged_floors":[21],"is_endless":false,"potions_floor_spawned":[8,10,11,13,16,18,19],"killed_by":"Gremlin Leader","ascension_level":1}}