{"host":"llpusn9usp8rznkj","time":1608004832,"event":{"mods":["2.2 Compatiblity","BaseMod","Colored Map","Colored Powertips","Conspire","Downfall","Hubris","Minty Spire (QoL Compilation)","Rare Cards Sparkle","Replay The Spire","StSLib","The Cursed"],"gold_per_floor":[112,36,36,111,125,125,154,154,154,183,183,203,215,265,265,338,338,312,312,37,94,94,94,94,15,15,25,25,25,25],"floor_reached":29,"playtime":963,"items_purged":[],"score":504,"play_id":"9bdfa669-c0fd-4924-9265-fb09cc3dfc04","local_time":"20201214230032","is_ascension_mode":true,"campfire_choices":[{"data":"Bash","floor":6.0,"key":"SMITH"},{"data":"Warcry","floor":8.0,"key":"SMITH"},{"data":"ReplayTheSpireMod:Muscle Training","floor":15.0,"key":"SMITH"},{"floor":23,"key":"REST"}],"circlet_count":0,"master_deck":["AscendersBane","Strike_R","Strike_R","Strike_R","Strike_R","Defend_R","Defend_R","Defend_R","Defend_R","Bash+1","Battle Trance","Carnage","Sword Boomerang+1","Pummel+1","Warcry+1","Disarm","ReplayTheSpireMod:Muscle Training+1","Cleave","Berserk","Normality","Doubt","Hallucinations","Warcry+1","conspire:ExplosiveBarrier+1","Metallicize+1"],"relics":["Burning Blood","NeowsBlessing","hubris:IronBody","hubris:SphereOfDissonance","conspire:Flyswatter","Replay:Ancient Bell","Tiny Chest","Gremlin Horn","hubris:64BitClover","Frozen Egg 2","Replay:WaspNest","Mummified Hand"],"acts_visited":["Exordium","TheCity"],"potions_floor_usage":[27,27],"damage_taken":[{"damage":0.0,"enemies":"Cultist","floor":1.0,"turns":1.0},{"damage":0.0,"enemies":"conspire:RoseBush","floor":5.0,"turns":1.0},{"damage":0.0,"enemies":"Lagavulin","floor":7.0,"turns":1.0},{"damage":40.0,"enemies":"3 Sentries","floor":10.0,"turns":8.0},{"damage":4.0,"enemies":"Small Slimes","floor":12.0,"turns":3.0},{"damage":12.0,"enemies":"Exordium Wildlife","floor":13.0,"turns":2.0},{"damage":51.0,"enemies":"Fading Forest","floor":16.0,"turns":13.0},{"damage":27.0,"enemies":"2 Thieves","floor":18.0,"turns":4.0},{"damage":21,"enemies":"Spheric Guardian","floor":27,"turns":5},{"damage":21,"enemies":"Shelled Parasite and Fungi","floor":29,"turns":1}],"seed_played":"-6675159231178856461","potions_obtained":[{"floor":1.0,"key":"sneckomod:MuddlingPotion"},{"floor":10.0,"key":"BloodPotion"},{"floor":13.0,"key":"Elixir"},{"floor":16.0,"key":"CultistPotion"},{"floor":21.0,"key":"GamblersBrew"},{"floor":21.0,"key":"DuplicationPotion"}],"is_trial":false,"path_per_floor":["M","$","?","?","M","R","E","R","T","E","?","M","M","?","R","B",null,"M","?","$","?","?","R","T","$","T","M","?","M"],"character_chosen":"IRONCLAD","items_purchased":["Carnage","Frozen Egg 2","Metallicize+1"],"campfire_rested":1,"item_purchase_floors":[2,20,25],"current_hp_per_floor":[74,74,74,63,69,69,75,75,75,41,41,58,52,45,45,8,58,37,37,37,7,7,29,29,29,29,14,14,0,0],"gold":25,"neow_bonus":"THREE_ENEMY_KILL","is_daily":false,"chose_seed":false,"campfire_upgraded":3,"win_rate":0.0,"timestamp":1608004832,"path_taken":["M","$","?","?","M","R","E","R","T","E","?","?","M","?","R","BOSS","M","?","$","?","?","R","?","$","T","?","?","M"],"items_purchased_type":["Card","Relic","Card"],"build_version":"2020-12-13","purchased_purges":0,"victory":false,"max_hp_per_floor":[75,75,75,75,75,75,75,75,75,75,75,75,75,75,75,75,75,75,75,75,75,75,75,75,75,75,75,75,75,75],"card_choices":[{"not_picked":["hubris:SharpeningStone","Havoc"],"picked":"Battle Trance","floor":1.0},{"not_picked":["Bloodletting","Clothesline"],"picked":"Pummel","floor":5.0},{"not_picked":["Dropkick","Cleave"],"picked":"Warcry","floor":7.0},{"not_picked":["Pommel Strike","Clash","Evolve"],"picked":"SKIP","floor":10.0},{"not_picked":["Armaments","Shrug It Off"],"picked":"ReplayTheSpireMod:Muscle Training","floor":12.0},{"not_picked":["Clothesline","Wild Strike"],"picked":"Cleave","floor":13.0},{"not_picked":["conspire:Purge","Corruption"],"picked":"Berserk","floor":16.0},{"not_picked":["Looming Evil","Spreading Infection"],"picked":"Normality","floor":17.0},{"not_picked":["hexamod:Haunted","TheCursedMod:Dregs"],"picked":"Doubt","floor":17.0},{"not_picked":["Pain","Guardian:Aged"],"picked":"Hallucinations","floor":17.0},{"not_picked":["Clash+1","Pommel Strike+1"],"picked":"Warcry+1","floor":18.0},{"not_picked":["Twin Strike","ReplayTheSpireMod:Strike From Hell"],"picked":"conspire:ExplosiveBarrier+1","floor":21.0},{"not_picked":["Havoc","Wild Strike","Thunderclap"],"picked":"SKIP","floor":27}],"player_experience":964690,"relics_obtained":[{"floor":7.0,"key":"hubris:IronBody"},{"floor":9.0,"key":"hubris:SphereOfDissonance"},{"floor":10.0,"key":"conspire:Flyswatter"},{"floor":24,"key":"Replay:WaspNest"},{"floor":26,"key":"Mummified Hand"}],"event_choices":[{"damage_healed":0.0,"max_hp_gain":0.0,"max_hp_loss":0.0,"gold_gain":75.0,"event_name":"World of Goop","player_choice":"Gather Gold","floor":4.0,"gold_loss":0.0,"damage_taken":11.0},{"damage_healed":0.0,"max_hp_gain":0.0,"max_hp_loss":0.0,"gold_gain":50.0,"event_name":"FaceTrader","player_choice":"Touch","floor":14.0,"gold_loss":0.0,"damage_taken":7.0},{"damage_healed":0,"gold_gain":0,"player_choice":"Upgraded","damage_taken":0,"max_hp_gain":0,"max_hp_loss":0,"event_name":"Upgrade Shrine","floor":28,"gold_loss":0,"cards_upgraded":["Pummel"]}],"is_beta":false,"boss_relics":[{"not_picked":["Busted Crown","hubris:RunicObelisk"],"picked":"Replay:Ancient Bell"},{"not_picked":["Oddly Smooth Stone","Toy Ornithopter"],"picked":"Tiny Chest"},{"not_picked":["hubris:DeckOfHolding","Replay:Bottled Eggs"],"picked":"Gremlin Horn"},{"not_picked":["Champion Belt","Incense Burner"],"picked":"hubris:64BitClover"}],"items_purged_floors":[],"is_endless":false,"potions_floor_spawned":[1,10,13,16],"killed_by":"Shelled Parasite and Fungi","ascension_level":20}}