{"host":"z26j60ycepuqi9th","time":1608030026,"event":{"mods":["Act Like it!","BaseMod","CapriCore","Card Filter","Card Forge","DeckTracker","Dota2Spire","Friendly Minions","Highlight Path","Mari Mod (Legacy)","Mari\u0027s V1 Patch","Minty Spire (QoL Compilation)","MostiFishMod","Permanent Neow","Quick Restart","Relic Stats","Robot Space Explorer","Shop Mod","Spicy Shops","StSLib","SuperFastMode","TestMod","The Alterego","The Dragon Tamer","TheWitcher","[地精首领爬塔]The Maniac","【遗物卡牌】REMEMod","篝火指南"],"gold_per_floor":[118,68,78,95,95,95,123,123,123,158,177,210,210,245,18,121,121,132,158,174,192,32,32,66,66,66,101,101,126,169,169,169,311,311,328,728,760,774,774,829,215,233,233,268,268,307,331,348,198,238,238,90,0,32,42],"floor_reached":56,"playtime":1975,"items_purged":["Strike_R","Strike_R","Defend_R","Defend_R"],"score":2152,"play_id":"8cbce4c2-8627-42f9-b932-833b608cc488","local_time":"20201215190026","is_ascension_mode":true,"campfire_choices":[{"data":"Bash","floor":6,"key":"SMITH"},{"floor":8,"key":"RECALL"},{"data":"REME_ACTH","floor":13,"key":"SMITH"},{"data":"RobotSpaceExplorer:RigExplosive","floor":23,"key":"SMITH"},{"data":"Barricade","floor":32,"key":"SMITH"}],"circlet_count":0,"master_deck":["AscendersBane","Strike_R","Strike_R","Defend_R+1","Defend_R","Bash+1","RobotSpaceExplorer:RigExplosive+1","Shrug It Off","REME_ACTH+1","CurseOfTheBell","Barricade+1","MostiFishMod:RacingGame+1","Shrug It Off+1"],"relics":["Burning Blood","Hammer of Thor","Seething Fire","Anvil of the Gods","testmod-TestBox","REME_ComplimentaryCards","Lantern","testmod-BlackFramedGlasses","ArrowTower","Question Card","Meat on the Bone","Paper Frog","InkBottle","Dota2Spire:MagicBottle","Dota2Spire:LotusOrb","Gremlin Horn","testmod-Faith","Tiny Chest","ImportantClient","Calling Bell","Bronze Scales","Mercury Hourglass","testmod-InjuryResistance","Red Mask","testmod-TheFather","Red Skull","testmod-AssaultLearning","Sundial","REME_LowDesire","Dota2Spire:ArcaneBoots","Blood Vial","War Paint","SynthV:C4","Dota2Spire:BattleFury","Dota2Spire:MonkeyKingBar","testmod-ConstraintPeriapt","Nunchaku","testmod-TurbochargingSystem","ChiLing","Chi","Ling","Dota2Spire:PowerTreads","ImprovedEquipment"],"acts_visited":["Exordium","TheCity","TheBeyond","TheEnding"],"potions_floor_usage":[4,7,10,10,12,12,14,16,18,19,19,20,21,24,24,27,27,29,30,33,35,35,37,40,40,42,44,44,46,48,50,50,54,55,55],"damage_taken":[{"damage":0,"enemies":"Small Slimes","floor":1,"turns":3},{"damage":2,"enemies":"Jaw Worm","floor":3,"turns":3},{"damage":0,"enemies":"Cultist","floor":4,"turns":2},{"damage":15,"enemies":"3 Sentries","floor":7,"turns":4},{"damage":16,"enemies":"Gremlin Nob","floor":10,"turns":3},{"damage":1,"enemies":"2 Fungi Beasts","floor":11,"turns":3},{"damage":40,"enemies":"Lagavulin","floor":12,"turns":4},{"damage":15,"enemies":"3 Sentries","floor":14,"turns":5},{"damage":39,"enemies":"The Guardian","floor":16,"turns":9},{"damage":4,"enemies":"Shell Parasite","floor":18,"turns":4},{"damage":5,"enemies":"Masked Bandits","floor":19,"turns":3},{"damage":6,"enemies":"2 Thieves","floor":20,"turns":2},{"damage":9,"enemies":"Snake Plant","floor":21,"turns":3},{"damage":9,"enemies":"Book of Stabbing","floor":24,"turns":6},{"damage":31,"enemies":"REME_1_Revenger","floor":27,"turns":5},{"damage":4,"enemies":"Shelled Parasite and Fungi","floor":29,"turns":3},{"damage":9,"enemies":"Slavers","floor":30,"turns":2},{"damage":0,"enemies":"Automaton","floor":33,"turns":10},{"damage":0,"enemies":"3 Shapes","floor":35,"turns":1},{"damage":0,"enemies":"3 Darklings","floor":37,"turns":3},{"damage":0,"enemies":"Maw","floor":38,"turns":7},{"damage":0,"enemies":"Reptomancer","floor":40,"turns":4},{"damage":0,"enemies":"Writhing Mass","floor":42,"turns":3},{"damage":0,"enemies":"4 Shapes","floor":44,"turns":1},{"damage":0,"enemies":"Giant Head","floor":46,"turns":3},{"damage":0,"enemies":"Jaw Worm Horde","floor":48,"turns":1},{"damage":0,"enemies":"Awakened One","floor":50,"turns":6},{"damage":2,"enemies":"Shield and Spear","floor":54,"turns":2},{"damage":9,"enemies":"The Heart","floor":55,"turns":4}],"seed_played":"2083912775535500882","potions_obtained":[{"floor":1,"key":"Dexterity Potion"},{"floor":16,"key":"AttackPotion"},{"floor":20,"key":"EssenceOfSteel"},{"floor":21,"key":"Block Potion"},{"floor":27,"key":"Energy Potion"},{"floor":33,"key":"Block Potion"},{"floor":42,"key":"Swift Potion"},{"floor":48,"key":"BlessingOfTheForge"},{"floor":54,"key":"GamblersBrew"}],"is_trial":false,"path_per_floor":["M","?","M","M","?","R","E","R","T","E","M","E","R","E","R","B",null,"M","?","M","M","$","R","E","?","T","E","?","M","E","T","R","B",null,"M","?","M","M","T","E","R","M","T","M","?","E","T","M","R","B",null,"R","$","E","B",null],"character_chosen":"IRONCLAD","items_purchased":["testmod-Faith","Tiny Chest","testmod-TheFather","Dota2Spire:BattleFury","Dota2Spire:MonkeyKingBar","ChiLing","Dota2Spire:PowerTreads"],"campfire_rested":0,"item_purchase_floors":[15,15,22,41,41,52,53],"current_hp_per_floor":[80,80,80,80,80,80,73,73,73,66,74,56,56,52,52,40,70,95,99,99,98,98,98,98,98,98,77,77,82,81,81,81,97,99,99,99,99,99,99,99,99,99,99,99,99,99,99,99,99,99,99,99,75,84,96],"gold":42,"neow_bonus":"RANDOM_COMMON_RELIC","is_daily":false,"chose_seed":false,"campfire_upgraded":4,"win_rate":0.0,"timestamp":1608030026,"path_taken":["M","?","M","M","?","R","E","R","T","E","?","E","R","E","R","BOSS","M","?","M","M","$","R","E","?","T","E","?","M","E","?","R","BOSS","M","?","M","M","?","E","R","M","T","M","?","E","?","?","R","BOSS","R","$","E","BOSS"],"items_purchased_type":["Relic","Relic","Relic","Relic","Relic","Relic","Relic"],"build_version":"2020-12-13","purchased_purges":4,"victory":true,"max_hp_per_floor":[80,80,80,80,80,80,80,80,80,80,80,80,80,80,80,80,80,99,99,99,99,99,99,99,99,99,99,99,99,99,99,99,99,99,99,99,99,99,99,99,99,99,99,99,99,99,99,99,99,99,99,99,99,99,99],"relic_stats":{"Gremlin Horn":[19,24],"counters":[29,105],"War Paint":["Defend_R","MostiFishMod:RacingGame"],"Question Card":28,"Burning Blood":106,"Mercury Hourglass":[260],"Blood Vial":4,"Nunchaku":[3],"Sundial":[64],"Bronze Scales":[260],"Tiny Chest":2,"obtain_stats":[{"Lantern":0,"Dota2Spire:PowerTreads":53,"DaveBox":0,"Gremlin Horn":14,"Chi":52,"Hammer of Thor":0,"Burning Blood":0,"testmod-BlackFramedGlasses":0,"Dota2Spire:LotusOrb":12,"SynthV:C4":40,"Dota2Spire:MagicBottle":10,"Blood Vial":34,"Nunchaku":46,"testmod-InjuryResistance":17,"Sundial":31,"Tiny Chest":15,"testmod-TheFather":22,"Red Mask":19,"Dota2Spire:ArcaneBoots":34,"REME_LowDesire":34,"InkBottle":9,"Red Skull":24,"Paper Frog":7,"ImportantClient":16,"testmod-TestBox":0,"ImprovedEquipment":54,"Dota2Spire:BattleFury":41,"Seething Fire":0,"testmod-TurbochargingSystem":47,"War Paint":39,"testmod-ConstraintPeriapt":43,"Question Card":1,"Mercury Hourglass":17,"Calling Bell":17,"Ling":52,"Anvil of the Gods":0,"Bronze Scales":17,"testmod-AssaultLearning":27,"testmod-Faith":15,"ArrowTower":0,"Dota2Spire:MonkeyKingBar":41,"REME_ComplimentaryCards":0,"Meat on the Bone":5,"ChiLing":52},{"Lantern":0,"Dota2Spire:PowerTreads":27,"DaveBox":0,"Gremlin Horn":8,"Chi":27,"Hammer of Thor":0,"Burning Blood":0,"testmod-BlackFramedGlasses":0,"Dota2Spire:LotusOrb":7,"SynthV:C4":22,"Dota2Spire:MagicBottle":5,"Blood Vial":18,"Nunchaku":25,"testmod-InjuryResistance":9,"Sundial":17,"Tiny Chest":8,"testmod-TheFather":13,"Red Mask":11,"Dota2Spire:ArcaneBoots":18,"REME_LowDesire":18,"InkBottle":4,"Red Skull":14,"Paper Frog":4,"ImportantClient":9,"testmod-TestBox":0,"ImprovedEquipment":28,"Dota2Spire:BattleFury":22,"Seething Fire":0,"testmod-TurbochargingSystem":25,"War Paint":21,"testmod-ConstraintPeriapt":23,"Question Card":1,"Mercury Hourglass":9,"Calling Bell":9,"Ling":27,"Anvil of the Gods":0,"Bronze Scales":9,"testmod-AssaultLearning":15,"testmod-Faith":8,"ArrowTower":0,"Dota2Spire:MonkeyKingBar":22,"REME_ComplimentaryCards":0,"Meat on the Bone":3,"ChiLing":27},{"Lantern":0,"Dota2Spire:PowerTreads":99,"DaveBox":0,"Gremlin Horn":25,"Chi":99,"Hammer of Thor":0,"Burning Blood":0,"testmod-BlackFramedGlasses":0,"Dota2Spire:LotusOrb":21,"SynthV:C4":85,"Dota2Spire:MagicBottle":14,"Blood Vial":70,"Nunchaku":92,"testmod-InjuryResistance":34,"Sundial":60,"Tiny Chest":25,"testmod-TheFather":46,"Red Mask":41,"Dota2Spire:ArcaneBoots":70,"REME_LowDesire":70,"InkBottle":11,"Red Skull":51,"Paper Frog":11,"ImportantClient":34,"testmod-TestBox":0,"ImprovedEquipment":101,"Dota2Spire:BattleFury":85,"Seething Fire":0,"testmod-TurbochargingSystem":92,"War Paint":81,"testmod-ConstraintPeriapt":88,"Question Card":2,"Mercury Hourglass":34,"Calling Bell":34,"Ling":99,"Anvil of the Gods":0,"Bronze Scales":34,"testmod-AssaultLearning":55,"testmod-Faith":25,"ArrowTower":0,"Dota2Spire:MonkeyKingBar":85,"REME_ComplimentaryCards":0,"Meat on the Bone":7,"ChiLing":99}],"InkBottle":[38],"Meat on the Bone":24},"card_choices":[{"not_picked":["Blood for Blood","Iron Wave","MostiFishMod:BrandingRite"],"picked":"SKIP","floor":1},{"not_picked":["Entrench","Clothesline","Cleave","Feel No Pain"],"picked":"SKIP","floor":3},{"not_picked":["Intimidate","Sever Soul","Clash","Pommel Strike"],"picked":"SKIP","floor":4},{"not_picked":["Bludgeon","Rage","Armaments"],"picked":"Shrug It Off","floor":7},{"not_picked":["Flex","Wild Strike","True Grit","Thunderclap"],"picked":"SKIP","floor":10},{"not_picked":["Flex","Twin Strike","Dropkick","Headbutt"],"picked":"SKIP","floor":11},{"not_picked":["Sword Boomerang","Thunderclap","Havoc"],"picked":"REME_ACTH","floor":12},{"not_picked":["Iron Wave","Body Slam","REME_Cut","Infernal Blade"],"picked":"SKIP","floor":14},{"not_picked":["Immolate","MostiFishMod:PerfectStrikeMKII","Barricade"],"picked":"MostiFishMod:NeverNightCountry","floor":16},{"not_picked":["Anger+1","Sword Boomerang+1","Hemokinesis","Armaments"],"picked":"SKIP","floor":18},{"not_picked":["Flex+1","Feel No Pain+1","Carnage","Heavy Blade"],"picked":"SKIP","floor":20},{"not_picked":["Bloodletting","Clothesline+1","Iron Wave","Sword Boomerang"],"picked":"SKIP","floor":21},{"not_picked":["Body Slam","Flame Barrier","Iron Wave","Fire Breathing"],"picked":"SKIP","floor":24},{"not_picked":["Power Through","Burning Pact","Infernal Blade","Cleave+1"],"picked":"SKIP","floor":27},{"not_picked":["Double Tap","Wild Strike+1","Warcry","Thunderclap"],"picked":"SKIP","floor":29},{"not_picked":["Inflame","Evolve+1","Pummel","Armaments"],"picked":"SKIP","floor":30},{"not_picked":["Double Tap","Reaper","MostiFishMod:#F4004"],"picked":"MostiFishMod:RacingGame","floor":33},{"not_picked":["Blood for Blood+1","Iron Wave+1","Sword Boomerang+1","Feel No Pain","Blind"],"picked":"SKIP","floor":35},{"not_picked":["Perfected Strike+1","REME_SingleHolding+1","Clash","MostiFishMod:NightSea"],"picked":"Shrug It Off+1","floor":37},{"not_picked":["Whirlwind","Headbutt+1","Infernal Blade","Battle Trance+1","Enlightenment"],"picked":"SKIP","floor":38},{"not_picked":["Clothesline+1","REME_Scribble+1","Iron Wave+1","Flex","testmod-DeathImprint"],"picked":"SKIP","floor":40},{"not_picked":["MostiFishMod:Mania","Combust+1","Shrug It Off","True Grit","testmod-Automaton+1"],"picked":"SKIP","floor":42},{"not_picked":["Blood for Blood+1","Body Slam","Perfected Strike+1","Flex","Panache"],"picked":"SKIP","floor":44},{"not_picked":["Whirlwind+1","Perfected Strike","MostiFishMod:TemporaryOutbreak","Heavy Blade+1","Blind"],"picked":"SKIP","floor":46},{"not_picked":["Perfected Strike+1","Warcry","True Grit","Anger","REME_AllRoundStrike"],"picked":"SKIP","floor":48},{"not_picked":["MostiFishMod:#F4004","Iron Wave","Cleave+1","Wild Strike","MostiFishMod:NightSea"],"picked":"SKIP","floor":54}],"player_experience":111934,"relics_obtained":[{"floor":1,"key":"Question Card"},{"floor":5,"key":"Meat on the Bone"},{"floor":7,"key":"Paper Frog"},{"floor":9,"key":"InkBottle"},{"floor":10,"key":"Dota2Spire:MagicBottle"},{"floor":12,"key":"Dota2Spire:LotusOrb"},{"floor":14,"key":"Gremlin Horn"},{"floor":16,"key":"ImportantClient"},{"floor":17,"key":"Bronze Scales"},{"floor":17,"key":"Mercury Hourglass"},{"floor":17,"key":"testmod-InjuryResistance"},{"floor":19,"key":"Red Mask"},{"floor":24,"key":"Red Skull"},{"floor":27,"key":"testmod-AssaultLearning"},{"floor":31,"key":"Sundial"},{"floor":34,"key":"Dota2Spire:ArcaneBoots"},{"floor":34,"key":"Blood Vial"},{"floor":39,"key":"War Paint"},{"floor":40,"key":"SynthV:C4"},{"floor":43,"key":"testmod-ConstraintPeriapt"},{"floor":46,"key":"Nunchaku"},{"floor":47,"key":"testmod-TurbochargingSystem"},{"floor":54,"key":"ImprovedEquipment"}],"event_choices":[{"cards_removed":["Strike_R"],"damage_healed":0,"gold_gain":0,"player_choice":"Card Removal","damage_taken":0,"max_hp_gain":0,"max_hp_loss":0,"event_name":"The Cleric","floor":2,"gold_loss":50},{"damage_healed":0,"gold_gain":0,"player_choice":"Relic","damage_taken":0,"max_hp_gain":0,"max_hp_loss":0,"event_name":"Wheel of Change","floor":5,"gold_loss":0},{"damage_healed":0,"gold_gain":0,"player_choice":"Fought Bandits","damage_taken":0,"max_hp_gain":0,"max_hp_loss":0,"event_name":"Masked Bandits","floor":19,"gold_loss":0},{"damage_healed":0,"gold_gain":0,"player_choice":"Ignored","damage_taken":0,"max_hp_gain":0,"max_hp_loss":0,"event_name":"给自己的盒子","floor":25,"gold_loss":0},{"damage_healed":0,"gold_gain":0,"player_choice":"Read","damage_taken":0,"max_hp_gain":0,"max_hp_loss":0,"event_name":"The Library","floor":28,"gold_loss":0,"cards_obtained":["Barricade"]},{"damage_healed":0,"gold_gain":400,"player_choice":"Sell","damage_taken":0,"max_hp_gain":0,"max_hp_loss":0,"event_name":"恩洛斯的盘子","floor":36,"relics_lost":["DaveBox"],"gold_loss":0},{"damage_healed":0,"gold_gain":0,"player_choice":"Bought 0 Potions","damage_taken":0,"max_hp_gain":0,"max_hp_loss":0,"event_name":"The Woman in Blue","floor":45,"gold_loss":0}],"is_beta":false,"boss_relics":[{"not_picked":["testmod-BatchProcessingSystem","MoonlightInvasionPlan"],"picked":"Calling Bell"},{"not_picked":["testmod-IncinerationGenerator","RhineCircuit"],"picked":"REME_LowDesire"}],"items_purged_floors":[22,22,41,49],"is_endless":false,"potions_floor_spawned":[1,3,7,11,16,20,21,27,33,38,42,48,54],"ascension_level":10}}