{"host":"a8v0czv88scrgx5i","time":1608012483,"event":{"mods":["2.2 Compatiblity","Act Like it!","Aspiration","Astrologer","Bard","BaseMod","Beaked The Cultist","Better Third Choice","BetterRewards","Colored Map","Colored Powertips","Curses Come First","Dota2Spire","Downfall","Friendly Minions","GifTheSpireLib","GungeonMod","Hermit","Hubris","Infinite Spire","Luminous","Marisa????????","Minty Spire (QoL Compilation)","READ ME - Guardian Mod","Rare Cards Sparkle","Relic Sorter","Replay The Spire","Shade Mod","Shop Mod","StSLib","The Animator","The Blackbeard","The Bug Knight","The Construct","The Cursed","The Disciple","The Elementalist","The Hierophant","The Jungle","The Mystic","The Necromancer","The Runesmith","The Servant 0.9.4","The Spell Scribe","vexMod"],"gold_per_floor":[110,122,140,59,78,78,78,96,168,203,8,43,43,87,87,186,186,203,203,221,238,256,289,302,302,302,331,331,352,365,63,63,166,166,191,217,217,168,189,231,231,274,274,310,310,104,140,165,165,165,165,165,209,256,256],"floor_reached":56,"playtime":3620,"items_purged":["DemoMod:Desperate","DemoMod:Strike_Huntress","DemoMod:Strike_Huntress","DemoMod:Strike_Huntress","DemoMod:Defend_Huntress"],"score":1549,"play_id":"68525132-b267-4e87-a3a8-7c740ed0c66c","local_time":"20201215010803","is_ascension_mode":false,"campfire_choices":[{"data":"DemoMod:ChanceBullets","floor":6.0,"key":"SMITH"},{"floor":13.0,"key":"REST"},{"data":"DemoMod:HungryBullets","floor":15.0,"key":"SMITH"},{"data":"DemoMod:CursedBullets","floor":32.0,"key":"SMITH"},{"floor":45.0,"key":"RECALL"},{"data":"DemoMod:ChanceBullets","floor":49.0,"key":"SMITH"},{"data":"DemoMod:HungryBullets","floor":52,"key":"SMITH"}],"circlet_count":0,"master_deck":["DemoMod:Defend_Huntress","DemoMod:Defend_Huntress","DemoMod:Defend_Huntress","DemoMod:Roll+1","DemoMod:ManualReload+1","DemoMod:RustySidearm","DemoMod:CrossBow","DemoMod:JK47+1","DemoMod:ChanceBullets+1","DemoMod:HungryBullets+1","DemoMod:BoxingGlove","DemoMod:CombinedRifle","DemoMod:Evolver","DemoMod:GunslingerForm+1","DemoMod:HuntsMan+1","DemoMod:SkilledReload+1","DemoMod:CursedBullets+1","DemoMod:Polaris+1","DemoMod:ShadowBullets+1","DemoMod:PotionOfGunFriendShip+1","DemoMod:BSG","DemoMod:ChanceBullets+1","DemoMod:HungryBullets+1","DemoMod:HuntsMan+1","DemoMod:HungryBullets","Pot Of Greed","Pot Of Greed","Pot Of Greed","DemoMod:AC15+1","DemoMod:ShadowBullets","DemoMod:ShadowBullets+1"],"relics":["DemoMod:Dog","Ornamental Fan","Bird Faced Urn","Regal Pillow","infinitespire:Satchel","Dota2Spire:Bloodstone","Dota2Spire:AghanimScepter","Bronze Scales","Mercury Hourglass","DemoMod:Ammonomicon","MerchantsRug","Torii","infinitespire:EvilPickle","Coffee Dripper","infinitespire:Cupcake","Runesmith:Locket","Pen Nib","construct:FoamFinger","Pantograph"],"acts_visited":["Exordium","TheCity","TheBeyond","TheEnding"],"potions_floor_usage":[55,55],"damage_taken":[{"damage":21.0,"enemies":"infinitespire:Voidling","floor":1.0,"turns":5.0},{"damage":2.0,"enemies":"Small Slimes","floor":2.0,"turns":4.0},{"damage":1.0,"enemies":"2 Louse","floor":3.0,"turns":3.0},{"damage":0.0,"enemies":"2 Fungi Beasts","floor":5.0,"turns":4.0},{"damage":0.0,"enemies":"Blue Slaver","floor":8.0,"turns":4.0},{"damage":38.0,"enemies":"Gremlin Nob","floor":10.0,"turns":5.0},{"damage":10.0,"enemies":"3 Sentries","floor":12.0,"turns":7.0},{"damage":39.0,"enemies":"Lagavulin","floor":14.0,"turns":10.0},{"damage":34.0,"enemies":"The Guardian","floor":16.0,"turns":15.0},{"damage":9.0,"enemies":"2 Thieves","floor":18.0,"turns":4.0},{"damage":9.0,"enemies":"3 Byrds","floor":20.0,"turns":5.0},{"damage":10.0,"enemies":"Snecko","floor":21.0,"turns":5.0},{"damage":0.0,"enemies":"Snake Plant","floor":22.0,"turns":3.0},{"damage":19.0,"enemies":"Gremlin Leader","floor":23.0,"turns":7.0},{"damage":13.0,"enemies":"Shelled Parasite and Fungi","floor":24.0,"turns":4.0},{"damage":10.0,"enemies":"Replay:Snechameleon","floor":27.0,"turns":2.0},{"damage":5.0,"enemies":"Centurion and Healer","floor":29.0,"turns":3.0},{"damage":0.0,"enemies":"Snecko","floor":30.0,"turns":2.0},{"damage":18.0,"enemies":"Pondfish","floor":33.0,"turns":6.0},{"damage":0.0,"enemies":"3 Darklings","floor":35.0,"turns":2.0},{"damage":0.0,"enemies":"Orb Walker","floor":36.0,"turns":1.0},{"damage":1.0,"enemies":"Sphere and 2 Shapes","floor":39.0,"turns":4.0},{"damage":3.0,"enemies":"HollowMod:StalkingDevout","floor":40.0,"turns":3.0},{"damage":1.0,"enemies":"R_Hoarder","floor":42.0,"turns":5.0},{"damage":20.0,"enemies":"Maw","floor":44.0,"turns":8.0},{"damage":20.0,"enemies":"Nemesis","floor":47.0,"turns":3.0},{"damage":0.0,"enemies":"Spire Growth","floor":48.0,"turns":3.0},{"damage":6.0,"enemies":"hubris:GrandSnecko","floor":50.0,"turns":9.0},{"damage":49,"enemies":"Shield and Spear","floor":54,"turns":4},{"damage":26,"enemies":"The Heart","floor":55,"turns":7}],"seed_played":"-7199772151692341515","potions_obtained":[{"floor":1.0,"key":"Strength Potion"},{"floor":10.0,"key":"SkillPotion"},{"floor":12.0,"key":"ColorlessPotion"},{"floor":16.0,"key":"Ancient Potion"},{"floor":18.0,"key":"sneckomod:MuddlingPotion"},{"floor":20.0,"key":"Dota2Spire:Clarity"},{"floor":23.0,"key":"Regen Potion"},{"floor":24.0,"key":"DuplicationPotion"}],"is_trial":false,"path_per_floor":["M","M","M","$","M","R","?","M","T","E","$","E","R","E","R","B",null,"M","AVR","M","M","M","E","M","?","T","E","?","M","M","$","R","B",null,"M","M","?","$","M","E","?","E","T","M","R","$","E","M","R","B",null,"R","$","E","B",null],"character_chosen":"HUNTRESS","items_purchased":["DemoMod:HungryBullets","Dota2Spire:HealingSalve","Regal Pillow","MerchantsRug","Torii","DemoMod:HungryBullets","DemoMod:HungryBullets","DemoMod:ShadowBullets"],"campfire_rested":1,"item_purchase_floors":[4,11,11,31,31,38,46,53],"current_hp_per_floor":[58,56,55,55,55,55,55,55,55,17,17,29,65,30,30,2,70,63,63,62,60,68,55,54,54,54,50,50,53,59,59,59,57,100,100,100,95,95,95,94,95,95,95,75,75,75,73,85,85,95,95,95,95,55,94],"gold":256,"neow_bonus":"RANDOM_COMMON_RELIC","is_daily":false,"chose_seed":false,"campfire_upgraded":5,"win_rate":0.0,"timestamp":1608012483,"path_taken":["M","M","M","$","?","R","?","M","T","E","$","E","R","E","R","BOSS","M","AVR","M","M","M","E","M","?","T","E","?","M","M","$","R","BOSS","M","M","?","$","M","E","?","E","T","M","R","$","E","?","R","BOSS","R","$","E","BOSS"],"items_purchased_type":["Card","Potion","Relic","Relic","Relic","Card","Card","Card"],"build_version":"2020-12-13","purchased_purges":5,"victory":true,"max_hp_per_floor":[70,70,70,70,70,70,70,70,70,70,70,70,70,70,70,70,70,70,70,70,70,70,70,70,70,70,70,70,70,70,70,70,70,100,100,100,95,95,95,95,95,95,95,95,95,95,95,95,95,95,95,95,95,95,95],"card_choices":[{"not_picked":["DemoMod:SAA","DemoMod:AbyssalTentacle"],"picked":"DemoMod:JK47","floor":1.0},{"not_picked":["DemoMod:MegaHand","DemoMod:FastSwitch"],"picked":"DemoMod:ChanceBullets","floor":2.0},{"not_picked":["DemoMod:SpreadAmmo","DemoMod:DoubleSwitch"],"picked":"DemoMod:BoxingGlove","floor":3.0},{"not_picked":["DemoMod:HardPowerCard","DemoMod:FastSwitch"],"picked":"DemoMod:BoxingGlove","floor":5.0},{"not_picked":["DemoMod:ZorGun","DemoMod:GunShield"],"picked":"DemoMod:CombinedRifle","floor":8.0},{"not_picked":["DemoMod:FastSwitch","DemoMod:JK47"],"picked":"DemoMod:Desperate","floor":10.0},{"not_picked":["DemoMod:Purify","DemoMod:AC15"],"picked":"DemoMod:Evolver","floor":12.0},{"not_picked":["DemoMod:SkilledReload","DemoMod:BlackHoleGun","DemoMod:ConditionalReflex"],"picked":"SKIP","floor":14.0},{"not_picked":["DemoMod:Slinger","DemoMod:Elimentaler"],"picked":"DemoMod:GunslingerForm","floor":16.0},{"not_picked":["DemoMod:FeignSurrender","DemoMod:HardPowerCard"],"picked":"DemoMod:HuntsMan","floor":18.0},{"not_picked":["DemoMod:BoxingGlove","DemoMod:GunShield","DemoMod:MachoBrace"],"picked":"SKIP","floor":20.0},{"not_picked":["DemoMod:GunShield","DemoMod:DoubleSwitch+1","DemoMod:StickyCrossBow"],"picked":"SKIP","floor":21.0},{"not_picked":["DemoMod:AbyssalTentacle+1","DemoMod:Unmoved+1"],"picked":"DemoMod:SkilledReload+1","floor":22.0},{"not_picked":["DemoMod:FastSwitch","DemoMod:Rummage"],"picked":"DemoMod:CursedBullets","floor":23.0},{"not_picked":["DemoMod:BattleInHaste","DemoMod:Rummage"],"picked":"DemoMod:Polaris+1","floor":24.0},{"not_picked":["DemoMod:FortunesFavor","DemoMod:BoxingGlove"],"picked":"DemoMod:ShadowBullets+1","floor":27.0},{"not_picked":["DemoMod:HardPowerCard","DemoMod:Unmoved"],"picked":"DemoMod:PotionOfGunFriendShip+1","floor":29.0},{"not_picked":["DemoMod:LifeOrb","DemoMod:SAA+1","DemoMod:DarkMarker"],"picked":"SKIP","floor":30.0},{"not_picked":["DemoMod:SuppressiveFire","DemoMod:Behold!"],"picked":"DemoMod:BSG","floor":33.0},{"not_picked":["DemoMod:Rummage+1","DemoMod:DoubleSwitch","DemoMod:MachoBrace"],"picked":"SKIP","floor":35.0},{"not_picked":["DemoMod:BoxingGlove+1","DemoMod:AbyssalTentacle"],"picked":"DemoMod:ChanceBullets","floor":36.0},{"not_picked":["DemoMod:JK47+1","DemoMod:BattleInHaste"],"picked":"DemoMod:DirectionalPad","floor":39.0},{"not_picked":["DemoMod:HighKaliber","DemoMod:BattleInHaste"],"picked":"DemoMod:HuntsMan+1","floor":40.0},{"not_picked":["DemoMod:Ejector+1","DemoMod:AbyssalTentacle+1","DemoMod:StickyCrossBow"],"picked":"SKIP","floor":42.0},{"not_picked":["DemoMod:SAA","DemoMod:HighKaliber+1","DemoMod:JK47+1"],"picked":"SKIP","floor":44.0},{"not_picked":["DemoMod:DirectionalPad","DemoMod:HighKaliber","DemoMod:GunShield"],"picked":"SKIP","floor":47.0},{"not_picked":["DemoMod:BattleInHaste+1","DemoMod:GunstockTap+1"],"picked":"DemoMod:AC15+1","floor":48.0},{"not_picked":["DemoMod:TeaPot","DemoMod:AC15"],"picked":"DemoMod:ShadowBullets+1","floor":54}],"player_experience":935118,"relics_obtained":[{"floor":9.0,"key":"Ornamental Fan"},{"floor":10.0,"key":"Bird Faced Urn"},{"floor":12.0,"key":"infinitespire:Satchel"},{"floor":14.0,"key":"Calipers"},{"floor":23.0,"key":"Bronze Scales"},{"floor":27.0,"key":"Mercury Hourglass"},{"floor":40.0,"key":"Runesmith:Locket"},{"floor":42.0,"key":"Pen Nib"},{"floor":43.0,"key":"construct:FoamFinger"},{"floor":47.0,"key":"Grinning Jar"},{"floor":54,"key":"Pantograph"}],"event_choices":[{"damage_healed":0.0,"max_hp_gain":0.0,"max_hp_loss":5.0,"gold_gain":0.0,"event_name":"Winding Halls","player_choice":"Max HP","floor":37.0,"gold_loss":0.0,"damage_taken":0.0},{"cards_removed":["DemoMod:BoxingGlove"],"damage_healed":5.0,"max_hp_gain":0.0,"max_hp_loss":0.0,"gold_gain":0.0,"event_name":"Bonfire Elementals","player_choice":"Offered Common","floor":41.0,"gold_loss":0.0,"damage_taken":0.0},{"cards_removed":["DemoMod:BoxingGlove"],"damage_healed":5.0,"max_hp_gain":0.0,"max_hp_loss":0.0,"gold_gain":0.0,"event_name":"Bonfire Elementals","player_choice":"Offered Special","floor":41.0,"gold_loss":0.0,"damage_taken":0.0}],"is_beta":false,"boss_relics":[{"not_picked":["vexMod:RockOfEvil","hubris:ScarierMask"],"picked":"hubris:CrackedHourglass"},{"not_picked":["Runic Pyramid","ReplayTheSpireMod:DimensionalGlitch"],"picked":"Replay:Grab Bag"},{"not_picked":["vexMod:DeviousBotling","hubris:VirtuousBlindfold"],"picked":"Coffee Dripper"},{"not_picked":["Cursed Key","vexMod:CursedCompass"],"picked":"infinitespire:Cupcake"},{"not_picked":["DemoMod:Wolf","SacredBark"],"picked":"vexMod:ImprovementManual"},{"not_picked":["ReplayTheSpireMod:SealedPack","hubris:HollowSoul"],"picked":"vexMod:BigBerry"}],"items_purged_floors":[19,31,38,46,53],"is_endless":false,"potions_floor_spawned":[1,10,12,16,18,20,23,24,36,40,47,48],"ascension_level":0}}