{"host":"ufl0k2so27eic2iy","time":1608058551,"event":{"mods":["BaseMod","Minty Spire (QoL Compilation)","StSLib","The Animator"],"gold_per_floor":[130,5,5,17,67,92,92,130,130,141,153,167,167,167,167,258,258,278,278,193,203,5,5,40,40,113,192,211,211,228,239,239,239,239],"floor_reached":33,"playtime":1484,"items_purged":["animator:Strike","animator:Strike+1"],"score":569,"play_id":"a3fc00d4-5445-456d-a12b-c4522f09cb69","local_time":"20201215185551","is_ascension_mode":true,"campfire_choices":[{"data":"animator:ElricEdward","floor":7,"key":"SMITH"},{"data":"animator:ElricEdward","floor":13,"key":"SMITH"},{"data":"animator:Mikaela","floor":15,"key":"SMITH"},{"data":"animator:AcuraShin","floor":23,"key":"SMITH"},{"data":"animator:Zero","floor":29,"key":"SMITH"},{"data":"animator:MasamiIwasawa","floor":32,"key":"SMITH"}],"circlet_count":0,"master_deck":["AscendersBane","animator:Strike_AngelBeats+1","animator:Defend_AngelBeats+1","animator:Defend+1","animator:Defend+1","animator:Defend+1","animator:HidekiHinata","animator:MasamiIwasawa+1","animator:ElricEdward+1","animator:IrohaTamaki","animator:Shigure","animator:Kyubey","animator:Chaa","animator:ElricEdward+1","animator:Mikaela+1","animator:Mitsuba","animator:AcuraShin+1","animator:Zero+1","animator:Yuuichirou","Writhe","Injury","animator:Yusa","animator:Fredrika"],"relics":["animator:LivingPicture","animator:TheMissingPiece","Happy Flower","animator:ShionDessert","Paper Frog","Cursed Key","Matryoshka","Tiny Chest","Strawberry","Ornamental Fan","Eternal Feather"],"acts_visited":["Exordium","TheCity"],"potions_floor_usage":[18,24],"damage_taken":[{"damage":0,"enemies":"Cultist","floor":1,"turns":4},{"damage":4,"enemies":"2 Louse","floor":4,"turns":3},{"damage":14,"enemies":"Gremlin Nob","floor":6,"turns":4},{"damage":17,"enemies":"Lagavulin","floor":8,"turns":10},{"damage":0,"enemies":"Small Slimes","floor":10,"turns":4},{"damage":0,"enemies":"Exordium Wildlife","floor":11,"turns":3},{"damage":1,"enemies":"Looter","floor":12,"turns":3},{"damage":0,"enemies":"Hexaghost","floor":16,"turns":9},{"damage":1,"enemies":"3 Byrds","floor":18,"turns":4},{"damage":0,"enemies":"Spheric Guardian","floor":21,"turns":3},{"damage":41,"enemies":"animator:HornedBat","floor":24,"turns":10},{"damage":0,"enemies":"Snake Plant","floor":28,"turns":2},{"damage":0,"enemies":"Centurion and Healer","floor":30,"turns":5},{"damage":0,"enemies":"Snecko","floor":31,"turns":5},{"damage":76,"enemies":"Collector","floor":33,"turns":7}],"seed_played":"-7494113359265553881","potions_obtained":[{"floor":6,"key":"Block Potion"},{"floor":11,"key":"DistilledChaos"},{"floor":21,"key":"CultistPotion"},{"floor":28,"key":"FearPotion"}],"is_trial":false,"path_per_floor":["M","$","?","M","?","E","R","E","T","M","M","M","R","?","R","B",null,"M","?","?","M","$","R","E","?","T","T","M","R","M","M","R","B"],"character_chosen":"THE_ANIMATOR","items_purchased":["animator:IrohaTamaki","animator:Zero"],"campfire_rested":0,"item_purchase_floors":[2,22],"current_hp_per_floor":[60,60,65,61,61,47,47,30,30,30,30,29,29,22,22,22,59,58,58,58,58,58,58,17,17,24,24,24,36,37,38,50,0,0],"gold":239,"neow_bonus":"TEN_PERCENT_HP_BONUS","is_daily":false,"chose_seed":true,"campfire_upgraded":6,"win_rate":0.0,"timestamp":1608058551,"path_taken":["M","$","?","M","?","E","R","E","T","M","M","?","R","?","R","BOSS","M","?","?","M","$","R","E","?","T","?","M","R","M","M","R","BOSS"],"items_purchased_type":["Card","Card"],"build_version":"2020-12-13","purchased_purges":2,"victory":false,"max_hp_per_floor":[66,66,71,71,71,71,71,71,71,71,71,71,71,71,71,71,71,71,71,71,71,71,71,71,71,78,78,78,78,79,80,80,80,80],"card_choices":[{"not_picked":["animator:Sloth","animator:Spearman"],"picked":"animator:ElricEdward","floor":1},{"not_picked":["animator:Guy","animator:ElricAlphonse"],"picked":"animator:Shigure","floor":4},{"not_picked":["animator:Witch","animator:Mitsuba"],"picked":"animator:Kyubey","floor":6},{"not_picked":["animator:HidekiHinata","animator:YuzuruOtonashi"],"picked":"animator:Chaa","floor":8},{"not_picked":["animator:Pride","animator:Witch"],"picked":"animator:ElricEdward","floor":10},{"not_picked":["animator:Noda","animator:YachiyoNanami"],"picked":"animator:Mikaela","floor":11},{"not_picked":["animator:NagisaMomoe","animator:YaoHaDucy"],"picked":"animator:Mitsuba","floor":12},{"not_picked":["animator:MadokaKaname","animator:SwordMaiden"],"picked":"animator:AcuraShin","floor":16},{"not_picked":["animator:Chaa","animator:HighElfArcher","animator:Godan"],"picked":"SKIP","floor":21},{"not_picked":["animator:MasamiIwasawa","animator:Yoichi"],"picked":"animator:Yuuichirou","floor":24},{"not_picked":["animator:AcuraTooru","animator:Witch","animator:DwarfShaman"],"picked":"SKIP","floor":28},{"not_picked":["animator:Noda","animator:Yui"],"picked":"animator:Yusa","floor":30},{"not_picked":["animator:ElricAlphonse","animator:RoryMercury+1"],"picked":"animator:Fredrika","floor":31}],"player_experience":2290352,"relics_obtained":[{"floor":6,"key":"Happy Flower"},{"floor":8,"key":"animator:ShionDessert"},{"floor":9,"key":"Paper Frog"},{"floor":24,"key":"Tiny Chest"},{"floor":26,"key":"Strawberry"},{"floor":27,"key":"Ornamental Fan"},{"floor":27,"key":"Eternal Feather"}],"event_choices":[{"damage_healed":0,"gold_gain":0,"player_choice":"Donut","damage_taken":0,"max_hp_gain":5,"max_hp_loss":0,"event_name":"Big Fish","floor":3,"gold_loss":0},{"damage_healed":0,"gold_gain":50,"player_choice":"Pray","damage_taken":0,"max_hp_gain":0,"max_hp_loss":0,"event_name":"Golden Shrine","floor":5,"gold_loss":0},{"cards_removed":["animator:Strike"],"damage_healed":0,"gold_gain":0,"player_choice":"Card Removal","damage_taken":7,"max_hp_gain":0,"max_hp_loss":0,"event_name":"Golden Wing","floor":14,"gold_loss":0},{"damage_healed":0,"gold_gain":0,"player_choice":"Simplicity","damage_taken":0,"max_hp_gain":0,"max_hp_loss":0,"event_name":"Back to Basics","floor":19,"gold_loss":0,"cards_upgraded":["animator:Strike_AngelBeats","animator:Defend_AngelBeats","animator:Strike","animator:Defend","animator:Defend","animator:Defend"]},{"damage_healed":0,"gold_gain":0,"player_choice":"Obtained Relic","damage_taken":0,"relics_obtained":["Matryoshka"],"max_hp_gain":0,"max_hp_loss":0,"event_name":"Addict","floor":20,"gold_loss":85},{"damage_healed":0,"gold_gain":0,"player_choice":"Ignored","damage_taken":0,"max_hp_gain":0,"max_hp_loss":0,"event_name":"Cursed Tome","floor":25,"gold_loss":0}],"is_beta":false,"boss_relics":[{"not_picked":["animator:RacePiece","Tiny House"],"picked":"Cursed Key"}],"items_purged_floors":[2,22],"is_endless":false,"potions_floor_spawned":[6,11,12,21,28],"killed_by":"Collector","ascension_level":15}}