{"host":"9d9dhukr2jywmy0f","time":1608054079,"event":{"mods":["2.2 Compatiblity","Alarm Clock","BaseMod","Bestiary","Block Reminder","Colored Map","Colored Powertips","Curses Come First","DeckTracker","Displayed Cursed Tome","Highlight Path","Key Reminder","Keyboard Shortcuts","Minty Spire (QoL Compilation)","MonsterHotkey","Potion Indicator Mod","Quick Restart","RNG Fix","Rare Cards Sparkle","Relic Sorter","Relic Stats","Spire Birthday Party","StSLib","Synergy Search","Unceasing Turn Reminder","Unknown Chances"],"gold_per_floor":[114,39,39,56,56,56,82,93,141,41,41,54,82,82,82,157,157,174,184,184,184],"floor_reached":20,"playtime":784,"items_purged":["Strike_R","Strike_R"],"score":464,"play_id":"0446cded-5a1c-4fe8-b0f1-707f7cc66655","local_time":"20201216014119","is_ascension_mode":true,"campfire_choices":[{"data":"Body Slam","floor":6.0,"key":"SMITH"},{"data":"Entrench","floor":11.0,"key":"SMITH"},{"data":"Bash","floor":15.0,"key":"SMITH"}],"circlet_count":0,"master_deck":["AscendersBane","Strike_R","Strike_R","Defend_R","Defend_R","Defend_R","Defend_R","Bash+1","Body Slam+1","Entrench+1","Shrug It Off","Shrug It Off","Exhume","Dual Wield"],"relics":["Burning Blood","NeowsBlessing","MealTicket","Omamori","Pen Nib","Dream Catcher","Mark of Pain"],"acts_visited":["Exordium","TheCity"],"potions_floor_usage":[],"damage_taken":[{"damage":0.0,"enemies":"Small Slimes","floor":1.0,"turns":1.0},{"damage":0.0,"enemies":"2 Louse","floor":4.0,"turns":1.0},{"damage":0.0,"enemies":"Gremlin Nob","floor":7.0,"turns":1.0},{"damage":1.0,"enemies":"Cultist","floor":8.0,"turns":3.0},{"damage":13.0,"enemies":"Large Slime","floor":12.0,"turns":9.0},{"damage":25.0,"enemies":"3 Sentries","floor":13.0,"turns":13.0},{"damage":27.0,"enemies":"The Guardian","floor":16.0,"turns":12.0},{"damage":37.0,"enemies":"Spheric Guardian","floor":18.0,"turns":9.0},{"damage":8.0,"enemies":"Shell Parasite","floor":19.0,"turns":2.0},{"damage":25,"enemies":"Shelled Parasite and Fungi","floor":20,"turns":5}],"seed_played":"-4319354796220166500","potions_obtained":[{"floor":1.0,"key":"SteroidPotion"},{"floor":4.0,"key":"Weak Potion"},{"floor":12.0,"key":"DistilledChaos"},{"floor":18.0,"key":"SkillPotion"}],"is_trial":false,"path_per_floor":["M","$","?","M","?","R","E","M","T","$","R","M","E","?","R","B",null,"M","M","M"],"character_chosen":"IRONCLAD","items_purchased":[],"campfire_rested":0,"item_purchase_floors":[],"current_hp_per_floor":[74,74,48,54,54,54,60,65,65,75,75,68,49,49,49,28,63,32,30,5,5],"gold":184,"neow_bonus":"THREE_ENEMY_KILL","is_daily":false,"chose_seed":false,"campfire_upgraded":3,"win_rate":0.0,"timestamp":1608054079,"path_taken":["M","$","?","M","?","R","E","M","T","$","R","?","E","?","R","BOSS","M","M","M"],"items_purchased_type":[],"build_version":"2020-11-30","purchased_purges":2,"victory":false,"max_hp_per_floor":[75,75,75,75,75,75,75,75,75,75,75,75,75,75,75,75,75,75,75,75,75],"relic_stats":{"Dream Catcher":0,"counters":[10,56],"MealTicket":10,"Pen Nib":[5],"obtain_stats":[{"Dream Catcher":13,"NeowsBlessing":0,"MealTicket":3,"Pen Nib":9,"Mark of Pain":17,"Omamori":7,"Burning Blood":0},{"Dream Catcher":6,"NeowsBlessing":0,"MealTicket":1,"Pen Nib":4,"Mark of Pain":7,"Omamori":3,"Burning Blood":0},{"Dream Catcher":28,"NeowsBlessing":0,"MealTicket":1,"Pen Nib":6,"Mark of Pain":40,"Omamori":3,"Burning Blood":0}],"Burning Blood":54},"card_choices":[{"not_picked":["True Grit","Heavy Blade","Headbutt"],"picked":"SKIP","floor":1.0},{"not_picked":["Spot Weakness","Heavy Blade"],"picked":"Body Slam","floor":4.0},{"not_picked":["Flex","Rupture","Feel No Pain"],"picked":"SKIP","floor":7.0},{"not_picked":["Headbutt","Cleave"],"picked":"Entrench","floor":8.0},{"not_picked":["Intimidate","Headbutt"],"picked":"Shrug It Off","floor":12.0},{"not_picked":["Twin Strike","Iron Wave"],"picked":"Shrug It Off","floor":13.0},{"not_picked":["Double Tap","Immolate"],"picked":"Exhume","floor":16.0},{"not_picked":["Perfected Strike","Shrug It Off"],"picked":"Dual Wield","floor":18.0},{"not_picked":["Seeing Red","Pommel Strike","Headbutt"],"picked":"SKIP","floor":19.0}],"player_experience":682290,"relics_obtained":[{"floor":7.0,"key":"Omamori"},{"floor":9.0,"key":"Pen Nib"},{"floor":13.0,"key":"Dream Catcher"}],"event_choices":[{"damage_healed":0.0,"max_hp_gain":0.0,"max_hp_loss":0.0,"gold_gain":0.0,"event_name":"Scrap Ooze","player_choice":"Success","floor":3.0,"gold_loss":0.0,"damage_taken":26.0,"relics_obtained":["MealTicket"]},{"damage_healed":0.0,"max_hp_gain":0.0,"max_hp_loss":0.0,"gold_gain":0.0,"event_name":"Liars Game","player_choice":"Ignored","floor":5.0,"gold_loss":0.0,"damage_taken":0.0},{"cards_removed":["Strike_R"],"damage_healed":0.0,"max_hp_gain":0.0,"max_hp_loss":0.0,"gold_gain":0.0,"event_name":"Bonfire Elementals","player_choice":"Offered Basic","floor":14.0,"gold_loss":0.0,"damage_taken":0.0}],"is_beta":false,"boss_relics":[{"not_picked":["Empty Cage","Tiny House"],"picked":"Mark of Pain"}],"items_purged_floors":[2,10],"is_endless":false,"potions_floor_spawned":[1,4,12,18],"killed_by":"Shelled Parasite and Fungi","ascension_level":20}}