{"host":"8rgizj6m5sl53afx","time":1608030076,"event":{"mods":["AchievementEnabler","BaseMod","Colored Map","Minty Spire (QoL Compilation)","Permanent Neow","Relic Stats","Slay-I","StSLib","SuperFastMode"],"gold_per_floor":[117,136,311,311,322,322,171,183,183,201,228,228,251,264,264,387,387,405,405,425,445,465,465,465,465],"floor_reached":24,"playtime":610,"items_purged":["Doubt"],"score":263,"play_id":"bd5b12ae-26c9-431d-9e7f-f75237b34148","local_time":"20201215200116","is_ascension_mode":true,"campfire_choices":[{"data":"Dualcast","floor":6.0,"key":"SMITH"},{"floor":15.0,"key":"REST"},{"floor":23,"key":"REST"}],"circlet_count":0,"master_deck":["Strike_B","Strike_B","Strike_B","Strike_B","Defend_B","Defend_B","Defend_B","Defend_B","Zap","Dualcast+1","Heatsinks","Ball Lightning","Defragment","Glacier","Coolheaded","FTL+1","Chaos","BootSequence","Biased Cognition","Leap+1","Loop","Conserve Battery"],"relics":["Cracked Core","DataDisk","Molten Egg 2","Gremlin Horn","Golden Idol","Black Star"],"acts_visited":["Exordium","TheCity"],"potions_floor_usage":[16],"damage_taken":[{"damage":9.0,"enemies":"2 Louse","floor":1.0,"turns":2.0},{"damage":0.0,"enemies":"Small Slimes","floor":2.0,"turns":2.0},{"damage":7.0,"enemies":"Jaw Worm","floor":5.0,"turns":3.0},{"damage":18.0,"enemies":"Exordium Wildlife","floor":8.0,"turns":4.0},{"damage":0.0,"enemies":"Looter","floor":10.0,"turns":3.0},{"damage":23.0,"enemies":"Gremlin Nob","floor":11.0,"turns":5.0},{"damage":3.0,"enemies":"Large Slime","floor":13.0,"turns":4.0},{"damage":7.0,"enemies":"Exordium Wildlife","floor":14.0,"turns":3.0},{"damage":21,"enemies":"Slime Boss","floor":16,"turns":11},{"damage":7,"enemies":"Shell Parasite","floor":18,"turns":8},{"damage":11,"enemies":"Chosen","floor":20,"turns":9},{"damage":2,"enemies":"Snake Plant","floor":21,"turns":5},{"damage":29,"enemies":"Snecko","floor":22,"turns":8},{"damage":35,"enemies":"3 Cultists","floor":24,"turns":6}],"seed_played":"6424151947968446473","potions_obtained":[{"floor":1.0,"key":"EssenceOfSteel"},{"floor":2.0,"key":"LiquidMemories"},{"floor":8.0,"key":"LiquidBronze"},{"floor":14.0,"key":"GamblersBrew"},{"floor":18,"key":"Dexterity Potion"}],"is_trial":false,"path_per_floor":["M","M","?","?","M","R","$","M","T","M","E","?","M","M","R","B",null,"M","?","M","M","M","R","M"],"character_chosen":"DEFECT","items_purchased":["Defragment"],"campfire_rested":2,"item_purchase_floors":[7],"current_hp_per_floor":[59,59,59,75,68,68,68,50,50,50,27,27,24,17,37,16,56,49,49,38,36,7,27,0,0],"gold":465,"neow_bonus":"RANDOM_COMMON_RELIC","is_daily":false,"chose_seed":false,"campfire_upgraded":1,"win_rate":0.0,"timestamp":1608030076,"path_taken":["M","M","?","?","M","R","$","M","T","M","E","?","M","?","R","BOSS","M","?","M","M","M","R","M"],"items_purchased_type":["Card"],"build_version":"2020-12-13","purchased_purges":1,"victory":false,"max_hp_per_floor":[75,75,75,75,75,75,75,75,75,75,75,69,69,69,69,69,69,69,69,69,69,69,69,69,69],"relic_stats":{"Gremlin Horn":[6,6],"counters":[14,73],"Golden Idol":49,"Black Star":0,"obtain_stats":[{"DataDisk":0,"Gremlin Horn":11,"Golden Idol":12,"Molten Egg 2":9,"Black Star":17,"Cracked Core":0},{"DataDisk":0,"Gremlin Horn":6,"Golden Idol":6,"Molten Egg 2":4,"Black Star":9,"Cracked Core":0},{"DataDisk":0,"Gremlin Horn":19,"Golden Idol":19,"Molten Egg 2":11,"Black Star":37,"Cracked Core":0}]},"card_choices":[{"not_picked":["Sunder","Leap"],"picked":"Heatsinks","floor":1.0},{"not_picked":["Gash","Reprogram"],"picked":"Ball Lightning","floor":2.0},{"not_picked":["Leap","Sunder","Double Energy"],"picked":"SKIP","floor":5.0},{"not_picked":["Reinforced Body","Turbo"],"picked":"Glacier","floor":8.0},{"not_picked":["Tempest","Leap"],"picked":"Coolheaded","floor":10.0},{"not_picked":["Cold Snap+1","Creative AI"],"picked":"FTL+1","floor":11.0},{"not_picked":["Go for the Eyes+1","Stack"],"picked":"Chaos","floor":13.0},{"not_picked":["Go for the Eyes+1","Hello World"],"picked":"BootSequence","floor":14.0},{"not_picked":["Multi-Cast","Rainbow"],"picked":"Biased Cognition","floor":16},{"not_picked":["Compile Driver+1","Hologram"],"picked":"Leap+1","floor":18},{"not_picked":["Coolheaded","Sweeping Beam+1"],"picked":"Loop","floor":20},{"not_picked":["Compile Driver+1","Stack","Force Field"],"picked":"SKIP","floor":21},{"not_picked":["Fission","Streamline+1"],"picked":"Conserve Battery","floor":22}],"player_experience":231904,"relics_obtained":[{"floor":9.0,"key":"Molten Egg 2"},{"floor":11.0,"key":"Gremlin Horn"}],"event_choices":[{"damage_healed":0.0,"max_hp_gain":0.0,"max_hp_loss":0.0,"gold_gain":175.0,"event_name":"Liars Game","player_choice":"AGREE","floor":3.0,"gold_loss":0.0,"damage_taken":0.0,"cards_obtained":["Doubt"]},{"damage_healed":25.0,"max_hp_gain":0.0,"max_hp_loss":0.0,"gold_gain":0.0,"event_name":"Big Fish","player_choice":"Banana","floor":4.0,"gold_loss":0.0,"damage_taken":0.0},{"damage_healed":0.0,"max_hp_gain":0.0,"max_hp_loss":6.0,"gold_gain":0.0,"event_name":"Golden Idol","player_choice":"Lose Max HP","floor":12.0,"gold_loss":0.0,"damage_taken":0.0,"relics_obtained":["Golden Idol"]},{"damage_healed":0,"gold_gain":0,"player_choice":"Ignored","damage_taken":0,"max_hp_gain":0,"max_hp_loss":0,"event_name":"Cursed Tome","floor":19,"gold_loss":0}],"is_beta":false,"boss_relics":[{"not_picked":["Astrolabe","Runic Pyramid"],"picked":"Black Star"}],"items_purged_floors":[7],"is_endless":false,"potions_floor_spawned":[1,2,8,14,18],"killed_by":"3 Cultists","ascension_level":6}}