{"host":"npubv26u89aif4fa","time":1608016614,"event":{"mods":["BaseMod","Better Vampires","Colored Powertips","GifTheSpireLib","GungeonMod","Hubris","Koishi","Minty Spire (QoL Compilation)","Quick Restart","Remilia£®¿Ÿ√◊¿Ú—«£©","Replay The Spire","StSLib","Td1madao Mod","The Administrix","The Bug Knight","The Cursed","The Gatherer","The Runesmith","Yuri Mod","Yuyuko"],"gold_per_floor":[117,134,134,148,223,252,269,282,335,364,384,414,39,69,69,165,165,181,193,209,209,219,219,250,250,298,308,324,324,338,386,386,486,486,500,325,338,338,349,382,382,382,382,392,417,417,447,48,48,58,58,58,58,97,123],"floor_reached":56,"playtime":4801,"items_purged":["yuri:yuriStrike","yuri:yuriStrike","yuri:yuriStrike"],"score":1311,"play_id":"59e01765-296e-4011-9143-93f7096f5250","local_time":"20201215151654","is_ascension_mode":false,"campfire_choices":[{"floor":15.0,"key":"RECALL"},{"data":"yuri:NerfBat","floor":23.0,"key":"SMITH"},{"data":"yuri:GrowingInsanity","floor":25.0,"key":"SMITH"},{"data":"yuri:BookGreen","floor":29.0,"key":"SMITH"},{"data":"yuri:yuriStab","floor":32.0,"key":"SMITH"},{"floor":41.0,"key":"REST"},{"floor":46.0,"key":"DIG"},{"data":"yuri:NerfBat","floor":49.0,"key":"SMITH"},{"data":"yuri:DragonForm","floor":52,"key":"SMITH"}],"circlet_count":0,"master_deck":["yuri:yuriStrike","yuri:yuriStrike","yuri:yuriDefend","yuri:yuriDefend","yuri:yuriDefend","yuri:yuriDefend","yuri:yuriDefend","yuri:Oolong","yuri:yuriStab+1","yuri:GrowingInsanity+1","yuri:BookGreen+1","yuri:DejaVu","yuri:BookBlue","yuri:HeavierStrike","yuri:Parry","yuri:DragonForm+1","yuri:HoldBack","yuri:NerfBat+1","yuri:BookGreen+1","yuri:NoEscape","yuri:WickedSlash+1","yuri:SturdyUniform","yuri:SturdyUniform","yuri:Virus+1","yuri:BookGreen","yuri:BookBlue+1","yuri:GreenTea","yuri:NerfBat+1","yuri:CalmingAura","yuri:MagneticKnives+1"],"relics":["yuri:yuriKnife","hubris:Icosahedron","Bronze Scales","Replay:Wax Seal","ReplayFunnel","Bag of Preparation","Mango","Meat on the Bone","yuri:BookOfBooks","AntiCross","ReplayTheSpireMod:Lightbulb","SlaversCollar","Frozen Egg 2","Shovel","Replay:Bandana","Anchor","Lee\u0027s Waffle","TungstenRod"],"acts_visited":["Exordium","TheCity","TheBeyond","TheEnding"],"potions_floor_usage":[55,55,55],"damage_taken":[{"damage":3.0,"enemies":"Cultist","floor":1.0,"turns":4.0},{"damage":7.0,"enemies":"Jaw Worm","floor":2.0,"turns":5.0},{"damage":1.0,"enemies":"2 Louse","floor":4.0,"turns":3.0},{"damage":32.0,"enemies":"Gremlin Nob","floor":6.0,"turns":5.0},{"damage":4.0,"enemies":"Lots of Slimes","floor":7.0,"turns":3.0},{"damage":1.0,"enemies":"Exordium Wildlife","floor":8.0,"turns":1.0},{"damage":9.0,"enemies":"3 Sentries","floor":10.0,"turns":4.0},{"damage":2.0,"enemies":"Looter","floor":11.0,"turns":2.0},{"damage":9.0,"enemies":"Gremlin Nob","floor":12.0,"turns":5.0},{"damage":0.0,"enemies":"Lagavulin","floor":14.0,"turns":4.0},{"damage":7.0,"enemies":"The Guardian","floor":16.0,"turns":7.0},{"damage":11.0,"enemies":"Shell Parasite","floor":18.0,"turns":4.0},{"damage":23.0,"enemies":"2 Thieves","floor":19.0,"turns":4.0},{"damage":5.0,"enemies":"Snake Plant","floor":20.0,"turns":4.0},{"damage":19.0,"enemies":"Cultist and Chosen","floor":22.0,"turns":5.0},{"damage":9.0,"enemies":"HollowMod:Nosk","floor":24.0,"turns":5.0},{"damage":17.0,"enemies":"Shelled Parasite and Fungi","floor":27.0,"turns":4.0},{"damage":12.0,"enemies":"Snake Plant","floor":28.0,"turns":3.0},{"damage":13.0,"enemies":"Snecko","floor":30.0,"turns":4.0},{"damage":8.0,"enemies":"Automaton","floor":33.0,"turns":5.0},{"damage":9.0,"enemies":"3 Shapes","floor":35.0,"turns":4.0},{"damage":6.0,"enemies":"3 Darklings","floor":37.0,"turns":3.0},{"damage":3.0,"enemies":"Maw","floor":39.0,"turns":5.0},{"damage":60.0,"enemies":"Nemesis","floor":40.0,"turns":5.0},{"damage":37.0,"enemies":"Writhing Mass","floor":44.0,"turns":4.0},{"damage":18.0,"enemies":"R_Hoarder","floor":45.0,"turns":5.0},{"damage":20.0,"enemies":"Jaw Worm Horde","floor":47.0,"turns":3.0},{"damage":48.0,"enemies":"Time Eater","floor":50.0,"turns":7.0},{"damage":67,"enemies":"Shield and Spear","floor":54,"turns":6},{"damage":51,"enemies":"The Heart","floor":55,"turns":6}],"seed_played":"-2956488899406024160","potions_obtained":[{"floor":1.0,"key":"AttackPotion"},{"floor":2.0,"key":"Fire Potion"},{"floor":7.0,"key":"Venom Potion"},{"floor":10.0,"key":"Toxic Potion"},{"floor":11.0,"key":"SkillPotion"},{"floor":19.0,"key":"LifebloodPotion"},{"floor":22.0,"key":"DemoMod:LeadSkinPotion"},{"floor":30.0,"key":"LifebloodPotion"},{"floor":33.0,"key":"Milkshake"},{"floor":35.0,"key":"AttackPotion"},{"floor":40.0,"key":"Explosive Potion"},{"floor":45.0,"key":"EssenceOfSteel"},{"floor":54,"key":"LiquidBronze"}],"is_trial":false,"path_per_floor":["M","M","?","M","?","E","M","M","T","E","M","E","$","E","R","B",null,"M","M","M","?","M","R","E","R","T","M","M","R","M","T","R","B",null,"M","$","M","?","M","E","R","?","T","M","E","R","M","$","R","B",null,"R","$","E","B",null],"character_chosen":"YURI","items_purchased":["Mango","yuri:BookGreen","Lee\u0027s Waffle","yuri:NerfBat","Adrenaline Potion"],"campfire_rested":1,"item_purchase_floors":[13,36,48,48,48],"current_hp_per_floor":[87,84,84,87,79,51,51,50,50,45,43,38,52,56,56,53,102,95,76,75,75,60,60,55,55,55,54,58,58,61,61,61,57,102,97,97,95,95,96,52,82,82,82,61,53,53,55,109,109,71,109,109,109,64,35],"gold":123,"neow_bonus":"TEN_PERCENT_HP_BONUS","is_daily":false,"chose_seed":false,"campfire_upgraded":6,"win_rate":0.0,"timestamp":1608016614,"path_taken":["M","M","?","M","?","E","?","?","T","E","M","E","$","E","R","BOSS","M","?","?","?","M","R","E","R","T","M","M","R","?","?","R","BOSS","M","$","M","?","M","E","R","?","T","?","E","R","M","$","R","BOSS","R","$","E","BOSS"],"items_purchased_type":["Relic","Card","Relic","Card","Potion"],"build_version":"2020-12-13","purchased_purges":3,"victory":true,"max_hp_per_floor":[88,88,88,88,88,88,88,88,88,88,88,88,102,102,102,102,102,102,102,102,102,102,102,102,102,102,102,102,102,102,102,102,102,102,102,102,102,102,102,102,102,102,102,102,102,102,102,109,109,109,109,109,109,109,109],"card_choices":[{"not_picked":["yuri:yuriHeavyStrike","yuri:CorruptHitbox"],"picked":"yuri:GrowingInsanity","floor":1.0},{"not_picked":["yuri:GreenTea","yuri:ReloadGame"],"picked":"yuri:BookGreen","floor":2.0},{"not_picked":["yuri:Skip","yuri:GrowingInsanity"],"picked":"yuri:DejaVu","floor":4.0},{"not_picked":["yuri:BookBlue","yuri:ThrowBook","yuri:MPose"],"picked":"SKIP","floor":6.0},{"not_picked":["yuri:ThrowBook","yuri:MPose"],"picked":"yuri:BookBlue","floor":6.0},{"not_picked":["yuri:yuriQuickStrike","yuri:GrowingInsanity"],"picked":"yuri:HeavierStrike","floor":7.0},{"not_picked":["yuri:DeepBreathing","yuri:WickedSlash"],"picked":"yuri:Parry","floor":8.0},{"not_picked":["yuri:WickedSlash","yuri:Spin"],"picked":"yuri:DragonForm","floor":10.0},{"not_picked":["yuri:Spin","yuri:ThrowingKnives"],"picked":"yuri:HoldBack","floor":11.0},{"not_picked":["yuri:GrowingInsanity","yuri:ReactiveMadness"],"picked":"yuri:NerfBat","floor":12.0},{"not_picked":["yuri:UntestedCode","yuri:RemoveSafetyChecks","yuri:Spin"],"picked":"SKIP","floor":14.0},{"not_picked":["yuri:BookRed+1","yuri:BookBlue+1","yuri:BookPurple+1"],"picked":"yuri:BookGreen+1","floor":17.0},{"not_picked":["yuri:DebugCard","yuri:ThrowingKnives","yuri:RecklessStrike"],"picked":"SKIP","floor":18.0},{"not_picked":["yuri:ThrowBook","yuri:HeavierStrike"],"picked":"yuri:NoEscape","floor":19.0},{"not_picked":["yuri:BookPurple","yuri:ThrowingKnives","yuri:GlitchedStrike+1"],"picked":"SKIP","floor":20.0},{"not_picked":["yuri:GlitchedStrike","yuri:Stalk+1"],"picked":"yuri:WickedSlash+1","floor":22.0},{"not_picked":["yuri:DebugCard","yuri:RepairCode"],"picked":"yuri:SturdyUniform","floor":24.0},{"not_picked":["yuri:WickedSlash+1","yuri:HeavierStrike","yuri:MPose"],"picked":"SKIP","floor":27.0},{"not_picked":["yuri:RecklessStrike","yuri:ThrowingKnives"],"picked":"yuri:SturdyUniform","floor":28.0},{"not_picked":["yuri:SturdyUniform","yuri:TPose+1","yuri:MPose+1"],"picked":"SKIP","floor":30.0},{"not_picked":["yuri:RemoveSafetyChecks","yuri:MirrorInsanity"],"picked":"yuri:Virus","floor":33.0},{"not_picked":["yuri:HoldBack","yuri:yuriHeavyStrike","yuri:MPose"],"picked":"SKIP","floor":35.0},{"not_picked":["yuri:ThrowBook+1","yuri:Skip"],"picked":"yuri:BookBlue+1","floor":37.0},{"not_picked":["yuri:Skip","yuri:yuriQuickStrike","yuri:Spin"],"picked":"SKIP","floor":39.0},{"not_picked":["yuri:RemoveSafetyChecks+1","yuri:DebugCard+1","yuri:WickedSlash+1"],"picked":"SKIP","floor":40.0},{"not_picked":["yuri:GlitchedStrike+1","yuri:Skip","yuri:ThrowingKnives"],"picked":"SKIP","floor":44.0},{"not_picked":["yuri:AdaptiveAI+1","yuri:MPose+1","yuri:HeavierStrike"],"picked":"SKIP","floor":45.0},{"not_picked":["yuri:TPose","yuri:ThrowingKnives","yuri:Stalk+1"],"picked":"SKIP","floor":47.0},{"not_picked":["yuri:DebugCard+1","yuri:MagneticKnives+1","yuri:Spin"],"picked":"SKIP","floor":54},{"not_picked":["yuri:DebugCard+1","yuri:Spin"],"picked":"yuri:MagneticKnives+1","floor":54}],"player_experience":64921,"relics_obtained":[{"floor":6.0,"key":"Bronze Scales"},{"floor":9.0,"key":"Replay:Wax Seal"},{"floor":10.0,"key":"ReplayFunnel"},{"floor":12.0,"key":"Bag of Preparation"},{"floor":14.0,"key":"Meat on the Bone"},{"floor":24.0,"key":"AntiCross"},{"floor":31.0,"key":"ReplayTheSpireMod:Lightbulb"},{"floor":40.0,"key":"Frozen Egg 2"},{"floor":43.0,"key":"Shovel"},{"floor":45.0,"key":"Replay:Bandana"},{"floor":46.0,"key":"Anchor"},{"floor":54,"key":"TungstenRod"}],"event_choices":[{"damage_healed":0.0,"max_hp_gain":0.0,"max_hp_loss":0.0,"gold_gain":75.0,"event_name":"FaceTrader","player_choice":"Touch","floor":5.0,"gold_loss":0.0,"damage_taken":8.0},{"damage_healed":0.0,"max_hp_gain":0.0,"max_hp_loss":0.0,"gold_gain":0.0,"event_name":"NoteForYourself","player_choice":"Ignored","floor":21.0,"gold_loss":0.0,"damage_taken":0.0},{"damage_healed":0.0,"max_hp_gain":0.0,"max_hp_loss":0.0,"gold_gain":0.0,"event_name":"The Woman in Blue","player_choice":"Bought 0 Potions","floor":42.0,"gold_loss":0.0,"damage_taken":0.0}],"is_beta":false,"boss_relics":[{"not_picked":["Ring of Chaos","hubris:ScarierMask"],"picked":"yuri:BookOfBooks"},{"not_picked":["Snecko Eye","Calling Bell"],"picked":"SlaversCollar"}],"items_purged_floors":[13,36,48],"is_endless":false,"potions_floor_spawned":[1,2,7,10,11,19,22,28,30,33,35,40,45,54],"ascension_level":0}}