{"host":"dl5mjdlimopbuch5","time":1608047884,"event":{"mods":["AchievementEnabler","BaseMod","Colored Powertips","Googly Eyes","Minty Spire (QoL Compilation)","Quick Restart"],"gold_per_floor":[112,112,112,123,298,328,328,343,370,382,407,439,451,479,491,604,616,638,650,662,599,625,637,663,675,687,718,730,755,767,814,826,838,838],"floor_reached":33,"playtime":608,"items_purged":[],"score":336,"play_id":"704709a2-c586-4de1-8140-24d3813461e4","local_time":"20201215155804","is_ascension_mode":true,"campfire_choices":[{"data":"Tantrum","floor":7.0,"key":"SMITH"},{"floor":13.0,"key":"REST"},{"floor":15.0,"key":"REST"},{"floor":23.0,"key":"REST"},{"floor":28.0,"key":"REST"},{"floor":30.0,"key":"REST"},{"floor":32.0,"key":"REST"}],"circlet_count":0,"master_deck":["Strike_P+1","Strike_P","Strike_P+1","Strike_P","Defend_P","Defend_P","Defend_P","Defend_P+1","Eruption","Vigilance","Consecrate+1","Tantrum+1","CrushJoints","EmptyFist","ReachHeaven","Wallop","CarveReality"],"relics":["PureWater","NeowsBlessing","Whetstone","MawBank","PreservedInsect","Sozu","TeardropLocket","Art of War"],"acts_visited":["Exordium","TheCity"],"potions_floor_usage":[],"damage_taken":[{"damage":0.0,"enemies":"Cultist","floor":1.0,"turns":1.0},{"damage":0.0,"enemies":"Jaw Worm","floor":4.0,"turns":1.0},{"damage":0.0,"enemies":"Gremlin Nob","floor":6.0,"turns":1.0},{"damage":0.0,"enemies":"Small Slimes","floor":8.0,"turns":2.0},{"damage":1.0,"enemies":"Looter","floor":11.0,"turns":3.0},{"damage":19.0,"enemies":"Exordium Wildlife","floor":12.0,"turns":4.0},{"damage":7.0,"enemies":"2 Fungi Beasts","floor":14.0,"turns":2.0},{"damage":64.0,"enemies":"Hexaghost","floor":16.0,"turns":5.0},{"damage":0.0,"enemies":"Chosen","floor":18.0,"turns":3.0},{"damage":24.0,"enemies":"Shell Parasite","floor":22.0,"turns":2.0},{"damage":0.0,"enemies":"Snecko","floor":24.0,"turns":2.0},{"damage":17.0,"enemies":"Shelled Parasite and Fungi","floor":27.0,"turns":3.0},{"damage":25.0,"enemies":"Centurion and Healer","floor":29.0,"turns":3.0},{"damage":19.0,"enemies":"Book of Stabbing","floor":31.0,"turns":4.0},{"damage":92,"enemies":"Automaton","floor":33,"turns":6}],"seed_played":"-4585611639990726089","potions_obtained":[{"floor":4.0,"key":"EntropicBrew"},{"floor":8.0,"key":"Dexterity Potion"},{"floor":11.0,"key":"Ancient Potion"},{"floor":16.0,"key":"LiquidMemories"}],"is_trial":false,"path_per_floor":["M","?","?","M","?","E","R","M","T","?","M","M","R","M","R","B",null,"M","?","?","?","M","R","M","?","T","M","R","M","R","E","R","B"],"character_chosen":"WATCHER","items_purchased":[],"campfire_rested":6,"item_purchase_floors":[],"current_hp_per_floor":[72,58,58,58,58,58,58,58,58,58,57,38,59,52,72,8,72,72,72,72,72,48,69,69,56,56,39,62,37,60,41,64,0,0],"gold":838,"neow_bonus":"THREE_ENEMY_KILL","is_daily":false,"chose_seed":false,"campfire_upgraded":1,"win_rate":0.0,"timestamp":1608047884,"path_taken":["M","?","?","M","?","E","R","M","T","?","M","?","R","M","R","BOSS","M","?","?","?","M","R","M","?","T","M","R","?","R","E","R","BOSS"],"items_purchased_type":[],"build_version":"2020-12-13","purchased_purges":0,"victory":false,"max_hp_per_floor":[72,72,72,72,72,72,72,72,72,72,72,72,72,72,72,72,72,72,72,72,72,72,72,72,77,77,77,77,77,77,77,77,77,77],"card_choices":[{"not_picked":["EmptyFist","Adaptation"],"picked":"Consecrate","floor":1.0},{"not_picked":["Halt","Conclude","DeceiveReality"],"picked":"SKIP","floor":4.0},{"not_picked":["Crescendo","BattleHymn"],"picked":"Tantrum","floor":6.0},{"not_picked":["Crescendo","Prostrate"],"picked":"CrushJoints","floor":8.0},{"not_picked":["InnerPeace","EmptyBody"],"picked":"EmptyFist","floor":11.0},{"not_picked":["FollowUp","ClearTheMind"],"picked":"ReachHeaven","floor":12.0},{"not_picked":["EmptyMind","Halt","Fasting2"],"picked":"SKIP","floor":14.0},{"not_picked":["ReachHeaven","Consecrate","EmptyFist"],"picked":"SKIP","floor":18.0},{"not_picked":["Protect","Halt","Worship"],"picked":"SKIP","floor":22.0},{"not_picked":["CrushJoints+1","Perseverance","Protect+1"],"picked":"SKIP","floor":24.0},{"not_picked":["DeceiveReality+1","Wireheading"],"picked":"CarveReality","floor":27.0},{"not_picked":["FlurryOfBlows","WaveOfTheHand","Pray"],"picked":"SKIP","floor":29.0},{"not_picked":["JustLucky","DevaForm","Prostrate"],"picked":"SKIP","floor":31.0}],"player_experience":225310,"relics_obtained":[{"floor":6.0,"key":"Whetstone"},{"floor":9.0,"key":"MawBank"},{"floor":26.0,"key":"TeardropLocket"},{"floor":31.0,"key":"Art of War"}],"event_choices":[{"damage_healed":0.0,"max_hp_gain":0.0,"max_hp_loss":0.0,"gold_gain":0.0,"event_name":"Shining Light","player_choice":"Entered Light","floor":2.0,"gold_loss":0.0,"damage_taken":14.0,"cards_upgraded":["Consecrate","Defend_P"]},{"damage_healed":0.0,"max_hp_gain":0.0,"max_hp_loss":0.0,"gold_gain":0.0,"event_name":"The Cleric","player_choice":"Leave","floor":3.0,"gold_loss":0.0,"damage_taken":0.0},{"damage_healed":0.0,"max_hp_gain":0.0,"max_hp_loss":0.0,"gold_gain":175.0,"event_name":"Liars Game","player_choice":"AGREE","floor":5.0,"gold_loss":0.0,"damage_taken":0.0,"cards_obtained":["Doubt"]},{"damage_healed":0.0,"max_hp_gain":0.0,"max_hp_loss":0.0,"gold_gain":0.0,"event_name":"Dead Adventurer","player_choice":"Searched \u00272\u0027 times","floor":10.0,"gold_loss":0.0,"damage_taken":0.0,"relics_obtained":["PreservedInsect"]},{"damage_healed":0.0,"max_hp_gain":0.0,"max_hp_loss":0.0,"gold_gain":0.0,"event_name":"The Library","player_choice":"Read","floor":19.0,"gold_loss":0.0,"damage_taken":0.0,"cards_obtained":["Wallop"]},{"damage_healed":0.0,"max_hp_gain":0.0,"max_hp_loss":0.0,"gold_gain":0.0,"event_name":"Vampires","player_choice":"Ignored","floor":20.0,"gold_loss":0.0,"damage_taken":0.0},{"cards_removed":["Doubt"],"damage_healed":0.0,"max_hp_gain":0.0,"max_hp_loss":0.0,"gold_gain":0.0,"event_name":"Beggar","player_choice":"Gave Gold","floor":21.0,"gold_loss":75.0,"damage_taken":0.0},{"damage_healed":0.0,"max_hp_gain":5.0,"max_hp_loss":0.0,"gold_gain":0.0,"event_name":"Forgotten Altar","player_choice":"Shed Blood","floor":25.0,"gold_loss":0.0,"damage_taken":18.0}],"is_beta":false,"boss_relics":[{"not_picked":["Pandora\u0027s Box","Ectoplasm"],"picked":"Sozu"}],"items_purged_floors":[],"is_endless":false,"potions_floor_spawned":[4,8,11,16,27,29],"killed_by":"Automaton","ascension_level":3}}