{"host":"mn5ze3eyhx81nlo2","time":1608033341,"event":{"mods":["BaseMod","Block Reminder","Challenge The Spire","Downfall","Hermit","Hubris","Infinite Spire","Minty Spire (QoL Compilation)","Quick Restart","Replay The Spire","Shade Mod","StSLib","The Cursed","The Druid","The Hierophant","The Runesmith","Unceasing Turn Reminder"],"gold_per_floor":[99,126,126,138,172,172,172,172,189,189,209,223,233,333,345,450,450,526,557,557,621,621,631,631,631,631,658,671,671,671,671],"floor_reached":30,"playtime":1068,"items_purged":[],"score":316,"play_id":"95dd78f4-b535-4572-ad08-e37018538e21","local_time":"20201215115541","is_ascension_mode":true,"campfire_choices":[{"floor":1.0,"key":"DIG"},{"data":"champ:Taunt","floor":6.0,"key":"SMITH"},{"data":"champ:FanOfKnives","floor":8.0,"key":"SMITH"},{"data":"champ:GladiatorsShout","floor":10.0,"key":"SMITH"},{"data":"champ:BerserkerStyle","floor":22.0,"key":"SMITH"},{"data":"champ:GladiatorStyle","floor":25,"key":"SMITH"}],"circlet_count":0,"master_deck":["champ:Strike","champ:Strike","champ:Strike","champ:Defend","champ:Defend","champ:Defend","champ:Defend","champ:Execute","champ:Taunt+1","champ:FaceSlap+1","champ:FanOfKnives+1","champ:BerserkersShout","champ:GladiatorsShout+1","champ:CalledShot","champ:Improvising+1","ReplayTheSpireMod:Splinters","champ:BerserkerStyle+1","champ:GladiatorStyle+1","champ:SwordSigil"],"relics":["champ:ChampionCrown","Golden Egg","Garlic","Meat on the Bone","Counterbalance","Champion Belt","infinitespire:Cupcake","Mirror","Blue Doll","Pet Ghost","MutagenicStrength","Bag of Preparation","Nilry\u0027s Codex"],"acts_visited":["Exordium","TheCity"],"potions_floor_usage":[],"damage_taken":[{"damage":47.0,"enemies":"Gremlin Nob","floor":2.0,"turns":5.0},{"damage":8.0,"enemies":"Jaw Worm","floor":4.0,"turns":2.0},{"damage":5.0,"enemies":"Replay:BlueRogue","floor":5.0,"turns":4.0},{"damage":0.0,"enemies":"Cultist","floor":9.0,"turns":3.0},{"damage":5.0,"enemies":"Small Slimes","floor":11.0,"turns":2.0},{"damage":9.0,"enemies":"Blue Slaver","floor":12.0,"turns":3.0},{"damage":19.0,"enemies":"Exordium Wildlife","floor":13.0,"turns":4.0},{"damage":17.0,"enemies":"Exordium Wildlife","floor":14.0,"turns":3.0},{"damage":11.0,"enemies":"2 Fungi Beasts","floor":15.0,"turns":3.0},{"damage":38.0,"enemies":"downfall:Ironclad","floor":16.0,"turns":6.0},{"damage":17.0,"enemies":"Gremlin Leader","floor":19.0,"turns":3.0},{"damage":32,"enemies":"Shell Parasite","floor":23,"turns":4},{"damage":79,"enemies":"Book of Stabbing","floor":27,"turns":6},{"damage":19,"enemies":"Snecko","floor":28,"turns":3},{"damage":24,"enemies":"Centurion and Healer","floor":30,"turns":5}],"seed_played":"3706085598283236157","potions_obtained":[{"floor":2.0,"key":"AttackPotion"},{"floor":12.0,"key":"champ:CounterPotion"},{"floor":13.0,"key":"EssenceOfSteel"},{"floor":16.0,"key":"Swift Potion"},{"floor":21.0,"key":"CultistPotion"}],"is_trial":false,"path_per_floor":["R","E","?","M","E","R","T","R","M","R","M","M","M","?","M","B",null,"R","E","?","?","R","M","T","R","?","E","M","?","M"],"character_chosen":"THE_CHAMP","items_purchased":[],"campfire_rested":0,"item_purchase_floors":[],"current_hp_per_floor":[90,53,53,50,50,50,50,50,50,50,62,53,54,57,54,40,90,90,84,84,84,84,73,73,73,73,33,39,23,0,0],"gold":671,"neow_bonus":"REMOVE_CARD","is_daily":false,"chose_seed":false,"campfire_upgraded":5,"win_rate":0.0,"timestamp":1608033341,"path_taken":["R","E","?","M","E","R","T","R","?","R","M","M","M","?","M","BOSS","R","E","?","?","R","M","T","R","?","E","M","?","M"],"items_purchased_type":[],"build_version":"2020-12-13","purchased_purges":0,"victory":false,"max_hp_per_floor":[90,90,90,90,90,90,90,90,90,90,90,90,90,90,90,90,90,90,90,90,90,90,90,90,90,90,90,90,90,90,90],"card_choices":[{"not_picked":["champ:PerfectedStrike","champ:Haymaker"],"picked":"champ:FaceSlap","floor":2.0},{"not_picked":["champ:HeartStrike","champ:BringItOn"],"picked":"champ:FanOfKnives","floor":4.0},{"not_picked":["champ:FanOfKnives","champ:CrookedStrike"],"picked":"champ:BerserkersShout","floor":5.0},{"not_picked":["champ:Encircle","champ:Haymaker"],"picked":"champ:GladiatorsShout","floor":9.0},{"not_picked":["champ:Backstep","champ:Control"],"picked":"champ:CalledShot","floor":11.0},{"not_picked":["champ:FlashCut","champ:BerserkersShout","champ:Haymaker"],"picked":"SKIP","floor":12.0},{"not_picked":["champ:FanOfKnives","champ:CrookedStrike","champ:Haymaker"],"picked":"SKIP","floor":13.0},{"not_picked":["champ:EnGarde","champ:RecklessLeap","champ:Haymaker"],"picked":"SKIP","floor":15.0},{"not_picked":["champ:HoldFirm","champ:PerfectForm"],"picked":"champ:Improvising","floor":16.0},{"not_picked":["champ:BringItOn","champ:GutPunch","champ:Balance"],"picked":"SKIP","floor":19.0},{"not_picked":["champ:DefensiveShout","champ:BerserkersShout+1"],"picked":"champ:BerserkerStyle","floor":21.0},{"not_picked":["champ:Balance","champ:ArenaPreparation"],"picked":"champ:GladiatorStyle","floor":23},{"not_picked":["champ:StanceDance","champ:RageSigil"],"picked":"champ:SwordSigil","floor":27},{"not_picked":["champ:DeathBlow","champ:SwordSigil","champ:BladeFlurry+1"],"picked":"SKIP","floor":28}],"player_experience":882388,"relics_obtained":[{"floor":1.0,"key":"Golden Egg"},{"floor":2.0,"key":"Garlic"},{"floor":5.0,"key":"Meat on the Bone"},{"floor":7.0,"key":"Counterbalance"},{"floor":14.0,"key":"Champion Belt"},{"floor":19.0,"key":"Mirror"},{"floor":21.0,"key":"Blue Doll"},{"floor":24,"key":"Pet Ghost"},{"floor":27,"key":"Bag of Preparation"},{"floor":29,"key":"Nilry\u0027s Codex"}],"event_choices":[{"damage_healed":0.0,"max_hp_gain":0.0,"max_hp_loss":0.0,"gold_gain":0.0,"event_name":"Upgrade Shrine","player_choice":"Upgraded","floor":3.0,"gold_loss":0.0,"damage_taken":0.0,"cards_upgraded":["champ:FaceSlap"]},{"damage_healed":0.0,"max_hp_gain":0.0,"max_hp_loss":0.0,"gold_gain":0.0,"event_name":"Ghosts","player_choice":"Ignored","floor":20.0,"gold_loss":0.0,"damage_taken":0.0},{"damage_healed":0,"gold_gain":0,"player_choice":"Inject Mutagens","damage_taken":0,"relics_obtained":["MutagenicStrength"],"max_hp_gain":0,"max_hp_loss":0,"event_name":"Drug Dealer","floor":26,"gold_loss":0}],"is_beta":false,"boss_relics":[{"not_picked":["hubris:ScarierMask","Busted Crown"],"picked":"infinitespire:Cupcake"}],"items_purged_floors":[],"is_endless":false,"potions_floor_spawned":[2,12,13,14,15,16],"killed_by":"Centurion and Healer","ascension_level":1}}