{"host":"121m0oxswv9tg9hk","time":1608043190,"event":{"mods":["AchievementEnabler","BaseMod","Better Third Choice","Downfall","Hermit","Hubris","Infinite Spire","MarisaÅiñ∂âJÅ@ñÇóùçπÅj","Minty Spire (QoL Compilation)","Replay The Spire","Shade Mod","StSLib","The Construct","The Cursed","The Gatherer","The Hierophant","The Mystic"],"gold_per_floor":[99,130,145,145,145,156,179,29,63,63,63,73,93,104,121,216,216,216,232,65,65,65,76,103,103,123,123,142,154,208,14,29,132,132,132,150,150,150,175,189,238,238,267,267,455,455,252,269,306,330],"floor_reached":51,"playtime":3972,"items_purged":["Guardian:Strike_Guardian","Guardian:Defend_Guardian","Guardian:Aged"],"score":913,"play_id":"8c309895-881f-4092-97a8-bd9a4cc9eadc","local_time":"20201215153950","is_ascension_mode":true,"campfire_choices":[{"floor":1.0,"key":"DIG"},{"floor":4.0,"key":"RECALL"},{"data":"Guardian:CurlUp","floor":8.0,"key":"SMITH"},{"floor":10.0,"key":"REST"},{"floor":18.0,"key":"DIG"},{"data":"Guardian:MultiBeam","floor":27.0,"key":"SMITH"},{"data":"Guardian:TemporalShield","floor":37.0,"key":"SMITH"},{"data":"Guardian:CrystalBeam","floor":44,"key":"SMITH"}],"circlet_count":0,"master_deck":["Guardian:Strike_Guardian","Guardian:Defend_Guardian","Guardian:CurlUp+1","Guardian:TwinSlam","Guardian:PrimingBeam","Guardian:Preprogram","Guardian:FierceBash","Guardian:SpikerProtocol","Guardian:MultiBeam+1","Guardian:Planning","Guardian:ExploitGems","Guardian:TemporalStrike","Guardian:MultiBeam","Guardian:Emergency+1","Guardian:CrystalBeam+1","Guardian:FloatingOrbs","Guardian:ConstructionForm","Guardian:TemporalShield+1","Guardian:TemporalShield+1","Guardian:TimeCapacitor","Guardian:Repulse","Guardian:Reroute+1","Guardian:Gem_White"],"relics":["Guardian:ModeShifter","Toy Ornithopter","Replay:Baseball","downfall:HeartBlessingRed","downfall:HeartBlessingBlue","Replay:Kaleidoscope","Busted Crown","Guardian:PickAxe","Blood Vial","MealTicket","Pet Ghost","Empty Cage","Singing Bowl","Replay:Bandana","Guardian:StasisEgg"],"acts_visited":["Exordium","TheCity","TheBeyond"],"potions_floor_usage":[50,50],"damage_taken":[{"damage":38.0,"enemies":"3 Sentries","floor":2.0,"turns":12.0},{"damage":0.0,"enemies":"Jaw Worm","floor":3.0,"turns":4.0},{"damage":0.0,"enemies":"Small Slimes","floor":6.0,"turns":4.0},{"damage":27.0,"enemies":"Gremlin Nob","floor":9.0,"turns":4.0},{"damage":0.0,"enemies":"2 Louse","floor":12.0,"turns":2.0},{"damage":11.0,"enemies":"2 Fungi Beasts","floor":13.0,"turns":4.0},{"damage":0.0,"enemies":"Gremlin Gang","floor":14.0,"turns":2.0},{"damage":2.0,"enemies":"Lots of Slimes","floor":15.0,"turns":3.0},{"damage":15.0,"enemies":"downfall:Ironclad","floor":16.0,"turns":8.0},{"damage":13.0,"enemies":"Chosen","floor":19.0,"turns":4.0},{"damage":0.0,"enemies":"downfall:FleeingMerchant","floor":20.0,"turns":4.0},{"damage":18.0,"enemies":"Shell Parasite","floor":23.0,"turns":4.0},{"damage":4.0,"enemies":"Centurion and Healer","floor":26.0,"turns":6.0},{"damage":0.0,"enemies":"3 Cultists","floor":28.0,"turns":3.0},{"damage":11.0,"enemies":"Sentry and Sphere","floor":29.0,"turns":5.0},{"damage":10.0,"enemies":"downfall:FleeingMerchant","floor":31.0,"turns":4.0},{"damage":21.0,"enemies":"Snake Plant","floor":32.0,"turns":4.0},{"damage":26.0,"enemies":"downfall:Defect","floor":33.0,"turns":7.0},{"damage":15.0,"enemies":"Orb Walker","floor":36.0,"turns":3.0},{"damage":13.0,"enemies":"Reptomancer","floor":39.0,"turns":4.0},{"damage":4.0,"enemies":"3 Shapes","floor":40.0,"turns":3.0},{"damage":0.0,"enemies":"Maw","floor":43.0,"turns":8.0},{"damage":1,"enemies":"downfall:FleeingMerchant","floor":45,"turns":4},{"damage":28,"enemies":"Jaw Worm Horde","floor":48,"turns":5},{"damage":7,"enemies":"Transient","floor":49,"turns":5},{"damage":44,"enemies":"downfall:Silent","floor":50,"turns":11}],"seed_played":"-5923960284325805361","potions_obtained":[{"floor":2.0,"key":"Guardian:DefensiveModePotion"},{"floor":9.0,"key":"SpeedPotion"},{"floor":13.0,"key":"Swift Potion"},{"floor":16.0,"key":"Strength Potion"},{"floor":28.0,"key":"FearPotion"},{"floor":29.0,"key":"Strength Potion"},{"floor":36.0,"key":"Fire Potion"},{"floor":43.0,"key":"infinitespire:BlackPotion"}],"is_trial":false,"path_per_floor":["R","E","M","R","?","M","T","R","E","R","?","M","M","M","M","B",null,"R","M","$","?","?","M","T","R","M","R","M","M","T","$","M","B",null,"R","M","R","?","E","M","T","?","M","R","$","?","$","M","M","B",null],"character_chosen":"GUARDIAN","items_purchased":["Blood Vial","Guardian:Gem_Lightblue","Guardian:CrystalBeam","Guardian:TimeCapacitor","Guardian:Repulse"],"campfire_rested":1,"item_purchase_floors":[20,31,31,45,47],"current_hp_per_floor":[72,34,34,34,58,58,58,68,41,68,68,68,57,57,55,45,79,79,66,71,71,90,72,72,72,70,70,72,63,63,70,51,32,76,76,63,63,63,52,52,52,52,56,56,74,74,89,63,58,26],"gold":330,"neow_bonus":"REMOVE_CARD","is_daily":false,"chose_seed":false,"campfire_upgraded":4,"win_rate":0.0,"timestamp":1608043190,"path_taken":["R","E","M","R","?","M","T","R","E","R","?","M","M","M","M","BOSS","R","M","$","?","?","M","T","R","?","R","M","?","?","$","M","BOSS","R","M","R","?","E","M","T","?","?","R","$","?","?","?","M","BOSS"],"items_purchased_type":["Relic","Card","Card","Card","Card"],"build_version":"2020-12-13","purchased_purges":3,"victory":true,"max_hp_per_floor":[80,80,80,80,80,80,80,90,90,90,90,90,90,90,90,90,90,90,90,90,90,90,90,90,90,90,90,90,90,90,90,90,90,90,90,90,90,90,90,92,92,92,94,94,96,96,96,96,96,96],"card_choices":[{"not_picked":["Guardian:ShieldCharger","Guardian:Gem_Green"],"picked":"Guardian:Gem_Cyan","floor":2.0},{"not_picked":["Guardian:TemporalStrike","Guardian:CrystalBeam"],"picked":"Guardian:PrimingBeam","floor":3.0},{"not_picked":["Guardian:Gem_Fragmented","Guardian:Emergency"],"picked":"Guardian:Preprogram","floor":6.0},{"not_picked":["Guardian:PrismaticBeam","Guardian:SpikerProtocol"],"picked":"Guardian:FierceBash","floor":9.0},{"not_picked":["Guardian:ChargeCore","Guardian:Gem_Fragmented"],"picked":"Guardian:SpikerProtocol","floor":12.0},{"not_picked":["Guardian:EvasiveProtocol","Guardian:PiercingHide"],"picked":"Guardian:MultiBeam","floor":13.0},{"not_picked":["Guardian:Gem_Lightblue","Guardian:Gem_Blue"],"picked":"Guardian:Gem_Cyan","floor":14.0},{"not_picked":["Guardian:MultiBeam","Guardian:FloatingOrbs"],"picked":"Guardian:Planning","floor":15.0},{"not_picked":["Guardian:HyperBeam_Guardian","Guardian:TimeSifter"],"picked":"Guardian:ExploitGems","floor":16.0},{"not_picked":["Guardian:Planning"],"picked":"SKIP","floor":19.0},{"not_picked":[],"picked":"Guardian:TemporalStrike","floor":20.0},{"not_picked":[],"picked":"Guardian:MultiBeam","floor":23.0},{"not_picked":["Guardian:Gem_Fragmented"],"picked":"SKIP","floor":26.0},{"not_picked":[],"picked":"Guardian:Gem_Red","floor":28.0},{"not_picked":[],"picked":"Guardian:Emergency+1","floor":29.0},{"not_picked":["Guardian:Planning"],"picked":"SKIP","floor":31.0},{"not_picked":[],"picked":"Guardian:FloatingOrbs","floor":32.0},{"not_picked":[],"picked":"Guardian:ConstructionForm","floor":33.0},{"not_picked":[],"picked":"Guardian:TemporalShield","floor":36.0},{"not_picked":[],"picked":"Guardian:TemporalShield+1","floor":39.0},{"not_picked":["Guardian:Gem_Lightblue"],"picked":"Singing Bowl","floor":40.0},{"not_picked":["Guardian:RefractedBeam"],"picked":"Singing Bowl","floor":43.0},{"not_picked":["Guardian:Gem_Cyan"],"picked":"Singing Bowl","floor":45},{"not_picked":[],"picked":"Guardian:Reroute+1","floor":48},{"not_picked":[],"picked":"Guardian:Gem_White","floor":49}],"player_experience":2843662,"relics_obtained":[{"floor":1.0,"key":"Toy Ornithopter"},{"floor":2.0,"key":"Replay:Baseball"},{"floor":9.0,"key":"Replay:Kaleidoscope"},{"floor":18.0,"key":"Guardian:PickAxe"},{"floor":24.0,"key":"MealTicket"},{"floor":30.0,"key":"Pet Ghost"},{"floor":39.0,"key":"Singing Bowl"},{"floor":41.0,"key":"Replay:Bandana"}],"event_choices":[{"damage_healed":30.0,"max_hp_gain":0.0,"max_hp_loss":0.0,"gold_gain":0.0,"event_name":"The Library","player_choice":"Heal","floor":22.0,"gold_loss":0.0,"damage_taken":0.0},{"damage_healed":0.0,"max_hp_gain":0.0,"max_hp_loss":0.0,"gold_gain":0.0,"event_name":"Mysterious Sphere","player_choice":"Ignored","floor":42.0,"gold_loss":0.0,"damage_taken":0.0}],"is_beta":false,"boss_relics":[{"not_picked":["Tiny House","Honey Jar"],"picked":"Busted Crown"},{"not_picked":["Kintsugi","hubris:VirtuousBlindfold"],"picked":"Empty Cage"}],"items_purged_floors":[31,45,47],"is_endless":false,"potions_floor_spawned":[2,9,13,16,28,29,32,36,40,43],"ascension_level":6}}