{"host":"zxkjcgzis4pm3za5","time":1608050481,"event":{"mods":["AchievementEnabler","BaseMod","Colored Map","Colored Powertips","Minty Spire (QoL Compilation)","Quick Restart","RNG Fix","Random Character Button","StSLib"],"gold_per_floor":[119,119,131,148,148,148,176,176,176,208,208,222,250,264,264,366,366,386,346,16,28,48,81,81,96,96,125,125,140,240,256,256,357,357,377,377,41,57,70,100,100,117,117,146,146,166,183,217,217,217,217,217,20,20,20],"floor_reached":54,"playtime":2670,"items_purged":["Pain"],"score":1260,"play_id":"34427fec-334d-4c9c-995d-26143315d52a","local_time":"20201215221121","is_ascension_mode":true,"campfire_choices":[{"data":"Eruption","floor":6.0,"key":"SMITH"},{"floor":11.0,"key":"REST"},{"data":"Wish","floor":15.0,"key":"SMITH"},{"floor":28.0,"key":"REST"},{"data":"Ragnarok","floor":32.0,"key":"SMITH"},{"floor":41.0,"key":"REST"},{"floor":45.0,"key":"RECALL"},{"data":"TalkToTheHand","floor":49.0,"key":"SMITH"},{"data":"ConjureBlade","floor":52.0,"key":"SMITH"}],"circlet_count":0,"master_deck":["Strike_P+1","Strike_P","Strike_P","Strike_P","Defend_P+1","Defend_P","Defend_P","Defend_P","Eruption+1","Vigilance+1","Consecrate+1","Crescendo+1","CutThroughFate","ReachHeaven","InnerPeace","Wish+1","Halt","JustLucky+1","Scrawl+1","Evaluate+1","Weave","WaveOfTheHand+1","Sanctity","Ragnarok+1","Wireheading+1","Protect+1","ConjureBlade+1","Tantrum","TalkToTheHand+1","Nirvana","EmptyBody+1","EmptyFist+1","LessonLearned","FollowUp+1","Swivel+1"],"relics":["SlaversCollar","GoldenEye","Akabeko","Nunchaku","Pen Nib","Unceasing Top","Philosopher\u0027s Stone","TungstenRod","War Paint","Regal Pillow","SacredBark","WarpedTongs","Medical Kit","Vajra","Pear","Lizard Tail","Calipers","OrangePellets"],"acts_visited":["Exordium","TheCity","TheBeyond","TheEnding"],"potions_floor_usage":[54],"damage_taken":[{"damage":0.0,"enemies":"Cultist","floor":1.0,"turns":4.0},{"damage":0.0,"enemies":"2 Louse","floor":3.0,"turns":3.0},{"damage":0.0,"enemies":"Jaw Worm","floor":4.0,"turns":3.0},{"damage":16.0,"enemies":"Gremlin Nob","floor":7.0,"turns":3.0},{"damage":0.0,"enemies":"3 Sentries","floor":10.0,"turns":1.0},{"damage":0.0,"enemies":"Large Slime","floor":12.0,"turns":2.0},{"damage":0.0,"enemies":"Lagavulin","floor":13.0,"turns":3.0},{"damage":6.0,"enemies":"3 Louse","floor":14.0,"turns":2.0},{"damage":22.0,"enemies":"Hexaghost","floor":16.0,"turns":5.0},{"damage":0.0,"enemies":"3 Byrds","floor":18.0,"turns":1.0},{"damage":4.0,"enemies":"Shell Parasite","floor":21.0,"turns":3.0},{"damage":0.0,"enemies":"Centurion and Healer","floor":22.0,"turns":2.0},{"damage":6.0,"enemies":"Gremlin Leader","floor":23.0,"turns":4.0},{"damage":2.0,"enemies":"3 Cultists","floor":25.0,"turns":3.0},{"damage":14.0,"enemies":"Book of Stabbing","floor":27.0,"turns":4.0},{"damage":18.0,"enemies":"Snecko","floor":29.0,"turns":3.0},{"damage":2.0,"enemies":"Centurion and Healer","floor":31.0,"turns":4.0},{"damage":1.0,"enemies":"Champ","floor":33.0,"turns":6.0},{"damage":7.0,"enemies":"Orb Walker","floor":35.0,"turns":5.0},{"damage":13.0,"enemies":"3 Shapes","floor":38.0,"turns":3.0},{"damage":1.0,"enemies":"Jaw Worm Horde","floor":39.0,"turns":3.0},{"damage":7.0,"enemies":"Nemesis","floor":40.0,"turns":5.0},{"damage":0.0,"enemies":"Transient","floor":42.0,"turns":5.0},{"damage":7.0,"enemies":"Reptomancer","floor":44.0,"turns":5.0},{"damage":1.0,"enemies":"Maw","floor":46.0,"turns":6.0},{"damage":6.0,"enemies":"4 Shapes","floor":47.0,"turns":3.0},{"damage":0.0,"enemies":"Giant Head","floor":48.0,"turns":5.0},{"damage":44.0,"enemies":"Awakened One","floor":50.0,"turns":8.0},{"damage":140,"enemies":"Shield and Spear","floor":54,"turns":5}],"seed_played":"-3632825862422170529","potions_obtained":[{"floor":3.0,"key":"SteroidPotion"},{"floor":10.0,"key":"BlessingOfTheForge"},{"floor":13.0,"key":"EssenceOfSteel"},{"floor":16.0,"key":"AttackPotion"},{"floor":18.0,"key":"GamblersBrew"},{"floor":25.0,"key":"Explosive Potion"},{"floor":27.0,"key":"SpeedPotion"},{"floor":31.0,"key":"PowerPotion"},{"floor":42.0,"key":"SteroidPotion"},{"floor":46.0,"key":"LiquidBronze"}],"is_trial":false,"path_per_floor":["M","?","M","M","?","R","E","?","T","E","R","M","E","M","R","B",null,"M","?","$","M","M","E","?","M","T","E","R","M","?","M","R","B",null,"M","?","$","M","M","E","R","M","T","E","R","M","M","E","R","B",null,"R","$","E"],"character_chosen":"WATCHER","items_purchased":["TungstenRod","Weave","TalkToTheHand","Nirvana","Medical Kit","OrangePellets","Swift Potion"],"campfire_rested":3,"item_purchase_floors":[20,20,37,37,37,53,53],"current_hp_per_floor":[65,53,53,53,46,46,30,16,16,16,37,37,37,31,31,9,56,56,56,56,52,52,46,34,32,32,18,56,38,38,36,36,35,67,60,60,60,47,46,39,77,77,87,80,80,79,73,73,73,29,73,73,73,0,0],"gold":20,"neow_bonus":"BOSS_RELIC","is_daily":false,"chose_seed":false,"campfire_upgraded":5,"win_rate":0.0,"timestamp":1608050481,"path_taken":["M","?","M","M","?","R","E","?","T","E","R","M","E","?","R","BOSS","M","?","$","M","M","E","?","?","T","E","R","?","?","M","R","BOSS","M","?","$","M","?","E","R","M","T","E","R","M","M","E","R","BOSS","R","$","E"],"items_purchased_type":["Relic","Card","Card","Card","Relic","Relic","Potion"],"build_version":"2020-12-13","purchased_purges":1,"victory":false,"max_hp_per_floor":[72,72,72,72,72,72,72,72,72,72,72,72,72,72,72,72,72,72,72,72,72,72,72,77,77,77,77,77,77,77,77,77,77,77,77,77,77,77,77,77,77,77,87,87,87,87,87,87,87,87,87,87,87,87,87],"card_choices":[{"not_picked":["Evaluate","EmptyBody"],"picked":"Consecrate","floor":1.0},{"not_picked":["Vengeance","Swivel"],"picked":"Crescendo","floor":3.0},{"not_picked":["Vengeance","BowlingBash"],"picked":"CutThroughFate","floor":4.0},{"not_picked":["SashWhip","CrushJoints"],"picked":"ReachHeaven","floor":7.0},{"not_picked":["Halt","SignatureMove"],"picked":"InnerPeace","floor":10.0},{"not_picked":["Weave","SandsOfTime"],"picked":"Wish","floor":12.0},{"not_picked":["Vengeance","BowlingBash"],"picked":"Halt","floor":13.0},{"not_picked":["SashWhip","Crescendo"],"picked":"JustLucky","floor":14.0},{"not_picked":["Alpha","Vault"],"picked":"Scrawl","floor":16.0},{"not_picked":["CrushJoints","FlurryOfBlows"],"picked":"Evaluate+1","floor":18.0},{"not_picked":["Protect","Consecrate+1","FlurryOfBlows"],"picked":"SKIP","floor":21.0},{"not_picked":["Consecrate+1","DeceiveReality"],"picked":"WaveOfTheHand+1","floor":22.0},{"not_picked":["Nirvana","BowlingBash"],"picked":"Sanctity","floor":23.0},{"not_picked":["FlyingSleeves","Evaluate"],"picked":"Ragnarok","floor":25.0},{"not_picked":["EmptyFist","FlyingSleeves"],"picked":"Wireheading+1","floor":27.0},{"not_picked":["FollowUp","SpiritShield"],"picked":"Protect+1","floor":29.0},{"not_picked":["PathToVictory","Evaluate+1","WreathOfFlame"],"picked":"SKIP","floor":31.0},{"not_picked":["LessonLearned","Establishment"],"picked":"ConjureBlade","floor":33.0},{"not_picked":["Consecrate+1","JustLucky+1"],"picked":"Tantrum","floor":35.0},{"not_picked":["Evaluate+1","CrushJoints"],"picked":"EmptyBody+1","floor":38.0},{"not_picked":["InnerPeace","EmptyBody"],"picked":"EmptyFist+1","floor":39.0},{"not_picked":["BowlingBash","CrushJoints"],"picked":"LessonLearned","floor":40.0},{"not_picked":["Protect","Pray","EmptyBody"],"picked":"SKIP","floor":42.0},{"not_picked":["SignatureMove+1","JustLucky+1","Collect"],"picked":"SKIP","floor":44.0},{"not_picked":["CarveReality+1","CrushJoints"],"picked":"FollowUp+1","floor":46.0},{"not_picked":["SignatureMove","ClearTheMind"],"picked":"Swivel+1","floor":47.0},{"not_picked":["EmptyFist+1","Halt","JustLucky+1"],"picked":"SKIP","floor":48.0}],"player_experience":117716,"relics_obtained":[{"floor":7.0,"key":"Akabeko"},{"floor":9.0,"key":"Nunchaku"},{"floor":10.0,"key":"Pen Nib"},{"floor":13.0,"key":"Unceasing Top"},{"floor":23.0,"key":"War Paint"},{"floor":27.0,"key":"Regal Pillow"},{"floor":40.0,"key":"Vajra"},{"floor":43.0,"key":"Pear"},{"floor":44.0,"key":"Lizard Tail"},{"floor":48.0,"key":"Calipers"}],"event_choices":[{"damage_healed":0.0,"max_hp_gain":0.0,"max_hp_loss":0.0,"gold_gain":0.0,"event_name":"Scrap Ooze","player_choice":"Success","floor":2.0,"gold_loss":0.0,"damage_taken":12.0,"relics_obtained":["GoldenEye"]},{"damage_healed":0.0,"max_hp_gain":0.0,"max_hp_loss":0.0,"gold_gain":0.0,"event_name":"Wheel of Change","player_choice":"Damaged","floor":5.0,"gold_loss":0.0,"damage_taken":7.0},{"damage_healed":0.0,"max_hp_gain":0.0,"max_hp_loss":0.0,"gold_gain":0.0,"event_name":"Shining Light","player_choice":"Entered Light","floor":8.0,"gold_loss":0.0,"damage_taken":14.0,"cards_upgraded":["Strike_P","Defend_P"]},{"damage_healed":0.0,"max_hp_gain":0.0,"max_hp_loss":0.0,"gold_gain":0.0,"event_name":"Designer","player_choice":"Upgrade","floor":19.0,"gold_loss":40.0,"damage_taken":0.0,"cards_upgraded":["Scrawl"]},{"damage_healed":0.0,"max_hp_gain":5.0,"max_hp_loss":0.0,"gold_gain":0.0,"event_name":"Forgotten Altar","player_choice":"Shed Blood","floor":24.0,"gold_loss":0.0,"damage_taken":18.0},{"damage_healed":0.0,"max_hp_gain":0.0,"max_hp_loss":0.0,"gold_gain":100.0,"event_name":"Golden Shrine","player_choice":"Pray","floor":30.0,"gold_loss":0.0,"damage_taken":0.0},{"damage_healed":0.0,"max_hp_gain":0.0,"max_hp_loss":0.0,"gold_gain":0.0,"event_name":"Accursed Blacksmith","player_choice":"Rummage","floor":36.0,"gold_loss":0.0,"damage_taken":0.0,"relics_obtained":["WarpedTongs"],"cards_obtained":["Pain"]}],"is_beta":false,"boss_relics":[{"not_picked":["Ectoplasm","VioletLotus"],"picked":"Philosopher\u0027s Stone"},{"not_picked":["Tiny House","Snecko Eye"],"picked":"SacredBark"}],"items_purged_floors":[37],"is_endless":false,"potions_floor_spawned":[3,10,13,16,18,25,27,31,38,42,46],"killed_by":"Shield and Spear","ascension_level":8}}