{"host":"m9i7qe3hvz6jihjh","time":1608037036,"event":{"mods":["BaseMod","Colored Powertips","Infinite Spire","Minty Spire (QoL Compilation)","Quick Restart","StSLib","The Animator","Waifu the Spire"],"gold_per_floor":[111,111,111,125,53,53,53,53,79,79,92,113,148,172,172,297,297,321,321,321,321],"floor_reached":20,"playtime":765,"items_purged":[],"score":172,"play_id":"64031ef8-8b61-4e13-8e61-f452dc0c7bef","local_time":"20201215135716","is_ascension_mode":false,"campfire_choices":[{"floor":6,"key":"REST"},{"floor":15,"key":"REST"}],"circlet_count":0,"master_deck":["Strike_P","Strike_P+1","Strike_P","Strike_P","Defend_P","Defend_P+1","Defend_P","Defend_P","Eruption","Vigilance","Indignation","ReachHeaven","DeceiveReality","Nirvana","Consecrate","Worship","DeusExMachina","Brilliance","Halt+1"],"relics":["HolyWater","NeowsBlessing","White Beast Statue","Golden Idol","PreservedInsect","Shuriken","Question Card","NlothsMask"],"acts_visited":["Exordium","TheCity"],"potions_floor_usage":[13,13,13,14,16,18],"damage_taken":[{"damage":0,"enemies":"2 Louse","floor":1,"turns":1},{"damage":0,"enemies":"Small Slimes","floor":4,"turns":2},{"damage":0,"enemies":"Cultist","floor":11,"turns":1},{"damage":0,"enemies":"Large Slime","floor":12,"turns":3},{"damage":15,"enemies":"Lagavulin","floor":13,"turns":3},{"damage":0,"enemies":"Lots of Slimes","floor":14,"turns":2},{"damage":56,"enemies":"The Guardian","floor":16,"turns":10},{"damage":24,"enemies":"Shell Parasite","floor":18,"turns":3},{"damage":56,"enemies":"Chosen","floor":20,"turns":5}],"seed_played":"-6229555046858588709","potions_obtained":[{"floor":4,"key":"BottledMiracle"},{"floor":11,"key":"SkillPotion"},{"floor":12,"key":"FearPotion"},{"floor":13,"key":"LiquidMemories"},{"floor":14,"key":"SkillPotion"},{"floor":16,"key":"Fire Potion"},{"floor":18,"key":"Strength Potion"}],"is_trial":false,"path_per_floor":["M","?","?","M","$","R","?","?","T","?","M","M","E","M","R","B",null,"M","?","M"],"character_chosen":"WATCHER","items_purchased":["DeceiveReality"],"campfire_rested":2,"item_purchase_floors":[5],"current_hp_per_floor":[72,58,46,46,46,67,49,54,54,54,54,54,39,39,62,6,77,53,53,0,0],"gold":321,"neow_bonus":"THREE_ENEMY_KILL","is_daily":false,"chose_seed":false,"campfire_upgraded":0,"win_rate":0.0,"timestamp":1608037036,"path_taken":["M","?","?","M","$","R","?","?","T","?","?","M","E","M","R","BOSS","M","?","M"],"items_purchased_type":["Card"],"build_version":"2020-11-30","purchased_purges":0,"victory":false,"max_hp_per_floor":[72,72,72,72,72,72,72,77,77,77,77,77,77,77,77,77,77,77,77,77,77],"card_choices":[{"not_picked":["EmptyFist","FlurryOfBlows"],"picked":"Indignation","floor":1},{"not_picked":["Consecrate","Evaluate"],"picked":"ReachHeaven","floor":4},{"not_picked":["FlyingSleeves","FearNoEvil"],"picked":"Nirvana","floor":11},{"not_picked":["PathToVictory","Wallop"],"picked":"Consecrate","floor":12},{"not_picked":["Halt","Conclude"],"picked":"Worship","floor":13},{"not_picked":["Meditate","SashWhip","FlurryOfBlows"],"picked":"DeusExMachina","floor":14},{"not_picked":["Establishment","Ragnarok","Judgement"],"picked":"Brilliance","floor":16},{"not_picked":["BowlingBash","Nirvana","PathToVictory"],"picked":"Halt+1","floor":18}],"player_experience":855531,"relics_obtained":[{"floor":9,"key":"PreservedInsect"},{"floor":10,"key":"Shuriken"},{"floor":13,"key":"Question Card"}],"event_choices":[{"damage_healed":0,"gold_gain":0,"player_choice":"Entered Light","damage_taken":14,"max_hp_gain":0,"max_hp_loss":0,"event_name":"Shining Light","floor":2,"gold_loss":0,"cards_upgraded":["Strike_P","Defend_P"]},{"damage_healed":0,"gold_gain":0,"player_choice":"Success","damage_taken":12,"relics_obtained":["White Beast Statue"],"max_hp_gain":0,"max_hp_loss":0,"event_name":"Scrap Ooze","floor":3,"gold_loss":0},{"damage_healed":0,"gold_gain":0,"player_choice":"Take Damage","damage_taken":18,"relics_obtained":["Golden Idol"],"max_hp_gain":0,"max_hp_loss":0,"event_name":"Golden Idol","floor":7,"gold_loss":0},{"damage_healed":0,"gold_gain":0,"player_choice":"Donut","damage_taken":0,"max_hp_gain":5,"max_hp_loss":0,"event_name":"Big Fish","floor":8,"gold_loss":0},{"damage_healed":0,"gold_gain":0,"player_choice":"Relic","damage_taken":0,"max_hp_gain":0,"max_hp_loss":0,"event_name":"Wheel of Change","floor":10,"gold_loss":0},{"damage_healed":0,"gold_gain":0,"player_choice":"Trade","damage_taken":0,"relics_obtained":["NlothsMask"],"max_hp_gain":0,"max_hp_loss":0,"event_name":"FaceTrader","floor":19,"gold_loss":0}],"is_beta":false,"boss_relics":[{"not_picked":["Calling Bell","Pandora\u0027s Box"],"picked":"HolyWater"}],"items_purged_floors":[],"is_endless":false,"potions_floor_spawned":[4,11,12,13,14,16,18],"killed_by":"Chosen","ascension_level":0}}