{"host":"dusk7mhlix1mqn14","time":1608040918,"event":{"mods":["BaseMod","Colored Powertips","Downfall","Hero for Fun","Highlight Path","Kratos Character Expansion","Marisa（F雨　魔理沙）","Minty Spire (QoL Compilation)","Prisma Mod","Remilia（蕾米莉亚）","Replay The Spire","Ryuuou龙王","SIMod","Shop Mod","StSLib","The Alterego","The Bug Knight","The Death Knight","The Forsaken","The Servant 0.9.4","TheWitcher","【东方二次创作】八云紫mod"],"gold_per_floor":[99,99,128,128,128,128,128,151,76,119,138,138,138,138,157,262,262],"floor_reached":16,"playtime":1056,"items_purged":[],"score":181,"play_id":"34d85271-eb19-458d-8faa-39914e1c2a2c","local_time":"20201215220158","is_ascension_mode":false,"campfire_choices":[{"data":"hexamod:Firestarter","floor":9,"key":"SMITH"}],"circlet_count":0,"master_deck":["hexamod:Strike","hexamod:Strike","hexamod:Strike","hexamod:Defend","hexamod:Defend","hexamod:Defend","hexamod:Defend","hexamod:Float","hexamod:ExtraCrispy","hexamod:Firestarter+1","hexamod:StepThrough","hexamod:AdvancingGuard","hexamod:SecondSeal","hexamod:BurningTouch","hexamod:SwordOfDarkness","hexamod:FastForward","hexamod:NightmareGuise"],"relics":["hexamod:SpiritBrand","downfall:HeartsMalice","Replay:Mystery Machine","downfall:HeartBlessingBlue","Tiny Chest","downfall:BrokenWingStatue","Pyrelight","theForsaken:Gavel"],"acts_visited":["Exordium"],"potions_floor_usage":[],"damage_taken":[{"damage":0.0,"enemies":"Small Slimes","floor":2.0,"turns":1.0},{"damage":0.0,"enemies":"3 Sentries","floor":3.0,"turns":1.0},{"damage":0.0,"enemies":"Cultist","floor":4.0,"turns":1.0},{"damage":1,"enemies":"Jaw Worm","floor":8,"turns":4},{"damage":4,"enemies":"Lagavulin","floor":10,"turns":7},{"damage":4,"enemies":"2 Fungi Beasts","floor":11,"turns":4},{"damage":6,"enemies":"3 Louse","floor":15,"turns":4},{"damage":33,"enemies":"downfall:Ironclad","floor":16,"turns":9}],"seed_played":"2722905277241645854","potions_obtained":[{"floor":6,"key":"AttackPotion"},{"floor":6,"key":"Slimebound:ThreeZeroPotion"},{"floor":6,"key":"Doom Potion"}],"is_trial":false,"path_per_floor":["R","M","E","M","?","?","T","M","R","E","M","?","?","T","M","B"],"character_chosen":"THE_SPIRIT","items_purchased":[],"campfire_rested":0,"item_purchase_floors":[],"current_hp_per_floor":[70,70,70,70,70,70,70,69,79,75,71,71,71,71,65,32,32],"gold":262,"neow_bonus":"THREE_ENEMY_KILL","is_daily":false,"chose_seed":false,"campfire_upgraded":1,"win_rate":0.0,"timestamp":1608040918,"path_taken":["R","M","E","M","?","?","T","M","R","E","?","?","?","?","M","BOSS"],"items_purchased_type":[],"build_version":"2020-12-13","purchased_purges":0,"victory":false,"max_hp_per_floor":[70,70,70,70,70,70,70,70,80,80,80,80,80,80,80,80,80],"card_choices":[{"not_picked":["hexamod:Again","hexamod:GhostShield"],"picked":"hexamod:Firestarter","floor":2.0},{"not_picked":["hexamod:GhostflameBarrier","hexamod:RetreatToShadows"],"picked":"hexamod:StepThrough","floor":3.0},{"not_picked":["hexamod:ThermalTransfer","hexamod:GhostLash"],"picked":"hexamod:AdvancingGuard","floor":4.0},{"not_picked":["hexamod:BacktrackSmack","hexamod:ChargedBarrage"],"picked":"hexamod:BurningTouch","floor":8},{"not_picked":["hexamod:GhostShield","hexamod:GhostLash"],"picked":"hexamod:SwordOfDarkness","floor":10},{"not_picked":["hexamod:RainOfEmbers","hexamod:SpectralAdrenaline"],"picked":"hexamod:FastForward","floor":11},{"not_picked":["hexamod:ExtraCrispy","hexamod:AdvancingGuard"],"picked":"hexamod:NightmareGuise","floor":15}],"player_experience":246445,"relics_obtained":[{"floor":3.0,"key":"Replay:Mystery Machine"},{"floor":10,"key":"Tiny Chest"},{"floor":14,"key":"theForsaken:Gavel"}],"event_choices":[{"damage_healed":0,"gold_gain":0,"player_choice":"Got Potions","damage_taken":0,"max_hp_gain":0,"max_hp_loss":0,"event_name":"Lab","floor":6,"gold_loss":0}],"is_beta":false,"boss_relics":[],"items_purged_floors":[],"is_endless":false,"potions_floor_spawned":[8,11,15,16],"killed_by":"downfall:Ironclad","ascension_level":0}}