{"host":"7nivcca86uhzq8pw","time":1608001497,"event":{"mods":["BaseMod","Better Altar","Better Skull","Downfall","Hermit","Minty Spire (QoL Compilation)","RRrroohrrRGHHhhh!!","StSLib"],"gold_per_floor":[10,10,0,0,12,43,62,89,89,89,104,104,104,164,164,337,337,341,352,382,382,396,396,497,497,520,539,550,604,604,654,654,756,756,767,767,476,476,698,698,754,754,754,754,773,825,876,888,888,888],"floor_reached":51,"playtime":3654,"items_purged":[],"score":944,"play_id":"6a6ef7cc-04cc-483a-8266-e51aab6f00de","local_time":"20201215000457","is_ascension_mode":true,"campfire_choices":[{"data":"hermit:Maintenance","floor":10,"key":"SMITH"},{"data":"hermit:Showdown","floor":13,"key":"SMITH"},{"data":"hermit:FlashPowder","floor":15,"key":"SMITH"},{"floor":23,"key":"REST"},{"data":"hermit:Snapshot","floor":30,"key":"SMITH"},{"floor":32,"key":"REST"},{"data":"expansioncontent:Chronoboost","floor":40,"key":"SMITH"},{"data":"hermit:HighNoon","floor":42,"key":"SMITH"},{"data":"hermit:Showdown","floor":44,"key":"SMITH"},{"floor":49,"key":"DIG"}],"circlet_count":0,"master_deck":["hermit:Strike_Hermit","hermit:Strike_Hermit","hermit:Strike_Hermit","hermit:Strike_Hermit","hermit:Defend_Hermit+1","hermit:Defend_Hermit","hermit:Defend_Hermit","hermit:Defend_Hermit","hermit:Snapshot+1","hermit:Covet+1","hermit:FlashPowder+1","hermit:Maintenance+1","hermit:Quickdraw","hermit:CursedWeapon","hermit:Showdown+1","hermit:DeadOrAlive","hermit:Horror+1","hermit:Gambit+1","hermit:DeadMansHand+1","hermit:LoneWolf+1","hermit:CursedWeapon","hermit:BodyArmor+1","hermit:Maintenance+1","hermit:LuckOfTheDraw+1","hermit:Virtue+1","hermit:GhostlyPresence+1","hermit:Maintenance+1","hermit:HighNoon+1","hermit:BodyArmor+1","hermit:CalledShot","hermit:Glare+1","expansioncontent:Chronoboost+1","expansioncontent:HyperBeam","expansioncontent:DecasProtection+1","hermit:Showdown+1","hermit:FlashPowder+1","hermit:HighNoon","hermit:FullyLoaded+1","hermit:Coalescence+1","hermit:Glare+1"],"relics":["hermit:Momento","Pear","hermit:RyeStalk","Omamori","Toxic Egg 2","Eternal Feather","Meat on the Bone","rorgmod:Black Star","Red Mask","Blue Candle","Bottled Lightning","CaptainsWheel","Oddly Smooth Stone","Prayer Wheel","Peace Pipe","Nunchaku","Vajra","Cursed Key","War Paint","Mango","Thread and Needle","Orichalcum","Bottled Flame","Shovel","Pocketwatch","Strawberry"],"acts_visited":["TheCity","TheBeyond"],"potions_floor_usage":[6,8,19,21,29,41,41],"damage_taken":[{"damage":0,"enemies":"Small Slimes","floor":1,"turns":2},{"damage":0,"enemies":"Jaw Worm","floor":5,"turns":3},{"damage":20,"enemies":"Gremlin Nob","floor":6,"turns":4},{"damage":0,"enemies":"Cultist","floor":7,"turns":3},{"damage":13,"enemies":"3 Sentries","floor":8,"turns":10},{"damage":10,"enemies":"Exordium Wildlife","floor":11,"turns":4},{"damage":7,"enemies":"Gremlin Nob","floor":14,"turns":3},{"damage":35,"enemies":"The Guardian","floor":16,"turns":11},{"damage":19,"enemies":"2 Thieves","floor":18,"turns":4},{"damage":30,"enemies":"Shell Parasite","floor":19,"turns":8},{"damage":35,"enemies":"Masked Bandits","floor":20,"turns":5},{"damage":2,"enemies":"Centurion and Healer","floor":21,"turns":2},{"damage":28,"enemies":"Sentry and Sphere","floor":22,"turns":6},{"damage":25,"enemies":"Book of Stabbing","floor":24,"turns":5},{"damage":11,"enemies":"Snecko","floor":27,"turns":7},{"damage":5,"enemies":"Snake Plant","floor":28,"turns":4},{"damage":27,"enemies":"Gremlin Leader","floor":29,"turns":8},{"damage":23,"enemies":"Book of Stabbing","floor":31,"turns":5},{"damage":31,"enemies":"Automaton","floor":33,"turns":11},{"damage":4,"enemies":"Orb Walker","floor":35,"turns":2},{"damage":25,"enemies":"Giant Head","floor":41,"turns":9},{"damage":4,"enemies":"3 Darklings","floor":45,"turns":5},{"damage":4,"enemies":"Reptomancer","floor":46,"turns":5},{"damage":5,"enemies":"2 Orb Walkers","floor":47,"turns":6},{"damage":4,"enemies":"Writhing Mass","floor":48,"turns":6},{"damage":13,"enemies":"Donu and Deca","floor":50,"turns":10}],"seed_played":"-5085747056369098747","potions_obtained":[{"floor":1,"key":"champ:CounterPotion"},{"floor":7,"key":"DuplicationPotion"},{"floor":8,"key":"BlessingOfTheForge"},{"floor":14,"key":"PowerPotion"},{"floor":16,"key":"SmokeBomb"},{"floor":19,"key":"champ:CounterPotion"},{"floor":24,"key":"sneckomod:MuddlingPotion"},{"floor":28,"key":"Fire Potion"},{"floor":31,"key":"hermit:Tonic"},{"floor":47,"key":"FairyPotion"}],"is_trial":false,"path_per_floor":["M","?","?","$","M","E","M","E","T","R","M","T","R","E","R","B",null,"M","M","?","M","M","R","E","T","T","M","M","E","R","E","R","B",null,"M","?","$","?","?","R","E","R","T","R","M","E","?","M","R","B",null],"character_chosen":"HERMIT","items_purchased":["hermit:Glare+1","War Paint","Fruit Juice"],"campfire_rested":2,"item_purchase_floors":[37,37,37],"current_hp_per_floor":[89,92,92,92,92,72,72,59,59,59,49,49,58,51,60,37,99,80,50,27,37,21,62,49,49,49,50,57,42,57,46,90,59,99,95,95,95,85,85,99,93,114,114,118,114,110,105,101,125,112],"gold":888,"neow_bonus":"TWENTY_PERCENT_HP_BONUS","is_daily":false,"chose_seed":false,"campfire_upgraded":7,"win_rate":0.0,"timestamp":1608001497,"path_taken":["M","?","?","?","M","E","M","E","T","R","M","?","R","E","R","BOSS","M","?","?","M","M","R","E","?","T","M","M","E","R","E","R","BOSS","M","?","?","?","?","R","E","R","T","R","M","E","?","?","R","BOSS"],"items_purchased_type":["Card","Relic","Potion"],"build_version":"2020-12-13","purchased_purges":0,"victory":true,"max_hp_per_floor":[89,99,99,99,99,99,99,99,99,99,99,99,99,99,99,99,99,99,99,99,99,99,99,99,99,99,99,99,99,99,99,99,99,99,99,99,99,99,99,99,118,118,118,118,118,118,118,118,125,125],"card_choices":[{"not_picked":["hermit:Quickdraw","hermit:Shortfuse"],"picked":"hermit:FlashPowder","floor":1},{"not_picked":["hermit:LoneWolf","hermit:BodyArmor"],"picked":"hermit:Maintenance","floor":5},{"not_picked":["hermit:Vantage","hermit:LowProfile"],"picked":"hermit:Quickdraw","floor":6},{"not_picked":["hermit:Spite","hermit:LowProfile"],"picked":"hermit:CursedWeapon","floor":7},{"not_picked":["hermit:BigShot","hermit:ShadowCloak"],"picked":"hermit:Showdown","floor":8},{"not_picked":["hermit:Misfire","hermit:NoHoldsBarred"],"picked":"hermit:DeadOrAlive","floor":11},{"not_picked":["hermit:HoleUp+1","hermit:BodyArmor+1"],"picked":"hermit:Horror+1","floor":14},{"not_picked":["hermit:Reprieve+1","hermit:Purgatory"],"picked":"hermit:Gambit+1","floor":16},{"not_picked":["hermit:Combo","hermit:Quickdraw"],"picked":"hermit:DeadMansHand+1","floor":18},{"not_picked":["hermit:GoldenBullet+1","hermit:Horror+1"],"picked":"hermit:LoneWolf+1","floor":19},{"not_picked":["hermit:Headshot","hermit:Misfire"],"picked":"hermit:CursedWeapon","floor":20},{"not_picked":["hermit:Spite","hermit:SprayPray"],"picked":"hermit:BodyArmor+1","floor":22},{"not_picked":["hermit:Headshot+1","hermit:Horror+1"],"picked":"hermit:Maintenance+1","floor":24},{"not_picked":["hermit:Virtue+1","hermit:Vantage+1"],"picked":"hermit:LuckOfTheDraw+1","floor":27},{"not_picked":["hermit:Headshot","hermit:BigShot"],"picked":"hermit:Virtue+1","floor":28},{"not_picked":["hermit:Vantage+1","hermit:BlackWind"],"picked":"hermit:GhostlyPresence+1","floor":29},{"not_picked":["hermit:Magnum","hermit:FullyLoaded+1"],"picked":"hermit:Maintenance+1","floor":31},{"not_picked":["hermit:Dissolve+1","hermit:HeroicBravado+1"],"picked":"hermit:HighNoon","floor":33},{"not_picked":["hermit:Quickdraw+1","hermit:HighCaliber+1"],"picked":"hermit:BodyArmor+1","floor":35},{"not_picked":["hermit:LowProfile+1","hermit:HoleUp+1"],"picked":"hermit:CalledShot","floor":35},{"not_picked":["Bandage Up+1","expansioncontent:PrepareCrush+1"],"picked":"expansioncontent:Chronoboost","floor":38},{"not_picked":["Blind+1","Good Instincts+1"],"picked":"expansioncontent:HyperBeam","floor":38},{"not_picked":["Swift Strike","Bandage Up+1"],"picked":"expansioncontent:DecasProtection+1","floor":38},{"not_picked":["hermit:Magnum","hermit:SprayPray"],"picked":"hermit:Showdown","floor":41},{"not_picked":["hermit:BodyArmor+1","hermit:SprayPray"],"picked":"hermit:FlashPowder+1","floor":45},{"not_picked":["hermit:CalledShot","hermit:ItchyTrigger","hermit:Misfire"],"picked":"SKIP","floor":45},{"not_picked":["hermit:Reprieve+1","hermit:Ricochet"],"picked":"hermit:HighNoon","floor":46},{"not_picked":["hermit:Manifest+1","hermit:LowProfile+1"],"picked":"hermit:FullyLoaded+1","floor":47},{"not_picked":["hermit:SprayPray","hermit:Showdown+1"],"picked":"hermit:Coalescence+1","floor":48},{"not_picked":["hermit:HoleUp+1","hermit:Roulette"],"picked":"hermit:Glare+1","floor":48}],"player_experience":219142,"relics_obtained":[{"floor":6,"key":"hermit:RyeStalk"},{"floor":8,"key":"Omamori"},{"floor":9,"key":"Toxic Egg 2"},{"floor":12,"key":"Eternal Feather"},{"floor":14,"key":"Meat on the Bone"},{"floor":20,"key":"Red Mask"},{"floor":24,"key":"Blue Candle"},{"floor":24,"key":"Bottled Lightning"},{"floor":25,"key":"CaptainsWheel"},{"floor":26,"key":"Oddly Smooth Stone"},{"floor":29,"key":"Prayer Wheel"},{"floor":29,"key":"Peace Pipe"},{"floor":31,"key":"Nunchaku"},{"floor":31,"key":"Vajra"},{"floor":41,"key":"Mango"},{"floor":41,"key":"Thread and Needle"},{"floor":43,"key":"Orichalcum"},{"floor":46,"key":"Bottled Flame"},{"floor":46,"key":"Shovel"},{"floor":47,"key":"Pocketwatch"},{"floor":49,"key":"Strawberry"}],"event_choices":[{"damage_healed":0,"gold_gain":0,"player_choice":"Success","damage_taken":7,"relics_obtained":["Pear"],"max_hp_gain":0,"max_hp_loss":0,"event_name":"Scrap Ooze","floor":2,"gold_loss":0},{"damage_healed":0,"gold_gain":0,"player_choice":"Left Gold","damage_taken":0,"max_hp_gain":0,"max_hp_loss":0,"event_name":"World of Goop","floor":3,"gold_loss":10},{"damage_healed":0,"gold_gain":0,"player_choice":"Fought Bandits","damage_taken":0,"max_hp_gain":0,"max_hp_loss":0,"event_name":"Masked Bandits","floor":20,"gold_loss":0},{"damage_healed":0,"gold_gain":0,"player_choice":"Memory 3","damage_taken":10,"max_hp_gain":0,"max_hp_loss":0,"event_name":"SensoryStone","floor":38,"gold_loss":0},{"damage_healed":0,"gold_gain":222,"player_choice":"Wore Mask","damage_taken":0,"max_hp_gain":0,"max_hp_loss":0,"event_name":"Tomb of Lord Red Mask","floor":39,"gold_loss":0},{"damage_healed":0,"gold_gain":0,"player_choice":"Fight","damage_taken":0,"max_hp_gain":0,"max_hp_loss":0,"event_name":"Mysterious Sphere","floor":47,"gold_loss":0}],"is_beta":false,"boss_relics":[{"not_picked":["Velvet Choker","Calling Bell"],"picked":"rorgmod:Black Star"},{"not_picked":["hermit:DentedPlate","SacredBark"],"picked":"Cursed Key"}],"items_purged_floors":[],"is_endless":false,"potions_floor_spawned":[1,7,8,14,16,19,21,24,28,31,35,47],"ascension_level":1}}