{"host":"3c27c697js19kaoo","time":1608027063,"event":{"mods":["BaseMod","Dota2Spire","Hermit","Minty Spire (QoL Compilation)","Quick Restart","Remilia£®¿Ÿ√◊¿Ú—«£©","Spicy Shops","StSLib","The Alterego","The Cursed","The Servant 0.9.4","°æ“≈ŒÔø®≈∆°øREMEMod"],"gold_per_floor":[115,132,132,49,224,257,257,257,257,257,282,282,282,295,295,414,414,439,465,80,58,74,115,38,38,62,77,77,77,410,80,80,203,203,222,222,222,0,24,24,60,60,85,136,155,155,10,110,110,110],"floor_reached":51,"playtime":2050,"items_purged":[],"score":921,"play_id":"d3c6d238-1a5a-41ac-9d7c-81d49f81c5ea","local_time":"20201215181103","is_ascension_mode":true,"campfire_choices":[{"data":"REME_BattleFury","floor":8.0,"key":"SMITH"},{"data":"alterego_mod:BigMeatyClaws","floor":10.0,"key":"SMITH"},{"data":"alterego_mod:Impale","floor":13.0,"key":"SMITH"},{"data":"alterego_mod:IndependentAction","floor":15.0,"key":"SMITH"},{"data":"alterego_mod:AlterEgo","floor":25.0,"key":"SMITH"},{"floor":29.0,"key":"REST"},{"data":"alterego_mod:Vow","floor":32,"key":"SMITH"},{"data":"alterego_mod:Mirror","floor":40,"key":"SMITH"},{"data":"alterego_mod:Birthday","floor":46,"key":"SMITH"},{"data":"alterego_mod:Venus","floor":49,"key":"SMITH"}],"circlet_count":0,"master_deck":["alterego_mod:Strike+1","alterego_mod:Strike+1","alterego_mod:Strike+1","alterego_mod:Strike+1","alterego_mod:Defend+1","alterego_mod:Defend+1","alterego_mod:Defend+1","alterego_mod:Defend+1","alterego_mod:Impale+1","alterego_mod:BigMeatyClaws+1","alterego_mod:BrynhildrsRune","REME_BattleFury+1","Finesse","alterego_mod:IndependentAction+1","alterego_mod:AlterEgo+1","alterego_mod:Mirror+1","Flash of Steel","alterego_mod:Bounce","alterego_mod:Birthday+1","alterego_mod:Vow+1","Sadistic Nature","alterego_mod:Venus+1","Madness","Madness"],"relics":["alterego_mod:MasochisticConstitution","REME_ComplimentaryCards","NeowsBlessing","Golden Idol","Centennial Puzzle","Letter Opener","Pen Nib","Nunchaku","OrangePellets","Incense Burner","Happy Flower","Omamori","Old Coin","Calling Bell","Dota2Spire:ArmletOfMordiggian","InkBottle","Dota2Spire:DivineRapier","Red Mask","Dota2Spire:HandOfMidas","Potion Belt","Membership Card"],"acts_visited":["Exordium","TheCity","TheBeyond"],"potions_floor_usage":[30,50],"damage_taken":[{"damage":0.0,"enemies":"Cultist","floor":1.0,"turns":1.0},{"damage":0.0,"enemies":"Small Slimes","floor":2.0,"turns":1.0},{"damage":0.0,"enemies":"3 Sentries","floor":6.0,"turns":2.0},{"damage":4.0,"enemies":"Jaw Worm","floor":11.0,"turns":2.0},{"damage":10.0,"enemies":"2 Fungi Beasts","floor":14.0,"turns":2.0},{"damage":0.0,"enemies":"The Guardian","floor":16.0,"turns":1.0},{"damage":10.0,"enemies":"Chosen","floor":18.0,"turns":2.0},{"damage":15.0,"enemies":"2 Thieves","floor":22.0,"turns":2.0},{"damage":8.0,"enemies":"Slavers","floor":23.0,"turns":2.0},{"damage":13.0,"enemies":"3 Cultists","floor":27.0,"turns":4.0},{"damage":0,"enemies":"Gremlin Leader","floor":30,"turns":1},{"damage":1,"enemies":"Champ","floor":33,"turns":6},{"damage":0,"enemies":"3 Shapes","floor":35,"turns":3},{"damage":6,"enemies":"3 Darklings","floor":39,"turns":2},{"damage":14,"enemies":"Giant Head","floor":41,"turns":2},{"damage":0,"enemies":"Jaw Worm Horde","floor":44,"turns":2},{"damage":0,"enemies":"Sphere and 2 Shapes","floor":45,"turns":1},{"damage":14,"enemies":"Donu and Deca","floor":50,"turns":2}],"seed_played":"8406444262696051389","potions_obtained":[{"floor":2.0,"key":"SmokeBomb"},{"floor":14.0,"key":"LiquidMemories"},{"floor":16.0,"key":"Dota2Spire:HealingSalve"},{"floor":23.0,"key":"SkillPotion"},{"floor":27.0,"key":"SteroidPotion"},{"floor":33,"key":"SmokeBomb"},{"floor":44,"key":"Strength Potion"}],"is_trial":false,"path_per_floor":["M","M","?","$","?","E","?","R","T","R","M","?","R","M","R","B",null,"M","T","$","$","M","E","$","R","T","M","?","R","E","$","R","B",null,"M","?","?","?","M","R","E","?","T","M","M","R","$","?","R","B",null],"character_chosen":"The_Alterego","items_purchased":["Finesse","Nunchaku","Flash of Steel","OrangePellets","alterego_mod:Bounce","Happy Flower","alterego_mod:Vow","Sadistic Nature","Membership Card"],"campfire_rested":1,"item_purchase_floors":[4,20,20,20,21,24,31,31,47],"current_hp_per_floor":[70,70,65,65,65,65,70,70,70,70,67,67,67,58,58,58,72,63,63,63,63,49,42,42,42,42,32,32,54,54,54,54,56,77,77,67,67,67,62,62,49,49,49,51,51,51,51,51,51,41],"gold":110,"neow_bonus":"THREE_ENEMY_KILL","is_daily":false,"chose_seed":false,"campfire_upgraded":9,"win_rate":0.0,"timestamp":1608027063,"path_taken":["M","M","?","$","?","E","?","R","T","R","?","?","R","M","R","BOSS","M","?","?","$","M","E","$","R","T","M","?","R","E","?","R","BOSS","M","?","?","?","M","R","E","?","T","?","M","R","$","?","R","BOSS"],"items_purchased_type":["Card","Relic","Card","Relic","Card","Relic","Card","Card","Relic"],"build_version":"2020-12-13","purchased_purges":0,"victory":true,"max_hp_per_floor":[70,70,65,65,65,65,70,70,70,70,71,71,71,72,72,72,72,73,73,73,73,74,75,75,75,75,76,76,76,76,76,76,77,77,77,77,77,77,78,78,79,79,79,79,79,79,79,79,79,80],"card_choices":[{"not_picked":["alterego_mod:Santa","alterego_mod:PurpleHair","alterego_mod:Bunnysuit"],"picked":"SKIP","floor":1.0},{"not_picked":["alterego_mod:1TonWallop","alterego_mod:Schoolgirl"],"picked":"alterego_mod:ChallengeComplete","floor":2.0},{"not_picked":["alterego_mod:Clones","alterego_mod:Belle","alterego_mod:Jiggle"],"picked":"SKIP","floor":6.0},{"not_picked":["alterego_mod:Maid","alterego_mod:TrashNCrash","alterego_mod:Lingerie"],"picked":"SKIP","floor":11.0},{"not_picked":["alterego_mod:HighServant","alterego_mod:Rip"],"picked":"alterego_mod:IndependentAction","floor":14.0},{"not_picked":["alterego_mod:InsideBaseball","alterego_mod:Tantrum"],"picked":"alterego_mod:AlterEgo","floor":16.0},{"not_picked":["alterego_mod:DeftHands","alterego_mod:Pet+1"],"picked":"alterego_mod:Mirror","floor":18.0},{"not_picked":["alterego_mod:Jiggle","alterego_mod:HighServant","alterego_mod:PresenceConcealment+1"],"picked":"SKIP","floor":22.0},{"not_picked":["alterego_mod:GoddessCore","alterego_mod:Mirror"],"picked":"alterego_mod:Birthday","floor":23.0},{"not_picked":["alterego_mod:Pet+1","alterego_mod:Clap+1","alterego_mod:Bunnysuit"],"picked":"SKIP","floor":27.0},{"not_picked":["alterego_mod:Crossover","alterego_mod:Santa+1","alterego_mod:TrashNCrash"],"picked":"SKIP","floor":30},{"not_picked":["alterego_mod:SideboobHour","alterego_mod:Vow"],"picked":"alterego_mod:Venus","floor":33},{"not_picked":["alterego_mod:Cycle+1","alterego_mod:HighServant+1","alterego_mod:BusterCard+1"],"picked":"SKIP","floor":35},{"not_picked":["alterego_mod:MagicResistance+1","alterego_mod:PerceptionDisorder+1","alterego_mod:PurpleHair+1"],"picked":"SKIP","floor":39},{"not_picked":["alterego_mod:Clones","alterego_mod:Valkyrie","alterego_mod:Cycle"],"picked":"SKIP","floor":41},{"not_picked":["alterego_mod:Clones+1","alterego_mod:Jiggle+1","alterego_mod:TrashNCrash+1"],"picked":"SKIP","floor":44},{"not_picked":["alterego_mod:Mirror","alterego_mod:SuperDuperMasochism","alterego_mod:TrashNCrash+1"],"picked":"SKIP","floor":45}],"player_experience":119549,"relics_obtained":[{"floor":6.0,"key":"Centennial Puzzle"},{"floor":9.0,"key":"Letter Opener"},{"floor":19.0,"key":"Pen Nib"},{"floor":23.0,"key":"Incense Burner"},{"floor":26.0,"key":"Omamori"},{"floor":30,"key":"Old Coin"},{"floor":34,"key":"Dota2Spire:ArmletOfMordiggian"},{"floor":34,"key":"InkBottle"},{"floor":34,"key":"Dota2Spire:DivineRapier"},{"floor":41,"key":"Dota2Spire:HandOfMidas"},{"floor":43,"key":"Potion Belt"}],"event_choices":[{"damage_healed":0.0,"max_hp_gain":0.0,"max_hp_loss":5.0,"gold_gain":0.0,"event_name":"Golden Idol","player_choice":"Lose Max HP","floor":3.0,"gold_loss":0.0,"damage_taken":0.0,"relics_obtained":["Golden Idol"]},{"damage_healed":0.0,"max_hp_gain":0.0,"max_hp_loss":0.0,"gold_gain":175.0,"event_name":"Liars Game","player_choice":"AGREE","floor":5.0,"gold_loss":0.0,"damage_taken":0.0,"cards_obtained":["Doubt"]},{"damage_healed":0.0,"max_hp_gain":5.0,"max_hp_loss":0.0,"gold_gain":0.0,"event_name":"Big Fish","player_choice":"Donut","floor":7.0,"gold_loss":0.0,"damage_taken":0.0},{"cards_removed":["Doubt"],"damage_healed":0.0,"max_hp_gain":0.0,"max_hp_loss":0.0,"gold_gain":0.0,"event_name":"Purifier","player_choice":"Purged","floor":12.0,"gold_loss":0.0,"damage_taken":0.0},{"damage_healed":0.0,"max_hp_gain":0.0,"max_hp_loss":0.0,"gold_gain":0.0,"event_name":"Back to Basics","player_choice":"Simplicity","floor":28.0,"gold_loss":0.0,"damage_taken":0.0,"cards_upgraded":["alterego_mod:Strike","alterego_mod:Strike","alterego_mod:Strike","alterego_mod:Strike","alterego_mod:Defend","alterego_mod:Defend","alterego_mod:Defend","alterego_mod:Defend"]},{"damage_healed":0,"gold_gain":0,"player_choice":"Embrace Madness","damage_taken":10,"max_hp_gain":0,"max_hp_loss":0,"event_name":"Winding Halls","floor":36,"gold_loss":0,"cards_obtained":["Madness","Madness"]},{"cards_removed":["alterego_mod:ChallengeComplete"],"damage_healed":0,"gold_gain":0,"player_choice":"Removed Power","damage_taken":0,"max_hp_gain":0,"max_hp_loss":0,"event_name":"Falling","floor":37,"gold_loss":0},{"damage_healed":0,"gold_gain":0,"player_choice":"Paid","damage_taken":0,"relics_obtained":["Red Mask"],"max_hp_gain":0,"max_hp_loss":0,"event_name":"Tomb of Lord Red Mask","floor":38,"gold_loss":222},{"damage_healed":0,"gold_gain":0,"player_choice":"Got Potions","damage_taken":0,"max_hp_gain":0,"max_hp_loss":0,"event_name":"Lab","floor":42,"gold_loss":0},{"damage_healed":0,"gold_gain":100,"player_choice":"Pray","damage_taken":0,"max_hp_gain":0,"max_hp_loss":0,"event_name":"Golden Shrine","floor":48,"gold_loss":0}],"is_beta":false,"boss_relics":[{"not_picked":["Snecko Eye","Ectoplasm","Runic Dome"]},{"not_picked":["SacredBark","REME_DuelDisc"],"picked":"Calling Bell"}],"items_purged_floors":[],"is_endless":false,"potions_floor_spawned":[2,14,16,23,27,33,44],"ascension_level":1}}