{"host":"ds28d883r3sz42zs","time":1608066113,"event":{"mods":["2.2 Compatiblity","AchievementEnabler","Act Like it!","BaseMod","Bestiary","Better Match","Better Sensory Stone","Better Silent Start","Better Third Choice","Better-Laid Plans","BetterRewards","Block Reminder","Challenge The Spire","Colored Map","Colored Powertips","DeckTracker","Defuse TimeMaze Blight","Disable Question Mark Monsters","Displayed Cursed Tome","Emptier Cage","GifTheSpireLib","Gold Saver","Minty Spire (QoL Compilation)","Permanent Neow","Practice Mode","Quick Restart","Random Character Button","Rare Cards Sparkle","Relic Filter","Relic Stats","SacredBarkPlus","StSLib","SuperFastMode","Uncapped","Unknown Chances"],"gold_per_floor":[130,150,165,240,253,253,253,253],"floor_reached":7,"playtime":152,"items_purged":[],"score":75,"play_id":"04322521-9f27-4a52-9e27-539b9bf3bfa8","local_time":"20201215160153","is_ascension_mode":true,"campfire_choices":[{"data":"Go for the Eyes","floor":6,"key":"SMITH"}],"circlet_count":0,"master_deck":["AscendersBane","Strike_B","Strike_B","Strike_B","Strike_B","Defend_B","Defend_B","Defend_B","Defend_B","Zap","Dualcast","Compile Driver","Ball Lightning","Go for the Eyes+1","Defragment"],"relics":["SlaversCollar"],"acts_visited":["Exordium"],"potions_floor_usage":[5,7,7],"damage_taken":[{"damage":5,"enemies":"Cultist","floor":1,"turns":5},{"damage":9,"enemies":"Small Slimes","floor":2,"turns":3},{"damage":9,"enemies":"Jaw Worm","floor":3,"turns":3},{"damage":21,"enemies":"Blue Slaver","floor":5,"turns":3},{"damage":15,"enemies":"Gremlin Nob","floor":7,"turns":2}],"seed_played":"-7918951610364800146","potions_obtained":[{"floor":3,"key":"EntropicBrew"},{"floor":5,"key":"FearPotion"}],"is_trial":false,"path_per_floor":["M","M","M","?","M","R","E"],"character_chosen":"DEFECT","items_purchased":[],"campfire_rested":0,"item_purchase_floors":[],"current_hp_per_floor":[59,50,41,30,9,9,0,0],"gold":253,"neow_bonus":"BOSS_RELIC","is_daily":false,"chose_seed":false,"campfire_upgraded":1,"win_rate":0.0,"timestamp":1608066113,"path_taken":["M","M","?","?","M","R","E"],"items_purchased_type":[],"build_version":"2020-12-13","purchased_purges":0,"victory":false,"max_hp_per_floor":[71,71,71,71,71,71,71,71],"relic_stats":{"counters":[5,16],"obtain_stats":[{"SlaversCollar":0,"Cracked Core":0},{"SlaversCollar":0,"Cracked Core":0},{"SlaversCollar":0,"Cracked Core":0}]},"card_choices":[{"not_picked":["Steam","Skim"],"picked":"Compile Driver","floor":1},{"not_picked":["Chaos","Beam Cell"],"picked":"Ball Lightning","floor":2},{"not_picked":["Coolheaded","Reinforced Body"],"picked":"Go for the Eyes","floor":3},{"not_picked":["Chill","Aggregate"],"picked":"Defragment","floor":5}],"player_experience":663046,"relics_obtained":[],"event_choices":[{"damage_healed":0,"gold_gain":75,"player_choice":"Gold","damage_taken":11,"max_hp_gain":0,"max_hp_loss":0,"event_name":"betterThird:BetterGoop","floor":4,"gold_loss":0}],"is_beta":false,"boss_relics":[],"items_purged_floors":[],"is_endless":false,"potions_floor_spawned":[3,5],"killed_by":"Gremlin Nob","ascension_level":15}}