{"host":"wbdldanbffix1hn8","time":1608022907,"event":{"mods":["Act Like it!","BaseMod","BetterRewards","Colored Map","Colored Powertips","Downfall","Hallownest","Hermit","Infinite Spire","Mad Scientist","Minty Spire (QoL Compilation)","Rare Cards Sparkle","Replay The Spire","Shop Mod","Somnambulant","StSLib","The Bug Knight","The Cursed","The Forsaken","The Hierophant","The Necromancer","The Poker Player","The Runesmith"],"gold_per_floor":[99,99,99,99,99,99,122,122,156,81,99,117,134,153,166,262,262,187,205,290,290,323,323,323,323,323,355,355,75,94,94,114,219,219,144,160,171,188,188,188,211,211,211,211,229,229,239,239,239],"floor_reached":48,"playtime":2571,"items_purged":[],"score":541,"play_id":"217d36dd-9c7e-4fd6-84f2-4d8a133d5da4","local_time":"20201215040147","is_ascension_mode":false,"campfire_choices":[{"data":"Slimebound:Split","floor":1,"key":"SMITH"},{"data":"ReplayTheSpireMod:??????????????????????","floor":6,"key":"SMITH"},{"floor":8,"key":"REST"},{"floor":10,"key":"RECALL"},{"data":"Slimebound:CorrosiveSpit","floor":18,"key":"SMITH"},{"floor":23,"key":"REST"},{"floor":26,"key":"REST"},{"floor":40,"key":"REST"},{"floor":42,"key":"REST"},{"data":"infinitespire:Punishment","floor":44,"key":"SMITH"}],"circlet_count":0,"master_deck":["Slimebound:Tackle","Slimebound:Defend_Slimebound","Slimebound:Defend_Slimebound","Slimebound:Defend_Slimebound","Slimebound:Defend_Slimebound","Slimebound:Split+1","Slimebound:CorrosiveSpit+1","ReplayTheSpireMod:??????????????????????+1","Slimebound:PressTheAttack+1","Slimebound:GoopTackle","Slimebound:OneTwoCombo","Slimebound:MassRepurpose","Slimebound:Gluttony+1","Slimebound:LeechingTouch","Slimebound:SamplingLick","Slimebound:SplitMire","Slimebound:SamplingLick","Slimebound:Teamwork","Injury","Slimebound:CorrosiveSpit","Slimebound:Overexert+1","expansioncontent:ChargeUp","infinitespire:Punishment+1","Slimebound:OozeBath","Slimebound:Tackle+1","Slimebound:Tackle+1","Slimebound:Nibble","Slimebound:RainOfGoop+1","Slimebound:FinishingTackle+1","Slimebound:Equalize+1","Slimebound:SlimeBarrage","Slimebound:GoopSpray","Slimebound:LeadByExample+1","Slimebound:GoopSpray","Slimebound:ProtectTheBoss+1","Slimebound:OozeBath","Slimebound:Schlurp+1","Slimebound:AcidTongue+1","Slimebound:LeechEnergy","Slimebound:ItLooksTasty+1","Slimebound:SpikyOuterGoop+1","Slimebound:ForwardTackle+1","Slimebound:Schlurp+1","Slimebound:Schlurp+1"],"relics":["Slimebound:AbsorbEndCombat","downfall:HeartsMalice","Dream Catcher","Frozen Egg 2","downfall:HeartBlessingGreen","ReplayTheSpireMod:SealedPack","downfall:HeartBlessingRed","Unceasing Top","Counterbalance","Bronze Scales","Orichalcum","theForsaken:PaleLantern","downfall:HeartBlessingBlue","Pet Ghost"],"acts_visited":["Exordium","TheCity","TheBeyond"],"potions_floor_usage":[38,38,48],"damage_taken":[{"damage":0,"enemies":"2 Louse","floor":3,"turns":1},{"damage":0,"enemies":"Cultist","floor":4,"turns":1},{"damage":0,"enemies":"3 Sentries","floor":9,"turns":1},{"damage":25,"enemies":"Small Slimes","floor":11,"turns":3},{"damage":21,"enemies":"3 Louse","floor":12,"turns":2},{"damage":14,"enemies":"Large Slime","floor":13,"turns":4},{"damage":10,"enemies":"Exordium Thugs","floor":14,"turns":4},{"damage":9,"enemies":"Looter","floor":15,"turns":2},{"damage":56,"enemies":"downfall:Silent","floor":16,"turns":6},{"damage":24,"enemies":"3 Byrds","floor":19,"turns":5},{"damage":22,"enemies":"Replay:Snechameleon","floor":22,"turns":3},{"damage":50,"enemies":"Slavers","floor":27,"turns":6},{"damage":0,"enemies":"downfall:FleeingMerchant","floor":29,"turns":4},{"damage":20,"enemies":"Shell Parasite","floor":30,"turns":4},{"damage":11,"enemies":"3 Cultists","floor":32,"turns":4},{"damage":82,"enemies":"downfall:Defect","floor":33,"turns":10},{"damage":12,"enemies":"Orb Walker","floor":36,"turns":2},{"damage":50,"enemies":"3 Darklings","floor":37,"turns":5},{"damage":51,"enemies":"Transient","floor":38,"turns":5},{"damage":66,"enemies":"Spire Growth","floor":45,"turns":6},{"damage":34,"enemies":"Transient","floor":47,"turns":5},{"damage":50,"enemies":"Spire Growth","floor":48,"turns":3}],"seed_played":"5484519451091899950","potions_obtained":[{"floor":9,"key":"Slimebound:SlimedPotion"},{"floor":11,"key":"Languid Potion"},{"floor":12,"key":"LiquidBronze"},{"floor":38,"key":"Energy Potion"},{"floor":47,"key":"FearPotion"}],"is_trial":false,"path_per_floor":["R","?","M","M","?","R","T","R","E","R","M","M","M","M","M","B",null,"R_BF","M","?","?","E","R","T","?","R","E","T","$","M","?","M","B",null,"R_BF","M","M","M","?","R","T","R","?","R","M","AVR","M","M"],"character_chosen":"SLIMEBOUND","items_purchased":["Slimebound:GoopSpray","Slimebound:LeadByExample+1","Orichalcum"],"campfire_rested":5,"item_purchase_floors":[29,29,29],"current_hp_per_floor":[60,46,46,46,46,46,46,60,60,60,43,34,48,50,60,48,60,60,40,28,28,30,48,48,48,60,42,42,54,46,46,57,5,60,70,70,64,33,33,54,54,70,70,70,32,32,30,0,0],"gold":239,"neow_bonus":"THREE_ENEMY_KILL","is_daily":false,"chose_seed":false,"campfire_upgraded":4,"win_rate":0.0,"timestamp":1608022907,"path_taken":["R","?","M","M","?","R","T","R","E","R","M","M","M","?","M","BOSS","R_BF","M","?","?","E","R","T","?","R","E","?","$","M","?","M","BOSS","R_BF","M","M","M","?","R","T","R","?","R","M","AVR","M","?"],"items_purchased_type":["Card","Card","Relic"],"build_version":"2020-12-13","purchased_purges":0,"victory":false,"max_hp_per_floor":[60,60,60,60,60,60,60,60,60,60,60,60,60,60,60,60,60,60,60,60,60,60,60,60,60,60,60,60,60,60,60,60,60,60,70,70,70,70,70,70,70,70,70,70,70,70,70,70,70],"card_choices":[{"not_picked":["infinitespire:SevenWalls","infinitespire:FinalStrike"],"picked":"ReplayTheSpireMod:??????????????????????","floor":2},{"not_picked":["Slimebound:LeechingTouch","Slimebound:GrowthPunch"],"picked":"Slimebound:PressTheAttack","floor":3},{"not_picked":["Slimebound:SplitBruiser","Slimebound:MegaLick"],"picked":"Slimebound:Gluttony","floor":4},{"not_picked":["Slimebound:SamplingLick","Slimebound:RollThrough"],"picked":"Slimebound:OneTwoCombo","floor":8},{"not_picked":["Slimebound:ComboTackle","Slimebound:FlameTackle"],"picked":"Slimebound:MassRepurpose","floor":9},{"not_picked":["Slimebound:Replication","Slimebound:SplitLeeching"],"picked":"Slimebound:Gluttony+1","floor":11},{"not_picked":["Slimebound:RollThrough","Slimebound:BestDefense+1"],"picked":"Slimebound:LeechingTouch","floor":12},{"not_picked":["Slimebound:SplitLeeching","Slimebound:FormOfPuddle"],"picked":"Slimebound:SamplingLick","floor":13},{"not_picked":["Slimebound:LeechingTouch","Slimebound:GoopSpray"],"picked":"Slimebound:SplitMire","floor":14},{"not_picked":["Slimebound:SlimeBrawl","Slimebound:ViciousTackle"],"picked":"Slimebound:SamplingLick","floor":15},{"not_picked":["Slimebound:MassFeed","Slimebound:LeechLife"],"picked":"Slimebound:Teamwork","floor":16},{"not_picked":["Negative_Energy_Arrows","PokerPlayerMod:BadJoker"],"picked":"Slimebound:CorrosiveSpit","floor":17},{"not_picked":["Slimebound:MassRepurpose","Slimebound:RallyTheTroops"],"picked":"Slimebound:Overexert","floor":17},{"not_picked":["ReplayTheSpireMod:Uncanny Aura","Replay:SS_fish_3"],"picked":"expansioncontent:ChargeUp","floor":17},{"not_picked":["infinitespire:TheBestDefense","infinitespire:FutureSight"],"picked":"infinitespire:Punishment","floor":17},{"not_picked":["Slimebound:ForwardTackle","Slimebound:FinishingTackle"],"picked":"Slimebound:OozeBath","floor":19},{"not_picked":["Slimebound:SlimeSpikes","Slimebound:ComboTackle"],"picked":"Slimebound:Nibble","floor":22},{"not_picked":["Slimebound:SplitLeeching","Slimebound:PressTheAttack+1"],"picked":"Slimebound:RainOfGoop+1","floor":23},{"not_picked":["Slimebound:LeechEnergy","Slimebound:LivingWall"],"picked":"Slimebound:FinishingTackle+1","floor":26},{"not_picked":["Slimebound:RollThrough","Slimebound:SamplingLick"],"picked":"Slimebound:Equalize+1","floor":27},{"not_picked":["Slimebound:ComboTackle","Slimebound:RollThrough"],"picked":"Slimebound:SlimeBarrage","floor":29},{"not_picked":["Slimebound:ProtectTheBoss+1","Slimebound:ItLooksTasty+1"],"picked":"Slimebound:GoopSpray","floor":30},{"not_picked":["Slimebound:LeechingTouch","Slimebound:Repurpose"],"picked":"Slimebound:ProtectTheBoss+1","floor":32},{"not_picked":["Slimebound:WasteNot","Slimebound:Teamwork"],"picked":"Slimebound:OozeBath","floor":33},{"not_picked":["Slimebound:PressTheAttack+1","Slimebound:SplitMire"],"picked":"Slimebound:Schlurp+1","floor":35},{"not_picked":["Slimebound:FinishingTackle+1","Slimebound:SplitMire+1"],"picked":"Slimebound:AcidTongue+1","floor":36},{"not_picked":["Slimebound:FlameTackle","Slimebound:GrowthPunch"],"picked":"Slimebound:LeechEnergy","floor":37},{"not_picked":["Slimebound:BestDefense+1","Slimebound:RollThrough+1"],"picked":"Slimebound:ItLooksTasty+1","floor":38},{"not_picked":["Slimebound:SplitAcid+1","Slimebound:SplitMire+1"],"picked":"Slimebound:SpikyOuterGoop+1","floor":40},{"not_picked":["Slimebound:SplitLeeching","Slimebound:SplitAcid"],"picked":"Slimebound:ForwardTackle+1","floor":42},{"not_picked":["Slimebound:Prepare+1","Slimebound:FormOfPuddle"],"picked":"Slimebound:Schlurp+1","floor":45},{"not_picked":["Slimebound:LivingWall+1","Slimebound:LeechEnergy+1"],"picked":"Slimebound:Schlurp+1","floor":47}],"player_experience":140392,"relics_obtained":[{"floor":7,"key":"Dream Catcher"},{"floor":9,"key":"Frozen Egg 2"},{"floor":22,"key":"Unceasing Top"},{"floor":24,"key":"Counterbalance"},{"floor":27,"key":"Bronze Scales"},{"floor":41,"key":"Pet Ghost"}],"event_choices":[{"damage_healed":0,"gold_gain":0,"cards_transformed":["Slimebound:Gluttony"],"player_choice":"Transformed","damage_taken":0,"max_hp_gain":0,"max_hp_loss":0,"event_name":"Transmorgrifier","floor":5,"gold_loss":0,"cards_obtained":["Slimebound:GoopTackle"]},{"cards_removed":["Slimebound:Tackle"],"damage_healed":0,"gold_gain":0,"player_choice":"Elegance","damage_taken":0,"max_hp_gain":0,"max_hp_loss":0,"event_name":"Back to Basics","floor":25,"gold_loss":0}],"is_beta":false,"boss_relics":[{"not_picked":["ReplayTheSpireMod:DimensionalGlitch","infinitespire:Cupcake"],"picked":"ReplayTheSpireMod:SealedPack"},{"not_picked":["Black Star","SacredBark"],"picked":"theForsaken:PaleLantern"}],"items_purged_floors":[],"is_endless":false,"potions_floor_spawned":[9,11,12,14,16,19,30,33,37,38,45,47],"killed_by":"Spire Growth","ascension_level":0}}