{"host":"jgqxb38yl0c1w101","time":1608000827,"event":{"mods":["2.2 Compatiblity","AchievementEnabler","BaseMod","Colored Map","Downfall","Hubris","Minty Spire (QoL Compilation)","Replay The Spire","StSLib"],"gold_per_floor":[99,114,149,166,8,8,33,18,48,48,59,69,54,74,86,86,86],"floor_reached":16,"playtime":1453,"items_purged":[],"score":112,"play_id":"5caff200-53c7-4a97-b993-d0ced0d5a8a4","local_time":"20201214215347","is_ascension_mode":false,"campfire_choices":[{"floor":1,"key":"DIG"},{"floor":10,"key":"RECALL"}],"circlet_count":0,"master_deck":["sneckomod:Strike","sneckomod:Strike","sneckomod:Defend","sneckomod:Defend","sneckomod:Defend","sneckomod:TailWhip+1","sneckomod:SnekBite","sneckomod:Unknown","sneckomod:Unknown","sneckomod:UnknownClassRED","sneckomod:UnknownVulnerable","sneckomod:UnknownVulnerable","sneckomod:QuickMove","sneckomod:Nope","sneckomod:SerpentIdol","sneckomod:UnknownWeak","sneckomod:Unknown2Cost","sneckomod:SlitherStrike","sneckomod:UnknownWeak","sneckomod:UnknownWeak","sneckomod:DiceCrush"],"relics":["sneckomod:SneckoSoul","Replay:Accelerometer","Boot","Toolbox","Mercury Hourglass"],"acts_visited":["Exordium"],"potions_floor_usage":[3,12,16,16,16],"damage_taken":[{"damage":2,"enemies":"2 Louse","floor":2,"turns":2},{"damage":29,"enemies":"Replay:BlueRogue","floor":3,"turns":5},{"damage":0,"enemies":"Cultist","floor":4,"turns":3},{"damage":10,"enemies":"downfall:FleeingMerchant","floor":5,"turns":4},{"damage":0,"enemies":"downfall:FleeingMerchant","floor":8,"turns":4},{"damage":18,"enemies":"Lagavulin","floor":9,"turns":5},{"damage":3,"enemies":"Jaw Worm","floor":11,"turns":4},{"damage":0,"enemies":"Large Slime","floor":12,"turns":4},{"damage":4,"enemies":"downfall:FleeingMerchant","floor":13,"turns":4},{"damage":0,"enemies":"Red Slaver","floor":14,"turns":2},{"damage":7,"enemies":"Blue Slaver","floor":15,"turns":3},{"damage":32,"enemies":"downfall:Ironclad","floor":16,"turns":3}],"seed_played":"1596805424819622284","potions_obtained":[{"floor":2,"key":"champ:CounterPotion"},{"floor":6,"key":"PowerPotion"},{"floor":6,"key":"BlessingOfTheForge"},{"floor":6,"key":"EntropicBrew"}],"is_trial":false,"path_per_floor":["R_BF","M","E","M","$","?","T","$","E","R","M","M","$","M","M","B"],"character_chosen":"THE_SNECKO","items_purchased":["Toolbox"],"campfire_rested":0,"item_purchase_floors":[5],"current_hp_per_floor":[91,90,62,62,52,52,52,52,35,35,33,33,30,31,24,0,0],"gold":86,"neow_bonus":"TRANSFORM_CARD","is_daily":false,"chose_seed":false,"campfire_upgraded":0,"win_rate":0.0,"timestamp":1608000827,"path_taken":["R_BF","M","E","M","$","?","T","$","E","R","M","M","$","?","M","BOSS"],"items_purchased_type":["Relic"],"build_version":"2020-12-13","purchased_purges":0,"victory":false,"max_hp_per_floor":[91,92,93,93,93,93,93,93,94,94,95,95,96,97,97,97,97],"card_choices":[{"not_picked":["sneckomod:UnknownCommonSkill","sneckomod:DefensiveFlair"],"picked":"sneckomod:UnknownVulnerable","floor":2},{"not_picked":["sneckomod:WideSting","sneckomod:UnknownExhaust"],"picked":"sneckomod:UnknownVulnerable","floor":3},{"not_picked":["sneckomod:UnknownCommonAttack","sneckomod:UnknownCommonSkill"],"picked":"sneckomod:QuickMove","floor":4},{"not_picked":["sneckomod:UnknownClassPURPLE","sneckomod:Unknown1Cost"],"picked":"sneckomod:Nope","floor":5},{"not_picked":["sneckomod:UnknownUncommonSkill","sneckomod:WideSting"],"picked":"sneckomod:SerpentIdol","floor":8},{"not_picked":["sneckomod:UnknownClassHEXA_GHOST_PURPLE","sneckomod:UnknownExhaust"],"picked":"sneckomod:UnknownWeak","floor":9},{"not_picked":["sneckomod:ImprovisedGuard","sneckomod:UnknownX"],"picked":"sneckomod:Unknown2Cost","floor":11},{"not_picked":["sneckomod:SoulDraw","sneckomod:IronFang"],"picked":"sneckomod:SlitherStrike","floor":12},{"not_picked":["sneckomod:RainOfDice","sneckomod:DangerNoodle"],"picked":"sneckomod:UnknownWeak","floor":13},{"not_picked":["sneckomod:IronFang","sneckomod:Unknown0Cost"],"picked":"sneckomod:UnknownWeak","floor":14},{"not_picked":["sneckomod:Unknown2Cost","sneckomod:UnknownClassGUARDIAN"],"picked":"sneckomod:DiceCrush","floor":15}],"player_experience":70314,"relics_obtained":[{"floor":1,"key":"Replay:Accelerometer"},{"floor":3,"key":"Boot"},{"floor":9,"key":"Mercury Hourglass"}],"event_choices":[{"damage_healed":0,"gold_gain":0,"player_choice":"Got Potions","damage_taken":0,"max_hp_gain":0,"max_hp_loss":0,"event_name":"Lab","floor":6,"gold_loss":0}],"is_beta":false,"boss_relics":[],"items_purged_floors":[],"is_endless":false,"potions_floor_spawned":[2,9,14],"killed_by":"downfall:Ironclad","ascension_level":0}}