{"host":"ih7ofq2zpufcoifs","time":1608013782,"event":{"mods":["BaseMod","Colored Map","Minty Spire (QoL Compilation)"],"gold_per_floor":[111,111,125,138,6,35,35,63,88,88,188,214,234,249,249,323,323,359,398,440,482,482,482,104,104,129,184,244,278,288,333,333,407,407,480,19,19,19,94,94,134,163,163,198,274,274,337,337,337,337,337,337,39,72,72],"floor_reached":56,"playtime":11073,"items_purged":["Strike_P","Strike_P","Parasite"],"score":1961,"play_id":"7b58968a-b661-4ba0-95f5-ac6f97cd251a","local_time":"20201215162942","is_ascension_mode":true,"campfire_choices":[{"floor":7.0,"key":"REST"},{"data":"CrushJoints","floor":10.0,"key":"SMITH"},{"data":"LikeWater","floor":15.0,"key":"SMITH"},{"floor":23.0,"key":"REST"},{"floor":25.0,"key":"RECALL"},{"floor":32.0,"key":"REST"},{"floor":40.0,"key":"REST"},{"floor":46.0,"key":"REST"},{"floor":49.0,"key":"REST"},{"floor":52.0,"key":"REST"}],"circlet_count":0,"master_deck":["AscendersBane","Strike_P+1","Strike_P+1","Defend_P+1","Defend_P+1","Defend_P+1","Defend_P","Eruption+1","Vigilance+1","SashWhip+1","Protect+1","WheelKick","CrushJoints+1","EmptyFist+1","LikeWater+1","Wallop+1","Wish+1","CutThroughFate+1","Omniscience+1","LessonLearned+1","WaveOfTheHand+1","Crescendo+1","SpiritShield","Meditate+1","Halt+1","Collect+1","Secret Technique+1","Impatience+1","EmptyMind+1","CutThroughFate+1","Evaluate+1","Alpha+1"],"relics":["PureWater","Lizard Tail","Bag of Preparation","Bronze Scales","Potion Belt","Happy Flower","Fusion Hammer","Melange","Nunchaku","Whetstone","Art of War","Cursed Key","Toxic Egg 2","White Beast Statue","CaptainsWheel","Calipers","Shuriken"],"acts_visited":["Exordium","TheCity","TheBeyond","TheEnding"],"potions_floor_usage":[55,55,55],"damage_taken":[{"damage":4.0,"enemies":"Small Slimes","floor":1.0,"turns":4.0},{"damage":5.0,"enemies":"Cultist","floor":3.0,"turns":6.0},{"damage":2.0,"enemies":"2 Louse","floor":4.0,"turns":3.0},{"damage":8.0,"enemies":"Lagavulin","floor":6.0,"turns":6.0},{"damage":5.0,"enemies":"3 Sentries","floor":8.0,"turns":3.0},{"damage":24.0,"enemies":"Gremlin Nob","floor":12.0,"turns":3.0},{"damage":0.0,"enemies":"Red Slaver","floor":13.0,"turns":2.0},{"damage":0.0,"enemies":"Exordium Thugs","floor":14.0,"turns":2.0},{"damage":25.0,"enemies":"The Guardian","floor":16.0,"turns":10.0},{"damage":0.0,"enemies":"Chosen","floor":18.0,"turns":4.0},{"damage":4.0,"enemies":"Spheric Guardian","floor":19.0,"turns":5.0},{"damage":0.0,"enemies":"Snake Plant","floor":20.0,"turns":4.0},{"damage":14.0,"enemies":"Centurion and Healer","floor":21.0,"turns":8.0},{"damage":1.0,"enemies":"Gremlin Leader","floor":27.0,"turns":4.0},{"damage":5.0,"enemies":"Chosen and Byrds","floor":28.0,"turns":8.0},{"damage":19.0,"enemies":"Slavers","floor":29.0,"turns":5.0},{"damage":0.0,"enemies":"Sentry and Sphere","floor":30.0,"turns":5.0},{"damage":2.0,"enemies":"Centurion and Healer","floor":31.0,"turns":7.0},{"damage":25.0,"enemies":"Collector","floor":33.0,"turns":10.0},{"damage":12.0,"enemies":"3 Darklings","floor":35.0,"turns":6.0},{"damage":1.0,"enemies":"Orb Walker","floor":39.0,"turns":6.0},{"damage":2.0,"enemies":"Writhing Mass","floor":41.0,"turns":6.0},{"damage":0.0,"enemies":"Reptomancer","floor":42.0,"turns":5.0},{"damage":0.0,"enemies":"Giant Head","floor":44.0,"turns":8.0},{"damage":7.0,"enemies":"Maw","floor":45.0,"turns":7.0},{"damage":7.0,"enemies":"Nemesis","floor":47.0,"turns":7.0},{"damage":28.0,"enemies":"Awakened One","floor":50.0,"turns":19.0},{"damage":28.0,"enemies":"Shield and Spear","floor":54.0,"turns":32.0},{"damage":8,"enemies":"The Heart","floor":55,"turns":12}],"seed_played":"-6268886119014565811","potions_obtained":[{"floor":1.0,"key":"Block Potion"},{"floor":4.0,"key":"AttackPotion"},{"floor":8.0,"key":"FearPotion"},{"floor":12.0,"key":"LiquidMemories"},{"floor":16.0,"key":"Fire Potion"},{"floor":19.0,"key":"CultistPotion"},{"floor":27.0,"key":"SpeedPotion"},{"floor":29.0,"key":"BlessingOfTheForge"},{"floor":30.0,"key":"LiquidMemories"},{"floor":35.0,"key":"SteroidPotion"},{"floor":44.0,"key":"Weak Potion"},{"floor":45.0,"key":"Energy Potion"},{"floor":47.0,"key":"Energy Potion"},{"floor":54.0,"key":"Weak Potion"}],"is_trial":false,"path_per_floor":["M","?","M","M","$","E","R","E","T","R","?","E","M","M","R","B",null,"M","M","M","M","?","R","$","R","T","E","M","E","M","M","R","B",null,"M","$","?","?","M","R","M","E","T","E","M","R","E","T","R","B",null,"R","$","E","B",null],"character_chosen":"WATCHER","items_purchased":["WheelKick","CrushJoints","Omniscience","Melange","Toxic Egg 2","Halt+1","Collect+1","Evaluate+1","Ancient Potion","LiquidMemories"],"campfire_rested":7,"item_purchase_floors":[5,5,24,24,36,36,36,53,53,53],"current_hp_per_floor":[61,61,56,54,54,46,67,62,62,62,62,38,38,38,38,13,57,57,53,53,39,39,60,60,60,60,59,54,35,35,33,54,29,61,49,49,39,39,38,59,57,57,57,57,50,71,64,64,72,44,65,72,69,41,33],"gold":72,"neow_bonus":"ONE_RARE_RELIC","is_daily":false,"chose_seed":false,"campfire_upgraded":2,"win_rate":0.0,"timestamp":1608013782,"path_taken":["M","?","M","M","$","E","R","E","T","R","?","E","M","M","R","BOSS","M","M","M","M","?","R","$","R","T","E","M","E","M","M","R","BOSS","M","$","?","?","?","R","M","E","T","E","M","R","E","?","R","BOSS","R","$","E","BOSS"],"items_purchased_type":["Card","Card","Card","Relic","Relic","Card","Card","Card","Potion","Potion"],"build_version":"2020-12-13","purchased_purges":3,"victory":true,"max_hp_per_floor":[72,72,72,72,72,72,72,72,72,72,72,72,72,72,72,72,72,72,72,72,72,72,72,72,72,72,72,72,72,72,72,72,72,72,72,72,72,72,72,72,72,72,72,72,72,72,72,72,72,72,72,72,69,69,69],"card_choices":[{"not_picked":["EmptyBody","Meditate"],"picked":"SashWhip","floor":1.0},{"not_picked":["Halt","WaveOfTheHand"],"picked":"Protect","floor":3.0},{"not_picked":["Crescendo","EmptyBody","Pray"],"picked":"SKIP","floor":4.0},{"not_picked":["FlurryOfBlows","ThirdEye"],"picked":"EmptyFist","floor":6.0},{"not_picked":["ConjureBlade","FollowUp"],"picked":"LikeWater","floor":8.0},{"not_picked":["Protect","Study","FlyingSleeves"],"picked":"SKIP","floor":12.0},{"not_picked":["Conclude","PathToVictory"],"picked":"Wallop","floor":13.0},{"not_picked":["WreathOfFlame","Crescendo","Prostrate"],"picked":"SKIP","floor":14.0},{"not_picked":["Devotion","DevaForm"],"picked":"Wish","floor":16.0},{"not_picked":["Consecrate","Pray"],"picked":"CutThroughFate","floor":18.0},{"not_picked":["Prostrate","ForeignInfluence","FlyingSleeves"],"picked":"SKIP","floor":19.0},{"not_picked":["MentalFortress","Protect","EmptyBody"],"picked":"SKIP","floor":20.0},{"not_picked":["WaveOfTheHand","Evaluate","ThirdEye"],"picked":"SKIP","floor":21.0},{"not_picked":["MentalFortress","BowlingBash"],"picked":"LessonLearned","floor":27.0},{"not_picked":["FlurryOfBlows","BattleHymn","FollowUp"],"picked":"SKIP","floor":28.0},{"not_picked":["Study+1","Prostrate"],"picked":"WaveOfTheHand","floor":29.0},{"not_picked":["Crescendo","WreathOfFlame","EmptyFist"],"picked":"SKIP","floor":30.0},{"not_picked":["Consecrate","JustLucky"],"picked":"Crescendo+1","floor":31.0},{"not_picked":["Establishment","Judgement"],"picked":"SpiritShield","floor":33.0},{"not_picked":["ClearTheMind+1","Halt"],"picked":"Meditate+1","floor":35.0},{"not_picked":["Secret Weapon+1","The Bomb+1"],"picked":"Secret Technique+1","floor":37.0},{"not_picked":["Discovery+1","Sadistic Nature"],"picked":"Impatience+1","floor":37.0},{"not_picked":["FollowUp","BowlingBash","SashWhip"],"picked":"SKIP","floor":39.0},{"not_picked":["ReachHeaven","FlurryOfBlows"],"picked":"EmptyMind+1","floor":41.0},{"not_picked":["BowlingBash","Weave"],"picked":"CutThroughFate+1","floor":42.0},{"not_picked":["SandsOfTime","Brilliance","FollowUp"],"picked":"SKIP","floor":44.0},{"not_picked":["Halt+1","Prostrate+1","CutThroughFate"],"picked":"SKIP","floor":45.0},{"not_picked":["FlurryOfBlows","CutThroughFate+1","FlyingSleeves+1"],"picked":"SKIP","floor":47.0},{"not_picked":["ReachHeaven","EmptyFist"],"picked":"Alpha+1","floor":54.0}],"player_experience":346504,"relics_obtained":[{"floor":6.0,"key":"Bag of Preparation"},{"floor":8.0,"key":"Bronze Scales"},{"floor":9.0,"key":"Potion Belt"},{"floor":12.0,"key":"Happy Flower"},{"floor":26.0,"key":"Nunchaku"},{"floor":27.0,"key":"Whetstone"},{"floor":29.0,"key":"Art of War"},{"floor":42.0,"key":"White Beast Statue"},{"floor":44.0,"key":"CaptainsWheel"},{"floor":47.0,"key":"Calipers"},{"floor":54.0,"key":"Shuriken"}],"event_choices":[{"cards_removed":["Clumsy"],"damage_healed":0.0,"max_hp_gain":0.0,"max_hp_loss":0.0,"gold_gain":0.0,"event_name":"Living Wall","player_choice":"Forget","floor":2.0,"gold_loss":0.0,"damage_taken":0.0},{"damage_healed":0.0,"max_hp_gain":0.0,"max_hp_loss":0.0,"gold_gain":100.0,"event_name":"Golden Shrine","player_choice":"Pray","floor":11.0,"gold_loss":0.0,"damage_taken":0.0},{"damage_healed":0.0,"max_hp_gain":0.0,"max_hp_loss":0.0,"gold_gain":0.0,"event_name":"The Mausoleum","player_choice":"Ignored","floor":22.0,"gold_loss":0.0,"damage_taken":0.0},{"damage_healed":0.0,"max_hp_gain":0.0,"max_hp_loss":0.0,"gold_gain":0.0,"event_name":"SensoryStone","player_choice":"Memory 3","floor":37.0,"gold_loss":0.0,"damage_taken":10.0},{"damage_healed":0.0,"max_hp_gain":0.0,"max_hp_loss":0.0,"gold_gain":0.0,"event_name":"Upgrade Shrine","player_choice":"Upgraded","floor":38.0,"gold_loss":0.0,"damage_taken":0.0,"cards_upgraded":["WaveOfTheHand"]}],"is_beta":false,"boss_relics":[{"not_picked":["Philosopher\u0027s Stone","Calling Bell"],"picked":"Fusion Hammer"},{"not_picked":["VioletLotus","Runic Dome"],"picked":"Cursed Key"}],"items_purged_floors":[24,36,53],"is_endless":false,"potions_floor_spawned":[1,4,8,12,16,19,27,29,30,35,44,45,47,54],"ascension_level":13}}