{"host":"k2x36244ucab5lxq","time":1608000236,"event":{"mods":["2.2 Compatiblity","AchievementEnabler","Act Like it!","Aspiration","BaseMod","Beaked The Cultist","Better Altar","Better Match","Better Note","Better Sensory Stone","Better Skull","Better Third Choice","BetterRewards","Block Reminder","CatGirl Mod","Clawfect","Clockwork Mod","Colored Map","Conspire","Downfall","Energized Spire","Gensokyo","GungeonMod","Halation","Hermit","Hubris","Infinite Spire","Jedi Mod","JesterMod","Jorbs\u0027s Wanderer Trilogy","Marisa????????","Marked Mod","Mimic Mod","Minty Spire (QoL Compilation)","Pale of the Ancients","Random Character Button","Rare Cards Sparkle","Relic Sorter","Relic Stats","Replay The Spire","SCP261 Mod","Shop Mod","StSLib","The Administrix","The Alterego","The Blackbeard","The Bladedancer","The Construct","The Cursed","The Disciple","The Judge","The Necromancer","The Problem Sleuth","The Sage","The Servant 0.9.4","The Showman","Transform Curses","Unceasing Turn Reminder","egg","everything is the same but u backflip on backflip","slay the spire mod where everything is the same but ironclad has a cowboy hat","thorton"],"gold_per_floor":[0,0,30,30,30,58,83,83,233,158,170,29,39,24,42,145,145,145,145,160,180,199,230,255,290,215,251,251,289,289,308,328,452,452,452,491,491,491,491,508,532,550,400,325,404,116,131,241,261,277,277,319,14,14,31],"floor_reached":56,"playtime":4375,"items_purged":["champ:FalseCounter","champ:Strike","champ:Defend"],"score":1419,"play_id":"955c271e-4926-4b58-a83a-132301fa8cdf","local_time":"20201214214356","is_ascension_mode":true,"campfire_choices":[{"data":"champ:Taunt","floor":1.0,"key":"SMITH"},{"data":"champ:PreciseThrust","floor":4.0,"key":"SMITH"},{"floor":8.0,"key":"RECALL"},{"floor":10.0,"key":"REST"},{"data":"champ:Improvising","floor":18.0,"key":"SMITH"},{"floor":26,"key":"REST"},{"data":"champ:PerfectForm","floor":35,"key":"SMITH"},{"data":"champ:SteelEdge","floor":37,"key":"SMITH"},{"data":"champ:HeavySlash","floor":39,"key":"SMITH"},{"data":"champ:Haymaker","floor":44,"key":"SMITH"},{"data":"champ:MurderStrike","floor":54,"key":"SMITH"}],"circlet_count":0,"master_deck":["champ:Defend","champ:Defend","champ:Defend","champ:Execute","champ:Taunt+1","champ:ArenaPreparation","champ:MurderStrike+1","champ:PreciseThrust+1","champ:Encircle","champ:GladiatorsShout","champ:PreciseThrust","champ:Backstep","champ:CheapShot","champ:HeavySlash+1","champ:GladiatorsShout","champ:Haymaker+1","champ:Improvising+1","champ:ViciousMockery","champ:IronFortress+1","Conserve Battery","champ:Duel+1","champ:SteelEdge+1","champ:Balance","champ:Devastate","infinitespire:SevenWalls","infinitespire:Gouge","champ:StanceDance+1","champ:GladiatorStyle+1","champ:PerfectForm+1","champ:BladeFlurry"],"relics":["champ:ChampionCrown","Replay:PocketPolymizer","hubris:DisguiseKit","champ:FightingForDummies","halation:PromiseList","downfall:HeartBlessingRed","Replay:Bronze Core","Replay:Baseball","infinitespire:Beetle Shell","halation:IllGainedPizza","downfall:HeartBlessingGreen","infinitespire:Satchel","halation:ForbiddenBikini","halation:WeightlessCrab","aspiration:SilentSkillbook","Mummified Hand","downfall:HeartBlessingBlue","Bronze Scales","ReplayTheSpireMod:TigerMarble","aspiration:EmptySkull","White Beast Statue","halation:Sosunser","Blue Doll","hubris:SphereOfDissonance"],"acts_visited":["Exordium","TheCity","TheBeyond","TheEnding"],"potions_floor_usage":[29,33,33,33,55,55,55],"damage_taken":[{"damage":10.0,"enemies":"downfall:FleeingMerchant","floor":2.0,"turns":4.0},{"damage":34.0,"enemies":"3 Sentries","floor":3.0,"turns":10.0},{"damage":34.0,"enemies":"Gremlin Nob","floor":6.0,"turns":5.0},{"damage":15.0,"enemies":"Cultist","floor":11.0,"turns":5.0},{"damage":7.0,"enemies":"downfall:FleeingMerchant","floor":12.0,"turns":5.0},{"damage":9.0,"enemies":"conspire:RoseBush","floor":13.0,"turns":5.0},{"damage":12.0,"enemies":"downfall:FleeingMerchant","floor":14.0,"turns":4.0},{"damage":8.0,"enemies":"2 Louse","floor":15.0,"turns":5.0},{"damage":88.0,"enemies":"downfall:Defect","floor":16.0,"turns":13.0},{"damage":10.0,"enemies":"Spheric Guardian","floor":20.0,"turns":5.0},{"damage":29.0,"enemies":"Shell Parasite","floor":21.0,"turns":9.0},{"damage":11.0,"enemies":"Centurion and Healer","floor":22.0,"turns":6.0},{"damage":50.0,"enemies":"Slavers","floor":23.0,"turns":9.0},{"damage":26,"enemies":"Gremlin Leader","floor":25,"turns":9},{"damage":32,"enemies":"conspire:SneckoGhost","floor":27,"turns":9},{"damage":17,"enemies":"Snake Plant","floor":29,"turns":8},{"damage":2,"enemies":"Shelled Parasite and Fungi","floor":31,"turns":5},{"damage":2,"enemies":"Chosen and Byrds","floor":32,"turns":6},{"damage":11,"enemies":"downfall:Silent","floor":33,"turns":6},{"damage":13,"enemies":"Giant Head","floor":36,"turns":7},{"damage":0,"enemies":"Orb Walker","floor":40,"turns":3},{"damage":2,"enemies":"3 Shapes","floor":42,"turns":3},{"damage":5,"enemies":"downfall:FleeingMerchant","floor":45,"turns":3},{"damage":3,"enemies":"Jaw Worm Horde","floor":47,"turns":3},{"damage":32,"enemies":"downfall:LadyInBlue","floor":48,"turns":2},{"damage":2,"enemies":"3 Darklings","floor":49,"turns":3},{"damage":32,"enemies":"downfall:Watcher","floor":50,"turns":5},{"damage":27,"enemies":"downfall:CharBossMerchant","floor":52,"turns":3},{"damage":33,"enemies":"downfall:NeowBoss","floor":55,"turns":17}],"seed_played":"4544838999043325137","potions_obtained":[{"floor":3.0,"key":"Milkshake"},{"floor":6.0,"key":"conspire:TimeTravelPotion"},{"floor":11.0,"key":"BlessingOfTheForge"},{"floor":22.0,"key":"Explosive Potion"},{"floor":23.0,"key":"SCP261:GirlTearsPotion"},{"floor":27,"key":"Strength Potion"},{"floor":31,"key":"SkillPotion"},{"floor":32,"key":"PowerPotion"},{"floor":33,"key":"SkillPotion"},{"floor":42,"key":"SpeedPotion"},{"floor":47,"key":"champ:CounterPotion"},{"floor":48,"key":"DemoMod:BlankPotion"},{"floor":49,"key":"DistilledChaos"}],"is_trial":false,"path_per_floor":["R","$","E","R","?","E","T","R","?","R","M","$","M","$","M","B",null,"R","?","M","M","M","E","T","E","R","E","?","M","AVR","M","M","B",null,"R","E","R","?","R","M","T","M","?","R","$","$","M","?","M","B",null,"E","$","R","B",null],"character_chosen":"THE_CHAMP","items_purchased":["champ:Haymaker","Bronze Scales","ReplayTheSpireMod:TigerMarble","aspiration:EmptySkull","champ:BladeFlurry","hubris:SphereOfDissonance"],"campfire_rested":2,"item_purchase_floors":[12,45,46,46,53,53],"current_hp_per_floor":[90,90,75,75,75,48,48,48,48,75,67,67,63,63,63,8,90,90,90,87,63,62,27,27,16,43,20,20,15,15,15,15,23,90,90,90,90,90,90,90,90,90,100,110,110,110,110,107,107,107,110,110,110,110,101],"gold":31,"neow_bonus":"ONE_RARE_RELIC","is_daily":false,"chose_seed":false,"campfire_upgraded":8,"win_rate":0.0,"timestamp":1608000236,"path_taken":["R","?","E","R","?","E","T","R","?","R","M","$","M","$","M","BOSS","R","?","M","?","?","E","T","E","R","E","?","M","AVR","?","M","BOSS","R","E","R","?","R","M","T","M","?","R","$","$","?","?","M","BOSS","E","$","R","BOSS"],"items_purchased_type":["Card","Relic","Relic","Relic","Card","Relic"],"build_version":"2020-12-13","purchased_purges":3,"victory":true,"max_hp_per_floor":[90,90,90,90,90,90,90,90,90,90,90,90,90,90,90,90,90,90,90,90,90,90,90,90,90,90,90,90,90,90,90,90,90,90,90,90,90,90,90,90,90,90,100,110,110,110,110,110,110,110,110,110,110,110,110],"relic_stats":{"counters":[29,177],"Mummified Hand":[53],"Bronze Scales":[52],"obtain_stats":[{"Replay:PocketPolymizer":0,"halation:Sosunser":52,"champ:ChampionCrown":0,"downfall:HeartBlessingGreen":26,"halation:ForbiddenBikini":30,"Blue Doll":52,"DemoMod:GlassGuonStoneRelic":3,"halation:WeightlessCrab":30,"Mummified Hand":36,"downfall:HeartBlessingBlue":44,"Replay:Bronze Core":17,"halation:PromiseList":7,"champ:FightingForDummies":6,"hubris:DisguiseKit":3,"downfall:HeartBlessingRed":10,"halation:IllGainedPizza":25,"hubris:SphereOfDissonance":53,"infinitespire:Beetle Shell":24,"White Beast Statue":48,"Replay:Baseball":23,"aspiration:EmptySkull":46,"Bronze Scales":45,"infinitespire:Satchel":27,"aspiration:SilentSkillbook":34,"ReplayTheSpireMod:TigerMarble":46},{"Replay:PocketPolymizer":0,"halation:Sosunser":28,"champ:ChampionCrown":0,"downfall:HeartBlessingGreen":14,"halation:ForbiddenBikini":16,"Blue Doll":28,"DemoMod:GlassGuonStoneRelic":2,"halation:WeightlessCrab":16,"Mummified Hand":20,"downfall:HeartBlessingBlue":22,"Replay:Bronze Core":9,"halation:PromiseList":3,"champ:FightingForDummies":3,"hubris:DisguiseKit":2,"downfall:HeartBlessingRed":3,"halation:IllGainedPizza":14,"hubris:SphereOfDissonance":28,"infinitespire:Beetle Shell":13,"White Beast Statue":25,"Replay:Baseball":13,"aspiration:EmptySkull":23,"Bronze Scales":23,"infinitespire:Satchel":15,"aspiration:SilentSkillbook":19,"ReplayTheSpireMod:TigerMarble":23},{"Replay:PocketPolymizer":0,"halation:Sosunser":160,"champ:ChampionCrown":0,"downfall:HeartBlessingGreen":94,"halation:ForbiddenBikini":111,"Blue Doll":160,"DemoMod:GlassGuonStoneRelic":14,"halation:WeightlessCrab":111,"Mummified Hand":135,"downfall:HeartBlessingBlue":141,"Replay:Bronze Core":56,"halation:PromiseList":19,"champ:FightingForDummies":19,"hubris:DisguiseKit":14,"downfall:HeartBlessingRed":19,"halation:IllGainedPizza":94,"hubris:SphereOfDissonance":160,"infinitespire:Beetle Shell":85,"White Beast Statue":149,"Replay:Baseball":85,"aspiration:EmptySkull":144,"Bronze Scales":144,"infinitespire:Satchel":103,"aspiration:SilentSkillbook":128,"ReplayTheSpireMod:TigerMarble":144}]},"card_choices":[{"not_picked":["champ:PerfectedStrike","champ:BladeFlurry"],"picked":"champ:ArenaPreparation","floor":2.0},{"not_picked":["champ:Lariat","champ:PerfectedStrike"],"picked":"champ:MurderStrike","floor":3.0},{"not_picked":["champ:BerserkersShout","champ:EndlessRage","Clawfect:ClawCell"],"picked":"champ:Backstep","floor":6.0},{"not_picked":["champ:DefensiveShout","champ:TornadoPunch","BasicCrystalCard"],"picked":"champ:GladiatorsShout","floor":11.0},{"not_picked":["champ:GutPunch","champ:BerserkersShout","champ:Control","ReplayTheSpireMod:Calculation Training"],"picked":"SKIP","floor":12.0},{"not_picked":["champ:Encircle","champ:SkillfulDodge","champ:BerserkerStyle","Clawfect:ClawForTheEyes"],"picked":"SKIP","floor":13.0},{"not_picked":["champ:ShieldThrow","champ:DeathBlow","Clawfect:ClawingBeam"],"picked":"champ:StanceDance","floor":14.0},{"not_picked":["champ:FanOfKnives","champ:FalseCounter","champ:Haymaker","Fusion"],"picked":"SKIP","floor":15.0},{"not_picked":["champ:StrikeOfGenius","champ:MurderStrike","jedi:meditation"],"picked":"champ:Improvising","floor":16.0},{"not_picked":["champ:PerfectedStrike","champ:BerserkersShout","jedi:sharpshooter"],"picked":"champ:IronFortress+1","floor":20.0},{"not_picked":["champ:Lariat","champ:Control","champ:FocusedBerserking"],"picked":"Conserve Battery","floor":21.0},{"not_picked":["champ:ViciousMockery","champ:DefensiveStyle+1","BasicCrystalCard"],"picked":"champ:Duel+1","floor":22.0},{"not_picked":["champ:TornadoPunch+1","champ:DancingMaster","Clawfect:Clawline"],"picked":"champ:SteelEdge","floor":23.0},{"not_picked":["champ:ViciousMockery","champ:FanOfKnives+1","Clawfect:ClawForTheEyes"],"picked":"champ:Balance","floor":25},{"not_picked":["champ:Circumvent","champ:BringItOn","champ:FalseCounter+1","Turbo"],"picked":"SKIP","floor":27},{"not_picked":["champ:EnGarde","champ:TornadoPunch+1","champ:FlashCut","Chill"],"picked":"SKIP","floor":29},{"not_picked":["champ:PerfectedStrike+1","champ:Circumvent","Lockon"],"picked":"champ:StanceDance+1","floor":31},{"not_picked":["champ:SkillfulDodge","champ:SwordThrow","jedi:markofdeath"],"picked":"champ:GladiatorStyle+1","floor":32},{"not_picked":["champ:SteelEdge","champ:ShieldSlam","jedi:readyaimfire"],"picked":"champ:PerfectForm","floor":33},{"not_picked":["ReplayTheSpireMod:The Works","champ:FocusedBerserking+1","hubris:TrickCloak","champ:AdrenalArmor+1","Chaos"],"picked":"SKIP","floor":36},{"not_picked":["champ:Backstep+1","hubris:TrickCloak","champ:Circumvent","champ:BringItOn","Clawfect:ClawCell"],"picked":"SKIP","floor":40},{"not_picked":["Backflip","Setup","Cloak And Dagger+1","Deadly Poison+1","BootSequence"],"picked":"SKIP","floor":42},{"not_picked":["champ:Haymaker","ReplayTheSpireMod:Scrap Shanks","Flying Knee","Underhanded Strike","Genetic Algorithm"],"picked":"SKIP","floor":45},{"not_picked":["champ:Backstep+1","champ:BerserkersShout","champ:FightOn","Cloak And Dagger+1","ReplayTheSpireMod:Dual Polarity"],"picked":"SKIP","floor":47},{"not_picked":["champ:Circumvent","ReplayTheSpireMod:The Works","Corpse Explosion","Poisoned Stab","Blizzard"],"picked":"SKIP","floor":49},{"not_picked":["champ:FocusedBerserking+1","champ:Backstep","Cloak And Dagger","Night Terror","Auto Shields"],"picked":"SKIP","floor":52}],"player_experience":532397,"relics_obtained":[{"floor":3.0,"key":"hubris:DisguiseKit"},{"floor":6.0,"key":"champ:FightingForDummies"},{"floor":7.0,"key":"halation:PromiseList"},{"floor":23.0,"key":"Replay:Baseball"},{"floor":24.0,"key":"infinitespire:Beetle Shell"},{"floor":25,"key":"halation:IllGainedPizza"},{"floor":27,"key":"infinitespire:Satchel"},{"floor":36,"key":"Mummified Hand"},{"floor":48,"key":"White Beast Statue"},{"floor":52,"key":"halation:Sosunser"},{"floor":52,"key":"Blue Doll"}],"event_choices":[{"damage_healed":0.0,"max_hp_gain":0.0,"max_hp_loss":0.0,"gold_gain":0.0,"cards_transformed":["champ:ShieldSlam"],"event_name":"Transmorgrifier","player_choice":"Transformed","floor":19.0,"gold_loss":0.0,"damage_taken":0.0,"cards_obtained":["champ:ViciousMockery"]},{"cards_removed":["champ:StanceDance"],"damage_healed":0,"gold_gain":0,"player_choice":"Removed Skill","damage_taken":0,"max_hp_gain":0,"max_hp_loss":0,"event_name":"Falling","floor":38,"gold_loss":0}],"is_beta":false,"boss_relics":[{"not_picked":["hubris:BlackHole","sagemod:Falmels_Amulet"],"picked":"Replay:Bronze Core"},{"not_picked":["energizedSpire:MagnifyingGlass","halation:LoveArrow"],"picked":"aspiration:SilentSkillbook"}],"items_purged_floors":[12,30,45],"is_endless":false,"potions_floor_spawned":[3,6,11,15,22,23,27,31,32,33,42,47,49,52],"ascension_level":1}}