{"host":"reretk0dz0kj8f1n","time":1608031234,"event":{"mods":["BaseMod","Colored Map","Lobotomy","Minty Spire (QoL Compilation)","StSLib"],"gold_per_floor":[112,287,287,298,311,311,340,340,419,445,445,149,184,259,259,259,259],"floor_reached":16,"playtime":601,"items_purged":["Doubt"],"score":148,"play_id":"f418e0c4-8a03-46b6-a24a-75b2350e9046","local_time":"20201215202034","is_ascension_mode":true,"campfire_choices":[{"data":"Deadly Poison","floor":6,"key":"SMITH"},{"data":"Prepared","floor":8,"key":"SMITH"},{"floor":15,"key":"REST"}],"circlet_count":0,"master_deck":["Strike_G","Strike_G","Strike_G","Strike_G","Strike_G","Defend_G","Defend_G","Defend_G","Defend_G","Defend_G+1","Survivor+1","Neutralize","Backflip","Prepared+1","Deadly Poison+1","MHz","Escape Plan","Footwork","VoidDream","Tools of the Trade"],"relics":["Ring of the Snake","CogitoBucket","RabbitCall","War Paint","PreservedInsect","Molten Egg 2","CaptainsWheel","Juzu Bracelet","Nunchaku"],"acts_visited":["Exordium"],"potions_floor_usage":[7],"damage_taken":[{"damage":8,"enemies":"Jaw Worm","floor":1,"turns":5},{"damage":0,"enemies":"2 Louse","floor":4,"turns":3},{"damage":1,"enemies":"Cultist","floor":5,"turns":5},{"damage":36,"enemies":"Gremlin Nob","floor":7,"turns":5},{"damage":10,"enemies":"Lagavulin","floor":10,"turns":6},{"damage":0,"enemies":"Gremlin Nob","floor":13,"turns":5},{"damage":52,"enemies":"Hexaghost","floor":16,"turns":17}],"seed_played":"8986971638659096920","potions_obtained":[{"floor":1,"key":"PowerPotion"},{"floor":4,"key":"GhostInAJar"}],"is_trial":false,"path_per_floor":["M","?","?","M","M","R","E","R","T","E","?","$","E","?","R","B"],"character_chosen":"THE_SILENT","items_purchased":["Footwork","Juzu Bracelet"],"campfire_rested":1,"item_purchase_floors":[12,12],"current_hp_per_floor":[62,62,59,59,58,58,22,22,22,12,12,12,12,1,22,0,0],"gold":259,"neow_bonus":"","is_daily":false,"chose_seed":false,"campfire_upgraded":2,"win_rate":0.0,"timestamp":1608031234,"path_taken":["M","?","?","M","M","R","E","R","T","E","?","$","E","?","R","BOSS"],"items_purchased_type":["Card","Relic"],"build_version":"2020-12-13","purchased_purges":1,"victory":false,"max_hp_per_floor":[70,70,70,70,70,70,70,70,70,70,70,70,70,70,70,70,70],"card_choices":[{"not_picked":["PunishingBird","SpiderBud","Funeral"],"picked":"Singing Bowl","floor":1},{"not_picked":["Accuracy","Poisoned Stab"],"picked":"Backflip","floor":1},{"not_picked":["OSAHOGD","MeatLantern","PunishingBird"],"picked":"Singing Bowl","floor":4},{"not_picked":["Crippling Poison","Backstab"],"picked":"Prepared","floor":4},{"not_picked":["FairyFestival","OldLady","MeltingLove"],"picked":"Singing Bowl","floor":5},{"not_picked":["Slice","Cloak And Dagger"],"picked":"Deadly Poison","floor":5},{"not_picked":["OldLady","Variant","Wellcheers"],"picked":"Singing Bowl","floor":7},{"not_picked":["GreedKing","UniverseFragment"],"picked":"MHz","floor":7},{"not_picked":["Doppelganger","Crippling Poison"],"picked":"Escape Plan","floor":7},{"not_picked":["WallGazer","Murderer","ShyLook"],"picked":"Singing Bowl","floor":10},{"not_picked":["QueenBee","UniverseFragment"],"picked":"CherryBlossoms","floor":10},{"not_picked":["Cloak And Dagger","Dagger Spray+1","Sucker Punch+1"],"picked":"SKIP","floor":10},{"not_picked":["LittlePrince","PunishingBird","Woodsman"],"picked":"Singing Bowl","floor":13},{"not_picked":["QueenOfHatred","Bloodbath"],"picked":"VoidDream","floor":13},{"not_picked":["Backflip","Accuracy"],"picked":"Tools of the Trade","floor":13}],"player_experience":225344,"relics_obtained":[{"floor":7,"key":"PreservedInsect"},{"floor":9,"key":"Molten Egg 2"},{"floor":10,"key":"CaptainsWheel"},{"floor":13,"key":"Nunchaku"}],"event_choices":[{"damage_healed":0,"gold_gain":175,"player_choice":"AGREE","damage_taken":0,"max_hp_gain":0,"max_hp_loss":0,"event_name":"Liars Game","floor":2,"gold_loss":0,"cards_obtained":["Doubt"]},{"damage_healed":0,"gold_gain":0,"player_choice":"Success","damage_taken":3,"relics_obtained":["War Paint"],"max_hp_gain":0,"max_hp_loss":0,"event_name":"Scrap Ooze","floor":3,"gold_loss":0},{"damage_healed":0,"gold_gain":0,"player_choice":"Bought 0 Potions","damage_taken":0,"max_hp_gain":0,"max_hp_loss":0,"event_name":"The Woman in Blue","floor":11,"gold_loss":0},{"damage_healed":0,"gold_gain":75,"player_choice":"Gather Gold","damage_taken":11,"max_hp_gain":0,"max_hp_loss":0,"event_name":"World of Goop","floor":14,"gold_loss":0}],"is_beta":false,"boss_relics":[],"items_purged_floors":[12],"is_endless":false,"potions_floor_spawned":[1,4],"killed_by":"Hexaghost","ascension_level":1}}