{"host":"hgkb2zpbo2dcws21","time":1608039032,"event":{"mods":["AchievementEnabler","BaseMod","Colored Map","Colored Powertips","Custom Start","DeckTracker","KOR Keyword Fix","Minty Spire (QoL Compilation)","StSLib","SuperFastMode"],"gold_per_floor":[112,262,277,126,126,126,140,154,178,205,267,126,126,141,141,216,216,235,235,235],"floor_reached":19,"playtime":497,"items_purged":["Doubt","Strike_G"],"score":317,"play_id":"f3e842c9-0658-4f71-be84-727400b51329","local_time":"20201215223032","is_ascension_mode":true,"campfire_choices":[{"data":"Noxious Fumes","floor":6,"key":"SMITH"},{"floor":13,"key":"REST"},{"data":"Neutralize","floor":15,"key":"SMITH"}],"circlet_count":0,"master_deck":["AscendersBane","Strike_G","Strike_G","Strike_G","Strike_G","Defend_G","Defend_G","Defend_G","Defend_G","Defend_G","Survivor","Neutralize+1","Deadly Poison","Distraction","Noxious Fumes+1","Dagger Throw","Bane","Reflex","Tactician","Escape Plan","Backflip","Underhanded Strike"],"relics":["Ring of the Snake","Bird Faced Urn","Orichalcum","Dream Catcher","Omamori","SacredBark"],"acts_visited":["Exordium","TheCity"],"potions_floor_usage":[10,11,16,18,19],"damage_taken":[{"damage":5,"enemies":"2 Louse","floor":1,"turns":5},{"damage":15,"enemies":"Small Slimes","floor":3,"turns":5},{"damage":0,"enemies":"Jaw Worm","floor":7,"turns":5},{"damage":8,"enemies":"Red Slaver","floor":8,"turns":4},{"damage":14,"enemies":"3 Sentries","floor":10,"turns":7},{"damage":28,"enemies":"3 Sentries","floor":11,"turns":7},{"damage":4,"enemies":"Large Slime","floor":14,"turns":7},{"damage":8,"enemies":"Hexaghost","floor":16,"turns":9},{"damage":25,"enemies":"2 Thieves","floor":18,"turns":5},{"damage":33,"enemies":"Masked Bandits","floor":19,"turns":3}],"seed_played":"3967856942458796108","potions_obtained":[{"floor":1,"key":"Block Potion"},{"floor":3,"key":"CunningPotion"},{"floor":14,"key":"PowerPotion"},{"floor":16,"key":"Fire Potion"},{"floor":18,"key":"CultistPotion"}],"is_trial":false,"path_per_floor":["M","?","M","$","?","R","M","M","T","E","?","$","R","M","R","B",null,"M","?"],"character_chosen":"THE_SILENT","items_purchased":["Noxious Fumes","Tactician"],"campfire_rested":1,"item_purchase_floors":[4,12],"current_hp_per_floor":[54,54,39,39,44,44,46,40,40,28,2,2,21,19,19,15,53,30,0,0],"gold":235,"neow_bonus":"ONE_RARE_RELIC","is_daily":false,"chose_seed":false,"campfire_upgraded":2,"win_rate":0.0,"timestamp":1608039032,"path_taken":["M","?","M","$","?","R","M","M","T","E","?","?","R","M","R","BOSS","M","?"],"items_purchased_type":["Card","Card"],"build_version":"2020-12-13","purchased_purges":2,"victory":false,"max_hp_per_floor":[60,60,60,60,65,65,65,65,65,65,65,65,65,65,65,65,65,65,65,65],"card_choices":[{"not_picked":["Masterful Stab","Tactician"],"picked":"Deadly Poison","floor":1},{"not_picked":["Blade Dance","Underhanded Strike"],"picked":"Distraction","floor":3},{"not_picked":["Slice","Terror"],"picked":"Dagger Throw","floor":7},{"not_picked":["Unload","Dash"],"picked":"Bane","floor":8},{"not_picked":["Backflip","Malaise"],"picked":"Reflex","floor":10},{"not_picked":["Bane","Dagger Throw"],"picked":"Escape Plan","floor":13},{"not_picked":["Expertise","Cloak And Dagger"],"picked":"Backflip","floor":14},{"not_picked":["Dodge and Roll","Terror"],"picked":"Underhanded Strike","floor":18}],"player_experience":1075708,"relics_obtained":[{"floor":9,"key":"Orichalcum"},{"floor":10,"key":"Dream Catcher"},{"floor":11,"key":"Omamori"}],"event_choices":[{"damage_healed":0,"gold_gain":150,"player_choice":"AGREE","damage_taken":0,"max_hp_gain":0,"max_hp_loss":0,"event_name":"Liars Game","floor":2,"gold_loss":0,"cards_obtained":["Doubt"]},{"damage_healed":0,"gold_gain":0,"player_choice":"Donut","damage_taken":0,"max_hp_gain":5,"max_hp_loss":0,"event_name":"Big Fish","floor":5,"gold_loss":0},{"damage_healed":0,"gold_gain":0,"player_choice":"Searched \u00271\u0027 times","damage_taken":0,"max_hp_gain":0,"max_hp_loss":0,"event_name":"Dead Adventurer","floor":11,"gold_loss":0},{"damage_healed":0,"gold_gain":0,"player_choice":"Fought Bandits","damage_taken":0,"max_hp_gain":0,"max_hp_loss":0,"event_name":"Masked Bandits","floor":19,"gold_loss":0}],"is_beta":false,"boss_relics":[{"not_picked":["Runic Dome","Black Star"],"picked":"SacredBark"}],"items_purged_floors":[4,12],"is_endless":false,"potions_floor_spawned":[1,3,14,16,18],"killed_by":"Masked Bandits","ascension_level":18}}