{"host":"hlg6scarqnxczons","time":1608061559,"event":{"mods":["BaseMod","Conspire","Custom Start","Downfall","Emptier Cage","Friendly Minions","Gold Saver","Infinite Spire","Marisa????????","Minty Spire (QoL Compilation)","Quick Restart","Replay The Spire","StSLib","The Bug Knight","UnlockEverythingMod"],"gold_per_floor":[112,126,139,149,74,74,74],"floor_reached":6,"playtime":664,"items_purged":[],"score":40,"play_id":"f3728003-9821-48b3-acdf-2f3a1f2078a6","local_time":"20201215194559","daily_mods":["Heirloom","Flight","DeadlyEvents","Elite Swarm"],"is_ascension_mode":true,"campfire_choices":[],"circlet_count":0,"master_deck":["HollowMod:NailStrikeStart","HollowMod:NailStrikeStart","HollowMod:NailStrikeStart","HollowMod:NailStrikeStart","HollowMod:QuickDashStart","HollowMod:QuickDashStart","HollowMod:QuickDashStart","HollowMod:QuickDashStart","HollowMod:FocusHealStart","HollowMod:PogoStrike","HollowMod:DoubleDash","HollowMod:VoidDash","HollowMod:DoubleDash"],"relics":["HollowMod:VesselMask","Torii"],"acts_visited":["Exordium"],"potions_floor_usage":[6],"damage_taken":[{"damage":1.0,"enemies":"Cultist","floor":1.0,"turns":3.0},{"damage":1,"enemies":"2 Louse","floor":2,"turns":3},{"damage":2,"enemies":"Small Slimes","floor":3,"turns":5},{"damage":2,"enemies":"3 Louse","floor":4,"turns":4},{"damage":56,"enemies":"Lagavulin","floor":6,"turns":17}],"seed_played":"5705646278089040100","potions_obtained":[{"floor":2,"key":"Weak Potion"}],"is_trial":true,"path_per_floor":["M","M","M","M","?","E"],"character_chosen":"THE_BUGKNIGHT","items_purchased":[],"campfire_rested":0,"item_purchase_floors":[],"current_hp_per_floor":[74,73,71,69,74,24,24],"gold":74,"neow_bonus":"","is_daily":false,"chose_seed":false,"campfire_upgraded":0,"win_rate":0.0,"timestamp":1608061559,"path_taken":["M","M","M","M","?","E"],"items_purchased_type":[],"build_version":"2020-12-13","purchased_purges":0,"victory":false,"max_hp_per_floor":[75,75,75,75,80,80,80],"card_choices":[{"not_picked":["HollowMod:VengefulSpirit","HollowMod:WraithStrike"],"picked":"HollowMod:DoubleDash","floor":1},{"not_picked":["HollowMod:SoulSplash","HollowMod:ShadowDash"],"picked":"HollowMod:VoidDash","floor":2},{"not_picked":["HollowMod:NewJinnsSoul","HollowMod:HuntersJournal"],"picked":"HollowMod:DoubleDash","floor":3},{"not_picked":["HollowMod:SoulShaman","HollowMod:SoulSplash","HollowMod:CornifersMapStart"],"picked":"SKIP","floor":4}],"player_experience":149107,"relics_obtained":[],"event_choices":[],"is_beta":false,"boss_relics":[],"items_purged_floors":[],"is_endless":false,"potions_floor_spawned":[2],"killed_by":"Lagavulin","ascension_level":1}}