{"host":"i09pxcjttd31eh4q","time":1608029199,"event":{"mods":["AchievementEnabler","BaseMod","Colored Map","Keyboard Shortcuts","Minty Spire (QoL Compilation)","StSLib","SuperFastMode"],"gold_per_floor":[210,58,58,77,95,126,126,140,220,173,173,192,192,92,92,92,92],"floor_reached":16,"playtime":390,"items_purged":["Strike_G","Defend_G"],"score":200,"play_id":"06159549-3d6d-4c08-8aad-548df45ec714","local_time":"20201215194639","is_ascension_mode":true,"campfire_choices":[{"data":"Deadly Poison","floor":7.0,"key":"SMITH"},{"data":"Dagger Throw","floor":11.0,"key":"SMITH"},{"data":"All Out Attack","floor":15.0,"key":"SMITH"}],"circlet_count":0,"master_deck":["AscendersBane","Strike_G","Strike_G","Strike_G","Strike_G","Defend_G+1","Defend_G","Defend_G","Defend_G","Survivor+1","Neutralize","Dagger Throw+1","Footwork","Leg Sweep","Deadly Poison+1","Acrobatics","Adrenaline","All Out Attack+1"],"relics":["Ring of the Snake","Turnip","Meat on the Bone"],"acts_visited":["Exordium"],"potions_floor_usage":[16],"damage_taken":[{"damage":12.0,"enemies":"Jaw Worm","floor":1.0,"turns":7.0},{"damage":0.0,"enemies":"2 Louse","floor":4.0,"turns":3.0},{"damage":4.0,"enemies":"Cultist","floor":5.0,"turns":5.0},{"damage":16.0,"enemies":"3 Sentries","floor":6.0,"turns":15.0},{"damage":0.0,"enemies":"Looter","floor":8.0,"turns":4.0},{"damage":2.0,"enemies":"Red Slaver","floor":12.0,"turns":7.0},{"damage":23,"enemies":"Slime Boss","floor":16,"turns":6}],"seed_played":"-7280358139458283904","potions_obtained":[{"floor":5.0,"key":"Energy Potion"},{"floor":8.0,"key":"Explosive Potion"}],"is_trial":false,"path_per_floor":["M","$","?","M","M","E","R","M","T","?","R","M","?","$","R","B"],"character_chosen":"THE_SILENT","items_purchased":["Footwork"],"campfire_rested":0,"item_purchase_floors":[2],"current_hp_per_floor":[47,47,27,27,23,7,7,7,7,7,7,17,17,17,17,0,0],"gold":92,"neow_bonus":"HUNDRED_GOLD","is_daily":false,"chose_seed":false,"campfire_upgraded":3,"win_rate":0.0,"timestamp":1608029199,"path_taken":["M","$","?","M","M","E","R","M","T","?","R","M","?","?","R","BOSS"],"items_purchased_type":["Card"],"build_version":"2020-12-13","purchased_purges":2,"victory":false,"max_hp_per_floor":[66,66,66,66,66,66,66,66,66,66,66,66,66,66,66,66,66],"card_choices":[{"not_picked":["Outmaneuver","Sucker Punch"],"picked":"Dagger Throw","floor":1.0},{"not_picked":["Outmaneuver","PiercingWail"],"picked":"Leg Sweep","floor":4.0},{"not_picked":["PiercingWail","Outmaneuver"],"picked":"Deadly Poison","floor":5.0},{"not_picked":["Deflect","PiercingWail"],"picked":"Acrobatics","floor":6.0},{"not_picked":["Infinite Blades","Eviscerate"],"picked":"Adrenaline","floor":8.0},{"not_picked":["Predator","Deadly Poison"],"picked":"All Out Attack","floor":12.0}],"player_experience":733979,"relics_obtained":[{"floor":6.0,"key":"Turnip"},{"floor":9.0,"key":"Meat on the Bone"}],"event_choices":[{"damage_healed":0.0,"max_hp_gain":0.0,"max_hp_loss":0.0,"gold_gain":0.0,"event_name":"Shining Light","player_choice":"Entered Light","floor":3.0,"gold_loss":0.0,"damage_taken":20.0,"cards_upgraded":["Defend_G","Survivor"]},{"damage_healed":0.0,"max_hp_gain":0.0,"max_hp_loss":0.0,"gold_gain":0.0,"event_name":"World of Goop","player_choice":"Left Gold","floor":10.0,"gold_loss":47.0,"damage_taken":0.0},{"damage_healed":0.0,"max_hp_gain":0.0,"max_hp_loss":0.0,"gold_gain":0.0,"event_name":"Liars Game","player_choice":"Ignored","floor":13.0,"gold_loss":0.0,"damage_taken":0.0}],"is_beta":false,"boss_relics":[],"items_purged_floors":[2,14],"is_endless":false,"potions_floor_spawned":[5,8],"killed_by":"Slime Boss","ascension_level":20}}