{"host":"sav7uxregyirlf69","time":1608015278,"event":{"mods":["AchievementEnabler","BaseMod","Colored Map","DeckTracker","Keyboard Shortcuts","Minty Spire (QoL Compilation)","READ ME - Guardian Mod","StSLib","SuperFastMode"],"gold_per_floor":[115,40,54,54,129,165,165,204,204,219,219,233,248,271,271,271,271],"floor_reached":16,"playtime":232,"items_purged":[],"score":274,"play_id":"fdaded7b-344b-456c-b163-e50277481199","local_time":"20201215155438","is_ascension_mode":true,"campfire_choices":[{"data":"Hemokinesis","floor":7,"key":"SMITH"},{"floor":11,"key":"REST"},{"data":"Body Slam","floor":15,"key":"SMITH"}],"circlet_count":0,"master_deck":["AscendersBane","Strike_R","Strike_R","Strike_R","Strike_R","Defend_R","Defend_R","Defend_R","Defend_R","Bash","Hemokinesis+1","Sword Boomerang","Impervious","Body Slam+1","Fire Breathing"],"relics":["Burning Blood","NeowsBlessing","Golden Idol","White Beast Statue","Strawberry","Anchor"],"acts_visited":["Exordium"],"potions_floor_usage":[8,12,13,16,16],"damage_taken":[{"damage":0,"enemies":"2 Louse","floor":1,"turns":1},{"damage":0,"enemies":"Jaw Worm","floor":3,"turns":1},{"damage":0,"enemies":"Lagavulin","floor":6,"turns":1},{"damage":40,"enemies":"Gremlin Nob","floor":8,"turns":5},{"damage":14,"enemies":"Small Slimes","floor":10,"turns":4},{"damage":5,"enemies":"Blue Slaver","floor":12,"turns":2},{"damage":12,"enemies":"2 Fungi Beasts","floor":13,"turns":4},{"damage":16,"enemies":"Exordium Thugs","floor":14,"turns":4},{"damage":47,"enemies":"Hexaghost","floor":16,"turns":9}],"seed_played":"-7391740323542791220","potions_obtained":[{"floor":1,"key":"Dexterity Potion"},{"floor":6,"key":"Regen Potion"},{"floor":8,"key":"Fire Potion"},{"floor":12,"key":"DuplicationPotion"},{"floor":13,"key":"Ancient Potion"},{"floor":14,"key":"Regen Potion"}],"is_trial":false,"path_per_floor":["M","?","M","?","?","E","R","E","T","M","R","M","M","M","R","B"],"character_chosen":"IRONCLAD","items_purchased":[],"campfire_rested":1,"item_purchase_floors":[],"current_hp_per_floor":[74,74,75,49,38,44,44,31,31,23,47,48,42,32,32,0,0],"gold":271,"neow_bonus":"THREE_ENEMY_KILL","is_daily":false,"chose_seed":false,"campfire_upgraded":2,"win_rate":0.0,"timestamp":1608015278,"path_taken":["M","?","M","?","?","E","R","E","T","?","R","M","M","M","R","BOSS"],"items_purchased_type":[],"build_version":"2020-12-13","purchased_purges":0,"victory":false,"max_hp_per_floor":[75,75,75,75,75,75,75,82,82,82,82,82,82,82,82,82,82],"card_choices":[{"not_picked":["Flame Barrier","Armaments"],"picked":"Hemokinesis","floor":1},{"not_picked":["Seeing Red","Warcry"],"picked":"Sword Boomerang","floor":3},{"not_picked":["Pommel Strike","Brutality"],"picked":"Impervious","floor":6},{"not_picked":["Warcry","Sword Boomerang"],"picked":"Body Slam","floor":8},{"not_picked":["Heavy Blade","Dark Embrace","Iron Wave"],"picked":"SKIP","floor":10},{"not_picked":["Heavy Blade","Dark Embrace","Iron Wave"],"picked":"SKIP","floor":10},{"not_picked":["Body Slam","Headbutt"],"picked":"Fire Breathing","floor":12},{"not_picked":["Cleave","Pommel Strike","Thunderclap"],"picked":"SKIP","floor":13},{"not_picked":["Juggernaut","True Grit","Clothesline"],"picked":"SKIP","floor":14}],"player_experience":910050,"relics_obtained":[{"floor":6,"key":"White Beast Statue"},{"floor":8,"key":"Strawberry"},{"floor":9,"key":"Anchor"}],"event_choices":[{"cards_removed":["Strike_R"],"damage_healed":0,"gold_gain":0,"player_choice":"Card Removal","damage_taken":0,"max_hp_gain":0,"max_hp_loss":0,"event_name":"The Cleric","floor":2,"gold_loss":75},{"damage_healed":0,"gold_gain":0,"player_choice":"Take Damage","damage_taken":26,"relics_obtained":["Golden Idol"],"max_hp_gain":0,"max_hp_loss":0,"event_name":"Golden Idol","floor":4,"gold_loss":0},{"damage_healed":0,"gold_gain":75,"player_choice":"Gather Gold","damage_taken":11,"max_hp_gain":0,"max_hp_loss":0,"event_name":"World of Goop","floor":5,"gold_loss":0}],"is_beta":false,"boss_relics":[],"items_purged_floors":[],"is_endless":false,"potions_floor_spawned":[1,6,8,10,12,13,14],"killed_by":"Hexaghost","ascension_level":20}}