{"host":"pwhq7648p2dwl3jg","time":1608014993,"event":{"mods":["AchievementEnabler","BaseMod","Colored Map","Minty Spire (QoL Compilation)","Rare Cards Sparkle","SuperFastMode"],"gold_per_floor":[115,115,130,130,130,130,150,164,164,180,180,205,228,228,228,349,349,364,364,364,364,379,379,397,416,416,416,416],"floor_reached":27,"playtime":671,"items_purged":[],"score":269,"play_id":"91b39fad-2d81-43d4-bac2-3f58ae5d7c95","local_time":"20201215154953","is_ascension_mode":true,"campfire_choices":[{"floor":6,"key":"REST"},{"floor":11,"key":"DIG"},{"floor":15,"key":"DIG"},{"floor":23,"key":"REST"}],"circlet_count":0,"master_deck":["Defend_B","Defend_B","Defend_B","Defend_B","Zap","Dualcast+1","Chill","White Noise","Blizzard","Cold Snap","Barrage","Lockon","Barrage","Turbo","Defragment"],"relics":["Cracked Core","Golden Idol","Shovel","Unceasing Top","Gambling Chip","Empty Cage","Omamori"],"acts_visited":["Exordium","TheCity"],"potions_floor_usage":[16,16,24,27,27],"damage_taken":[{"damage":5,"enemies":"Small Slimes","floor":1,"turns":3},{"damage":1,"enemies":"Cultist","floor":3,"turns":4},{"damage":1,"enemies":"2 Louse","floor":7,"turns":2},{"damage":6,"enemies":"Looter","floor":8,"turns":2},{"damage":8,"enemies":"Red Slaver","floor":10,"turns":4},{"damage":0,"enemies":"Large Slime","floor":12,"turns":3},{"damage":5,"enemies":"2 Fungi Beasts","floor":13,"turns":4},{"damage":11,"enemies":"Slime Boss","floor":16,"turns":7},{"damage":21,"enemies":"3 Byrds","floor":18,"turns":7},{"damage":13,"enemies":"Chosen","floor":22,"turns":6},{"damage":37,"enemies":"Snecko","floor":24,"turns":7},{"damage":10,"enemies":"Chosen and Byrds","floor":25,"turns":5},{"damage":21,"enemies":"Cultist and Chosen","floor":27,"turns":5}],"seed_played":"7831514525420142785","potions_obtained":[{"floor":0,"key":"SpeedPotion"},{"floor":0,"key":"Energy Potion"},{"floor":0,"key":"Explosive Potion"},{"floor":10,"key":"SkillPotion"},{"floor":13,"key":"PowerPotion"},{"floor":16,"key":"CultistPotion"},{"floor":18,"key":"Fire Potion"}],"is_trial":false,"path_per_floor":["M","?","M","?","?","R","M","M","T","M","R","M","M","?","R","B",null,"M","?","?","?","M","R","M","M","T","M"],"character_chosen":"DEFECT","items_purchased":[],"campfire_rested":2,"item_purchase_floors":[],"current_hp_per_floor":[63,63,62,44,44,66,65,59,59,51,51,51,46,71,71,60,71,50,50,50,50,37,59,22,12,12,0,0],"gold":416,"neow_bonus":"THREE_SMALL_POTIONS","is_daily":false,"chose_seed":false,"campfire_upgraded":0,"win_rate":0.0,"timestamp":1608014993,"path_taken":["M","?","?","?","?","R","M","?","T","M","R","M","M","?","R","BOSS","M","?","?","?","M","R","?","M","T","M"],"items_purchased_type":[],"build_version":"2020-12-13","purchased_purges":0,"victory":false,"max_hp_per_floor":[75,75,75,75,75,75,75,75,75,75,75,75,75,75,75,75,75,75,75,75,75,75,75,75,75,75,75,75],"card_choices":[{"not_picked":["Ball Lightning","Steam","All For One"],"picked":"SKIP","floor":1},{"not_picked":["Rebound","Hologram"],"picked":"Chill","floor":3},{"not_picked":["Gash","Go for the Eyes","Sweeping Beam"],"picked":"SKIP","floor":7},{"not_picked":["Turbo","Sweeping Beam"],"picked":"White Noise","floor":8},{"not_picked":["Sunder","Beam Cell","Hyperbeam"],"picked":"SKIP","floor":10},{"not_picked":["Chaos","Undo"],"picked":"Blizzard","floor":12},{"not_picked":["Go for the Eyes","Hologram"],"picked":"Cold Snap","floor":13},{"not_picked":["Turbo","Compile Driver"],"picked":"Barrage","floor":18},{"not_picked":["Barrage","Stack"],"picked":"Defragment","floor":22},{"not_picked":["Sunder+1","Ball Lightning+1","Recycle"],"picked":"SKIP","floor":24},{"not_picked":["Coolheaded","Streamline","Go for the Eyes"],"picked":"SKIP","floor":25}],"player_experience":206761,"relics_obtained":[{"floor":9,"key":"Shovel"},{"floor":11,"key":"Unceasing Top"},{"floor":15,"key":"Gambling Chip"},{"floor":26,"key":"Omamori"}],"event_choices":[{"damage_healed":0,"gold_gain":0,"player_choice":"Forge","damage_taken":0,"max_hp_gain":0,"max_hp_loss":0,"event_name":"Accursed Blacksmith","floor":2,"gold_loss":0,"cards_upgraded":["Dualcast"]},{"damage_healed":0,"gold_gain":0,"player_choice":"Take Damage","damage_taken":18,"relics_obtained":["Golden Idol"],"max_hp_gain":0,"max_hp_loss":0,"event_name":"Golden Idol","floor":4,"gold_loss":0},{"damage_healed":0,"gold_gain":0,"cards_transformed":["Strike_B"],"player_choice":"Transformed","damage_taken":0,"max_hp_gain":0,"max_hp_loss":0,"event_name":"Transmorgrifier","floor":5,"gold_loss":0,"cards_obtained":["Lockon"]},{"damage_healed":25,"gold_gain":0,"player_choice":"Banana","damage_taken":0,"max_hp_gain":0,"max_hp_loss":0,"event_name":"Big Fish","floor":14,"gold_loss":0},{"damage_healed":0,"gold_gain":0,"cards_transformed":["Strike_B","Lockon"],"player_choice":"Became Test Subject","damage_taken":0,"max_hp_gain":0,"max_hp_loss":0,"event_name":"Drug Dealer","floor":19,"gold_loss":0,"cards_obtained":["Lockon","Barrage"]},{"damage_healed":0,"gold_gain":0,"player_choice":"Ignored","damage_taken":0,"max_hp_gain":0,"max_hp_loss":0,"event_name":"Beggar","floor":20,"gold_loss":0},{"damage_healed":0,"gold_gain":0,"player_choice":"Read","damage_taken":0,"max_hp_gain":0,"max_hp_loss":0,"event_name":"The Library","floor":21,"gold_loss":0,"cards_obtained":["Turbo"]}],"is_beta":false,"boss_relics":[{"not_picked":["Fusion Hammer","Nuclear Battery"],"picked":"Empty Cage"}],"items_purged_floors":[],"is_endless":false,"potions_floor_spawned":[10,13,16,18],"killed_by":"Cultist and Chosen","ascension_level":6}}