{"host":"cyh4fejqtcjbfr7k","time":1608009838,"event":{"mods":["2.2 Compatiblity","AchievementEnabler","BaseMod","Colored Map","Colored Powertips","DeckTracker","Downfall","Googly Eyes","Hubris","Infinite Spire","Minty Spire (QoL Compilation)","Replay The Spire","Shop Mod","StSLib","SuperFastMode","The Disciple","Unceasing Turn Reminder"],"gold_per_floor":[114,114,126,138,23,23,23,23,47,47,47,47,47,77,77,178,178,189,202,214,58,76,102,102,102,171,171,171,185,185,209,209,313,313,327,327,338,39,57,57,69,82,82,82,102,131,131,146,146,146],"floor_reached":51,"playtime":2123,"items_purged":[],"score":770,"play_id":"c61d6eb8-0624-4f1d-9d0a-099e320c0af6","local_time":"20201214222358","is_ascension_mode":false,"campfire_choices":[{"data":"Adrenaline","floor":6,"key":"SMITH"},{"data":"Footwork","floor":8,"key":"SMITH"},{"data":"Blade Dance","floor":13,"key":"SMITH"},{"floor":15,"key":"REST"},{"floor":25,"key":"REST"},{"data":"Catalyst","floor":28,"key":"SMITH"},{"data":"infinitespire:Gouge","floor":32,"key":"SMITH"},{"data":"Backstab","floor":40,"key":"SMITH"},{"data":"Blade Dance","floor":44,"key":"SMITH"},{"floor":49,"key":"REST"},{"data":"Dash","floor":49,"key":"SMITH"}],"circlet_count":0,"master_deck":["Strike_G","Strike_G","Strike_G","Strike_G","Strike_G","Defend_G","Defend_G","Defend_G","Defend_G","Defend_G","Survivor+1","Neutralize","Flying Knee","Footwork+1","Blade Dance+1","Adrenaline+1","Replay:Bag of Tricks+1","Quick Slash","infinitespire:Neurotoxin","Outmaneuver+1","Backstab+1","Reflex+1","Catalyst+1","Replay:Poison Smokescreen+1","infinitespire:Gouge+1","ReplayTheSpireMod:??????????????????????","After Image","Dash+1","Poisoned Stab","Blade Dance+1","Bane"],"relics":["Ring of the Snake","FossilizedHelix","Strawberry","ReplayTheSpireMod:TigerMarble","Busted Crown","PreservedInsect","Lantern","infinitespire:Broken Mirror","hubris:Backtick","Ice Cream","infinitespire:Magic Flask","Replay:Wax Seal","SacredBark","Gremlin Food","Happy Flower","Sundial","Tough Bandages"],"acts_visited":["Exordium","TheCity","TheBeyond"],"potions_floor_usage":[16,23,33,33],"damage_taken":[{"damage":9,"enemies":"Cultist","floor":1,"turns":4},{"damage":0,"enemies":"Jaw Worm","floor":3,"turns":5},{"damage":2,"enemies":"2 Louse","floor":4,"turns":2},{"damage":21,"enemies":"Lagavulin","floor":14,"turns":7},{"damage":41,"enemies":"The Guardian","floor":16,"turns":16},{"damage":3,"enemies":"3 Byrds","floor":18,"turns":5},{"damage":0,"enemies":"Chosen","floor":19,"turns":5},{"damage":5,"enemies":"Shelled Parasite and Fungi","floor":20,"turns":6},{"damage":19,"enemies":"Snake Plant","floor":22,"turns":4},{"damage":0,"enemies":"Book of Stabbing","floor":23,"turns":4},{"damage":0,"enemies":"Cultist and Chosen","floor":29,"turns":4},{"damage":80,"enemies":"Collector","floor":33,"turns":11},{"damage":0,"enemies":"Orb Walker","floor":35,"turns":2},{"damage":0,"enemies":"3 Darklings","floor":37,"turns":4},{"damage":8,"enemies":"Spire Growth","floor":39,"turns":5},{"damage":0,"enemies":"Maw","floor":41,"turns":4},{"damage":3,"enemies":"Writhing Mass","floor":42,"turns":4},{"damage":0,"enemies":"Spire Growth","floor":45,"turns":3},{"damage":0,"enemies":"Nemesis","floor":46,"turns":3},{"damage":0,"enemies":"Sphere and 2 Shapes","floor":48,"turns":3},{"damage":33,"enemies":"Time Eater","floor":50,"turns":7}],"seed_played":"6370526332570005164","potions_obtained":[{"floor":1,"key":"CultistPotion"},{"floor":4,"key":"Block Potion"},{"floor":14,"key":"LiquidBronze"},{"floor":20,"key":"BlessingOfTheForge"},{"floor":22,"key":"ColorlessPotion"},{"floor":39,"key":"FearPotion"},{"floor":42,"key":"SpeedPotion"},{"floor":46,"key":"GamblersBrew"},{"floor":48,"key":"PowerPotion"}],"is_trial":false,"path_per_floor":["M","?","M","M","$","R","T","R","T","?","?","?","R","E","R","B",null,"M","M","M","$","M","E","?","R","T","?","R","M","AVR","T","R","B",null,"M","?","M","$","M","R","M","M","T","R","M","E","?","M","R","B",null],"character_chosen":"THE_SILENT","items_purchased":["Blade Dance","Adrenaline","PreservedInsect","Gremlin Food","Happy Flower"],"campfire_rested":3,"item_purchase_floors":[5,5,21,38,38],"current_hp_per_floor":[61,66,66,64,64,64,64,64,71,71,71,71,71,50,74,33,82,79,79,74,74,55,55,55,79,79,79,79,79,79,79,79,3,82,82,82,82,82,74,74,74,71,71,71,71,71,71,71,82,49],"gold":146,"neow_bonus":"RANDOM_EVENT","is_daily":false,"chose_seed":false,"campfire_upgraded":8,"win_rate":0.0,"timestamp":1608009838,"path_taken":["M","?","M","M","$","R","?","R","T","?","?","?","R","E","R","BOSS","M","M","M","$","M","E","?","R","T","?","R","M","AVR","?","R","BOSS","M","?","?","$","M","R","M","?","T","R","M","E","?","M","R","BOSS"],"items_purchased_type":["Card","Card","Relic","Relic","Relic"],"build_version":"2020-12-13","purchased_purges":0,"victory":true,"max_hp_per_floor":[70,75,75,75,75,75,75,75,82,82,82,82,82,82,82,82,82,82,82,82,82,82,82,82,82,82,82,82,82,82,82,82,82,82,82,82,82,82,82,82,82,82,82,82,82,82,82,82,82,82],"card_choices":[{"not_picked":["Quick Slash","hubris:SlightOfHand"],"picked":"Cloak And Dagger","floor":1},{"not_picked":["Dagger Throw","Acrobatics"],"picked":"Flying Knee","floor":3},{"not_picked":["Catalyst","Slice"],"picked":"Footwork","floor":4},{"not_picked":["Backflip","ReplayTheSpireMod:Speed Training"],"picked":"Quick Slash","floor":14},{"not_picked":["Grand Finale","Venomology"],"picked":"infinitespire:Neurotoxin","floor":16},{"not_picked":[],"picked":"Outmaneuver+1","floor":18},{"not_picked":[],"picked":"Backstab","floor":19},{"not_picked":[],"picked":"Reflex+1","floor":20},{"not_picked":["Acrobatics"],"picked":"SKIP","floor":22},{"not_picked":[],"picked":"Catalyst","floor":23},{"not_picked":[],"picked":"Replay:Poison Smokescreen+1","floor":29},{"not_picked":[],"picked":"After Image","floor":33},{"not_picked":[],"picked":"Dash","floor":35},{"not_picked":["Acrobatics"],"picked":"SKIP","floor":37},{"not_picked":[],"picked":"Poisoned Stab","floor":39},{"not_picked":["Deflect"],"picked":"SKIP","floor":41},{"not_picked":[],"picked":"Blade Dance","floor":42},{"not_picked":["Flying Knee"],"picked":"SKIP","floor":45},{"not_picked":["Calculated Gamble"],"picked":"SKIP","floor":46},{"not_picked":[],"picked":"Bane","floor":48}],"player_experience":573080,"relics_obtained":[{"floor":7,"key":"FossilizedHelix"},{"floor":9,"key":"Strawberry"},{"floor":14,"key":"ReplayTheSpireMod:TigerMarble"},{"floor":23,"key":"Lantern"},{"floor":26,"key":"infinitespire:Broken Mirror"},{"floor":31,"key":"Replay:Wax Seal"},{"floor":43,"key":"Sundial"},{"floor":46,"key":"Tough Bandages"}],"event_choices":[{"damage_healed":0,"gold_gain":0,"player_choice":"Donut","damage_taken":0,"max_hp_gain":5,"max_hp_loss":0,"event_name":"Big Fish","floor":2,"gold_loss":0},{"damage_healed":0,"gold_gain":0,"player_choice":"Ignored","damage_taken":0,"max_hp_gain":0,"max_hp_loss":0,"event_name":"Shining Light","floor":10,"gold_loss":0},{"damage_healed":0,"gold_gain":0,"player_choice":"Ignored","damage_taken":0,"max_hp_gain":0,"max_hp_loss":0,"event_name":"Vampires","floor":24,"gold_loss":0},{"damage_healed":0,"gold_gain":0,"player_choice":"Ignored","damage_taken":0,"max_hp_gain":0,"max_hp_loss":0,"event_name":"Ghosts","floor":27,"gold_loss":0},{"damage_healed":0,"gold_gain":0,"player_choice":"Ignored","damage_taken":0,"max_hp_gain":0,"max_hp_loss":0,"event_name":"Purifier","floor":36,"gold_loss":0}],"is_beta":false,"boss_relics":[{"not_picked":["hubris:CrackedHourglass","Replay:Drink Me"],"picked":"Busted Crown"},{"not_picked":["Ring of Chaos","Fusion Hammer"],"picked":"SacredBark"}],"items_purged_floors":[],"is_endless":false,"potions_floor_spawned":[1,4,14,20,22,39,42,46,48],"ascension_level":0}}