{"host":"g1wmg2w41xhsnw8g","time":1608011831,"event":{"mods":["2.2 Compatiblity","Act Like it!","BaseMod","Better Altar","Better Match","Better Note","Better Sensory Stone","Better Skull","Better Third Choice","BetterRewards","Booster Modes","CapriCore","ChefMod","Colored Map","Colored Powertips","Curses Come First","Defuse TimeMaze Blight","Displayed Cursed Tome","Friendly Minions","GifTheSpireLib","Googly Eyes","Hubris","Infinite Spire","Minty Spire (QoL Compilation)","Red Circlet Mod","Relic Sorter","SCP261 Mod","Shop Mod","Spicy Shops","StSLib","The Poker Player","The Sage","TheLocksmith","TheSwordswoman","Transform Curses","Wandering Minibosses","????"],"gold_per_floor":[113,113,113,124,78,108,48,76,76,76,107,117,117,132,132,227,227,188,188,207,218,218,253,9,44,70,70,106,115,144,171,36,148,148,213,265,374,393,452,487,53,93,93,123,136,46,62,91,91,188,188,207,9,9,20,30,47,47,47,73,73,87,108,108,127,127,200,218,218],"floor_reached":68,"playtime":5141,"items_purged":["Pride"],"score":1627,"play_id":"f802c938-1bda-4eca-8235-190695183b58","local_time":"20201215005710","daily_mods":["SealedDeck","Specialized","Heirloom","Elite Swarm"],"is_ascension_mode":true,"campfire_choices":[{"data":"blazmod:EightLifePilgrimage","floor":13,"key":"SMITH"},{"data":"infinitespire:TheBestDefense","floor":15,"key":"SMITH"},{"floor":27,"key":"REST"},{"data":"infinitespire:FutureSight","floor":49,"key":"SMITH"},{"data":"PokerPlayerMod:CardPrinter","floor":58,"key":"SMITH"},{"data":"PokerPlayerMod:CardPrinter+1","floor":64,"key":"SMITH"},{"data":"PokerPlayerMod:CardPrinter+2","floor":66,"key":"SMITH"}],"circlet_count":0,"master_deck":["blazmod:OneWithNature","blazmod:OneWithNature","blazmod:OneWithNature","blazmod:OneWithNature","blazmod:OneWithNature","PokerPlayerMod:Trickery","blazmod:FortifiedVigor","blazmod:Crosscut","blazmod:DrippingWaterHollowsStone","blazmod:MoonlightBlossoms","PokerPlayerMod:SecondChance","blazmod:DanceOfTheGods","blazmod:PhysicalEndurance","PokerPlayerMod:Overdeal","blazmod:InLoveAndWar","Apotheosis+1","infinitespire:TheBestDefense+1","PokerPlayerMod:CloakAndDiamond+1","blazmod:EightLifePilgrimage+1","blazmod:ButterflyForm","PokerPlayerMod:ItsShowtime","blazmod:FleetOfFoot","PokerPlayerMod:WildCard+1","PokerPlayerMod:DiamondStrike","blazmod:PerennialBeauty","blazmod:SeismicSlash","infinitespire:FutureSight+1","blazmod:ClearTheMind","PokerPlayerMod:ClubStrike","blazmod:MirrorImage","blazmod:KatanaStrike","blazmod:DawnflutterDance","blazmod:VisionsOfButterflies","PokerPlayerMod:CardPrinter+3","Enlightenment","infinitespire:Gouge","CurseOfTheBell","infinitespire:Oblivion"],"relics":["blazmod:ConfectionCutter","betterThird:SlimedRelic","infinitespire:Satchel","Chemical X","Vajra","blazmod:BladeOfPurification","FossilizedHelix","SlaversCollar","hubris:FruitBowl","Toy Ornithopter","MerchantsRug","Membership Card","OrangePellets","Oddly Smooth Stone","CeramicFish","hubris:TenFootPole","Peace Pipe","SacredBark","infinitespire:Golems Mask","The Courier","Bag of Preparation","hubris:Backtick","locksmith:EmptyKey","wanderingMiniBosses:ThiefScarf","blazmod:Venustas","Ice Cream","Bag of Marbles","Dream Catcher","Turnip","infinitespire:Lucky Rock","Letter Opener","Pen Nib","Boot","infinitespire:PuzzleCube","Blood Vial","sagemod:Blowpipe","Medical Kit","Thread and Needle","Bag of Marbles","sagemod:Singing_Vial","Juzu Bracelet","Black Star","Bird Faced Urn","Akabeko","blazmod:Raikiri","Ornamental Fan","hubris:OldNail","War Paint","hubris:TinFlute","Calling Bell","MealTicket","infinitespire:FocusingShard","Incense Burner"],"acts_visited":["Exordium","TheCity","TheBeyond","Exordium","TheCity"],"potions_floor_usage":[16,18,21,39,50,55,63],"damage_taken":[{"damage":0,"enemies":"Small Slimes","floor":1,"turns":3},{"damage":0,"enemies":"Jaw Worm","floor":4,"turns":3},{"damage":0,"enemies":"Lagavulin","floor":6,"turns":4},{"damage":12,"enemies":"Gremlin Nob","floor":8,"turns":4},{"damage":9,"enemies":"Lagavulin","floor":11,"turns":4},{"damage":0,"enemies":"2 Louse","floor":12,"turns":1},{"damage":0,"enemies":"Gremlin Gang","floor":14,"turns":2},{"damage":0,"enemies":"Hexaghost","floor":16,"turns":6},{"damage":3,"enemies":"3 Byrds","floor":18,"turns":6},{"damage":1,"enemies":"Chosen","floor":20,"turns":4},{"damage":0,"enemies":"Snake Plant","floor":21,"turns":4},{"damage":9,"enemies":"Nightmare","floor":23,"turns":6},{"damage":9,"enemies":"Slavers","floor":25,"turns":4},{"damage":2,"enemies":"Book of Stabbing","floor":28,"turns":3},{"damage":13,"enemies":"Slavers","floor":30,"turns":3},{"damage":8,"enemies":"Snecko","floor":31,"turns":4},{"damage":7,"enemies":"Collector","floor":33,"turns":6},{"damage":30,"enemies":"Orb Walker","floor":35,"turns":5},{"damage":0,"enemies":"2 Orb Walkers","floor":36,"turns":3},{"damage":14,"enemies":"infinitespire:Three Voidlings","floor":37,"turns":3},{"damage":9,"enemies":"Nightmare_Alpha","floor":37,"turns":8},{"damage":11,"enemies":"3 Darklings","floor":38,"turns":5},{"damage":6,"enemies":"Mind Bloom Boss Battle","floor":39,"turns":3},{"damage":0,"enemies":"Nightmare","floor":40,"turns":1},{"damage":1,"enemies":"Reptomancer","floor":42,"turns":2},{"damage":0,"enemies":"Giant Head","floor":44,"turns":5},{"damage":0,"enemies":"Transient","floor":45,"turns":5},{"damage":10,"enemies":"4 Shapes","floor":47,"turns":3},{"damage":0,"enemies":"Reptomancer","floor":48,"turns":2},{"damage":0,"enemies":"Time Eater","floor":50,"turns":2},{"damage":0,"enemies":"2 Louse","floor":52,"turns":1},{"damage":0,"enemies":"Jaw Worm","floor":55,"turns":1},{"damage":0,"enemies":"Cultist","floor":56,"turns":1},{"damage":0,"enemies":"Lagavulin","floor":57,"turns":2},{"damage":0,"enemies":"2 Fungi Beasts","floor":62,"turns":2},{"damage":18,"enemies":"Nightmare","floor":63,"turns":4},{"damage":0,"enemies":"Lagavulin","floor":65,"turns":2},{"damage":3,"enemies":"The Guardian","floor":67,"turns":3}],"seed_played":"1775502796075925308","potions_obtained":[{"floor":6,"key":"SpeedPotion"},{"floor":8,"key":"Explosive Potion"},{"floor":12,"key":"Block Potion"},{"floor":18,"key":"SCP261:DietGhostPotion"},{"floor":23,"key":"sagemod:Wine"},{"floor":25,"key":"SteroidPotion"},{"floor":31,"key":"Swift Potion"},{"floor":38,"key":"SCP261:DewritoBlazePotion"},{"floor":39,"key":"LiquidMemories"},{"floor":40,"key":"SCP261:SweetSwarmPotion"},{"floor":42,"key":"SCP261:DewritoBlazePotion"},{"floor":46,"key":"SCP261:BlastolaColaPotion"},{"floor":48,"key":"DistilledChaos"},{"floor":50,"key":"SkillPotion"},{"floor":55,"key":"Weak Potion"}],"is_trial":true,"path_per_floor":["M","?","?","M","?","E","R","E","T","$","E","M","R","M","R","B",null,"M","?","M","M","$","NM","R","E","T","R","E","AVR","E","M","R","B",null,"M","?","?","M","?","NM","R","E","T","E","M","?","M","E","R","B",null,"M","?","?","M","M","E","R","?","T","?","M","NM","R","E","R","B",null],"character_chosen":"THE_SWORDSWOMAN","items_purchased":["Chemical X","hubris:FruitBowl","MerchantsRug","Membership Card","OrangePellets","The Courier","Bag of Preparation","PokerPlayerMod:ClubStrike","Letter Opener","Pen Nib","Boot","infinitespire:PuzzleCube","Blood Vial","sagemod:Blowpipe","Medical Kit"],"campfire_rested":1,"item_purchase_floors":[7,22,24,24,24,32,32,32,41,41,41,41,41,41,41],"current_hp_per_floor":[40,40,30,30,19,19,19,13,13,13,31,31,31,31,31,34,40,39,39,38,38,19,19,19,19,19,31,37,37,24,31,31,24,40,10,20,31,20,31,31,31,32,32,34,40,40,30,40,40,40,40,40,49,49,49,49,49,49,53,53,53,53,39,39,53,53,52,53,53],"gold":218,"neow_bonus":"","is_daily":false,"chose_seed":false,"campfire_upgraded":6,"win_rate":0.0,"timestamp":1608011830,"path_taken":["M","?","?","M","?","E","R","E","T","?","E","?","R","M","R","BOSS","M","?","M","M","?","NM","R","E","T","R","E","AVR","E","?","R","BOSS","M","?","?","M","?","NM","R","E","T","E","M","?","?","E","R","BOSS","M","?","?","M","M","E","R","?","T","?","M","NM","R","E","R","BOSS"],"items_purchased_type":["Relic","Relic","Relic","Relic","Relic","Relic","Relic","Card","Relic","Relic","Relic","Relic","Relic","Relic","Relic"],"build_version":"2020-12-13","purchased_purges":1,"victory":false,"max_hp_per_floor":[40,40,40,40,40,40,40,40,40,40,40,40,40,40,40,40,40,40,40,40,40,40,40,40,40,40,40,40,40,40,40,40,40,40,40,40,40,40,40,40,40,40,40,40,40,40,40,40,40,40,40,40,49,49,49,49,49,49,53,53,53,53,53,53,53,53,53,53,53],"card_choices":[{"not_picked":["PokerPlayerMod:DartThrow","blazmod:FortifiedVigor","blazmod:Contingency"],"picked":"SKIP","floor":1},{"not_picked":["infinitespire:Fortify","infinitespire:Menacing"],"picked":"infinitespire:TheBestDefense","floor":3},{"not_picked":["blazmod:FortifiedVigor","blazmod:TrueOfHeart"],"picked":"PokerPlayerMod:CloakAndDiamond","floor":4},{"not_picked":["PokerPlayerMod:FakeSymbols","PokerPlayerMod:WasteCollection"],"picked":"blazmod:EightLifePilgrimage","floor":6},{"not_picked":["blazmod:DawnflutterDance","blazmod:ButterflyBlade"],"picked":"blazmod:ButterflyForm","floor":8},{"not_picked":["blazmod:GlasswingWaltz","blazmod:InLoveAndWar"],"picked":"PokerPlayerMod:ItsShowtime","floor":11},{"not_picked":["blazmod:StanceChange","PokerPlayerMod:DiamondStrike"],"picked":"blazmod:FleetOfFoot","floor":12},{"not_picked":["blazmod:LoveAndHonor","PokerPlayerMod:ClubsClub","blazmod:ButterFlutter"],"picked":"SKIP","floor":14},{"not_picked":["blazmod:InLoveAndWar","PokerPlayerMod:StackedDeck"],"picked":"PokerPlayerMod:WildCard","floor":16},{"not_picked":["PokerPlayerMod:CloakAndDiamond","blazmod:Crosscut","PokerPlayerMod:DartThrow"],"picked":"SKIP","floor":18},{"not_picked":["blazmod:ButterFlutter","blazmod:FleetOfFoot"],"picked":"PokerPlayerMod:DiamondStrike","floor":20},{"not_picked":["PokerPlayerMod:Configure+1","blazmod:Valiance","PokerPlayerMod:CardBurn"],"picked":"SKIP","floor":21},{"not_picked":["blazmod:InLoveAndWar","PokerPlayerMod:FakeSymbols","blazmod:ButterflyForm"],"picked":"SKIP","floor":23},{"not_picked":["blazmod:ButterflyBlade","blazmod:NaturesBeauty"],"picked":"blazmod:PerennialBeauty","floor":25},{"not_picked":["PokerPlayerMod:ItsShowtime","PokerPlayerMod:FakeSymbols"],"picked":"blazmod:SeismicSlash","floor":28},{"not_picked":["blazmod:InLoveAndWar","PokerPlayerMod:WildCard","PokerPlayerMod:StackedDeck"],"picked":"SKIP","floor":30},{"not_picked":["PokerPlayerMod:MagicTrick","PokerPlayerMod:ClubsClub"],"picked":"blazmod:ClearTheMind","floor":31},{"not_picked":["blazmod:ButterflyForm","blazmod:SeismicSlash"],"picked":"blazmod:MirrorImage","floor":33},{"not_picked":["PokerPlayerMod:ClubsClub","blazmod:BoulderFlash+1","PokerPlayerMod:DiamondStrike+1"],"picked":"SKIP","floor":35},{"not_picked":["infinitespire:DeathsTouch","hubris:InfiniteBlow+2496"],"picked":"infinitespire:SealOfDarkness+","floor":37},{"not_picked":["PokerPlayerMod:MagicTrick+1","PokerPlayerMod:Raise+1","blazmod:FleetOfFoot+1"],"picked":"SKIP","floor":38},{"not_picked":["PokerPlayerMod:FillThePot+1","blazmod:OpenSpirit"],"picked":"blazmod:KatanaStrike","floor":39},{"not_picked":["blazmod:AlmightyPassage","PokerPlayerMod:Duplicate"],"picked":"blazmod:DawnflutterDance","floor":40},{"not_picked":["blazmod:ButterflyForm","PokerPlayerMod:Promotion"],"picked":"blazmod:VisionsOfButterflies","floor":42},{"not_picked":["PokerPlayerMod:ChangeRules","blazmod:TrueSelf","blazmod:OneWithNature"],"picked":"Singing Bowl","floor":44},{"not_picked":["blazmod:MindsEye","PokerPlayerMod:DartThrow+1","PokerPlayerMod:MagicTrick"],"picked":"SKIP","floor":45},{"not_picked":["PokerPlayerMod:Trickery+1","PokerPlayerMod:DiamondStrike","PokerPlayerMod:Raise+1"],"picked":"Singing Bowl","floor":47},{"not_picked":["blazmod:GlasswingWaltz","blazmod:NaturesBeauty","blazmod:MirrorImage"],"picked":"Singing Bowl","floor":48},{"not_picked":["blazmod:VisionsOfButterflies","PokerPlayerMod:Promotion","PokerPlayerMod:SecretDealer"],"picked":"Singing Bowl","floor":50},{"not_picked":["blazmod:SidewaySolace","blazmod:MoonlightBlossoms"],"picked":"PokerPlayerMod:CardPrinter","floor":52},{"not_picked":["blazmod:LoveAndHonor","blazmod:HarmonyComplete","blazmod:ButterFlutter"],"picked":"Singing Bowl","floor":55},{"not_picked":["PokerPlayerMod:DiamondStrike","blazmod:Crosscut","blazmod:ButterFlutter"],"picked":"SKIP","floor":56},{"not_picked":["blazmod:VisionsOfButterflies","PokerPlayerMod:Promotion","PokerPlayerMod:VarietyAttack"],"picked":"SKIP","floor":57},{"not_picked":["blazmod:BoulderFlash","blazmod:PureOfSoul","blazmod:Crosscut"],"picked":"SKIP","floor":62},{"not_picked":["hubris:InfiniteBlow+2496","hubris:Fate"],"picked":"infinitespire:Gouge","floor":63},{"not_picked":["PokerPlayerMod:Promotion","blazmod:ForgeWays","blazmod:AlmightyPassage"],"picked":"SKIP","floor":63},{"not_picked":["PokerPlayerMod:RoyalStrike","blazmod:Setsuna","blazmod:EightLifePilgrimage"],"picked":"SKIP","floor":65},{"not_picked":["infinitespire:SevenWalls","hubris:Rewind"],"picked":"infinitespire:Oblivion","floor":68}],"player_experience":1177022,"relics_obtained":[{"floor":6,"key":"infinitespire:Satchel"},{"floor":8,"key":"Vajra"},{"floor":9,"key":"blazmod:BladeOfPurification"},{"floor":11,"key":"FossilizedHelix"},{"floor":23,"key":"Toy Ornithopter"},{"floor":25,"key":"Oddly Smooth Stone"},{"floor":26,"key":"CeramicFish"},{"floor":28,"key":"hubris:TenFootPole"},{"floor":30,"key":"infinitespire:Golems Mask"},{"floor":35,"key":"wanderingMiniBosses:ThiefScarf"},{"floor":35,"key":"blazmod:Venustas"},{"floor":36,"key":"Ice Cream"},{"floor":37,"key":"hubris:AstralHammer"},{"floor":39,"key":"Turnip"},{"floor":40,"key":"infinitespire:Lucky Rock"},{"floor":42,"key":"Thread and Needle"},{"floor":43,"key":"Bag of Marbles"},{"floor":44,"key":"sagemod:Singing_Vial"},{"floor":48,"key":"Juzu Bracelet"},{"floor":57,"key":"Bird Faced Urn"},{"floor":57,"key":"Akabeko"},{"floor":60,"key":"blazmod:Raikiri"},{"floor":63,"key":"Ornamental Fan"},{"floor":63,"key":"hubris:OldNail"},{"floor":65,"key":"War Paint"},{"floor":65,"key":"hubris:TinFlute"},{"floor":68,"key":"MealTicket"},{"floor":68,"key":"infinitespire:FocusingShard"},{"floor":68,"key":"Incense Burner"}],"event_choices":[{"damage_healed":40,"gold_gain":0,"player_choice":"Embrace","damage_taken":0,"max_hp_gain":0,"max_hp_loss":40,"event_name":"betterThird:BetterShining","floor":2,"gold_loss":0},{"damage_healed":0,"gold_gain":0,"player_choice":"Slimed","damage_taken":11,"max_hp_gain":0,"max_hp_loss":0,"event_name":"betterThird:BetterGoop","floor":5,"gold_loss":46},{"damage_healed":0,"gold_gain":0,"player_choice":"Bought 0 Potions","damage_taken":0,"max_hp_gain":0,"max_hp_loss":0,"event_name":"The Woman in Blue","floor":19,"gold_loss":0},{"damage_healed":0,"gold_gain":0,"player_choice":"Fight","damage_taken":0,"max_hp_gain":0,"max_hp_loss":0,"event_name":"Mysterious Sphere","floor":36,"gold_loss":0},{"damage_healed":0,"gold_gain":0,"player_choice":"Fight","damage_taken":0,"max_hp_gain":0,"max_hp_loss":0,"event_name":"MindBloom","floor":39,"gold_loss":0},{"damage_healed":0,"gold_gain":0,"player_choice":"RENOUNCE","damage_taken":207,"max_hp_gain":0,"max_hp_loss":0,"event_name":"betterThird:BetterSerpent","floor":53,"gold_loss":207,"cards_obtained":["Enlightenment"]},{"damage_healed":49,"gold_gain":0,"player_choice":"Leave","damage_taken":0,"max_hp_gain":0,"max_hp_loss":49,"event_name":"betterThird:BetterShining","floor":54,"gold_loss":1},{"damage_healed":0,"gold_gain":0,"player_choice":"Bought 0 Potions","damage_taken":0,"max_hp_gain":0,"max_hp_loss":0,"event_name":"The Woman in Blue","floor":61,"gold_loss":0}],"is_beta":false,"boss_relics":[{"not_picked":["blazmod:Vyxaba","blazmod:SamuraiSword"],"picked":"SlaversCollar"},{"not_picked":["Velvet Choker","Calling Bell"],"picked":"hubris:Backtick"},{"not_picked":["Runic Dome","Tiny House"],"picked":"Black Star"},{"not_picked":["hubris:HollowSoul","hubris:CrackedHourglass"],"picked":"Calling Bell"}],"items_purged_floors":[41],"is_endless":true,"potions_floor_spawned":[6,8,12,18,23,25,31,37,38,39,40,42,48,50,55,62],"ascension_level":1}}