{"host":"bux1pdxjwq4dkad9","time":1608020402,"event":{"mods":["BaseMod","Colored Map","Library of Ruina","Library of Ruina Extra","Minty Spire (QoL Compilation)","Quick Restart","Shop Mod","Spicy Shops","StSLib","SuperFastMode","The Fake Hero","Thieving Mod","Uncapped","【人物mod】游戏王New YuGiOh mod","【遗物Mod】简单游戏"],"gold_per_floor":[515,690,690,132,132,457,473,423,423,323,350,365,400,418,418,518,518,518,374,374,374,374,374,374,374,374,374,374,374,374,374,374,374,374,374,374,374,39,39,39,39,39,39,39,0,0,0,0,0,0,0,0,0,0,0,0],"floor_reached":57,"playtime":2816,"items_purged":["Regret","Doubt"],"score":1746,"play_id":"283c0704-cf54-4471-a37d-6f72e86df6be","local_time":"20201215162002","is_ascension_mode":false,"campfire_choices":[{"data":"luka_mod:Wait","floor":15,"key":"PURGE"},{"data":"luka_mod:Struggle","floor":32,"key":"SMITH"},{"floor":40,"key":"RECALL"},{"data":"luka_mod:Ilias","floor":49,"key":"SMITH"},{"data":"luka_mod:Daystar","floor":53,"key":"SMITH"}],"circlet_count":0,"master_deck":["luka_mod:StrikeLukaTwo+1","luka_mod:StrikeLukaThree+1","luka_mod:StrikeLukaFour+1","luka_mod:StrikeLukaFive+1","luka_mod:StrikeLukaSix+1","luka_mod:Salt","luka_mod:Guard+1","luka_mod:Edging+1","luka_mod:FlailWildly+1","luka_mod:Meditation","luka_mod:NinefoldRakshasa","luka_mod:Tamamo","luka_mod:UnusedPoison","luka_mod:Determination","luka_mod:Struggle+1","luka_mod:Feel","luka_mod:BegIlias","luka_mod:Calm+1","luka_mod:AlmaElma","luka_mod:Daystar+1","Madness","Madness","luka_mod:Ilias+1","luka_mod:Salamander+1"],"relics":["luka_mod:KeepsakeRing","EasyRelic","Matryoshka","Old Coin","Orichalcum","PageOfScarecrow","Pen Nib","PageOfPinocchio","Ectoplasm","Medical Kit","Oddly Smooth Stone","Blood Vial","Singing Bowl","MawBank","Dream Catcher","SacredBark","PageOfScorchedGirl","PageOfLaetitia","Centennial Puzzle","Red Mask","The Courier","PageOfBloodbath"],"acts_visited":["Exordium","TheCity","TheBeyond","TheEnding"],"potions_floor_usage":[51,56,56,56,56,56],"damage_taken":[{"damage":0.0,"enemies":"2 Louse","floor":1.0,"turns":3.0},{"damage":0.0,"enemies":"3 Sentries","floor":6.0,"turns":6.0},{"damage":0.0,"enemies":"Small Slimes","floor":7.0,"turns":2.0},{"damage":0.0,"enemies":"Gremlin Nob","floor":11.0,"turns":4.0},{"damage":0.0,"enemies":"Jaw Worm","floor":12.0,"turns":2.0},{"damage":0.0,"enemies":"3 Sentries","floor":13.0,"turns":4.0},{"damage":0,"enemies":"3 Louse","floor":14,"turns":2},{"damage":0,"enemies":"Slime Boss","floor":16,"turns":3},{"damage":0,"enemies":"Chosen","floor":18,"turns":3},{"damage":0,"enemies":"Spheric Guardian","floor":20,"turns":3},{"damage":0,"enemies":"Cultist and Chosen","floor":21,"turns":3},{"damage":0,"enemies":"3 Cultists","floor":22,"turns":3},{"damage":0,"enemies":"Slavers","floor":23,"turns":2},{"damage":0,"enemies":"Sentry and Sphere","floor":25,"turns":2},{"damage":0,"enemies":"Centurion and Healer","floor":27,"turns":2},{"damage":0,"enemies":"3 Cultists","floor":28,"turns":2},{"damage":0,"enemies":"Book of Stabbing","floor":29,"turns":3},{"damage":0,"enemies":"Gremlin Leader","floor":31,"turns":3},{"damage":0,"enemies":"KingOfGreed","floor":33,"turns":6},{"damage":0,"enemies":"Orb Walker","floor":35,"turns":3},{"damage":0,"enemies":"3 Shapes","floor":36,"turns":2},{"damage":0,"enemies":"Spire Growth","floor":37,"turns":3},{"damage":0,"enemies":"3 Darklings","floor":39,"turns":2},{"damage":0,"enemies":"Giant Head","floor":41,"turns":4},{"damage":0,"enemies":"Jaw Worm Horde","floor":44,"turns":2},{"damage":0,"enemies":"Reptomancer","floor":46,"turns":3},{"damage":0,"enemies":"4 Shapes","floor":47,"turns":2},{"damage":0,"enemies":"Transient","floor":48,"turns":5},{"damage":0,"enemies":"Time Eater","floor":50,"turns":4},{"damage":0,"enemies":"Shield and Spear","floor":55,"turns":3},{"damage":0,"enemies":"The Heart","floor":56,"turns":3}],"seed_played":"2401947132938510492","potions_obtained":[{"floor":6.0,"key":"SkillPotion"},{"floor":12.0,"key":"DuplicationPotion"},{"floor":14,"key":"SmokeBomb"},{"floor":16,"key":"PowerPotion"},{"floor":23,"key":"EntropicBrew"},{"floor":55,"key":"EntropicBrew"}],"is_trial":false,"path_per_floor":["M","?","?","$","?","E","M","?","T","$","E","M","E","M","R","B",null,"M","$","M","M","M","E","?","M","T","M","M","E","?","E","R","B",null,"M","M","M","$","M","R","E","?","T","M","?","E","M","M","R","B",null,null,"R","$","E","B",null],"character_chosen":"LUKA_CLASS","items_purchased":["luka_mod:Tamamo","Medical Kit","PageOfScorchedGirl","PageOfLaetitia"],"campfire_rested":0,"item_purchase_floors":[4,19,38,38],"current_hp_per_floor":[29,29,29,29,29,40,21,21,21,21,40,40,40,40,40,40,40,40,40,40,40,40,40,40,40,40,40,42,42,42,22,22,15,48,18,17,60,60,62,62,40,32,32,46,46,72,31,78,78,43,80,80,80,80,82,82],"gold":0,"neow_bonus":"THREE_RARE_CARDS","is_daily":false,"chose_seed":false,"campfire_upgraded":3,"win_rate":0.0,"timestamp":1608020402,"path_taken":["M","?","?","$","?","E","?","?","T","$","E","M","E","M","R","BOSS","M","$","M","M","M","E","?","M","T","M","M","E","?","E","R","BOSS","M","M","M","$","M","R","E","?","T","M","?","E","M","M","R","BOSS","R","$","E","BOSS"],"items_purchased_type":["Card","Relic","Relic","Relic"],"build_version":"2020-12-13","purchased_purges":2,"victory":true,"max_hp_per_floor":[40,40,40,40,40,40,40,40,40,40,40,40,40,40,40,40,40,40,40,40,40,40,40,40,40,40,40,42,42,42,46,46,48,48,52,56,60,60,62,62,66,66,66,68,68,72,74,78,78,80,80,80,80,80,82,82],"card_choices":[{"not_picked":["luka_mod:Ilias","luka_mod:Granberia"],"picked":"luka_mod:NinefoldRakshasa","floor":0.0},{"not_picked":["luka_mod:Overexert","luka_mod:UnusedPoison","luka_mod:StressRelief"],"picked":"SKIP","floor":1.0},{"not_picked":["luka_mod:BladeOfStillWater","luka_mod:Overexert","luka_mod:RestrictedStrike"],"picked":"SKIP","floor":6.0},{"not_picked":["luka_mod:StressRelief","luka_mod:GuardedStrike","luka_mod:PeacePreach"],"picked":"SKIP","floor":7.0},{"not_picked":["luka_mod:WindSlash","luka_mod:PrayToIlias"],"picked":"luka_mod:Determination","floor":11.0},{"not_picked":["luka_mod:GuardTraining","luka_mod:StressRelief","luka_mod:FlashKill"],"picked":"SKIP","floor":12.0},{"not_picked":["luka_mod:Struggle","luka_mod:HeavenlyDemonRevival","luka_mod:Calm"],"picked":"SKIP","floor":13},{"not_picked":["luka_mod:HeavenlyDemonRevival","luka_mod:BladeOfSolidEarth","luka_mod:FireSlash"],"picked":"SKIP","floor":14},{"not_picked":["luka_mod:Request+1","luka_mod:Overexert+1","luka_mod:RestrictedStrike"],"picked":"SKIP","floor":18},{"not_picked":["luka_mod:Feel","luka_mod:NinefoldRakshasa","luka_mod:WindSlash+1"],"picked":"SKIP","floor":20},{"not_picked":["luka_mod:EarthRumblingDecapitation","luka_mod:RestrictedStrike+1","luka_mod:WindSlash"],"picked":"SKIP","floor":21},{"not_picked":["luka_mod:Calm","luka_mod:DemonDecapitation","luka_mod:WindSlash+1"],"picked":"SKIP","floor":22},{"not_picked":["luka_mod:DemonSkullBeheading","luka_mod:Struggle","luka_mod:Overexert+1"],"picked":"SKIP","floor":23},{"not_picked":["luka_mod:DemonSkullBeheading","luka_mod:Overexert+1"],"picked":"luka_mod:Struggle","floor":23},{"not_picked":["luka_mod:Optimistic","luka_mod:HeroicStrike+1"],"picked":"luka_mod:BegIlias","floor":25},{"not_picked":["luka_mod:IliasesJudgement","luka_mod:Struggle"],"picked":"luka_mod:Calm+1","floor":27},{"not_picked":["luka_mod:StressRelief","luka_mod:Overexert","luka_mod:Optimistic"],"picked":"Singing Bowl","floor":28},{"not_picked":["luka_mod:Intense","luka_mod:Feel+1"],"picked":"luka_mod:AlmaElma","floor":29},{"not_picked":["luka_mod:Feel","luka_mod:FireSlash+1","luka_mod:ThunderThrust"],"picked":"Singing Bowl","floor":31},{"not_picked":["luka_mod:SpoilerForm","luka_mod:SpoilerDance"],"picked":"luka_mod:Daystar","floor":33},{"not_picked":["luka_mod:DemonDecapitation","luka_mod:GuardTraining","luka_mod:Determination+1"],"picked":"Singing Bowl","floor":35},{"not_picked":["luka_mod:IliasesJudgement+1","luka_mod:CriticalHit","luka_mod:WaterSlash+1"],"picked":"Singing Bowl","floor":36},{"not_picked":["luka_mod:FireSlash","luka_mod:Overexert+1","luka_mod:SuperAttack"],"picked":"Singing Bowl","floor":37},{"not_picked":["luka_mod:Overexert","luka_mod:DemonDecapitation","luka_mod:DemonSkullBeheading"],"picked":"Singing Bowl","floor":39},{"not_picked":["luka_mod:WaterSlash","luka_mod:ThunderThrust+1","luka_mod:StressRelief+1"],"picked":"Singing Bowl","floor":41},{"not_picked":["luka_mod:RestrictedStrike","luka_mod:EarthSlash","luka_mod:StrikeLuka"],"picked":"Singing Bowl","floor":44},{"not_picked":["luka_mod:BladeOfHowlingWind+1","luka_mod:HeroicStrike+1","luka_mod:Intense"],"picked":"Singing Bowl","floor":46},{"not_picked":["luka_mod:StrikeLuka+1","luka_mod:Sara+1"],"picked":"luka_mod:Ilias","floor":47},{"not_picked":["luka_mod:FireSlash","luka_mod:BladeOfHowlingWind","luka_mod:ThunderThrust+1"],"picked":"Singing Bowl","floor":48},{"not_picked":["luka_mod:AlmaElma","luka_mod:EndlessGuard+1"],"picked":"luka_mod:Salamander+1","floor":55}],"player_experience":2399338,"relics_obtained":[{"floor":6.0,"key":"Old Coin"},{"floor":9.0,"key":"Orichalcum"},{"floor":9.0,"key":"PageOfScarecrow"},{"floor":11.0,"key":"Pen Nib"},{"floor":13,"key":"PageOfPinocchio"},{"floor":23,"key":"Oddly Smooth Stone"},{"floor":26,"key":"Blood Vial"},{"floor":26,"key":"Singing Bowl"},{"floor":29,"key":"MawBank"},{"floor":31,"key":"Dream Catcher"},{"floor":41,"key":"Centennial Puzzle"},{"floor":46,"key":"The Courier"},{"floor":55,"key":"PageOfBloodbath"}],"event_choices":[{"damage_healed":0.0,"max_hp_gain":0.0,"max_hp_loss":0.0,"gold_gain":175.0,"event_name":"Liars Game","player_choice":"AGREE","floor":2.0,"gold_loss":0.0,"damage_taken":0.0,"cards_obtained":["Doubt"]},{"damage_healed":0.0,"max_hp_gain":0.0,"max_hp_loss":0.0,"gold_gain":0.0,"event_name":"Big Fish","player_choice":"Box","floor":3.0,"gold_loss":0.0,"damage_taken":0.0,"relics_obtained":["Matryoshka"],"cards_obtained":["Regret"]},{"damage_healed":0.0,"max_hp_gain":0.0,"max_hp_loss":0.0,"gold_gain":0.0,"cards_transformed":["luka_mod:StrikeLukaOne"],"event_name":"Living Wall","player_choice":"Change","floor":5.0,"gold_loss":0.0,"damage_taken":0.0,"cards_obtained":["luka_mod:UnusedPoison"]},{"cards_removed":["luka_mod:Surrender"],"damage_healed":0.0,"max_hp_gain":0.0,"max_hp_loss":0.0,"gold_gain":0.0,"event_name":"The Cleric","player_choice":"Card Removal","floor":8.0,"gold_loss":50.0,"damage_taken":0.0},{"damage_healed":0,"gold_gain":0,"player_choice":"Read","damage_taken":0,"max_hp_gain":0,"max_hp_loss":0,"event_name":"The Library","floor":24,"gold_loss":0,"cards_obtained":["luka_mod:Feel"]},{"damage_healed":0,"gold_gain":0,"player_choice":"Simplicity","damage_taken":0,"max_hp_gain":0,"max_hp_loss":0,"event_name":"Back to Basics","floor":30,"gold_loss":0,"cards_upgraded":["luka_mod:StrikeLukaTwo","luka_mod:StrikeLukaThree","luka_mod:StrikeLukaFour","luka_mod:StrikeLukaFive","luka_mod:StrikeLukaSix","luka_mod:Guard","luka_mod:Edging","luka_mod:FlailWildly"]},{"damage_healed":0,"gold_gain":0,"player_choice":"Embrace Madness","damage_taken":8,"max_hp_gain":0,"max_hp_loss":0,"event_name":"Winding Halls","floor":42,"gold_loss":0,"cards_obtained":["Madness","Madness"]},{"damage_healed":0,"gold_gain":0,"player_choice":"Paid","damage_taken":0,"relics_obtained":["Red Mask"],"max_hp_gain":0,"max_hp_loss":0,"event_name":"Tomb of Lord Red Mask","floor":45,"gold_loss":39}],"is_beta":false,"boss_relics":[{"not_picked":["Busted Crown","Snecko Eye"],"picked":"Ectoplasm"},{"not_picked":["Runic Dome","Tiny House"],"picked":"SacredBark"}],"items_purged_floors":[4,10],"is_endless":false,"potions_floor_spawned":[6,12,14,16,18,22,23,25,36,41,46,55],"ascension_level":0}}