{"host":"k4e6oxvdzzmkrew5","time":1608053606,"event":{"mods":["AchievementEnabler","BaseMod","BetterRewards","Clawfect","Colored Map","Custom Start","Highlight Path","Minty Spire (QoL Compilation)","Permanent Neow","Remove Card Discount Mod","StSLib","Unceasing Turn Reminder"],"gold_per_floor":[115,75,94,108,119,144,144,97,120,140,160,190,190,15,15,111,111,121,138,138,150,150,150],"floor_reached":22,"playtime":1778,"items_purged":["Defend_B"],"score":215,"play_id":"028efe4a-3039-450f-b84f-1c5ca9592e75","local_time":"20201215113326","is_ascension_mode":false,"campfire_choices":[{"floor":15,"key":"RECALL"}],"circlet_count":0,"master_deck":["Gash","Gash","Gash","Gash","Gash","Defend_B","Defend_B","Defend_B","Defend_B","Clawfect:ClawingBeam","Clawfect:Clawter","Clawfect:Clawrage","Self Repair","Discovery+1","Rainbow","Clawfect:Clawrage","FTL","Hello World","Clawfect:Clawline","Trip","White Noise","Clawfect:ScrapingClaw+1","Clawfect:ClawForOne","Chaos+1","Clawfect:ClawLightning","Lockon+1"],"relics":["Black Star","MealTicket","Vajra","DataDisk","SacredBark"],"acts_visited":["Exordium","TheCity"],"potions_floor_usage":[6,6,6,11,12,18,21],"damage_taken":[{"damage":0,"enemies":"2 Louse","floor":1,"turns":4},{"damage":0,"enemies":"Cultist","floor":3,"turns":3},{"damage":0,"enemies":"Small Slimes","floor":4,"turns":4},{"damage":8,"enemies":"2 Fungi Beasts","floor":5,"turns":4},{"damage":15,"enemies":"Gremlin Nob","floor":6,"turns":4},{"damage":5,"enemies":"Exordium Thugs","floor":10,"turns":3},{"damage":8,"enemies":"Red Slaver","floor":11,"turns":3},{"damage":4,"enemies":"Blue Slaver","floor":12,"turns":2},{"damage":5,"enemies":"Slime Boss","floor":16,"turns":5},{"damage":9,"enemies":"3 Byrds","floor":18,"turns":3},{"damage":25,"enemies":"2 Thieves","floor":19,"turns":4},{"damage":27,"enemies":"Snecko","floor":21,"turns":4},{"damage":34,"enemies":"Cultist and Chosen","floor":22,"turns":4}],"seed_played":"-920512464466909776","potions_obtained":[{"floor":2,"key":"SmokeBomb"},{"floor":2,"key":"ColorlessPotion"},{"floor":2,"key":"EssenceOfSteel"},{"floor":3,"key":"SteroidPotion"},{"floor":10,"key":"SneckoOil"},{"floor":11,"key":"ColorlessPotion"},{"floor":12,"key":"LiquidBronze"},{"floor":19,"key":"LiquidMemories"}],"is_trial":false,"path_per_floor":["M","?","M","M","M","E","?","$","T","M","M","M","?","$","R","B",null,"M","M","?","M","M"],"character_chosen":"DEFECT","items_purchased":["Clawfect:Clawrage","Trip","White Noise","Clawfect:ScrapingClaw"],"campfire_rested":0,"item_purchase_floors":[8,14,14,14],"current_hp_per_floor":[75,75,75,75,67,52,52,67,67,62,61,57,57,72,72,74,75,73,48,48,28,0,0],"gold":150,"neow_bonus":"BOSS_RELIC","is_daily":false,"chose_seed":false,"campfire_upgraded":0,"win_rate":0.0,"timestamp":1608053606,"path_taken":["M","?","?","M","M","E","?","$","T","M","M","?","?","?","R","BOSS","M","M","?","M","?"],"items_purchased_type":["Card","Card","Card","Card"],"build_version":"2020-12-13","purchased_purges":1,"victory":false,"max_hp_per_floor":[75,75,75,75,75,75,75,75,75,75,75,75,75,75,75,75,75,75,75,75,75,75,75],"card_choices":[{"not_picked":["Hologram","Reinforced Body"],"picked":"Clawfect:ClawingBeam","floor":1},{"not_picked":["Self Repair","Consume"],"picked":"Clawfect:Clawter","floor":3},{"not_picked":["Leap","Steam","Consume"],"picked":"SKIP","floor":4},{"not_picked":["Clawfect:ScrapingClaw","Capacitor"],"picked":"Clawfect:Clawrage","floor":5},{"not_picked":["Hologram","Clawfect:ScrapingClaw"],"picked":"Self Repair","floor":6},{"not_picked":["Fission","Clawfect:ScrapingClaw"],"picked":"FTL","floor":10},{"not_picked":["Hologram","Auto Shields"],"picked":"Hello World","floor":11},{"not_picked":["Leap","Turbo"],"picked":"Clawfect:Clawline","floor":12},{"not_picked":["Reboot","Biased Cognition"],"picked":"Clawfect:ClawForOne","floor":16},{"not_picked":["Turbo","FTL"],"picked":"Chaos+1","floor":18},{"not_picked":["Skim+1","Redo"],"picked":"Clawfect:ClawLightning","floor":19},{"not_picked":["Hologram","Heatsinks+1"],"picked":"Lockon+1","floor":21}],"player_experience":121597,"relics_obtained":[{"floor":6,"key":"MealTicket"},{"floor":6,"key":"Vajra"},{"floor":9,"key":"DataDisk"}],"event_choices":[{"damage_healed":0,"gold_gain":0,"player_choice":"Bought 3 Potions","damage_taken":0,"max_hp_gain":0,"max_hp_loss":0,"event_name":"The Woman in Blue","floor":2,"gold_loss":0},{"damage_healed":0,"gold_gain":0,"player_choice":"2 cards matched","damage_taken":0,"max_hp_gain":0,"max_hp_loss":0,"event_name":"Match and Keep!","floor":7,"gold_loss":0,"cards_obtained":["Discovery","Rainbow"]},{"damage_healed":0,"gold_gain":0,"player_choice":"Forge","damage_taken":0,"max_hp_gain":0,"max_hp_loss":0,"event_name":"Accursed Blacksmith","floor":13,"gold_loss":0,"cards_upgraded":["Discovery"]},{"damage_healed":0,"gold_gain":0,"player_choice":"Upgraded","damage_taken":0,"max_hp_gain":0,"max_hp_loss":0,"event_name":"Upgrade Shrine","floor":20,"gold_loss":0,"cards_upgraded":["Clawfect:ScrapingClaw"]}],"is_beta":false,"boss_relics":[{"not_picked":["Velvet Choker","Empty Cage"],"picked":"SacredBark"}],"items_purged_floors":[8],"is_endless":false,"potions_floor_spawned":[3,4,10,11,12,19],"killed_by":"Cultist and Chosen","ascension_level":0}}