{"host":"vzugls1u57eppbds","time":1608072513,"event":{"mods":["AchievementEnabler","BaseMod","Better Third Choice","Minty Spire (QoL Compilation)","Relic Stats","Shop Mod","StSLib","The IronCluck"],"gold_per_floor":[115,65,240,315,329,329,348,348,396,415,428,45,58,89,89,191,241,257,92,107,107,120,155,155,155,232,246,246,246,246,260,260,359,359,370,370,388,404,454,484,496,129,154,154,154,7,0,0,0,0],"floor_reached":51,"playtime":1570,"items_purged":[],"score":720,"play_id":"8b06f622-6e4c-498f-bccc-141f7174330d","local_time":"20201215234833","is_ascension_mode":false,"campfire_choices":[{"data":"Coolheaded","floor":6.0,"key":"SMITH"},{"data":"Leap","floor":8.0,"key":"SMITH"},{"floor":15.0,"key":"REST"},{"floor":24.0,"key":"REST"},{"floor":29.0,"key":"REST"},{"floor":32.0,"key":"REST"},{"data":"Apotheosis","floor":45,"key":"SMITH"},{"data":"All For One","floor":49,"key":"SMITH"}],"circlet_count":0,"master_deck":["Strike_B","Strike_B","Strike_B+1","Strike_B","Defend_B+1","Defend_B","Zap+1","Leap+1","Rip and Tear","Coolheaded+1","Gash","Gash","FTL","Go for the Eyes","Apotheosis+1","Beam Cell","Sweeping Beam","Leap+1","Panache","Reinforced Body+1","Genetic Algorithm+1","All For One+1","Conserve Battery+1","Reboot+1"],"relics":["Cracked Core","War Paint","MealTicket","Mercury Hourglass","Tiny House","Calipers","Toxic Egg 2","Kunai","Empty Cage","Peace Pipe","Strawberry","Lizard Tail","Juzu Bracelet","Chemical X","Red Mask"],"acts_visited":["Exordium","TheCity","TheBeyond"],"potions_floor_usage":[40,50,50,50],"damage_taken":[{"damage":0.0,"enemies":"2 Louse","floor":1.0,"turns":3.0},{"damage":0.0,"enemies":"Small Slimes","floor":5.0,"turns":3.0},{"damage":4.0,"enemies":"Jaw Worm","floor":7.0,"turns":4.0},{"damage":0.0,"enemies":"Blue Slaver","floor":10.0,"turns":3.0},{"damage":16.0,"enemies":"Exordium Wildlife","floor":11.0,"turns":3.0},{"damage":0.0,"enemies":"Large Slime","floor":13.0,"turns":4.0},{"damage":2.0,"enemies":"Lagavulin","floor":14.0,"turns":5.0},{"damage":29.0,"enemies":"Hexaghost","floor":16.0,"turns":9.0},{"damage":1.0,"enemies":"3 Byrds","floor":18.0,"turns":4.0},{"damage":7.0,"enemies":"Shell Parasite","floor":20.0,"turns":5.0},{"damage":19.0,"enemies":"Snake Plant","floor":22.0,"turns":4.0},{"damage":38.0,"enemies":"Gremlin Leader","floor":23.0,"turns":7.0},{"damage":19.0,"enemies":"Centurion and Healer","floor":27.0,"turns":6.0},{"damage":0.0,"enemies":"Sentry and Sphere","floor":31.0,"turns":4.0},{"damage":13.0,"enemies":"Automaton","floor":33.0,"turns":9.0},{"damage":5.0,"enemies":"3 Darklings","floor":35.0,"turns":4.0},{"damage":6.0,"enemies":"3 Shapes","floor":37.0,"turns":4.0},{"damage":18.0,"enemies":"Sphere and 2 Shapes","floor":38.0,"turns":5.0},{"damage":0,"enemies":"Mind Bloom Boss Battle","floor":39,"turns":4},{"damage":39,"enemies":"Giant Head","floor":40,"turns":11},{"damage":19,"enemies":"4 Shapes","floor":41,"turns":4},{"damage":56,"enemies":"Donu and Deca","floor":50,"turns":11}],"seed_played":"-8338043780520134757","potions_obtained":[{"floor":5.0,"key":"Swift Potion"},{"floor":7.0,"key":"Explosive Potion"},{"floor":14.0,"key":"DuplicationPotion"},{"floor":17.0,"key":"ColorlessPotion"},{"floor":22.0,"key":"PotionOfCapacity"},{"floor":37.0,"key":"FearPotion"},{"floor":40,"key":"Block Potion"}],"is_trial":false,"path_per_floor":["M","?","?","?","M","R","M","R","T","M","M","$","M","E","R","B",null,"M","$","M","$","M","E","R","?","T","M","T","R","?","M","R","B",null,"M","?","M","M","?","E","M","$","T","?","R","$","?","?","R","B",null],"character_chosen":"DEFECT","items_purchased":["Apotheosis","MealTicket","Beam Cell","Panache","Lizard Tail","DistilledChaos","Chemical X"],"campfire_rested":4,"item_purchase_floors":[12,12,12,19,42,42,46],"current_hp_per_floor":[75,75,75,64,64,64,60,60,60,60,44,44,44,42,64,35,80,79,80,73,80,61,23,47,47,47,28,28,52,52,52,76,63,80,75,80,74,56,56,24,5,20,20,76,76,76,76,76,76,20],"gold":0,"neow_bonus":"TRANSFORM_TWO_CARDS","is_daily":false,"chose_seed":false,"campfire_upgraded":4,"win_rate":0.0,"timestamp":1608072513,"path_taken":["M","?","?","?","M","R","M","R","T","M","?","$","M","E","R","BOSS","M","$","M","$","M","E","R","?","T","M","?","R","?","M","R","BOSS","M","?","?","M","?","E","M","$","T","?","R","?","?","?","R","BOSS"],"items_purchased_type":["Card","Relic","Card","Card","Relic","Potion","Relic"],"build_version":"2020-12-13","purchased_purges":0,"victory":true,"max_hp_per_floor":[75,75,75,75,75,75,75,75,75,75,75,75,75,75,75,75,80,80,80,80,80,80,80,80,80,80,80,80,80,80,80,80,80,80,80,80,80,80,80,87,87,87,87,76,76,76,76,76,76,76],"relic_stats":{"Peace Pipe":0,"Lizard Tail":0,"counters":[22,116],"MealTicket":23,"Juzu Bracelet":1,"Kunai":[46],"Chemical X":[4],"War Paint":["Defend_B","Zap"],"obtain_stats":[{"Tiny House":17,"Calipers":23,"Juzu Bracelet":43,"War Paint":9,"Empty Cage":34,"Mercury Hourglass":14,"Peace Pipe":39,"Lizard Tail":42,"Strawberry":40,"MealTicket":12,"Red Mask":47,"Kunai":28,"Chemical X":46,"Toxic Egg 2":26,"Cracked Core":0},{"Tiny House":8,"Calipers":12,"Juzu Bracelet":21,"War Paint":3,"Empty Cage":15,"Mercury Hourglass":7,"Peace Pipe":19,"Lizard Tail":21,"Strawberry":20,"MealTicket":5,"Red Mask":21,"Kunai":13,"Chemical X":21,"Toxic Egg 2":12,"Cracked Core":0},{"Tiny House":34,"Calipers":54,"Juzu Bracelet":105,"War Paint":10,"Empty Cage":73,"Mercury Hourglass":25,"Peace Pipe":90,"Lizard Tail":105,"Strawberry":101,"MealTicket":16,"Red Mask":105,"Kunai":60,"Chemical X":105,"Toxic Egg 2":54,"Cracked Core":0}],"Mercury Hourglass":[370]},"card_choices":[{"not_picked":["Chaos","Barrage"],"picked":"Coolheaded","floor":1.0},{"not_picked":["Genetic Algorithm","Stack"],"picked":"Gash","floor":5.0},{"not_picked":["Barrage","Redo"],"picked":"Gash","floor":7.0},{"not_picked":["Hologram","Streamline"],"picked":"FTL","floor":10.0},{"not_picked":["Sweeping Beam","Coolheaded"],"picked":"Go for the Eyes","floor":11.0},{"not_picked":["Turbo","Go for the Eyes"],"picked":"Sweeping Beam","floor":13.0},{"not_picked":["Redo","Aggregate"],"picked":"Leap","floor":14.0},{"not_picked":["Chaos","Doom and Gloom"],"picked":"Leap+1","floor":18.0},{"not_picked":["Compile Driver","Conserve Battery"],"picked":"Reinforced Body+1","floor":20.0},{"not_picked":["Melter","Conserve Battery","Lockon"],"picked":"SKIP","floor":22.0},{"not_picked":["Barrage","Reinforced Body+1"],"picked":"Genetic Algorithm+1","floor":23.0},{"not_picked":["Tempest+1","Compile Driver"],"picked":"Conserve Battery+1","floor":27.0},{"not_picked":["Streamline","Ball Lightning"],"picked":"Reboot+1","floor":31.0},{"not_picked":["Compile Driver+1","Loop","Fusion+1"],"picked":"SKIP","floor":35.0},{"not_picked":["Turbo+1","Barrage","Heatsinks+1"],"picked":"SKIP","floor":37.0},{"not_picked":["Compile Driver","Fusion+1","Streamline+1"],"picked":"SKIP","floor":38.0},{"not_picked":["Darkness+1","Tempest+1","Capacitor+1"],"picked":"SKIP","floor":40},{"not_picked":["Double Energy+1","Chaos+1","Steam+1"],"picked":"SKIP","floor":41}],"player_experience":219916,"relics_obtained":[{"floor":9.0,"key":"War Paint"},{"floor":14.0,"key":"Mercury Hourglass"},{"floor":23.0,"key":"Calipers"},{"floor":26.0,"key":"Toxic Egg 2"},{"floor":28.0,"key":"Kunai"},{"floor":39,"key":"Peace Pipe"},{"floor":40,"key":"Strawberry"},{"floor":43,"key":"Juzu Bracelet"}],"event_choices":[{"cards_removed":["Clumsy"],"damage_healed":0.0,"max_hp_gain":0.0,"max_hp_loss":0.0,"gold_gain":0.0,"event_name":"The Cleric","player_choice":"Card Removal","floor":2.0,"gold_loss":50.0,"damage_taken":0.0},{"damage_healed":0.0,"max_hp_gain":0.0,"max_hp_loss":0.0,"gold_gain":175.0,"event_name":"betterThird:BetterSerpent","player_choice":"AGREE","floor":3.0,"gold_loss":0.0,"damage_taken":65.0},{"damage_healed":0.0,"max_hp_gain":0.0,"max_hp_loss":0.0,"gold_gain":75.0,"event_name":"betterThird:BetterGoop","player_choice":"Gold","floor":4.0,"gold_loss":0.0,"damage_taken":11.0},{"damage_healed":0.0,"max_hp_gain":0.0,"max_hp_loss":0.0,"gold_gain":0.0,"event_name":"The Library","player_choice":"Read","floor":25.0,"gold_loss":0.0,"damage_taken":0.0,"cards_obtained":["All For One"]},{"damage_healed":0.0,"max_hp_gain":0.0,"max_hp_loss":0.0,"gold_gain":0.0,"event_name":"Cursed Tome","player_choice":"Ignored","floor":30.0,"gold_loss":0.0,"damage_taken":0.0},{"damage_healed":5.0,"max_hp_gain":0.0,"max_hp_loss":0.0,"gold_gain":0.0,"event_name":"Wheel of Change","player_choice":"Full Heal","floor":36.0,"gold_loss":0.0,"damage_taken":0.0},{"damage_healed":0,"gold_gain":0,"player_choice":"Fight","damage_taken":0,"max_hp_gain":0,"max_hp_loss":0,"event_name":"MindBloom","floor":39,"gold_loss":0},{"damage_healed":76,"gold_gain":0,"player_choice":"Heal","damage_taken":0,"max_hp_gain":0,"max_hp_loss":11,"event_name":"The Moai Head","floor":44,"gold_loss":0},{"damage_healed":0,"gold_gain":0,"player_choice":"Paid","damage_taken":0,"relics_obtained":["Red Mask"],"max_hp_gain":0,"max_hp_loss":0,"event_name":"Tomb of Lord Red Mask","floor":47,"gold_loss":7},{"cards_removed":["Leap"],"damage_healed":0,"gold_gain":0,"player_choice":"Removed Skill","damage_taken":0,"max_hp_gain":0,"max_hp_loss":0,"event_name":"Falling","floor":48,"gold_loss":0}],"is_beta":false,"boss_relics":[{"not_picked":["Velvet Choker","Snecko Eye"],"picked":"Tiny House"},{"not_picked":["Busted Crown","Inserter"],"picked":"Empty Cage"}],"items_purged_floors":[],"is_endless":false,"potions_floor_spawned":[5,7,14,22,37,40],"ascension_level":0}}