{"host":"sc0o2qwpf9j16a4i","time":1608053516,"event":{"mods":["AchievementEnabler","BaseMod","BetterRewards","Block Reminder","Colored Map","Colored Powertips","Custom Start","Highlight Path","Minty Spire (QoL Compilation)","Relic Stats"],"gold_per_floor":[113,113,130,130,140,171,171,171,171,232,282,29,64,74,74,171,171,182,232,14,28,113,146,171,191,214,214,139,176,226,239,239,336,336,346,358,408,458,566,609,639,27,27,299,299,314,142,209,209,209,209,209,93,124,124],"floor_reached":56,"playtime":1707,"items_purged":["Strike_R","Strike_R","Strike_R"],"score":1443,"play_id":"5cce4dc9-0c1f-44a0-86ca-bee6f2d322de","local_time":"20201215193156","is_ascension_mode":false,"campfire_choices":[{"data":"Demon Form","floor":8,"key":"SMITH"},{"floor":15,"key":"REST"},{"data":"Impervious","floor":27,"key":"SMITH"},{"data":"Shockwave","floor":32,"key":"SMITH"},{"floor":45,"key":"RECALL"},{"data":"Flame Barrier","floor":49,"key":"SMITH"},{"data":"Heavy Blade","floor":52,"key":"SMITH"}],"circlet_count":0,"master_deck":["Strike_R+1","Defend_R","Defend_R","Defend_R+1","Bash","Twin Strike","Clothesline","Demon Form+1","Shockwave+1","Clothesline","Impervious+1","Pommel Strike","Apotheosis","Feel No Pain","Flame Barrier+1","True Grit+1","Heavy Blade+1","Demon Form+1","Reaper","Feel No Pain","Metallicize","Body Slam"],"relics":["Snecko Eye","Mummified Hand","SsserpentHead","Darkstone Periapt","Lizard Tail","HornCleat","Matryoshka","Busted Crown","Singing Bowl","CeramicFish","Red Mask","WingedGreaves","Akabeko","PreservedInsect","Anchor","Happy Flower","Gambling Chip","MawBank","Paper Frog","DollysMirror"],"acts_visited":["Exordium","TheCity","TheBeyond","TheEnding"],"potions_floor_usage":[16,22,29,33,40,55,55],"damage_taken":[{"damage":2,"enemies":"Small Slimes","floor":1,"turns":4},{"damage":0,"enemies":"2 Louse","floor":3,"turns":2},{"damage":0,"enemies":"Cultist","floor":5,"turns":2},{"damage":10,"enemies":"Gremlin Nob","floor":6,"turns":3},{"damage":0,"enemies":"Exordium Thugs","floor":10,"turns":2},{"damage":4,"enemies":"3 Sentries","floor":13,"turns":5},{"damage":5,"enemies":"Red Slaver","floor":14,"turns":3},{"damage":2,"enemies":"The Guardian","floor":16,"turns":8},{"damage":0,"enemies":"Spheric Guardian","floor":18,"turns":3},{"damage":1,"enemies":"3 Byrds","floor":21,"turns":5},{"damage":1,"enemies":"Masked Bandits","floor":22,"turns":3},{"damage":0,"enemies":"Gremlin Leader","floor":23,"turns":6},{"damage":0,"enemies":"Book of Stabbing","floor":24,"turns":4},{"damage":0,"enemies":"Snake Plant","floor":25,"turns":3},{"damage":4,"enemies":"Slavers","floor":29,"turns":3},{"damage":0,"enemies":"3 Cultists","floor":31,"turns":3},{"damage":2,"enemies":"Champ","floor":33,"turns":7},{"damage":0,"enemies":"3 Shapes","floor":35,"turns":3},{"damage":0,"enemies":"Orb Walker","floor":36,"turns":3},{"damage":0,"enemies":"2 Orb Walkers","floor":39,"turns":5},{"damage":0,"enemies":"Nemesis","floor":40,"turns":5},{"damage":2,"enemies":"Jaw Worm Horde","floor":41,"turns":4},{"damage":0,"enemies":"3 Darklings","floor":46,"turns":3},{"damage":0,"enemies":"Transient","floor":48,"turns":5},{"damage":0,"enemies":"Awakened One","floor":50,"turns":7},{"damage":0,"enemies":"Shield and Spear","floor":54,"turns":3},{"damage":31,"enemies":"The Heart","floor":55,"turns":7}],"seed_played":"6078984949649692549","potions_obtained":[{"floor":6,"key":"Weak Potion"},{"floor":13,"key":"Block Potion"},{"floor":18,"key":"Fire Potion"},{"floor":23,"key":"SteroidPotion"},{"floor":31,"key":"Regen Potion"},{"floor":35,"key":"FairyPotion"},{"floor":36,"key":"DuplicationPotion"},{"floor":54,"key":"Strength Potion"}],"is_trial":false,"path_per_floor":["M","?","M","?","M","E","?","R","T","M","T","$","E","M","R","B",null,"M","T","$","M","?","E","E","M","T","R","$","E","?","M","R","B",null,"M","M","?","?","?","E","M","$","T","?","R","M","$","M","R","B",null,"R","$","E","B",null],"character_chosen":"IRONCLAD","items_purchased":["HornCleat","Apotheosis","Feel No Pain","Paper Frog","DollysMirror","Reaper","Feel No Pain","LiquidBronze","Metallicize","Body Slam"],"campfire_rested":1,"item_purchase_floors":[12,20,20,42,42,42,47,47,53,53],"current_hp_per_floor":[78,62,62,55,55,45,45,45,45,45,45,45,41,36,60,58,80,80,80,80,81,82,84,86,88,88,88,88,84,84,86,86,94,94,96,98,98,100,100,100,100,100,100,100,100,102,102,106,106,106,106,106,106,108,97],"gold":124,"neow_bonus":"BOSS_RELIC","is_daily":false,"chose_seed":false,"campfire_upgraded":5,"win_rate":0.0,"timestamp":1608053516,"path_taken":["M","?","M","?","M","E","?","R","T","?","?","$","E","M","R","BOSS","M","?","$","M","?","E","E","M","T","R","$","E","?","M","R","BOSS","M","M","?","?","?","E","M","$","T","?","R","M","?","?","R","BOSS","R","$","E","BOSS"],"items_purchased_type":["Relic","Card","Card","Relic","Relic","Card","Card","Potion","Card","Card"],"build_version":"2020-12-13","purchased_purges":3,"victory":true,"max_hp_per_floor":[80,80,80,80,80,80,80,80,80,80,80,80,80,80,80,80,80,80,80,80,82,84,86,88,90,90,90,90,90,90,92,92,94,94,96,98,98,100,100,100,102,102,102,102,102,104,104,106,106,106,106,106,106,108,108],"relic_stats":{"Darkstone Periapt":0,"Singing Bowl":28,"Happy Flower":[18],"counters":[27,111],"CeramicFish":90,"PreservedInsect":156,"MawBank":24,"SsserpentHead":550,"Lizard Tail":0,"Busted Crown":36,"Mummified Hand":[95],"Gambling Chip":[27],"Snecko Eye":[218,201,181,214],"obtain_stats":[{"Darkstone Periapt":9,"Singing Bowl":19,"Happy Flower":29,"CeramicFish":19,"PreservedInsect":26,"MawBank":40,"Burning Blood":0,"Akabeko":24,"SsserpentHead":7,"Lizard Tail":11,"Anchor":26,"HornCleat":12,"Matryoshka":13,"Busted Crown":17,"Mummified Hand":6,"DollysMirror":42,"Gambling Chip":39,"Snecko Eye":0,"WingedGreaves":23,"Red Mask":22,"Paper Frog":42},{"Darkstone Periapt":4,"Singing Bowl":9,"Happy Flower":15,"CeramicFish":9,"PreservedInsect":14,"MawBank":21,"Burning Blood":0,"Akabeko":13,"SsserpentHead":4,"Lizard Tail":5,"Anchor":14,"HornCleat":5,"Matryoshka":6,"Busted Crown":8,"Mummified Hand":4,"DollysMirror":22,"Gambling Chip":20,"Snecko Eye":0,"WingedGreaves":12,"Red Mask":11,"Paper Frog":22},{"Darkstone Periapt":11,"Singing Bowl":32,"Happy Flower":56,"CeramicFish":32,"PreservedInsect":53,"MawBank":82,"Burning Blood":0,"Akabeko":50,"SsserpentHead":11,"Lizard Tail":13,"Anchor":53,"HornCleat":13,"Matryoshka":18,"Busted Crown":29,"Mummified Hand":11,"DollysMirror":86,"Gambling Chip":77,"Snecko Eye":0,"WingedGreaves":46,"Red Mask":40,"Paper Frog":86}]},"card_choices":[{"not_picked":["Iron Wave","Flex"],"picked":"Twin Strike","floor":1},{"not_picked":["Dark Embrace","Thunderclap","Iron Wave"],"picked":"SKIP","floor":3},{"not_picked":["Combust","Hemokinesis"],"picked":"Clothesline","floor":5},{"not_picked":["Anger","Offering"],"picked":"Demon Form","floor":6},{"not_picked":["Sever Soul","Perfected Strike"],"picked":"Shockwave","floor":10},{"not_picked":["Combust","Armaments","Power Through"],"picked":"SKIP","floor":13},{"not_picked":["Clash","Armaments"],"picked":"Clothesline","floor":14},{"not_picked":["Bludgeon","Immolate"],"picked":"Impervious","floor":16},{"not_picked":[],"picked":"Pommel Strike","floor":18},{"not_picked":["Rampage"],"picked":"Singing Bowl","floor":21},{"not_picked":["Intimidate"],"picked":"Singing Bowl","floor":22},{"not_picked":["Hemokinesis"],"picked":"Singing Bowl","floor":23},{"not_picked":["Offering"],"picked":"Singing Bowl","floor":24},{"not_picked":["Uppercut"],"picked":"Singing Bowl","floor":25},{"not_picked":[],"picked":"Flame Barrier","floor":29},{"not_picked":["Twin Strike+1"],"picked":"Singing Bowl","floor":31},{"not_picked":["Immolate"],"picked":"Singing Bowl","floor":33},{"not_picked":["Clash"],"picked":"Singing Bowl","floor":35},{"not_picked":["Ghostly Armor+1"],"picked":"Singing Bowl","floor":36},{"not_picked":["Mind Blast"],"picked":"Singing Bowl","floor":38},{"not_picked":[],"picked":"True Grit+1","floor":39},{"not_picked":[],"picked":"Heavy Blade","floor":40},{"not_picked":["Clash+1"],"picked":"Singing Bowl","floor":41},{"not_picked":["Anger"],"picked":"Singing Bowl","floor":46},{"not_picked":["Cleave+1"],"picked":"Singing Bowl","floor":48},{"not_picked":["Sentinel"],"picked":"Singing Bowl","floor":54}],"player_experience":342288,"relics_obtained":[{"floor":6,"key":"Mummified Hand"},{"floor":9,"key":"Darkstone Periapt"},{"floor":11,"key":"Lizard Tail"},{"floor":13,"key":"Matryoshka"},{"floor":19,"key":"Singing Bowl"},{"floor":19,"key":"CeramicFish"},{"floor":22,"key":"Red Mask"},{"floor":23,"key":"WingedGreaves"},{"floor":24,"key":"Akabeko"},{"floor":26,"key":"PreservedInsect"},{"floor":26,"key":"Anchor"},{"floor":29,"key":"Happy Flower"},{"floor":39,"key":"Gambling Chip"},{"floor":40,"key":"MawBank"}],"event_choices":[{"damage_healed":0,"gold_gain":0,"player_choice":"Entered Light","damage_taken":16,"max_hp_gain":0,"max_hp_loss":0,"event_name":"Shining Light","floor":2,"gold_loss":0,"cards_upgraded":["Defend_R","Strike_R"]},{"cards_removed":["Strike_R"],"damage_healed":0,"gold_gain":0,"player_choice":"Card Removal","damage_taken":7,"max_hp_gain":0,"max_hp_loss":0,"event_name":"Golden Wing","floor":4,"gold_loss":0},{"damage_healed":0,"gold_gain":0,"player_choice":"Trade","damage_taken":0,"relics_obtained":["SsserpentHead"],"max_hp_gain":0,"max_hp_loss":0,"event_name":"FaceTrader","floor":7,"gold_loss":0},{"damage_healed":0,"gold_gain":0,"player_choice":"Fought Bandits","damage_taken":0,"max_hp_gain":0,"max_hp_loss":0,"event_name":"Masked Bandits","floor":22,"gold_loss":0},{"damage_healed":0,"gold_gain":0,"player_choice":"Ignored","damage_taken":0,"max_hp_gain":0,"max_hp_loss":0,"event_name":"Ghosts","floor":30,"gold_loss":0},{"cards_removed":["Defend_R"],"damage_healed":0,"gold_gain":0,"player_choice":"Removed Skill","damage_taken":0,"max_hp_gain":0,"max_hp_loss":0,"event_name":"Falling","floor":37,"gold_loss":0},{"damage_healed":0,"gold_gain":0,"player_choice":"Memory 1","damage_taken":0,"max_hp_gain":0,"max_hp_loss":0,"event_name":"SensoryStone","floor":38,"gold_loss":0},{"damage_healed":0,"gold_gain":0,"player_choice":"Fight","damage_taken":0,"max_hp_gain":0,"max_hp_loss":0,"event_name":"Mysterious Sphere","floor":39,"gold_loss":0},{"damage_healed":0,"gold_gain":222,"player_choice":"Wore Mask","damage_taken":0,"max_hp_gain":0,"max_hp_loss":0,"event_name":"Tomb of Lord Red Mask","floor":44,"gold_loss":0}],"is_beta":false,"boss_relics":[{"not_picked":["SlaversCollar","Sozu"],"picked":"Busted Crown"},{"not_picked":["Coffee Dripper","Mark of Pain","Runic Dome"]}],"items_purged_floors":[28,42,47],"is_endless":false,"potions_floor_spawned":[6,13,18,23,31,35,36,39,54],"ascension_level":0}}