{"host":"p7j7o00jacnw7qzt","time":1608055736,"event":{"mods":["BaseMod","Colored Map","Colored Powertips","DeckTracker","Highlight Path","Minty Spire (QoL Compilation)","Relic Stats"],"gold_per_floor":[116,391,409,484,484,484,484,561,561,313,313,46,63,90,90,167,167,184,18,18,18,38,38,38,73,125,0,0,19,46,56,56,131,131,141,141,154,154,1153,1179,1179,1208,1261,1273,1273,1273,741,755,755,755,755,755],"floor_reached":51,"playtime":1217,"items_purged":["Regret","Strike_R","Strike_R","Normality"],"score":1624,"play_id":"abb85cd3-5f30-4ca6-ab27-0d0e5e1baada","local_time":"20201215130856","is_ascension_mode":true,"campfire_choices":[{"data":"Whirlwind","floor":7.0,"key":"SMITH"},{"data":"Burning Pact","floor":11.0,"key":"SMITH"},{"data":"Power Through","floor":15.0,"key":"SMITH"},{"floor":23.0,"key":"RECALL"},{"data":"1","floor":49.0,"key":"LIFT"}],"circlet_count":0,"master_deck":["AscendersBane","Defend_R","Defend_R","Defend_R","Defend_R","Bash+1","Whirlwind+1","Burning Pact+1","Power Through+1","Berserk+1","Inflame+1","Necronomicurse","Impatience","Normality","Corruption+1","Offering","Evolve+1"],"relics":["Coffee Dripper","Frozen Egg 2","Meat on the Bone","Molten Egg 2","Medical Kit","Akabeko","HornCleat","Fusion Hammer","Chemical X","Necronomicon","Whetstone","Empty Cage","White Beast Statue","Orichalcum","Regal Pillow","Membership Card","Girya","Toy Ornithopter"],"acts_visited":["Exordium","TheCity","TheBeyond"],"potions_floor_usage":[51],"damage_taken":[{"damage":12.0,"enemies":"Small Slimes","floor":1.0,"turns":4.0},{"damage":2.0,"enemies":"Cultist","floor":3.0,"turns":4.0},{"damage":0.0,"enemies":"2 Louse","floor":13.0,"turns":2.0},{"damage":8.0,"enemies":"Gremlin Nob","floor":14.0,"turns":3.0},{"damage":38.0,"enemies":"The Guardian","floor":16.0,"turns":12.0},{"damage":0.0,"enemies":"Chosen","floor":18.0,"turns":2.0},{"damage":0.0,"enemies":"Spheric Guardian","floor":22.0,"turns":2.0},{"damage":0.0,"enemies":"Slavers","floor":25.0,"turns":1.0},{"damage":0.0,"enemies":"Shelled Parasite and Fungi","floor":29.0,"turns":1.0},{"damage":14.0,"enemies":"Book of Stabbing","floor":30.0,"turns":2.0},{"damage":0.0,"enemies":"Centurion and Healer","floor":31.0,"turns":1.0},{"damage":20.0,"enemies":"Collector","floor":33.0,"turns":4.0},{"damage":0.0,"enemies":"3 Darklings","floor":35.0,"turns":1.0},{"damage":0.0,"enemies":"3 Shapes","floor":37.0,"turns":2.0},{"damage":40.0,"enemies":"Giant Head","floor":40.0,"turns":5.0},{"damage":6.0,"enemies":"Nemesis","floor":42.0,"turns":3.0},{"damage":0.0,"enemies":"3 Darklings","floor":44.0,"turns":1.0},{"damage":23.0,"enemies":"Writhing Mass","floor":48.0,"turns":3.0},{"damage":6.0,"enemies":"Donu and Deca","floor":50.0,"turns":1.0},{"damage":89,"enemies":"Awakened One","floor":51,"turns":4}],"seed_played":"-8110172482632560958","potions_obtained":[{"floor":1.0,"key":"Block Potion"},{"floor":3.0,"key":"LiquidBronze"},{"floor":13.0,"key":"SkillPotion"},{"floor":22.0,"key":"DuplicationPotion"},{"floor":29.0,"key":"LiquidMemories"},{"floor":48.0,"key":"Energy Potion"}],"is_trial":false,"path_per_floor":["M","?","M","?","?","?","R","T","T","$","R","$","M","E","R","B",null,"M","$","?","?","M","R","?","E","T","$","R","M","E","M","R","B",null,"M","?","M","?","?","E","?","E","T","M","R","?","$","M","R","B","B"],"character_chosen":"IRONCLAD","items_purchased":["Medical Kit","Akabeko","Chemical X","Membership Card","Girya","Evolve+1","Toy Ornithopter"],"campfire_rested":0,"item_purchase_floors":[10,12,19,47,47,47,47],"current_hp_per_floor":[56,56,54,43,48,30,30,30,30,30,30,30,42,46,46,20,65,65,65,44,44,44,44,44,44,44,44,44,44,42,42,42,34,69,69,69,69,59,59,31,31,37,37,49,49,49,49,38,38,49,0,0],"gold":755,"neow_bonus":"BOSS_RELIC","is_daily":false,"chose_seed":false,"campfire_upgraded":3,"win_rate":0.0,"timestamp":1608055736,"path_taken":["M","?","?","?","?","?","R","?","T","$","R","$","M","E","R","BOSS","M","$","?","?","M","R","?","E","T","?","R","?","E","M","R","BOSS","M","?","M","?","?","E","?","E","T","?","R","?","?","M","R","BOSS","BOSS"],"items_purchased_type":["Relic","Relic","Relic","Relic","Relic","Card","Relic"],"build_version":"2020-12-13","purchased_purges":4,"victory":false,"max_hp_per_floor":[75,75,75,75,80,80,80,80,80,80,80,80,80,80,80,80,80,80,80,80,80,80,80,80,80,80,80,80,80,80,80,80,80,80,80,76,76,76,76,76,76,76,76,76,76,76,76,76,76,76,76,76],"relic_stats":{"Regal Pillow":0,"counters":[20,58],"Necronomicon":[24],"Chemical X":[31],"Whetstone":["Strike_R","Bash"],"Orichalcum":[6],"Medical Kit":[19],"obtain_stats":[{"Girya":47,"Regal Pillow":43,"Whetstone":25,"Frozen Egg 2":6,"Orichalcum":42,"Medical Kit":10,"Empty Cage":34,"Burning Blood":0,"Akabeko":12,"White Beast Statue":40,"HornCleat":14,"Molten Egg 2":9,"Fusion Hammer":17,"Coffee Dripper":0,"Necronomicon":20,"Chemical X":19,"Membership Card":47,"Toy Ornithopter":47,"Meat on the Bone":8},{"Girya":17,"Regal Pillow":16,"Whetstone":8,"Frozen Egg 2":2,"Orichalcum":16,"Medical Kit":2,"Empty Cage":12,"Burning Blood":0,"Akabeko":2,"White Beast Statue":15,"HornCleat":4,"Molten Egg 2":2,"Fusion Hammer":5,"Coffee Dripper":0,"Necronomicon":6,"Chemical X":6,"Membership Card":17,"Toy Ornithopter":17,"Meat on the Bone":2},{"Girya":50,"Regal Pillow":49,"Whetstone":30,"Frozen Egg 2":8,"Orichalcum":49,"Medical Kit":8,"Empty Cage":38,"Burning Blood":0,"Akabeko":8,"White Beast Statue":46,"HornCleat":13,"Molten Egg 2":8,"Fusion Hammer":25,"Coffee Dripper":0,"Necronomicon":27,"Chemical X":27,"Membership Card":50,"Toy Ornithopter":50,"Meat on the Bone":8}],"Toy Ornithopter":10,"Meat on the Bone":120},"card_choices":[{"not_picked":["Sever Soul","Shrug It Off"],"picked":"Whirlwind","floor":1.0},{"not_picked":["Body Slam","Flame Barrier"],"picked":"Burning Pact","floor":3.0},{"not_picked":["Fire Breathing+1","Twin Strike+1","Hemokinesis+1"],"picked":"SKIP","floor":13.0},{"not_picked":["Fire Breathing+1","Twin Strike+1","Hemokinesis+1"],"picked":"SKIP","floor":13.0},{"not_picked":["Armaments","Clash+1"],"picked":"Power Through","floor":14.0},{"not_picked":["Bludgeon+1","Exhume"],"picked":"Berserk+1","floor":16.0},{"not_picked":["Hemokinesis+1","Headbutt+1"],"picked":"Inflame+1","floor":18.0},{"not_picked":["Thunderclap+1","Havoc","Wild Strike+1"],"picked":"SKIP","floor":22.0},{"not_picked":["Carnage+1","Flex","Uppercut+1"],"picked":"SKIP","floor":25.0},{"not_picked":["Evolve+1","Anger+1","Thunderclap+1"],"picked":"SKIP","floor":29.0},{"not_picked":["Havoc","Spot Weakness","Dual Wield+1"],"picked":"SKIP","floor":30.0},{"not_picked":["Clothesline+1","Hemokinesis+1","Perfected Strike+1"],"picked":"SKIP","floor":31.0},{"not_picked":["Hemokinesis+1","Rage","Whirlwind+1"],"picked":"SKIP","floor":35.0},{"not_picked":["Combust+1","Hemokinesis+1","Fire Breathing+1"],"picked":"SKIP","floor":37.0},{"not_picked":["HandOfGreed+1","Dark Shackles"],"picked":"Impatience","floor":38.0},{"not_picked":["Metallicize+1","Shrug It Off"],"picked":"Corruption+1","floor":40.0},{"not_picked":["Shrug It Off","Anger+1","Sword Boomerang+1"],"picked":"SKIP","floor":42.0},{"not_picked":["Sword Boomerang+1","Rupture+1","Infernal Blade+1"],"picked":"SKIP","floor":44.0},{"not_picked":["Sword Boomerang+1","Anger+1","Rupture+1"],"picked":"SKIP","floor":48.0}],"player_experience":872568,"relics_obtained":[{"floor":8.0,"key":"Meat on the Bone"},{"floor":9.0,"key":"Molten Egg 2"},{"floor":14.0,"key":"HornCleat"},{"floor":20.0,"key":"Necronomicon"},{"floor":25.0,"key":"Whetstone"},{"floor":40.0,"key":"White Beast Statue"},{"floor":42.0,"key":"Orichalcum"},{"floor":43.0,"key":"Regal Pillow"}],"event_choices":[{"damage_healed":0.0,"max_hp_gain":0.0,"max_hp_loss":0.0,"gold_gain":275.0,"event_name":"Golden Shrine","player_choice":"Desecrate","floor":2.0,"gold_loss":0.0,"damage_taken":0.0,"cards_obtained":["Regret"]},{"damage_healed":0.0,"max_hp_gain":0.0,"max_hp_loss":0.0,"gold_gain":75.0,"event_name":"World of Goop","player_choice":"Gather Gold","floor":4.0,"gold_loss":0.0,"damage_taken":11.0},{"damage_healed":0.0,"max_hp_gain":5.0,"max_hp_loss":0.0,"gold_gain":0.0,"event_name":"Big Fish","player_choice":"Donut","floor":5.0,"gold_loss":0.0,"damage_taken":0.0},{"damage_healed":0.0,"max_hp_gain":0.0,"max_hp_loss":0.0,"gold_gain":0.0,"event_name":"Scrap Ooze","player_choice":"Success","floor":6.0,"gold_loss":0.0,"damage_taken":18.0,"relics_obtained":["Frozen Egg 2"]},{"damage_healed":0.0,"max_hp_gain":0.0,"max_hp_loss":0.0,"gold_gain":0.0,"event_name":"Cursed Tome","player_choice":"Obtained Book","floor":20.0,"gold_loss":0.0,"damage_taken":21.0},{"cards_removed":["Strike_R"],"damage_healed":0.0,"max_hp_gain":0.0,"max_hp_loss":0.0,"gold_gain":0.0,"event_name":"Back to Basics","player_choice":"Elegance","floor":24.0,"gold_loss":0.0,"damage_taken":0.0},{"damage_healed":0.0,"max_hp_gain":0.0,"max_hp_loss":4.0,"gold_gain":0.0,"event_name":"Winding Halls","player_choice":"Max HP","floor":36.0,"gold_loss":0.0,"damage_taken":0.0},{"damage_healed":0.0,"max_hp_gain":0.0,"max_hp_loss":0.0,"gold_gain":0.0,"event_name":"SensoryStone","player_choice":"Memory 3","floor":38.0,"gold_loss":0.0,"damage_taken":10.0},{"damage_healed":0.0,"max_hp_gain":0.0,"max_hp_loss":0.0,"gold_gain":999.0,"event_name":"MindBloom","player_choice":"Gold","floor":39.0,"gold_loss":0.0,"damage_taken":0.0,"cards_obtained":["Normality","Normality"]},{"damage_healed":0.0,"max_hp_gain":0.0,"max_hp_loss":0.0,"gold_gain":0.0,"event_name":"Match and Keep!","player_choice":"1 cards matched","floor":41.0,"gold_loss":0.0,"damage_taken":0.0,"cards_obtained":["Offering"]},{"damage_healed":0.0,"max_hp_gain":0.0,"max_hp_loss":0.0,"gold_gain":0.0,"event_name":"Tomb of Lord Red Mask","player_choice":"Ignored","floor":46.0,"gold_loss":0.0,"damage_taken":0.0}],"is_beta":false,"boss_relics":[{"not_picked":["Tiny House","SacredBark"],"picked":"Fusion Hammer"},{"not_picked":["Busted Crown","Runic Dome"],"picked":"Empty Cage"}],"items_purged_floors":[10,12,27,47],"is_endless":false,"potions_floor_spawned":[1,3,13,22,29,30,33,42,44,48],"killed_by":"Awakened One","ascension_level":20}}