{"host":"f7mgfv1rcbv6ir5v","time":1608020053,"event":{"mods":["BaseMod","Bestiary","Colored Map","Colored Powertips","Highlight Path","Minty Spire (QoL Compilation)","Relic Stats","StSLib"],"gold_per_floor":[111,130,150,225,22,22,48,48,48,74,86,129,157,182,194,308,320,345,357,369,32,49,80,80,107,107,107,107,107,107,139,139,139,139],"floor_reached":33,"playtime":1892,"items_purged":["Strike_B","Hello World+1"],"score":458,"play_id":"3671aa07-b690-4281-84ef-eecd6ad013ee","local_time":"20201215001413","is_ascension_mode":true,"campfire_choices":[{"data":"Streamline","floor":6.0,"key":"SMITH"},{"data":"Hologram","floor":8.0,"key":"SMITH"},{"data":"Doom and Gloom","floor":15.0,"key":"SMITH"},{"data":"Turbo","floor":24,"key":"SMITH"},{"data":"Multi-Cast","floor":29,"key":"SMITH"},{"data":"Electrodynamics","floor":32,"key":"SMITH"}],"circlet_count":0,"master_deck":["Defend_B","Defend_B","Defend_B","Defend_B","Zap","Dualcast","Gash","Streamline+1","Beam Cell","Doom and Gloom+1","Hologram+1","Skim","Turbo+1","Electrodynamics+1","Compile Driver","Multi-Cast+1","Meteor Strike+1","All For One+1","Go for the Eyes","J.A.X.","Leap+1","Self Repair","Skim+1"],"relics":["Coffee Dripper","Singing Bowl","MawBank","Bottled Flame","Astrolabe","Toxic Egg 2","Happy Flower","Prayer Wheel","Sundial","Mango","Darkstone Periapt"],"acts_visited":["Exordium","TheCity"],"potions_floor_usage":[18,23,25,31],"damage_taken":[{"damage":0.0,"enemies":"2 Louse","floor":1.0,"turns":2.0},{"damage":2.0,"enemies":"Jaw Worm","floor":2.0,"turns":4.0},{"damage":0.0,"enemies":"Small Slimes","floor":3.0,"turns":2.0},{"damage":25.0,"enemies":"Lagavulin","floor":7.0,"turns":4.0},{"damage":8.0,"enemies":"3 Louse","floor":10.0,"turns":3.0},{"damage":2.0,"enemies":"Gremlin Nob","floor":12.0,"turns":3.0},{"damage":6.0,"enemies":"2 Fungi Beasts","floor":13.0,"turns":2.0},{"damage":3.0,"enemies":"Large Slime","floor":14.0,"turns":4.0},{"damage":0.0,"enemies":"Slime Boss","floor":16.0,"turns":6.0},{"damage":11,"enemies":"2 Thieves","floor":18,"turns":2},{"damage":7,"enemies":"Chosen","floor":22,"turns":3},{"damage":21,"enemies":"Book of Stabbing","floor":23,"turns":4},{"damage":20,"enemies":"Gremlin Leader","floor":25,"turns":4},{"damage":23,"enemies":"Book of Stabbing","floor":31,"turns":4},{"damage":27,"enemies":"Automaton","floor":33,"turns":4}],"seed_played":"-6937132057537016134","potions_obtained":[{"floor":10.0,"key":"SteroidPotion"},{"floor":13.0,"key":"Dexterity Potion"},{"floor":16.0,"key":"SteroidPotion"},{"floor":18,"key":"SteroidPotion"},{"floor":25,"key":"DuplicationPotion"},{"floor":31,"key":"FearPotion"}],"is_trial":false,"path_per_floor":["M","M","M","?","$","R","E","R","T","M","?","E","M","M","R","B",null,"M","?","?","$","M","E","R","E","T","?","?","R","T","E","R","B"],"character_chosen":"DEFECT","items_purchased":["Doom and Gloom","Hologram","Toxic Egg 2"],"campfire_rested":0,"item_purchase_floors":[5,5,21],"current_hp_per_floor":[75,73,73,62,62,62,39,39,39,31,56,54,48,45,45,45,77,66,66,52,52,45,26,26,6,6,6,34,34,48,25,25,0,0],"gold":139,"neow_bonus":"BOSS_RELIC","is_daily":false,"chose_seed":false,"campfire_upgraded":6,"win_rate":0.0,"timestamp":1608020053,"path_taken":["M","M","M","?","$","R","E","R","T","M","?","E","M","M","R","BOSS","M","?","?","$","M","E","R","E","T","?","?","R","?","E","R","BOSS"],"items_purchased_type":["Card","Card","Relic"],"build_version":"2020-12-13","purchased_purges":2,"victory":false,"max_hp_per_floor":[75,75,75,75,75,75,77,77,77,77,77,77,77,77,77,77,77,77,77,82,82,82,84,84,84,84,84,84,84,98,98,98,98,98],"relic_stats":{"Darkstone Periapt":0,"Singing Bowl":4,"Happy Flower":[4],"counters":[15,51],"Sundial":[0],"Astrolabe":["Hello World","Meteor Strike","All For One"],"Prayer Wheel":0,"MawBank":144,"obtain_stats":[{"Darkstone Periapt":31,"Bottled Flame":12,"Singing Bowl":7,"Happy Flower":23,"Sundial":26,"Astrolabe":17,"Prayer Wheel":25,"Mango":30,"Coffee Dripper":0,"Toxic Egg 2":21,"Cracked Core":0,"MawBank":9},{"Darkstone Periapt":14,"Bottled Flame":6,"Singing Bowl":4,"Happy Flower":12,"Sundial":13,"Astrolabe":9,"Prayer Wheel":13,"Mango":13,"Coffee Dripper":0,"Toxic Egg 2":10,"Cracked Core":0,"MawBank":4},{"Darkstone Periapt":47,"Bottled Flame":18,"Singing Bowl":12,"Happy Flower":39,"Sundial":43,"Astrolabe":30,"Prayer Wheel":43,"Mango":43,"Coffee Dripper":0,"Toxic Egg 2":32,"Cracked Core":0,"MawBank":12}]},"card_choices":[{"not_picked":["Barrage","Turbo"],"picked":"Gash","floor":1.0},{"not_picked":["Hologram","Cold Snap"],"picked":"Streamline","floor":2.0},{"not_picked":["Hologram","Cold Snap"],"picked":"Beam Cell","floor":3.0},{"not_picked":["Barrage","Beam Cell","Steam"],"picked":"Singing Bowl","floor":7.0},{"not_picked":["Barrage","Compile Driver"],"picked":"Skim","floor":10.0},{"not_picked":["Ball Lightning","Fusion"],"picked":"Turbo","floor":12.0},{"not_picked":["Redo","Stack"],"picked":"Electrodynamics","floor":13.0},{"not_picked":["Doom and Gloom","Chill"],"picked":"Compile Driver","floor":14.0},{"not_picked":["Biased Cognition","Thunder Strike"],"picked":"Multi-Cast","floor":16.0},{"not_picked":["Compile Driver+1","Stack"],"picked":"Go for the Eyes","floor":18},{"not_picked":["Turbo+1","Fusion+1"],"picked":"Leap+1","floor":22},{"not_picked":["Beam Cell","Thunder Strike","Fusion+1"],"picked":"Singing Bowl","floor":23},{"not_picked":["Conserve Battery+1","Aggregate+1"],"picked":"Self Repair","floor":25},{"not_picked":["Consume+1","Fusion+1"],"picked":"Skim+1","floor":31}],"player_experience":335336,"relics_obtained":[{"floor":7.0,"key":"Singing Bowl"},{"floor":9.0,"key":"MawBank"},{"floor":12.0,"key":"Bottled Flame"},{"floor":23,"key":"Happy Flower"},{"floor":25,"key":"Prayer Wheel"},{"floor":26,"key":"Sundial"},{"floor":30,"key":"Mango"},{"floor":31,"key":"Darkstone Periapt"}],"event_choices":[{"damage_healed":0.0,"max_hp_gain":0.0,"max_hp_loss":0.0,"gold_gain":75.0,"event_name":"World of Goop","player_choice":"Gather Gold","floor":4.0,"gold_loss":0.0,"damage_taken":11.0},{"damage_healed":25.0,"max_hp_gain":0.0,"max_hp_loss":0.0,"gold_gain":0.0,"event_name":"Big Fish","player_choice":"Banana","floor":11.0,"gold_loss":0.0,"damage_taken":0.0},{"damage_healed":0,"gold_gain":0,"player_choice":"Obtain J.A.X.","damage_taken":0,"max_hp_gain":0,"max_hp_loss":0,"event_name":"Drug Dealer","floor":19,"gold_loss":0,"cards_obtained":["J.A.X."]},{"damage_healed":0,"gold_gain":0,"player_choice":"Shed Blood","damage_taken":19,"max_hp_gain":5,"max_hp_loss":0,"event_name":"Forgotten Altar","floor":20,"gold_loss":0},{"damage_healed":0,"gold_gain":0,"player_choice":"Ignored","damage_taken":0,"max_hp_gain":0,"max_hp_loss":0,"event_name":"Cursed Tome","floor":27,"gold_loss":0},{"damage_healed":28,"gold_gain":0,"player_choice":"Heal","damage_taken":0,"max_hp_gain":0,"max_hp_loss":0,"event_name":"The Library","floor":28,"gold_loss":0}],"is_beta":false,"boss_relics":[{"not_picked":["Fusion Hammer","Cursed Key"],"picked":"Astrolabe"}],"items_purged_floors":[5,21],"is_endless":false,"potions_floor_spawned":[10,13,16,18,25,31],"killed_by":"Automaton","ascension_level":4}}