{"host":"iphsb0ccnjx0pfn6","time":1608009544,"event":{"mods":["2.2 Compatiblity","AchievementEnabler","BaseMod","Colored Map","DeckTracker","Keyboard Shortcuts","Minty Spire (QoL Compilation)","Permanent Neow","Quick Restart","Relic Stats","StSLib","SuperFastMode","Uncapped","everything is the same but u backflip on backflip"],"gold_per_floor":[118,138,138,63,76,94,124,124,195,223,223,223,223],"floor_reached":12,"playtime":231,"items_purged":["Decay"],"score":176,"play_id":"787cbf2d-b82b-4a3c-92e2-45b5dd23c0bd","local_time":"20201215141904","is_ascension_mode":true,"campfire_choices":[{"data":"Blade Dance","floor":8,"key":"SMITH"},{"data":"Terror","floor":11,"key":"SMITH"}],"circlet_count":0,"master_deck":["AscendersBane","Strike_G","Strike_G","Strike_G","Strike_G","Defend_G","Defend_G","Defend_G","Defend_G","Survivor","Neutralize","Underhanded Strike","Deadly Poison","Underhanded Strike","Terror+1","Prepared","Underhanded Strike","Blade Dance+1","Cloak And Dagger"],"relics":["Ring of the Snake","Turnip","Toy Ornithopter","Meat on the Bone","Letter Opener"],"acts_visited":["Exordium"],"potions_floor_usage":[7,7,10],"damage_taken":[{"damage":0.0,"enemies":"Cultist","floor":1.0,"turns":4.0},{"damage":17.0,"enemies":"Jaw Worm","floor":2.0,"turns":5.0},{"damage":6.0,"enemies":"2 Louse","floor":5.0,"turns":2.0},{"damage":8,"enemies":"Large Slime","floor":6,"turns":4},{"damage":17,"enemies":"Lagavulin","floor":7,"turns":7},{"damage":6,"enemies":"Gremlin Nob","floor":10,"turns":3},{"damage":37,"enemies":"Lagavulin","floor":12,"turns":5}],"seed_played":"8865251615749132882","potions_obtained":[{"floor":2.0,"key":"Regen Potion"},{"floor":6,"key":"PowerPotion"},{"floor":7,"key":"Strength Potion"}],"is_trial":false,"path_per_floor":["M","M","?","$","M","M","E","R","T","E","R","E"],"character_chosen":"THE_SILENT","items_purchased":[],"campfire_rested":0,"item_purchase_floors":[],"current_hp_per_floor":[59,42,31,31,25,17,15,15,15,26,26,0,0],"gold":223,"neow_bonus":"TRANSFORM_TWO_CARDS","is_daily":false,"chose_seed":false,"campfire_upgraded":2,"win_rate":0.0,"timestamp":1608009544,"path_taken":["M","?","?","$","M","M","E","R","T","E","R","E"],"items_purchased_type":[],"build_version":"2020-12-13","purchased_purges":1,"victory":false,"max_hp_per_floor":[66,66,66,66,66,66,66,66,66,66,66,66,66],"relic_stats":{"counters":[7,30],"Turnip":[1],"Letter Opener":[5],"obtain_stats":[{"Turnip":3,"Letter Opener":10,"Toy Ornithopter":7,"Ring of the Snake":0,"Meat on the Bone":9},{"Turnip":2,"Letter Opener":6,"Toy Ornithopter":5,"Ring of the Snake":0,"Meat on the Bone":5},{"Turnip":9,"Letter Opener":25,"Toy Ornithopter":22,"Ring of the Snake":0,"Meat on the Bone":22}],"Toy Ornithopter":5,"Ring of the Snake":[14],"Meat on the Bone":12},"card_choices":[{"not_picked":["Finisher","Cloak And Dagger"],"picked":"Underhanded Strike","floor":1.0},{"not_picked":["Cloak And Dagger","Predator"],"picked":"Terror","floor":2.0},{"not_picked":["Poisoned Stab","Sucker Punch"],"picked":"Prepared","floor":5.0},{"not_picked":["Dash","Sucker Punch"],"picked":"Underhanded Strike","floor":6},{"not_picked":["Deflect","Envenom"],"picked":"Blade Dance","floor":7},{"not_picked":["Dodge and Roll","Blur"],"picked":"Cloak And Dagger","floor":10}],"player_experience":1164446,"relics_obtained":[{"floor":7,"key":"Toy Ornithopter"},{"floor":9,"key":"Meat on the Bone"},{"floor":10,"key":"Letter Opener"}],"event_choices":[{"damage_healed":0.0,"max_hp_gain":0.0,"max_hp_loss":0.0,"gold_gain":0.0,"event_name":"Scrap Ooze","player_choice":"Success","floor":3.0,"gold_loss":0.0,"damage_taken":11.0,"relics_obtained":["Turnip"]}],"is_beta":false,"boss_relics":[],"items_purged_floors":[4],"is_endless":false,"potions_floor_spawned":[2,6,7],"killed_by":"Lagavulin","ascension_level":20}}