{"host":"wnbfov91sqg45vrw","time":1608071358,"event":{"mods":["BaseMod","Downfall","GifTheSpireLib","Marisa????????","Minty Spire (QoL Compilation)","Shop Mod","StSLib","The Jungle","The Necromancer","The Servant 0.9.4"],"gold_per_floor":[99,117,130,146,161,161,161,161,218,218,237,62,62,81,93,93,93],"floor_reached":16,"playtime":724,"items_purged":[],"score":94,"play_id":"2c523d65-b5b9-486d-bbaa-256b44943865","local_time":"20201215162918","is_ascension_mode":false,"campfire_choices":[{"data":"The Bomb","floor":1,"key":"SMITH"},{"data":"Slimebound:Split","floor":8,"key":"SMITH"},{"data":"Slimebound:SplitBruiser","floor":10,"key":"SMITH"}],"circlet_count":0,"master_deck":["Slimebound:Strike_Slimebound","Slimebound:Strike_Slimebound","Slimebound:Strike_Slimebound","Slimebound:Tackle","Slimebound:Defend_Slimebound","Slimebound:Defend_Slimebound","Slimebound:Defend_Slimebound","Slimebound:Defend_Slimebound","Slimebound:Split+1","Slimebound:CorrosiveSpit","Shame","The Bomb+1","Slimebound:SplitLeeching","Slimebound:SlimeSpikes","Slimebound:LeechLife","Slimebound:SplitBruiser+1","Slimebound:Repurpose","Slimebound:SamplingLick","Slimebound:SplitMire","Slimebound:Teamwork","Regret","Slimebound:ViciousTackle","Slimebound:SpikyOuterGoop"],"relics":["Slimebound:AbsorbEndCombat","Incense Burner","MerchantsRug","Nunchaku"],"acts_visited":["Exordium"],"potions_floor_usage":[5,16],"damage_taken":[{"damage":9,"enemies":"Cultist","floor":2,"turns":4},{"damage":6,"enemies":"Small Slimes","floor":3,"turns":3},{"damage":4,"enemies":"Jaw Worm","floor":4,"turns":3},{"damage":18,"enemies":"Exordium Wildlife","floor":5,"turns":5},{"damage":33,"enemies":"Lagavulin Event","floor":9,"turns":5},{"damage":21,"enemies":"2 Fungi Beasts","floor":11,"turns":4},{"damage":18,"enemies":"downfall:FleeingMerchant","floor":12,"turns":4},{"damage":25,"enemies":"Large Slime","floor":14,"turns":3},{"damage":28,"enemies":"3 Louse","floor":15,"turns":3},{"damage":59,"enemies":"downfall:Silent","floor":16,"turns":4}],"seed_played":"-570204513511535649","potions_obtained":[{"floor":3,"key":"Regen Potion"},{"floor":5,"key":"SteroidPotion"},{"floor":9,"key":"SpeedPotion"},{"floor":15,"key":"PowerPotion"}],"is_trial":false,"path_per_floor":["R","M","M","M","M","?","T","R","?","R","M","$","?","M","M","B"],"character_chosen":"SLIMEBOUND","items_purchased":["MerchantsRug","Slimebound:Teamwork"],"campfire_rested":0,"item_purchase_floors":[12,12],"current_hp_per_floor":[60,55,53,49,54,51,51,51,50,50,49,59,59,50,36,0,0],"gold":93,"neow_bonus":"RANDOM_COLORLESS_2","is_daily":false,"chose_seed":false,"campfire_upgraded":3,"win_rate":0.0,"timestamp":1608071358,"path_taken":["R","?","M","?","M","?","T","R","?","R","M","$","?","M","M","BOSS"],"items_purchased_type":["Relic","Card"],"build_version":"2020-12-13","purchased_purges":0,"victory":false,"max_hp_per_floor":[60,60,60,60,60,60,60,60,60,60,60,60,60,60,60,60,60],"card_choices":[{"not_picked":["Secret Technique","Secret Weapon"],"picked":"The Bomb","floor":0},{"not_picked":["Slimebound:LeechEnergy","Slimebound:ProtectTheBoss"],"picked":"Slimebound:SplitLeeching","floor":2},{"not_picked":["Slimebound:FinishingTackle","Slimebound:ComboTackle"],"picked":"Slimebound:SlimeSpikes","floor":3},{"not_picked":["Slimebound:FinishingTackle","Slimebound:RollThrough"],"picked":"Slimebound:LeechLife","floor":4},{"not_picked":["Slimebound:SlimeSpikes","Slimebound:FinishingTackle"],"picked":"Slimebound:SplitBruiser","floor":5},{"not_picked":["Slimebound:LeechEnergy","Slimebound:FinishingTackle"],"picked":"Slimebound:Repurpose","floor":9},{"not_picked":["Slimebound:GrowthPunch","Slimebound:GoopSpray"],"picked":"Slimebound:SamplingLick","floor":11},{"not_picked":["Slimebound:GoopSpray","Slimebound:Grow"],"picked":"Slimebound:SplitMire","floor":12},{"not_picked":["Slimebound:SplitLeeching","Slimebound:Schlurp"],"picked":"Slimebound:ViciousTackle","floor":14},{"not_picked":["Slimebound:MassFeed","Slimebound:SplitMire"],"picked":"Slimebound:SpikyOuterGoop","floor":15}],"player_experience":1762289,"relics_obtained":[{"floor":7,"key":"Du-Vu Doll"},{"floor":9,"key":"Regal Pillow"}],"event_choices":[{"damage_healed":0,"gold_gain":0,"player_choice":"Success","damage_taken":3,"relics_obtained":["Incense Burner"],"max_hp_gain":0,"max_hp_loss":0,"event_name":"Scrap Ooze","floor":6,"gold_loss":0},{"damage_healed":0,"gold_gain":0,"player_choice":"Box","damage_taken":0,"relics_obtained":["Nunchaku"],"max_hp_gain":0,"max_hp_loss":0,"event_name":"Big Fish","floor":13,"gold_loss":0,"cards_obtained":["Regret"]}],"is_beta":false,"boss_relics":[],"items_purged_floors":[],"is_endless":false,"potions_floor_spawned":[3,5,9,15],"killed_by":"downfall:Silent","ascension_level":0}}