{"host":"4kqw88srlhl37mck","time":1608055161,"event":{"mods":["BaseMod","Better Altar","Better Match","Better Note","Better Sensory Stone","Better Skull","Better Third Choice","BetterRewards","Colored Map","Highlight Path","Marisa（霧雨　魔理沙）","Minty Spire (QoL Compilation)","Quick Restart","Rare Cards Sparkle","Remilia（蕾米莉亚）","Shade Mod","Spicy Shops","StSLib","The Animator","The Forsaken","The Servant 0.9.4","Yuri Mod"],"gold_per_floor":[111,111,124,134,145,173,173,198,198,217,62,76,93,120,120,216,216,235,160,193,203,221,246,246,278,303,303,337,337,337,28,28,133,133,152,198,198,44,55,55,81,99,126,142,169,196,196,296,296,296,296,296,7,41,41],"floor_reached":56,"playtime":2723,"items_purged":[],"score":1736,"play_id":"86014195-9528-42cd-8021-2e1a283e246b","local_time":"20201215095921","is_ascension_mode":true,"campfire_choices":[{"floor":7,"key":"RECALL"},{"data":"MastersStateliness","floor":15,"key":"SMITH"},{"data":"EternalNight","floor":24,"key":"SMITH"},{"floor":30,"key":"REST"},{"floor":32,"key":"REST"},{"floor":40,"key":"REST"},{"data":"QueenOfMidnight","floor":47,"key":"SMITH"},{"data":"ScarletShoot","floor":49,"key":"SMITH"},{"data":"RedMoon","floor":52,"key":"SMITH"}],"circlet_count":0,"master_deck":["Strike_RM","Strike_RM+1","Strike_RM+1","Defend_RM","Defend_RM","Defend_RM","RedMoon+1","ScarletShoot+1","StarOfDavid+1","ScarletImprint+1","EndlessAdversity+1","MastersStateliness+1","EternalNight+1","StarOfDavid+1","HunterOfTheNight+1","MastersStateliness+1","QueenOfMidnight+1","StarOfDavid+1","ScarletImprint+1","StarOfDavid+1"],"relics":["ScarletHat","Molten Egg 2","HornCleat","Potion Belt","Orichalcum","PreservedInsect","Matryoshka","SacredBark","Red Mask","Mango","yuri:PortableGlitches","Akabeko","Happy Flower","Blood Vial","ClockworkSouvenir","Juzu Bracelet","FairyMaid","DollysMirror","Omamori","Question Card","CeramicFish","theForsaken:Lifeblossom","Whetstone","OrangePellets","Letter Opener"],"acts_visited":["Exordium","TheCity","TheBeyond","TheEnding"],"potions_floor_usage":[55,55,55,55],"damage_taken":[{"damage":0,"enemies":"Cultist","floor":1,"turns":2},{"damage":0,"enemies":"Jaw Worm","floor":3,"turns":2},{"damage":0,"enemies":"2 Louse","floor":4,"turns":1},{"damage":4,"enemies":"2 Fungi Beasts","floor":5,"turns":3},{"damage":6,"enemies":"3 Sentries","floor":6,"turns":5},{"damage":7,"enemies":"Lagavulin","floor":8,"turns":6},{"damage":1,"enemies":"Looter","floor":10,"turns":3},{"damage":0,"enemies":"Gremlin Gang","floor":12,"turns":1},{"damage":1,"enemies":"Exordium Wildlife","floor":13,"turns":3},{"damage":0,"enemies":"Gremlin Nob","floor":14,"turns":4},{"damage":41,"enemies":"The Guardian","floor":16,"turns":8},{"damage":6,"enemies":"3 Byrds","floor":18,"turns":6},{"damage":12,"enemies":"Masked Bandits","floor":20,"turns":4},{"damage":5,"enemies":"2 Thieves","floor":21,"turns":4},{"damage":12,"enemies":"Snecko","floor":22,"turns":5},{"damage":4,"enemies":"Book of Stabbing","floor":23,"turns":4},{"damage":13,"enemies":"Slavers","floor":25,"turns":5},{"damage":28,"enemies":"Gremlin Leader","floor":28,"turns":4},{"damage":33,"enemies":"Champ","floor":33,"turns":8},{"damage":0,"enemies":"3 Darklings","floor":35,"turns":5},{"damage":27,"enemies":"2 Orb Walkers","floor":36,"turns":5},{"damage":10,"enemies":"3 Shapes","floor":39,"turns":3},{"damage":8,"enemies":"Giant Head","floor":41,"turns":6},{"damage":10,"enemies":"Maw","floor":42,"turns":5},{"damage":0,"enemies":"Spire Growth","floor":44,"turns":3},{"damage":10,"enemies":"Sphere and 2 Shapes","floor":45,"turns":3},{"damage":0,"enemies":"Reptomancer","floor":46,"turns":2},{"damage":41,"enemies":"Time Eater","floor":50,"turns":7},{"damage":30,"enemies":"Shield and Spear","floor":54,"turns":4},{"damage":135,"enemies":"The Heart","floor":55,"turns":9}],"seed_played":"6806790993596054578","potions_obtained":[{"floor":3,"key":"Swift Potion"},{"floor":8,"key":"FearPotion"},{"floor":10,"key":"BlessingOfTheForge"},{"floor":13,"key":"Regen Potion"},{"floor":14,"key":"Energy Potion"},{"floor":16,"key":"Dexterity Potion"},{"floor":23,"key":"Energy Potion"}],"is_trial":false,"path_per_floor":["M","?","M","M","M","E","R","E","T","M","$","M","M","E","R","B",null,"M","?","?","M","M","E","R","E","T","?","E","?","R","$","R","B",null,"M","?","?","$","M","R","E","M","T","M","M","E","R","?","R","B",null,"R","$","E","B",null],"character_chosen":"REMILIA","items_purchased":["Molten Egg 2","StarOfDavid+1","PreservedInsect","ClockworkSouvenir","Juzu Bracelet","DollysMirror","Whetstone","OrangePellets"],"campfire_rested":3,"item_purchase_floors":[0,0,11,31,31,38,53,53],"current_hp_per_floor":[67,67,69,69,68,63,63,59,59,61,61,61,61,63,63,36,75,72,72,64,62,63,75,75,65,65,65,44,21,47,47,73,50,89,89,62,62,62,54,80,81,79,79,81,73,75,75,75,75,63,89,89,89,69,13],"gold":41,"neow_bonus":"","is_daily":false,"chose_seed":false,"campfire_upgraded":5,"win_rate":0.0,"timestamp":1608055161,"path_taken":["M","?","M","?","M","E","R","E","T","M","$","M","?","E","R","BOSS","M","?","?","M","M","E","R","E","T","?","E","?","R","?","R","BOSS","M","?","?","$","M","R","E","M","T","M","M","E","R","?","R","BOSS","R","$","E","BOSS"],"items_purchased_type":["Relic","Card","Relic","Relic","Relic","Relic","Relic","Relic"],"build_version":"2020-12-13","purchased_purges":0,"victory":true,"max_hp_per_floor":[75,75,75,75,75,75,75,75,75,75,75,75,75,75,75,75,75,75,75,75,75,75,89,89,89,89,89,89,89,89,89,89,89,89,89,89,89,89,89,89,89,89,89,89,89,89,89,89,89,89,89,89,89,89,89],"card_choices":[{"not_picked":["ScarletSymphony","Ultimatum+1"],"picked":"ScarletImprint+1","floor":1},{"not_picked":["UnstableMagic","SuperhumanBloodyKnife+1"],"picked":"MastersStateliness","floor":3},{"not_picked":["ScarletDevil+1","SuperhumanBloodyKnife+1","MiserableFate"],"picked":"SKIP","floor":4},{"not_picked":["BlasphemousPunishment","BloodyTrap","FavorOfDestiny"],"picked":"SKIP","floor":5},{"not_picked":["BlasphemousPunishment","EndlessAdversity+1","FitfulNightmare"],"picked":"SKIP","floor":6},{"not_picked":["Stigmanizer+1","DevilSight","BloodHunter"],"picked":"SKIP","floor":8},{"not_picked":["Stigmanizer+1","DevilSight","BloodHunter"],"picked":"SKIP","floor":8},{"not_picked":["NightLord+1","MastersStateliness","AfternoonTea"],"picked":"SKIP","floor":10},{"not_picked":["BatForm","ScarletSymphony","NightLord+1"],"picked":"SKIP","floor":12},{"not_picked":["SuperhumanBloodyKnife+1","MastersStateliness","Stigmanizer+1"],"picked":"SKIP","floor":13},{"not_picked":["EndlessAdversity+1","BloodHunter","ScarletDevil+1"],"picked":"SKIP","floor":14},{"not_picked":["UltimateOffering+1","UnderTheZenith"],"picked":"EternalNight","floor":18},{"not_picked":["CharismaGuard+1","FavorOfDestiny+1"],"picked":"StarOfDavid+1","floor":19},{"not_picked":["VampireKiss+1","FavorOfDestiny"],"picked":"HunterOfTheNight+1","floor":20},{"not_picked":["EndlessAdversity+1","VampireKiss+1"],"picked":"MastersStateliness+1","floor":21},{"not_picked":["NightLord+1","ReincarnationDial+1","CeilingFear"],"picked":"SKIP","floor":22},{"not_picked":["VampirishNight","FavorOfDestiny+1","BloodyCatastrophe"],"picked":"SKIP","floor":23},{"not_picked":["Maim","ChainGang+1","VampireKiss+1"],"picked":"SKIP","floor":25},{"not_picked":["VampireKiss+1","FavorOfDestiny+1","BloodHunter+1"],"picked":"SKIP","floor":28},{"not_picked":["BloodyHallows","EquivalentExchange"],"picked":"QueenOfMidnight","floor":33},{"not_picked":["ScarletDevil+1","Maim","BloodyTrap+1"],"picked":"SKIP","floor":35},{"not_picked":["EndlessAdversity+1","TransientEternity","UnderTheZenith"],"picked":"SKIP","floor":39},{"not_picked":["NightDance+1","BloodyTrap+1"],"picked":"ScarletImprint+1","floor":41},{"not_picked":["BombardNight+1","MastersStateliness+1","BloodRain"],"picked":"SKIP","floor":42},{"not_picked":["NightLord+1","GlobalNightmare","NightDance+1","DiffusionOfMisfortune+1"],"picked":"SKIP","floor":44},{"not_picked":["VampireKiss+1","EndlessAdversity+1","Ultimatum+1"],"picked":"StarOfDavid+1","floor":45},{"not_picked":["Septette","UltimateOffering+1","BloodAndWine+1","ChainGang+1"],"picked":"SKIP","floor":46},{"not_picked":["NightDance+1","Ultimatum+1","Stigmanizer+1","EquivalentExchange"],"picked":"SKIP","floor":54}],"player_experience":213318,"relics_obtained":[{"floor":6,"key":"HornCleat"},{"floor":8,"key":"Potion Belt"},{"floor":9,"key":"Orichalcum"},{"floor":14,"key":"Matryoshka"},{"floor":20,"key":"Red Mask"},{"floor":23,"key":"Mango"},{"floor":25,"key":"yuri:PortableGlitches"},{"floor":26,"key":"Akabeko"},{"floor":28,"key":"Happy Flower"},{"floor":36,"key":"FairyMaid"},{"floor":41,"key":"Omamori"},{"floor":43,"key":"Question Card"},{"floor":43,"key":"CeramicFish"},{"floor":46,"key":"theForsaken:Lifeblossom"},{"floor":54,"key":"Letter Opener"}],"event_choices":[{"damage_healed":0,"gold_gain":0,"cards_transformed":["Strike_RM"],"player_choice":"Transformed","damage_taken":0,"max_hp_gain":0,"max_hp_loss":0,"event_name":"Transmorgrifier","floor":2,"gold_loss":0,"cards_obtained":["EndlessAdversity"]},{"damage_healed":0,"gold_gain":0,"player_choice":"2","damage_taken":0,"max_hp_gain":0,"max_hp_loss":0,"event_name":"betterMatch:BetterMatch","floor":19,"gold_loss":0,"cards_obtained":["betterMatch:UncommonCard","betterMatch:CommonCard"]},{"damage_healed":0,"gold_gain":0,"player_choice":"Fought Bandits","damage_taken":0,"max_hp_gain":0,"max_hp_loss":0,"event_name":"Masked Bandits","floor":20,"gold_loss":0},{"damage_healed":0,"gold_gain":0,"player_choice":" Vial ","damage_taken":23,"relics_obtained":["Blood Vial"],"max_hp_gain":44,"max_hp_loss":21,"event_name":"betterAltar:BetterAltar","floor":29,"potions_obtained":[],"relics_lost":[],"gold_loss":0},{"damage_healed":0,"gold_gain":0,"player_choice":"Fight","damage_taken":0,"max_hp_gain":0,"max_hp_loss":0,"event_name":"Mysterious Sphere","floor":36,"gold_loss":0},{"cards_removed":["Defend_RM"],"damage_healed":0,"gold_gain":0,"player_choice":"Removed Skill","damage_taken":0,"max_hp_gain":0,"max_hp_loss":0,"event_name":"Falling","floor":37,"gold_loss":0},{"damage_healed":0,"gold_gain":100,"player_choice":"Pray","damage_taken":0,"max_hp_gain":0,"max_hp_loss":0,"event_name":"Golden Shrine","floor":48,"gold_loss":0}],"is_beta":false,"boss_relics":[{"not_picked":["Philosopher\u0027s Stone","Runic Dome"],"picked":"SacredBark"},{"not_picked":["Velvet Choker","Snecko Eye","Cursed Key"]}],"items_purged_floors":[],"is_endless":false,"potions_floor_spawned":[3,8,10,13,14,16,23,25,39,41,44,54],"ascension_level":2}}