{"host":"1tl36azeqm6yhdgj","time":1608064913,"event":{"mods":["AchievementEnabler","BaseMod","Minty Spire (QoL Compilation)","StSLib","The IronCluck","everything is the same but u backflip on backflip"],"gold_per_floor":[109,109,59,70,82,109,109,141,141,141,154,154,154],"floor_reached":12,"playtime":394,"items_purged":[],"score":141,"play_id":"c867cb61-4fcb-4c1c-a0bb-26159d09d17f","local_time":"20201215154153","is_ascension_mode":true,"campfire_choices":[],"circlet_count":0,"master_deck":["AscendersBane","Strike_R","Strike_R","Strike_R","Defend_R","Defend_R","Defend_R","Defend_R","Bash","Ghostly Armor","Flex","Metallicize","Warcry","Regret","Rage"],"relics":["Burning Blood","NeowsBlessing","Boot","Sundial","Singing Bowl","CeramicFish","Unceasing Top"],"acts_visited":["Exordium"],"potions_floor_usage":[6,6],"damage_taken":[{"damage":0,"enemies":"2 Louse","floor":1,"turns":1},{"damage":0,"enemies":"Small Slimes","floor":4,"turns":1},{"damage":0,"enemies":"Jaw Worm","floor":5,"turns":1},{"damage":18,"enemies":"Lagavulin","floor":6,"turns":10},{"damage":65,"enemies":"3 Sentries","floor":8,"turns":23},{"damage":6,"enemies":"Blue Slaver","floor":11,"turns":6},{"damage":29,"enemies":"Gremlin Nob","floor":12,"turns":3}],"seed_played":"1989773512695129330","potions_obtained":[{"floor":4,"key":"BlessingOfTheForge"},{"floor":5,"key":"SteroidPotion"}],"is_trial":false,"path_per_floor":["M","?","?","M","M","E","?","E","T","T","M","E"],"character_chosen":"IRONCLAD","items_purchased":[],"campfire_rested":0,"item_purchase_floors":[],"current_hp_per_floor":[78,71,71,77,80,68,68,9,9,9,11,0,0],"gold":154,"neow_bonus":"THREE_ENEMY_KILL","is_daily":false,"chose_seed":false,"campfire_upgraded":0,"win_rate":0.0,"timestamp":1608064913,"path_taken":["M","?","?","M","?","E","?","E","T","?","?","E"],"items_purchased_type":[],"build_version":"2020-12-13","purchased_purges":0,"victory":false,"max_hp_per_floor":[80,80,80,80,80,80,80,80,80,80,82,82,82],"card_choices":[{"not_picked":["Shrug It Off","Twin Strike"],"picked":"Ghostly Armor","floor":1},{"not_picked":["Headbutt","Pommel Strike"],"picked":"Flex","floor":4},{"not_picked":["Infernal Blade","Spot Weakness"],"picked":"Metallicize","floor":5},{"not_picked":["Wild Strike","Dual Wield"],"picked":"Warcry","floor":6},{"not_picked":["Anger","Blood for Blood"],"picked":"Rage","floor":8},{"not_picked":["Headbutt","Heavy Blade","Berserk"],"picked":"Singing Bowl","floor":11}],"player_experience":1946169,"relics_obtained":[{"floor":6,"key":"Boot"},{"floor":8,"key":"Singing Bowl"},{"floor":9,"key":"CeramicFish"},{"floor":10,"key":"Unceasing Top"}],"event_choices":[{"cards_removed":["Strike_R"],"damage_healed":0,"gold_gain":0,"player_choice":"Card Removal","damage_taken":7,"max_hp_gain":0,"max_hp_loss":0,"event_name":"Golden Wing","floor":2,"gold_loss":0},{"cards_removed":["Strike_R"],"damage_healed":0,"gold_gain":0,"player_choice":"Card Removal","damage_taken":0,"max_hp_gain":0,"max_hp_loss":0,"event_name":"The Cleric","floor":3,"gold_loss":50},{"damage_healed":0,"gold_gain":0,"player_choice":"Box","damage_taken":0,"relics_obtained":["Sundial"],"max_hp_gain":0,"max_hp_loss":0,"event_name":"Big Fish","floor":7,"gold_loss":0,"cards_obtained":["Regret"]}],"is_beta":false,"boss_relics":[],"items_purged_floors":[],"is_endless":false,"potions_floor_spawned":[4,5],"killed_by":"Gremlin Nob","ascension_level":12}}