{"host":"1p8eqzpvl5sxeu5t","time":1608044103,"event":{"mods":["BaseMod","Bestiary","Block Reminder","Colored Map","Colored Powertips","Downfall","Highlight Path","Minty Spire (QoL Compilation)","Relic Stats","StSLib","The IronCluck","Waifu the Spire","everything is the same but u backflip on backflip","slay the spire mod where everything is the same but ironclad has a cowboy hat"],"gold_per_floor":[99,115,140,140,167,267,319,40,52,52,15,65,80,97,109,212,212,212,212,74,124,49,99,145,173,98,126,176,191,204,218,228,324,324,249,299,257,320,320,355,355,387,387,412,423,473,277,98,117,117,117,145,44,44,44],"floor_reached":56,"playtime":4939,"items_purged":["champ:Strike"],"score":1715,"play_id":"c46de066-6f34-419f-aef3-9232c3b04a55","local_time":"20201215225503","is_ascension_mode":true,"campfire_choices":[{"data":"expansioncontent:Flail","floor":1,"key":"SMITH"},{"data":"champ:Taunt","floor":4,"key":"SMITH"},{"floor":10,"key":"REST"},{"floor":18,"key":"RECALL"},{"data":"champ:SteelEdge","floor":22,"key":"SMITH"},{"data":"champ:HoldFirm","floor":26,"key":"SMITH"},{"data":"champ:Lariat","floor":35,"key":"SMITH"},{"data":"champ:AdrenalArmor","floor":39,"key":"SMITH"},{"data":"champ:Improvising","floor":43,"key":"SMITH"},{"data":"champ:HoldFirm","floor":54,"key":"SMITH"}],"circlet_count":0,"master_deck":["champ:Strike+1","champ:Strike+1","champ:Defend+1","champ:Defend+1","champ:Execute","champ:Taunt+1","expansioncontent:Flail+1","champ:Lariat+1","champ:Riposte","champ:SwordSigil","champ:FlashCut","champ:StanceDance","champ:BringItOn","champ:RisingSlash","champ:EndlessRage","champ:CrookedStrike","champ:BladeFlurry","champ:SteelEdge+1","champ:AdrenalArmor+1","champ:HoldFirm+1","champ:CalledShot+1","champ:Shatter+1","champ:GutPunch+1","champ:Duel","champ:GladiatorsShout+1","champ:HoldFirm+1","champ:LastStand","expansioncontent:SuperHexaguard","champ:Improvising+1","champ:ShieldSlam","champ:HoldFirm"],"relics":["champ:ChampionCrown","Dream Catcher","Potion Belt","downfall:CloakOfManyFaces","CultistMask","FaceOfCleric","NlothsMask","GremlinMask","SsserpentHead","Incense Burner","Cursed Key","downfall:HeartBlessingRed","Enchiridion","champ:GladiatorsBookOfMartialProwess","downfall:HeartBlessingBlue","champ:FightingForDummies","Philosopher\u0027s Stone","downfall:HeartBlessingGreen","Chemical X","Anchor","Sundial","Smiling Mask","Mummified Hand","Happy Flower"],"acts_visited":["Exordium","TheCity","TheBeyond","TheEnding"],"potions_floor_usage":[3,6,19,19,27,27,33,55,55,55,55,55],"damage_taken":[{"damage":5,"enemies":"Small Slimes","floor":2,"turns":3},{"damage":64,"enemies":"Lagavulin","floor":3,"turns":11},{"damage":44,"enemies":"Gremlin Nob","floor":5,"turns":5},{"damage":16,"enemies":"downfall:FaceTrader","floor":6,"turns":9},{"damage":0,"enemies":"downfall:FleeingMerchant","floor":8,"turns":4},{"damage":10,"enemies":"Cultist","floor":9,"turns":5},{"damage":3,"enemies":"downfall:FleeingMerchant","floor":11,"turns":4},{"damage":9,"enemies":"2 Louse","floor":13,"turns":4},{"damage":25,"enemies":"Exordium Thugs","floor":14,"turns":7},{"damage":14,"enemies":"Gremlin Gang","floor":15,"turns":6},{"damage":47,"enemies":"downfall:Watcher","floor":16,"turns":11},{"damage":25,"enemies":"Gremlin Leader","floor":19,"turns":9},{"damage":2,"enemies":"downfall:FleeingMerchant","floor":20,"turns":4},{"damage":7,"enemies":"Book of Stabbing","floor":25,"turns":5},{"damage":48,"enemies":"Slavers","floor":27,"turns":7},{"damage":33,"enemies":"Chosen","floor":29,"turns":6},{"damage":2,"enemies":"Shell Parasite","floor":30,"turns":4},{"damage":3,"enemies":"Centurion and Healer","floor":31,"turns":2},{"damage":0,"enemies":"Snecko","floor":32,"turns":3},{"damage":30,"enemies":"downfall:Defect","floor":33,"turns":12},{"damage":24,"enemies":"downfall:FleeingMerchant","floor":37,"turns":4},{"damage":4,"enemies":"Orb Walker","floor":38,"turns":3},{"damage":19,"enemies":"Giant Head","floor":40,"turns":8},{"damage":9,"enemies":"Nemesis","floor":42,"turns":11},{"damage":39,"enemies":"Giant Head","floor":44,"turns":8},{"damage":5,"enemies":"3 Darklings","floor":45,"turns":4},{"damage":40,"enemies":"Transient","floor":49,"turns":5},{"damage":75,"enemies":"downfall:Ironclad","floor":50,"turns":2},{"damage":39,"enemies":"downfall:CharBossMerchant","floor":52,"turns":7},{"damage":109,"enemies":"downfall:NeowBoss","floor":55,"turns":23}],"seed_played":"-1695602895068346667","potions_obtained":[{"floor":2,"key":"sneckomod:MuddlingPotion"},{"floor":5,"key":"Weak Potion"},{"floor":6,"key":"Fire Potion"},{"floor":9,"key":"hexamod:EctoCoolerPotion"},{"floor":13,"key":"SmokeBomb"},{"floor":29,"key":"sneckomod:MuddlingPotion"},{"floor":31,"key":"Explosive Potion"},{"floor":38,"key":"Slimebound:ThreeZeroPotion"},{"floor":44,"key":"ColorlessPotion"}],"is_trial":false,"path_per_floor":["R","M","E","R","E","?","T","$","M","R","$","?","M","M","M","B",null,"R","E","$","?","R","?","T","E","R","E","?","M","M","M","M","B",null,"R","?","$","M","R","E","T","E","R","E","M","?","$","$","M","B",null,"E","$","R","B",null],"character_chosen":"THE_CHAMP","items_purchased":["Incense Burner","champ:CrookedStrike","Fire Potion","Chemical X","champ:LastStand","expansioncontent:SuperHexaguard","Mummified Hand","champ:HoldFirm","AttackPotion","champ:CounterPotion","CultistPotion"],"campfire_rested":1,"item_purchase_floors":[8,11,20,37,37,37,47,48,48,48,53],"current_hp_per_floor":[90,85,51,51,17,11,11,12,13,40,41,72,76,68,60,56,97,97,78,81,81,81,65,65,69,79,40,40,41,42,48,49,65,116,116,116,117,118,118,119,119,120,120,121,122,114,114,114,120,124,124,125,125,125,126],"gold":44,"neow_bonus":"RANDOM_COLORLESS","is_daily":false,"chose_seed":false,"campfire_upgraded":8,"win_rate":0.0,"timestamp":1608044103,"path_taken":["R","M","E","R","E","?","T","?","M","R","$","?","M","M","M","BOSS","R","E","$","?","R","?","T","E","R","E","?","M","M","M","M","BOSS","R","?","$","?","R","E","T","E","R","E","M","?","?","$","M","BOSS","E","$","R","BOSS"],"items_purchased_type":["Relic","Card","Potion","Relic","Card","Card","Relic","Card","Potion","Potion","Potion"],"build_version":"2020-12-13","purchased_purges":1,"victory":true,"max_hp_per_floor":[90,90,90,90,90,90,90,91,92,92,93,93,94,95,96,97,97,97,98,99,99,99,99,99,100,110,111,111,112,113,114,115,116,116,116,116,117,118,118,119,119,120,120,121,122,122,122,122,123,124,124,125,125,125,126],"relic_stats":{"SsserpentHead":450,"Dream Catcher":1,"FaceOfCleric":26,"Happy Flower":[7],"counters":[30,196],"Sundial":[10],"Mummified Hand":[23],"Chemical X":[41],"Cursed Key":1,"Smiling Mask":0,"obtain_stats":[{"Potion Belt":5,"downfall:HeartBlessingRed":22,"Happy Flower":52,"Enchiridion":23,"champ:ChampionCrown":0,"GremlinMask":6,"downfall:HeartBlessingGreen":35,"Incense Burner":8,"Cursed Key":17,"Smiling Mask":44,"champ:GladiatorsBookOfMartialProwess":25,"SsserpentHead":6,"Dream Catcher":3,"Anchor":40,"FaceOfCleric":6,"downfall:HeartBlessingBlue":26,"Sundial":42,"Mummified Hand":47,"Philosopher\u0027s Stone":34,"CultistMask":6,"downfall:CloakOfManyFaces":6,"Chemical X":37,"champ:FightingForDummies":27,"NlothsMask":6},{"Potion Belt":3,"downfall:HeartBlessingRed":13,"Happy Flower":29,"Enchiridion":13,"champ:ChampionCrown":0,"GremlinMask":4,"downfall:HeartBlessingGreen":20,"Incense Burner":5,"Cursed Key":11,"Smiling Mask":25,"champ:GladiatorsBookOfMartialProwess":14,"SsserpentHead":4,"Dream Catcher":2,"Anchor":23,"FaceOfCleric":4,"downfall:HeartBlessingBlue":14,"Sundial":24,"Mummified Hand":26,"Philosopher\u0027s Stone":20,"CultistMask":4,"downfall:CloakOfManyFaces":4,"Chemical X":21,"champ:FightingForDummies":15,"NlothsMask":4},{"Potion Belt":19,"downfall:HeartBlessingRed":82,"Happy Flower":173,"Enchiridion":82,"champ:ChampionCrown":0,"GremlinMask":28,"downfall:HeartBlessingGreen":121,"Incense Burner":32,"Cursed Key":69,"Smiling Mask":155,"champ:GladiatorsBookOfMartialProwess":87,"SsserpentHead":28,"Dream Catcher":14,"Anchor":136,"FaceOfCleric":28,"downfall:HeartBlessingBlue":87,"Sundial":147,"Mummified Hand":159,"Philosopher\u0027s Stone":121,"CultistMask":28,"downfall:CloakOfManyFaces":28,"Chemical X":125,"champ:FightingForDummies":94,"NlothsMask":28}]},"card_choices":[{"not_picked":["Mind Blast","expansioncontent:SuperHexaguard"],"picked":"expansioncontent:Flail","floor":0},{"not_picked":["champ:TornadoPunch","champ:BladeFlurry"],"picked":"champ:Lariat","floor":2},{"not_picked":["champ:DefensiveShout","champ:SkillfulDodge"],"picked":"champ:Riposte","floor":3},{"not_picked":["champ:SteelEdge","champ:FanOfKnives"],"picked":"champ:SwordSigil","floor":5},{"not_picked":["champ:RapidStrikes","champ:DefensiveShout"],"picked":"champ:FlashCut","floor":6},{"not_picked":["champ:DancingMaster","champ:EnGarde"],"picked":"champ:StanceDance","floor":8},{"not_picked":["champ:RapidStrikes","champ:FightOn"],"picked":"champ:BringItOn","floor":9},{"not_picked":["champ:TornadoPunch","champ:EnGarde"],"picked":"champ:RisingSlash","floor":10},{"not_picked":["champ:GladiatorStyle","champ:PreciseThrust"],"picked":"champ:EndlessRage","floor":11},{"not_picked":["champ:Haymaker","champ:Encircle"],"picked":"champ:BladeFlurry","floor":13},{"not_picked":["champ:DefensiveStyle","champ:BerserkersShout"],"picked":"champ:SteelEdge","floor":14},{"not_picked":["champ:FlashCut","champ:Duel"],"picked":"champ:AdrenalArmor","floor":15},{"not_picked":["champ:MurderStrike","champ:IgnorePain"],"picked":"champ:HoldFirm","floor":16},{"not_picked":["champ:PreciseThrust","champ:BringItOn+1"],"picked":"champ:CalledShot+1","floor":20},{"not_picked":["champ:RapidStrikes","champ:CrookedStrike+1","champ:Riposte+1"],"picked":"SKIP","floor":25},{"not_picked":["champ:CrookedStrike","champ:Riposte"],"picked":"champ:Shatter+1","floor":27},{"not_picked":["champ:BerserkersShout","champ:FocusedDefense","champ:AdrenalArmor"],"picked":"SKIP","floor":29},{"not_picked":["champ:Backstep","champ:RisingSlash"],"picked":"champ:GladiatorsShout+1","floor":30},{"not_picked":["champ:ShieldSigil","champ:Backstep","champ:BerserkersShout"],"picked":"SKIP","floor":31},{"not_picked":["champ:GladiatorsShout","champ:GutPunch","champ:DefensiveStyle"],"picked":"SKIP","floor":32},{"not_picked":["champ:HeavySlash","champ:DancingMaster"],"picked":"champ:HoldFirm","floor":33},{"not_picked":["champ:FlashCut","champ:BerserkersShout","champ:EndlessRage+1"],"picked":"SKIP","floor":37},{"not_picked":["champ:FanOfKnives","champ:BringItOn+1","champ:DefensiveShout+1"],"picked":"SKIP","floor":38},{"not_picked":["champ:RageSigil","champ:Encircle+1"],"picked":"champ:Improvising","floor":40},{"not_picked":["champ:SwordSigil+1","champ:RecklessLeap","champ:RageSigil"],"picked":"SKIP","floor":42},{"not_picked":["champ:FanOfKnives","champ:BringItOn+1","champ:ArenaPreparation+1"],"picked":"SKIP","floor":44},{"not_picked":["champ:CrookedStrike+1","champ:FlashCut+1"],"picked":"champ:ShieldSlam","floor":45},{"not_picked":["champ:HeartStrike","champ:BladeFlurry+1","champ:BerserkerStyle"],"picked":"SKIP","floor":49},{"not_picked":["champ:Encircle+1","champ:FlashCut","champ:PerfectedStrike"],"picked":"SKIP","floor":52}],"player_experience":809559,"relics_obtained":[{"floor":3,"key":"Dream Catcher"},{"floor":5,"key":"Potion Belt"},{"floor":6,"key":"downfall:CloakOfManyFaces"},{"floor":23,"key":"Enchiridion"},{"floor":25,"key":"champ:GladiatorsBookOfMartialProwess"},{"floor":27,"key":"champ:FightingForDummies"},{"floor":40,"key":"Anchor"},{"floor":42,"key":"Sundial"},{"floor":44,"key":"Smiling Mask"},{"floor":52,"key":"Happy Flower"}],"event_choices":[{"damage_healed":31,"gold_gain":0,"player_choice":"Banana","damage_taken":0,"max_hp_gain":0,"max_hp_loss":0,"event_name":"Big Fish","floor":12,"gold_loss":0},{"damage_healed":0,"gold_gain":0,"player_choice":"Simplicity","damage_taken":0,"max_hp_gain":0,"max_hp_loss":0,"event_name":"Back to Basics","floor":21,"gold_loss":0,"cards_upgraded":["champ:Strike","champ:Strike","champ:Strike","champ:Defend","champ:Defend","champ:Defend","champ:Defend"]},{"damage_healed":0,"gold_gain":0,"cards_transformed":["champ:Strike","champ:Defend"],"player_choice":"Became Test Subject","damage_taken":0,"max_hp_gain":0,"max_hp_loss":0,"event_name":"Drug Dealer","floor":28,"gold_loss":0,"cards_obtained":["champ:GutPunch","champ:Duel"]},{"cards_removed":["Injury"],"damage_healed":0,"gold_gain":0,"player_choice":"Purged","damage_taken":0,"max_hp_gain":0,"max_hp_loss":0,"event_name":"Purifier","floor":36,"gold_loss":0}],"is_beta":false,"boss_relics":[{"not_picked":["Runic Pyramid","Fusion Hammer"],"picked":"Cursed Key"},{"not_picked":["Velvet Choker","Runic Dome"],"picked":"Philosopher\u0027s Stone"}],"items_purged_floors":[20],"is_endless":false,"potions_floor_spawned":[2,5,6,9,13,19,29,31,38,44,49],"ascension_level":1}}