{"host":"ryj1bk6ra0180tiy","time":1608015429,"event":{"mods":["BaseMod","Colored Map","Colored Powertips","Downfall","Highlight Path","Infinite Spire","Marisa????????","Minty Spire (QoL Compilation)","READ ME - Guardian Mod","Remilia??????","StSLib","The Bug Knight"],"gold_per_floor":[99,9,19,19,45,45,70,82,119,56,83,110,7,7,20,94,94,94,94,111,111,111,121,144,217,248,248,263,263,263],"floor_reached":29,"playtime":1378,"items_purged":["Slimebound:Defend_Slimebound","Slimebound:Strike_Slimebound"],"score":498,"play_id":"ca2f4cb4-3c34-476d-8c40-c98d2f43e516","local_time":"20201215165709","is_ascension_mode":true,"campfire_choices":[{"data":"Slimebound:CorrosiveSpit","floor":1,"key":"SMITH"},{"data":"Slimebound:Split","floor":4,"key":"SMITH"},{"floor":6,"key":"REST"},{"data":"Slimebound:ViciousTackle","floor":8,"key":"SMITH"},{"data":"Slimebound:SpikyOuterGoop","floor":10,"key":"SMITH"},{"data":"Slimebound:SelfFormingGoo","floor":18,"key":"PURGE"},{"data":"Slimebound:Repurpose","floor":22,"key":"PURGE"},{"floor":27,"key":"REST"}],"circlet_count":0,"master_deck":["AscendersBane","Slimebound:Strike_Slimebound","Slimebound:Strike_Slimebound","Slimebound:Tackle","Slimebound:Defend_Slimebound","Slimebound:Defend_Slimebound","Slimebound:Defend_Slimebound","Slimebound:Split+1","Slimebound:CorrosiveSpit+1","Slimebound:SpikyOuterGoop+1","Slimebound:ViciousTackle+1","Slimebound:Chomp","Slimebound:SplitMire","Slimebound:ItLooksTasty","Slimebound:Grow"],"relics":["Slimebound:AbsorbEndCombat","Matryoshka","Letter Opener","MawBank","downfall:HeartBlessingGreen","Slimebound:ScrapOozeRelic","infinitespire:Cupcake","infinitespire:Lucky Rock","Tiny Chest","Shuriken","Guardian:PocketSentry"],"acts_visited":["Exordium","TheCity"],"potions_floor_usage":[12,16,29],"damage_taken":[{"damage":4,"enemies":"downfall:FleeingMerchant","floor":2,"turns":4},{"damage":14,"enemies":"Jaw Worm","floor":3,"turns":3},{"damage":55,"enemies":"3 Sentries","floor":5,"turns":8},{"damage":46,"enemies":"HollowMod:MossKnight","floor":9,"turns":11},{"damage":8,"enemies":"2 Louse","floor":11,"turns":2},{"damage":8,"enemies":"Small Slimes","floor":12,"turns":3},{"damage":24,"enemies":"downfall:FleeingMerchant","floor":13,"turns":4},{"damage":17,"enemies":"Blue Slaver","floor":15,"turns":3},{"damage":47,"enemies":"downfall:Silent","floor":16,"turns":6},{"damage":24,"enemies":"Shell Parasite","floor":20,"turns":4},{"damage":13,"enemies":"Chosen","floor":23,"turns":3},{"damage":64,"enemies":"Book of Stabbing","floor":26,"turns":5},{"damage":21,"enemies":"Snake Plant","floor":28,"turns":3},{"damage":32,"enemies":"Shelled Parasite and Fungi","floor":29,"turns":1}],"seed_played":"-3334120043947315422","potions_obtained":[{"floor":9,"key":"PowerPotion"},{"floor":11,"key":"EssenceOfSteel"},{"floor":12,"key":"Fruit Juice"},{"floor":15,"key":"Explosive Potion"},{"floor":16,"key":"Ancient Potion"},{"floor":19,"key":"CultistPotion"},{"floor":28,"key":"Regen Potion"}],"is_trial":false,"path_per_floor":["R","$","M","R","E","R","T","R","E","R","M","M","$","?","M","B",null,"R","?","M","?","R","M","T","T","E","R","M","M"],"character_chosen":"SLIMEBOUND","items_purchased":[],"campfire_rested":2,"item_purchase_floors":[],"current_hp_per_floor":[54,59,55,55,18,35,35,35,21,21,25,36,34,34,29,18,53,53,53,53,64,64,64,64,64,16,35,16,0,0],"gold":263,"neow_bonus":"TEN_PERCENT_HP_BONUS","is_daily":false,"chose_seed":false,"campfire_upgraded":4,"win_rate":0.0,"timestamp":1608015429,"path_taken":["R","$","M","R","E","R","T","R","E","R","M","M","$","?","M","BOSS","R","?","M","?","R","M","T","?","E","R","M","M"],"items_purchased_type":[],"build_version":"2020-12-13","purchased_purges":2,"victory":false,"max_hp_per_floor":[59,59,59,59,59,59,59,59,59,59,59,64,64,64,64,64,64,64,64,64,64,64,64,64,64,64,64,64,64,64],"card_choices":[{"not_picked":["Slimebound:SamplingLick","Slimebound:MassRepurpose"],"picked":"Slimebound:SpikyOuterGoop","floor":2},{"not_picked":["Slimebound:SlimeSpikes","Slimebound:FinishingTackle"],"picked":"Slimebound:ViciousTackle","floor":3},{"not_picked":["Slimebound:GoopSpray","Slimebound:SplitAcid","Slimebound:RallyTheTroops"],"picked":"SKIP","floor":5},{"not_picked":["Slimebound:GoopTackle","Slimebound:SplitMire"],"picked":"Slimebound:Chomp","floor":9},{"not_picked":["Slimebound:FlameTackle","Slimebound:TongueLash"],"picked":"Slimebound:SplitMire","floor":11},{"not_picked":["Slimebound:Schlurp","Slimebound:ViciousTackle"],"picked":"Slimebound:ItLooksTasty","floor":12},{"not_picked":["Slimebound:FinishingTackle","Slimebound:SplitBruiser","Slimebound:Nibble"],"picked":"SKIP","floor":13},{"not_picked":["Slimebound:LeechingTouch","Slimebound:Schlurp"],"picked":"Slimebound:Repurpose","floor":15},{"not_picked":["Slimebound:MassRepurpose","Slimebound:OneTwoCombo"],"picked":"Slimebound:SelfFormingGoo","floor":16},{"not_picked":["Slimebound:ViciousTackle","Slimebound:ForwardTackle","Slimebound:LivingWall"],"picked":"SKIP","floor":20},{"not_picked":["Slimebound:ViciousTackle","Slimebound:ForwardTackle","Slimebound:LivingWall"],"picked":"SKIP","floor":20},{"not_picked":["Slimebound:Schlurp","Slimebound:SamplingLick","Slimebound:ViciousTackle+1"],"picked":"SKIP","floor":23},{"not_picked":["Slimebound:SplitBruiser","Slimebound:SlimeSlap"],"picked":"Slimebound:Grow","floor":26},{"not_picked":["Slimebound:AcidTongue","Slimebound:LeechEnergy","Slimebound:ViciousTackle"],"picked":"SKIP","floor":28}],"player_experience":3175712,"relics_obtained":[{"floor":5,"key":"Matryoshka"},{"floor":7,"key":"Letter Opener"},{"floor":7,"key":"MawBank"},{"floor":9,"key":"infinitespire:Satchel"},{"floor":24,"key":"infinitespire:Lucky Rock"},{"floor":24,"key":"Tiny Chest"},{"floor":25,"key":"Shuriken"},{"floor":26,"key":"Guardian:PocketSentry"}],"event_choices":[{"damage_healed":13,"gold_gain":0,"player_choice":"Heal","damage_taken":0,"max_hp_gain":0,"max_hp_loss":0,"event_name":"The Library","floor":21,"gold_loss":0}],"is_beta":false,"boss_relics":[{"not_picked":["Calling Bell","Pandora\u0027s Box"],"picked":"infinitespire:Cupcake"}],"items_purged_floors":[2,13],"is_endless":false,"potions_floor_spawned":[9,11,12,15,16,28],"killed_by":"Shelled Parasite and Fungi","ascension_level":20}}