{"host":"dpbezu80jg8zk7un","time":1608057838,"event":{"mods":["BaseMod","Colored Map","Colored Powertips","Custom Start","DeckTracker","Minty Spire (QoL Compilation)","Quick Restart","StSLib","SuperFastMode"],"gold_per_floor":[112,112,122,138,154,182,182,210,235,235,85,105,116,142,142,220,220,232,70,83,83,83,109,34,59,59,77,77,89,118,135,135,212,212,225,249,266,266,282,282,314,333,358,373,398,412,216,227,227,227,227,227,227,1,27,27],"floor_reached":57,"playtime":2044,"items_purged":["Strike_P","Defend_P"],"score":3192,"play_id":"85ce76e3-4c54-4a70-988f-683f84c00080","local_time":"20201216034358","is_ascension_mode":true,"campfire_choices":[{"floor":7.0,"key":"REST"},{"floor":10.0,"key":"REST"},{"data":"Adaptation","floor":15.0,"key":"SMITH"},{"data":"MentalFortress","floor":28.0,"key":"SMITH"},{"data":"Vault","floor":32.0,"key":"SMITH"},{"floor":40.0,"key":"RECALL"},{"data":"Adaptation","floor":49,"key":"SMITH"},{"data":"Tantrum","floor":53,"key":"SMITH"}],"circlet_count":0,"master_deck":["AscendersBane","Strike_P+1","Eruption+1","Vigilance+1","EmptyFist","FlurryOfBlows","FearNoEvil","Adaptation+1","Tantrum+1","MentalFortress+1","Vault+1","BowlingBash","ClearTheMind","Judgement","Crescendo","Adaptation+1","Purity+1"],"relics":["PureWater","Nunchaku","Tiny Chest","Toy Ornithopter","Happy Flower","Runic Pyramid","Bag of Preparation","Eternal Feather","Dream Catcher","Toxic Egg 2","InkBottle","Empty Cage","Ancient Tea Set","Bronze Scales","Boot","Centennial Puzzle","TeardropLocket"],"acts_visited":["Exordium","TheCity","TheBeyond","TheEnding"],"potions_floor_usage":[50,56,56],"damage_taken":[{"damage":0.0,"enemies":"2 Louse","floor":1.0,"turns":1.0},{"damage":0.0,"enemies":"Small Slimes","floor":3.0,"turns":2.0},{"damage":1.0,"enemies":"Cultist","floor":4.0,"turns":3.0},{"damage":17.0,"enemies":"Lots of Slimes","floor":5.0,"turns":7.0},{"damage":12.0,"enemies":"Gremlin Nob","floor":6.0,"turns":3.0},{"damage":10.0,"enemies":"3 Sentries","floor":8.0,"turns":4.0},{"damage":13.0,"enemies":"Blue Slaver","floor":12.0,"turns":3.0},{"damage":0.0,"enemies":"Looter","floor":13.0,"turns":2.0},{"damage":0.0,"enemies":"Gremlin Nob","floor":14.0,"turns":2.0},{"damage":5.0,"enemies":"The Guardian","floor":16.0,"turns":8.0},{"damage":17.0,"enemies":"2 Thieves","floor":18.0,"turns":3.0},{"damage":0.0,"enemies":"Chosen","floor":20.0,"turns":3.0},{"damage":0.0,"enemies":"Book of Stabbing","floor":23.0,"turns":4.0},{"damage":0.0,"enemies":"Gremlin Leader","floor":25.0,"turns":4.0},{"damage":0.0,"enemies":"Snecko","floor":27.0,"turns":3.0},{"damage":1.0,"enemies":"Snake Plant","floor":29.0,"turns":3.0},{"damage":0.0,"enemies":"Book of Stabbing","floor":30.0,"turns":3.0},{"damage":0.0,"enemies":"Sentry and Sphere","floor":31.0,"turns":2.0},{"damage":14.0,"enemies":"Automaton","floor":33.0,"turns":7.0},{"damage":0.0,"enemies":"Orb Walker","floor":35.0,"turns":2.0},{"damage":0.0,"enemies":"3 Shapes","floor":37.0,"turns":3.0},{"damage":0.0,"enemies":"Sphere and 2 Shapes","floor":39.0,"turns":2.0},{"damage":2.0,"enemies":"Giant Head","floor":41.0,"turns":3.0},{"damage":10.0,"enemies":"Writhing Mass","floor":42.0,"turns":4.0},{"damage":0.0,"enemies":"3 Darklings","floor":44.0,"turns":4.0},{"damage":0,"enemies":"Reptomancer","floor":45,"turns":4},{"damage":0,"enemies":"Transient","floor":46,"turns":6},{"damage":0,"enemies":"Writhing Mass","floor":48,"turns":3},{"damage":10,"enemies":"Time Eater","floor":50,"turns":4},{"damage":0,"enemies":"Awakened One","floor":51,"turns":3},{"damage":0,"enemies":"Shield and Spear","floor":55,"turns":3},{"damage":55,"enemies":"The Heart","floor":56,"turns":7}],"seed_played":"3666178495695066869","potions_obtained":[{"floor":4.0,"key":"PowerPotion"},{"floor":5.0,"key":"AttackPotion"},{"floor":6.0,"key":"FearPotion"},{"floor":12.0,"key":"Ancient Potion"},{"floor":25.0,"key":"DistilledChaos"},{"floor":30.0,"key":"LiquidBronze"},{"floor":42.0,"key":"Swift Potion"}],"is_trial":false,"path_per_floor":["M","?","M","M","M","E","R","E","T","R","$","M","M","E","R","B",null,"M","$","M","?","?","E","?","E","T","M","R","M","E","M","R","B",null,"M","T","M","?","M","R","E","M","T","M","E","M","$","M","R","B","B",null,"R","$","E","B",null],"character_chosen":"WATCHER","items_purchased":["Adaptation","Bag of Preparation","Purity+1","Centennial Puzzle","Strength Potion"],"campfire_rested":2,"item_purchase_floors":[11,19,47,54,54],"current_hp_per_floor":[61,41,41,40,23,11,31,21,21,41,41,28,28,28,28,23,57,40,40,40,40,40,40,40,40,40,40,49,48,53,53,62,48,63,63,63,63,63,63,68,66,56,56,56,56,56,56,56,65,58,58,66,68,68,68,15],"gold":27,"neow_bonus":"UPGRADE_CARD","is_daily":false,"chose_seed":false,"campfire_upgraded":5,"win_rate":0.0,"timestamp":1608057838,"path_taken":["M","?","M","M","M","E","R","E","T","R","$","M","M","E","R","BOSS","M","$","M","?","?","E","?","E","T","M","R","M","E","M","R","BOSS","M","?","?","?","M","R","E","M","T","M","E","M","$","M","R","BOSS","BOSS","R","$","E","BOSS"],"items_purchased_type":["Card","Relic","Card","Relic","Potion"],"build_version":"2020-12-13","purchased_purges":2,"victory":true,"max_hp_per_floor":[68,68,68,68,68,68,68,68,68,68,68,68,68,68,68,68,68,68,68,68,68,68,68,68,68,68,68,68,68,68,68,68,68,68,68,68,68,68,68,68,68,68,68,68,68,68,68,68,68,68,68,68,68,68,68,68],"card_choices":[{"not_picked":["JustLucky","Nirvana","Crescendo"],"picked":"SKIP","floor":1.0},{"not_picked":["BowlingBash","Evaluate"],"picked":"ReachHeaven","floor":3.0},{"not_picked":["Consecrate","Halt"],"picked":"EmptyFist","floor":4.0},{"not_picked":["FlurryOfBlows","EmptyFist","WindmillStrike"],"picked":"SKIP","floor":5.0},{"not_picked":["EmptyFist","WindmillStrike"],"picked":"FlurryOfBlows","floor":5.0},{"not_picked":["DeceiveReality","BattleHymn"],"picked":"FearNoEvil","floor":6.0},{"not_picked":["CutThroughFate","SashWhip","Wireheading"],"picked":"SKIP","floor":8.0},{"not_picked":["Protect","Wireheading","ForeignInfluence"],"picked":"SKIP","floor":12.0},{"not_picked":["FearNoEvil","ThirdEye"],"picked":"Tantrum","floor":13.0},{"not_picked":["EmptyFist","ClearTheMind"],"picked":"MentalFortress","floor":14.0},{"not_picked":["Devotion","Brilliance"],"picked":"Vault","floor":16.0},{"not_picked":["Crescendo","Wallop","CutThroughFate"],"picked":"SKIP","floor":18.0},{"not_picked":["Prostrate","ThirdEye","Vengeance"],"picked":"SKIP","floor":20.0},{"not_picked":["FlyingSleeves","WindmillStrike","CutThroughFate"],"picked":"SKIP","floor":23.0},{"not_picked":["CarveReality","ThirdEye+1","DevaForm"],"picked":"SKIP","floor":25.0},{"not_picked":["Consecrate","FollowUp","Prostrate+1"],"picked":"SKIP","floor":27.0},{"not_picked":["Evaluate+1","CrushJoints","Wireheading"],"picked":"SKIP","floor":29.0},{"not_picked":["CutThroughFate","Establishment","FlurryOfBlows"],"picked":"SKIP","floor":30.0},{"not_picked":["ClearTheMind+1","JustLucky","WindmillStrike+1"],"picked":"SKIP","floor":31.0},{"not_picked":["PathToVictory+1","Crescendo+1","Protect+1"],"picked":"SKIP","floor":35.0},{"not_picked":["Meditate+1","Wallop+1","ClearTheMind+1"],"picked":"SKIP","floor":37.0},{"not_picked":["Meditate+1","Consecrate","CrushJoints+1"],"picked":"SKIP","floor":39.0},{"not_picked":["Collect+1","MasterReality","FlurryOfBlows"],"picked":"SKIP","floor":41.0},{"not_picked":["SashWhip","MentalFortress","CutThroughFate"],"picked":"SKIP","floor":42.0},{"not_picked":["FlurryOfBlows","ClearTheMind+1","Consecrate"],"picked":"SKIP","floor":44.0},{"not_picked":["CutThroughFate","Protect+1"],"picked":"Adaptation","floor":45},{"not_picked":["LikeWater","EmptyFist","Protect+1"],"picked":"SKIP","floor":46},{"not_picked":["FlyingSleeves+1","Halt+1","Meditate+1"],"picked":"SKIP","floor":48},{"not_picked":["Prostrate+1","Wish+1","Halt+1"],"picked":"SKIP","floor":55}],"player_experience":2750754,"relics_obtained":[{"floor":6.0,"key":"Nunchaku"},{"floor":8.0,"key":"Tiny Chest"},{"floor":9.0,"key":"Toy Ornithopter"},{"floor":14.0,"key":"Happy Flower"},{"floor":23.0,"key":"Eternal Feather"},{"floor":25.0,"key":"Dream Catcher"},{"floor":26.0,"key":"Toxic Egg 2"},{"floor":30.0,"key":"InkBottle"},{"floor":41.0,"key":"Ancient Tea Set"},{"floor":43.0,"key":"Bronze Scales"},{"floor":45,"key":"Boot"},{"floor":55,"key":"TeardropLocket"}],"event_choices":[{"damage_healed":0.0,"max_hp_gain":0.0,"max_hp_loss":0.0,"gold_gain":0.0,"event_name":"Shining Light","player_choice":"Entered Light","floor":2.0,"gold_loss":0.0,"damage_taken":20.0,"cards_upgraded":["Vigilance","Strike_P"]},{"damage_healed":0.0,"max_hp_gain":0.0,"max_hp_loss":0.0,"gold_gain":0.0,"cards_transformed":["Strike_P","Defend_P"],"event_name":"Drug Dealer","player_choice":"Became Test Subject","floor":22.0,"gold_loss":0.0,"damage_taken":0.0,"cards_obtained":["BowlingBash","ClearTheMind"]},{"damage_healed":0.0,"max_hp_gain":0.0,"max_hp_loss":0.0,"gold_gain":0.0,"cards_transformed":["Defend_P","Strike_P"],"event_name":"Designer","player_choice":"Transformed Cards","floor":24.0,"gold_loss":75.0,"damage_taken":0.0,"cards_obtained":["Judgement","Crescendo"]},{"damage_healed":0.0,"max_hp_gain":0.0,"max_hp_loss":0.0,"gold_gain":0.0,"event_name":"Tomb of Lord Red Mask","player_choice":"Ignored","floor":38.0,"gold_loss":0.0,"damage_taken":0.0}],"is_beta":false,"boss_relics":[{"not_picked":["Calling Bell","Tiny House"],"picked":"Runic Pyramid"},{"not_picked":["VioletLotus","SlaversCollar"],"picked":"Empty Cage"}],"items_purged_floors":[11,47],"is_endless":false,"potions_floor_spawned":[4,5,6,12,13,18,20,25,29,30,31,37,39,42,48],"ascension_level":20}}