{"host":"dl5mjdlimopbuch5","time":1608048519,"event":{"mods":["AchievementEnabler","BaseMod","Colored Powertips","Googly Eyes","Minty Spire (QoL Compilation)","Quick Restart"],"gold_per_floor":[112,112,77,77,77,112,112,127,127,90,110,180,180,180,180,276,276,294,294,311,226,226,226,254,254,303,402,163,163,18,0,0,0,0],"floor_reached":33,"playtime":596,"items_purged":[],"score":348,"play_id":"49cceaa3-1f91-424d-ad99-c7f119450642","local_time":"20201215160839","is_ascension_mode":true,"campfire_choices":[{"data":"Eruption","floor":7.0,"key":"SMITH"},{"data":"ReachHeaven","floor":13.0,"key":"SMITH"},{"floor":15.0,"key":"REST"},{"floor":23.0,"key":"REST"},{"floor":25.0,"key":"REST"},{"floor":32.0,"key":"REST"}],"circlet_count":0,"master_deck":["Strike_P+1","Strike_P+1","Strike_P+1","Strike_P+1","Defend_P+1","Defend_P+1","Defend_P+1","Defend_P+1","Eruption+1","Vigilance","BattleHymn","ReachHeaven+1","WheelKick","ReachHeaven+1","Establishment","CurseOfTheBell"],"relics":["PureWater","NeowsBlessing","Meat on the Bone","Juzu Bracelet","Odd Mushroom","Calling Bell","Centennial Puzzle","Yang","Shovel","InkBottle","Enchiridion","Oddly Smooth Stone","Bag of Marbles","Bottled Tornado","Mummified Hand","HandDrill"],"acts_visited":["Exordium","TheCity"],"potions_floor_usage":[],"damage_taken":[{"damage":0.0,"enemies":"Jaw Worm","floor":1.0,"turns":1.0},{"damage":5.0,"enemies":"3 Sentries","floor":6.0,"turns":2.0},{"damage":0.0,"enemies":"Cultist","floor":8.0,"turns":1.0},{"damage":26.0,"enemies":"The Mushroom Lair","floor":11.0,"turns":3.0},{"damage":0.0,"enemies":"Slime Boss","floor":16.0,"turns":3.0},{"damage":24.0,"enemies":"Chosen","floor":18.0,"turns":5.0},{"damage":4.0,"enemies":"Shell Parasite","floor":20.0,"turns":2.0},{"damage":36.0,"enemies":"Slavers","floor":24.0,"turns":6.0},{"damage":87,"enemies":"Champ","floor":33,"turns":6}],"seed_played":"-1702320697014193947","potions_obtained":[{"floor":1.0,"key":"Energy Potion"},{"floor":6.0,"key":"GamblersBrew"},{"floor":16.0,"key":"BottledMiracle"}],"is_trial":false,"path_per_floor":["M","?","$","?","$","E","R","M","T","$","?","?","R","?","R","B",null,"M","?","M","?","?","R","E","R","T","?","$","?","$","?","R","B"],"character_chosen":"WATCHER","items_purchased":["ReachHeaven","ReachHeaven","Bottled Tornado","HandDrill"],"campfire_rested":4,"item_purchase_floors":[3,10,28,30],"current_hp_per_floor":[72,72,72,72,72,67,67,67,67,67,41,41,41,41,62,62,72,48,48,44,44,28,49,25,46,46,46,46,46,46,46,67,0,0],"gold":0,"neow_bonus":"THREE_ENEMY_KILL","is_daily":false,"chose_seed":false,"campfire_upgraded":2,"win_rate":0.0,"timestamp":1608048519,"path_taken":["M","?","?","?","$","E","R","M","T","$","?","?","R","?","R","BOSS","M","?","M","?","?","R","E","R","T","?","$","?","?","?","R","BOSS"],"items_purchased_type":["Card","Card","Relic","Relic"],"build_version":"2020-12-13","purchased_purges":0,"victory":false,"max_hp_per_floor":[72,72,72,72,72,72,72,72,72,72,72,72,72,72,72,72,72,72,72,72,72,72,72,72,72,72,72,72,72,72,72,72,72,72],"card_choices":[{"not_picked":["Consecrate","PathToVictory"],"picked":"BattleHymn","floor":1.0},{"not_picked":["Sanctity","Worship"],"picked":"WheelKick","floor":6.0},{"not_picked":["ClearTheMind","Swivel","Sanctity"],"picked":"SKIP","floor":8.0},{"not_picked":["Omniscience","ConjureBlade"],"picked":"Establishment","floor":16.0},{"not_picked":["Collect+1","CutThroughFate+1","EmptyMind"],"picked":"SKIP","floor":18.0},{"not_picked":["SignatureMove+1","Swivel","SashWhip+1"],"picked":"SKIP","floor":20.0},{"not_picked":["EmptyBody","Halt","MentalFortress"],"picked":"SKIP","floor":24.0}],"player_experience":225310,"relics_obtained":[{"floor":6.0,"key":"Meat on the Bone"},{"floor":9.0,"key":"Juzu Bracelet"},{"floor":11.0,"key":"Odd Mushroom"},{"floor":17.0,"key":"Centennial Puzzle"},{"floor":17.0,"key":"Yang"},{"floor":17.0,"key":"Shovel"},{"floor":22.0,"key":"Enchiridion"},{"floor":24.0,"key":"Oddly Smooth Stone"},{"floor":26.0,"key":"Bag of Marbles"}],"event_choices":[{"damage_healed":0.0,"max_hp_gain":0.0,"max_hp_loss":0.0,"gold_gain":0.0,"event_name":"Wheel of Change","player_choice":"Full Heal","floor":2.0,"gold_loss":0.0,"damage_taken":0.0},{"damage_healed":0.0,"max_hp_gain":0.0,"max_hp_loss":0.0,"gold_gain":0.0,"event_name":"The Cleric","player_choice":"Leave","floor":4.0,"gold_loss":0.0,"damage_taken":0.0},{"damage_healed":0.0,"max_hp_gain":0.0,"max_hp_loss":0.0,"gold_gain":0.0,"event_name":"Mushrooms","player_choice":"Fought Mushrooms","floor":11.0,"gold_loss":0.0,"damage_taken":0.0},{"damage_healed":0.0,"max_hp_gain":0.0,"max_hp_loss":0.0,"gold_gain":70.0,"event_name":"Golden Wing","player_choice":"Gained Gold","floor":12.0,"gold_loss":0.0,"damage_taken":0.0},{"damage_healed":0.0,"max_hp_gain":0.0,"max_hp_loss":0.0,"gold_gain":0.0,"event_name":"Living Wall","player_choice":"Grow","floor":14.0,"gold_loss":0.0,"damage_taken":0.0,"cards_upgraded":["ReachHeaven"]},{"damage_healed":0.0,"max_hp_gain":0.0,"max_hp_loss":0.0,"gold_gain":0.0,"event_name":"Back to Basics","player_choice":"Simplicity","floor":19.0,"gold_loss":0.0,"damage_taken":0.0,"cards_upgraded":["Strike_P","Strike_P","Strike_P","Strike_P","Defend_P","Defend_P","Defend_P","Defend_P"]},{"damage_healed":0.0,"max_hp_gain":0.0,"max_hp_loss":0.0,"gold_gain":0.0,"event_name":"Addict","player_choice":"Obtained Relic","floor":21.0,"gold_loss":85.0,"damage_taken":0.0,"relics_obtained":["InkBottle"]},{"damage_healed":0.0,"max_hp_gain":0.0,"max_hp_loss":0.0,"gold_gain":0.0,"event_name":"Cursed Tome","player_choice":"Obtained Book","floor":22.0,"gold_loss":0.0,"damage_taken":16.0},{"damage_healed":0.0,"max_hp_gain":0.0,"max_hp_loss":0.0,"gold_gain":99.0,"event_name":"Nest","player_choice":"Stole From Cult","floor":27.0,"gold_loss":0.0,"damage_taken":0.0},{"damage_healed":0.0,"max_hp_gain":0.0,"max_hp_loss":0.0,"gold_gain":0.0,"event_name":"WeMeetAgain","player_choice":"Gave Potion","floor":29.0,"gold_loss":0.0,"damage_taken":0.0,"relics_obtained":["Mummified Hand"]},{"damage_healed":0.0,"max_hp_gain":0.0,"max_hp_loss":0.0,"gold_gain":0.0,"event_name":"Masked Bandits","player_choice":"Paid Fearfully","floor":31.0,"gold_loss":18.0,"damage_taken":0.0}],"is_beta":false,"boss_relics":[{"not_picked":["Fusion Hammer","Coffee Dripper"],"picked":"Calling Bell"}],"items_purged_floors":[],"is_endless":false,"potions_floor_spawned":[1,6,16,18],"killed_by":"Champ","ascension_level":3}}