{"host":"dl5mjdlimopbuch5","time":1608071041,"event":{"mods":["AchievementEnabler","BaseMod","Colored Powertips","Googly Eyes","Minty Spire (QoL Compilation)","Quick Restart"],"gold_per_floor":[118,118,132,34,34,66,66,100,176,186,186,201,276,276,276,378,378,394,394,309,309,323,323,339,270,270,270,282,282,309,341,341,443,443,461,461,472,490,508,508,528,528,528,750,761,787,787,269,269,269],"floor_reached":51,"playtime":1329,"items_purged":["Cold Snap"],"score":855,"play_id":"b482ec84-9a70-423b-9d95-4c75974bdeba","local_time":"20201215222401","is_ascension_mode":true,"campfire_choices":[{"data":"Double Energy","floor":11.0,"key":"SMITH"},{"data":"Beam Cell","floor":15.0,"key":"SMITH"},{"data":"Electrodynamics","floor":23.0,"key":"SMITH"},{"data":"Storm","floor":27.0,"key":"SMITH"},{"floor":29.0,"key":"REST"},{"data":"Static Discharge","floor":32.0,"key":"SMITH"},{"data":"Creative AI","floor":40.0,"key":"SMITH"},{"floor":42.0,"key":"REST"},{"data":"Storm","floor":49.0,"key":"SMITH"}],"circlet_count":0,"master_deck":["Strike_B+1","Strike_B+1","Strike_B+1","Strike_B+1","Defend_B+1","Defend_B+1","Defend_B+1","Defend_B+1","Zap+1","Beam Cell+1","Double Energy+1","Self Repair","Electrodynamics+1","Capacitor+1","Storm+1","Static Discharge+1","Echo Form+1","Storm+1","Creative AI+1"],"relics":["Cracked Core","NeowsBlessing","Dream Catcher","Anchor","Cables","Velvet Choker","Symbiotic Virus","Gremlin Horn","InkBottle","War Paint","Red Mask","Sozu","Omamori","Happy Flower","CeramicFish","PreservedInsect","Orrery"],"acts_visited":["Exordium","TheCity","TheBeyond"],"potions_floor_usage":[],"damage_taken":[{"damage":0.0,"enemies":"Jaw Worm","floor":1.0,"turns":1.0},{"damage":0.0,"enemies":"Cultist","floor":3.0,"turns":1.0},{"damage":0.0,"enemies":"Lagavulin","floor":6.0,"turns":1.0},{"damage":9.0,"enemies":"3 Sentries","floor":8.0,"turns":6.0},{"damage":5.0,"enemies":"2 Louse","floor":10.0,"turns":3.0},{"damage":0.0,"enemies":"Looter","floor":12.0,"turns":3.0},{"damage":61.0,"enemies":"The Guardian","floor":16.0,"turns":13.0},{"damage":14.0,"enemies":"Shell Parasite","floor":18.0,"turns":5.0},{"damage":0.0,"enemies":"3 Byrds","floor":22.0,"turns":2.0},{"damage":4.0,"enemies":"3 Cultists","floor":24.0,"turns":3.0},{"damage":25.0,"enemies":"Centurion and Healer","floor":28.0,"turns":4.0},{"damage":16.0,"enemies":"Slavers","floor":30.0,"turns":3.0},{"damage":0.0,"enemies":"Masked Bandits","floor":31.0,"turns":1.0},{"damage":37.0,"enemies":"Collector","floor":33.0,"turns":7.0},{"damage":0.0,"enemies":"3 Shapes","floor":35.0,"turns":3.0},{"damage":14.0,"enemies":"Orb Walker","floor":37.0,"turns":3.0},{"damage":7.0,"enemies":"Maw","floor":38.0,"turns":6.0},{"damage":7.0,"enemies":"3 Darklings","floor":39.0,"turns":3.0},{"damage":22.0,"enemies":"Sphere and 2 Shapes","floor":41.0,"turns":3.0},{"damage":6.0,"enemies":"Transient","floor":45.0,"turns":5.0},{"damage":0.0,"enemies":"4 Shapes","floor":47.0,"turns":1.0},{"damage":64,"enemies":"Time Eater","floor":50,"turns":7}],"seed_played":"-5970800134753195352","potions_obtained":[{"floor":2.0,"key":"Dexterity Potion"},{"floor":2.0,"key":"BlessingOfTheForge"},{"floor":2.0,"key":"SmokeBomb"},{"floor":6.0,"key":"AttackPotion"},{"floor":10.0,"key":"EssenceOfSteel"},{"floor":18.0,"key":"BlessingOfTheForge"},{"floor":33.0,"key":"AttackPotion"}],"is_trial":false,"path_per_floor":["M","?","M","$","?","E","?","E","T","M","R","M","?","?","R","B",null,"M","T","?","?","M","R","M","$","T","R","M","R","E","?","R","B",null,"M","?","M","M","M","R","M","R","T","?","M","T","M","$","R","B",null],"character_chosen":"DEFECT","items_purchased":["Fruit Juice","Storm","CeramicFish","PreservedInsect","Orrery"],"campfire_rested":2,"item_purchase_floors":[4,25,48,48,48],"current_hp_per_floor":[75,75,75,80,80,80,80,71,71,66,66,73,62,62,62,8,80,73,73,73,73,73,73,76,76,76,76,58,80,71,71,71,41,80,80,80,66,66,66,66,51,75,75,75,76,76,76,76,76,12],"gold":269,"neow_bonus":"THREE_ENEMY_KILL","is_daily":false,"chose_seed":false,"campfire_upgraded":7,"win_rate":0.0,"timestamp":1608071041,"path_taken":["M","?","?","$","?","E","?","E","T","M","R","?","?","?","R","BOSS","M","?","?","?","M","R","M","$","T","R","?","R","E","?","R","BOSS","M","?","?","M","M","R","M","R","T","?","M","?","M","$","R","BOSS"],"items_purchased_type":["Potion","Card","Relic","Relic","Relic"],"build_version":"2020-12-13","purchased_purges":1,"victory":true,"max_hp_per_floor":[75,75,75,80,80,80,80,80,80,80,80,80,80,80,80,80,80,80,80,80,80,80,80,80,80,80,80,80,80,80,80,80,80,80,80,80,80,80,80,80,80,80,80,80,80,80,80,80,80,80],"card_choices":[{"not_picked":["Compile Driver","Turbo"],"picked":"Cold Snap","floor":1.0},{"not_picked":["Stack","Hologram"],"picked":"Beam Cell","floor":3.0},{"not_picked":["Gash","Self Repair"],"picked":"Double Energy","floor":6.0},{"not_picked":["Hyperbeam","Compile Driver","Beam Cell"],"picked":"SKIP","floor":8.0},{"not_picked":["Chill","Streamline"],"picked":"Self Repair","floor":10.0},{"not_picked":["Coolheaded","FTL","Steam Power"],"picked":"SKIP","floor":12.0},{"not_picked":["Meteor Strike","Echo Form"],"picked":"Electrodynamics","floor":16.0},{"not_picked":["Beam Cell","Streamline","Steam"],"picked":"SKIP","floor":18.0},{"not_picked":["Conserve Battery","Beam Cell","Go for the Eyes"],"picked":"SKIP","floor":22.0},{"not_picked":["Go for the Eyes","Compile Driver"],"picked":"Capacitor+1","floor":24.0},{"not_picked":["Sweeping Beam+1","Conserve Battery+1","Barrage"],"picked":"SKIP","floor":28.0},{"not_picked":["BootSequence","Doom and Gloom","Redo+1"],"picked":"SKIP","floor":30.0},{"not_picked":["Leap+1","Aggregate+1"],"picked":"Static Discharge","floor":31.0},{"not_picked":["Machine Learning","Fission"],"picked":"Echo Form","floor":33.0},{"not_picked":["Beam Cell","Stack+1","Hologram"],"picked":"SKIP","floor":35.0},{"not_picked":["Compile Driver","Stack"],"picked":"Storm","floor":37.0},{"not_picked":["FTL","Hologram+1","Rip and Tear+1"],"picked":"SKIP","floor":38.0},{"not_picked":["Gash+1","Fusion"],"picked":"Creative AI","floor":39.0},{"not_picked":["Leap+1","Rebound+1","Coolheaded+1"],"picked":"SKIP","floor":41.0},{"not_picked":["Coolheaded","Turbo","Auto Shields+1"],"picked":"SKIP","floor":45.0}],"player_experience":227323,"relics_obtained":[{"floor":6.0,"key":"Dream Catcher"},{"floor":8.0,"key":"Anchor"},{"floor":9.0,"key":"Cables"},{"floor":19.0,"key":"Symbiotic Virus"},{"floor":26.0,"key":"InkBottle"},{"floor":30.0,"key":"War Paint"},{"floor":31.0,"key":"Red Mask"},{"floor":43.0,"key":"Omamori"},{"floor":46.0,"key":"Happy Flower"}],"event_choices":[{"damage_healed":0.0,"max_hp_gain":0.0,"max_hp_loss":0.0,"gold_gain":0.0,"event_name":"Lab","player_choice":"Got Potions","floor":2.0,"gold_loss":0.0,"damage_taken":0.0},{"damage_healed":0.0,"max_hp_gain":0.0,"max_hp_loss":0.0,"gold_gain":0.0,"event_name":"Living Wall","player_choice":"Grow","floor":5.0,"gold_loss":0.0,"damage_taken":0.0,"cards_upgraded":["Zap"]},{"damage_healed":0.0,"max_hp_gain":0.0,"max_hp_loss":0.0,"gold_gain":0.0,"event_name":"The Woman in Blue","player_choice":"Bought 0 Potions","floor":7.0,"gold_loss":0.0,"damage_taken":0.0},{"damage_healed":0.0,"max_hp_gain":0.0,"max_hp_loss":0.0,"gold_gain":75.0,"event_name":"World of Goop","player_choice":"Gather Gold","floor":13.0,"gold_loss":0.0,"damage_taken":11.0},{"cards_removed":["Dualcast"],"damage_healed":0.0,"max_hp_gain":0.0,"max_hp_loss":0.0,"gold_gain":0.0,"event_name":"Purifier","player_choice":"Purged","floor":14.0,"gold_loss":0.0,"damage_taken":0.0},{"damage_healed":0.0,"max_hp_gain":0.0,"max_hp_loss":0.0,"gold_gain":0.0,"event_name":"Addict","player_choice":"Obtained Relic","floor":20.0,"gold_loss":85.0,"damage_taken":0.0,"relics_obtained":["Gremlin Horn"]},{"damage_healed":0.0,"max_hp_gain":0.0,"max_hp_loss":0.0,"gold_gain":0.0,"event_name":"Back to Basics","player_choice":"Simplicity","floor":21.0,"gold_loss":0.0,"damage_taken":0.0,"cards_upgraded":["Strike_B","Strike_B","Strike_B","Strike_B","Defend_B","Defend_B","Defend_B","Defend_B"]},{"damage_healed":0.0,"max_hp_gain":0.0,"max_hp_loss":0.0,"gold_gain":0.0,"event_name":"Masked Bandits","player_choice":"Fought Bandits","floor":31.0,"gold_loss":0.0,"damage_taken":0.0},{"damage_healed":0.0,"max_hp_gain":0.0,"max_hp_loss":0.0,"gold_gain":0.0,"event_name":"Upgrade Shrine","player_choice":"Upgraded","floor":36.0,"gold_loss":0.0,"damage_taken":0.0,"cards_upgraded":["Echo Form"]},{"damage_healed":0.0,"max_hp_gain":0.0,"max_hp_loss":0.0,"gold_gain":222.0,"event_name":"Tomb of Lord Red Mask","player_choice":"Wore Mask","floor":44.0,"gold_loss":0.0,"damage_taken":0.0}],"is_beta":false,"boss_relics":[{"not_picked":["Ectoplasm","Empty Cage"],"picked":"Velvet Choker"},{"not_picked":["Coffee Dripper","Runic Dome"],"picked":"Sozu"}],"items_purged_floors":[48],"is_endless":false,"potions_floor_spawned":[6,10,12,18,24,30,33,37,38,39,41],"ascension_level":4}}