{"host":"bxn2em57qlx5u4i0","time":1608010775,"event":{"mods":["BaseMod","Colored Map","Colored Powertips","Highlight Path","Minty Spire (QoL Compilation)","Random Character Button","Relic Sorter","Relic Stats","StSLib","SuperFastMode"],"gold_per_floor":[119,16,36,36,104,104,116,144,144,173,223,223,223,223],"floor_reached":13,"playtime":272,"items_purged":[],"score":186,"play_id":"ceae325f-efdf-43e5-9b86-2cdfd47097aa","local_time":"20201215003935","is_ascension_mode":true,"campfire_choices":[{"data":"Noxious Fumes","floor":6.0,"key":"SMITH"},{"floor":12,"key":"REST"}],"circlet_count":0,"master_deck":["AscendersBane","Strike_G","Strike_G","Strike_G","Strike_G","Strike_G","Defend_G","Defend_G","Defend_G","Defend_G","Defend_G","Survivor","Neutralize","Die Die Die","Predator","Noxious Fumes+1","PiercingWail","Endless Agony","Die Die Die"],"relics":["Ring of the Snake","SsserpentHead","Omamori","Juzu Bracelet","HornCleat","Golden Idol"],"acts_visited":["Exordium"],"potions_floor_usage":[8,8],"damage_taken":[{"damage":3.0,"enemies":"2 Louse","floor":1.0,"turns":4.0},{"damage":7.0,"enemies":"Cultist","floor":3.0,"turns":5.0},{"damage":0.0,"enemies":"Jaw Worm","floor":5.0,"turns":3.0},{"damage":21.0,"enemies":"Exordium Wildlife","floor":7.0,"turns":6.0},{"damage":6,"enemies":"Gremlin Nob","floor":8,"turns":3},{"damage":7,"enemies":"3 Sentries","floor":10,"turns":5},{"damage":48,"enemies":"Gremlin Nob","floor":13,"turns":4}],"seed_played":"3912325613710829278","potions_obtained":[{"floor":1.0,"key":"PowerPotion"},{"floor":7.0,"key":"FearPotion"}],"is_trial":false,"path_per_floor":["M","$","M","?","M","R","M","E","T","E","?","R","E"],"character_chosen":"THE_SILENT","items_purchased":["Noxious Fumes","PiercingWail"],"campfire_rested":1,"item_purchase_floors":[2,2],"current_hp_per_floor":[56,56,49,49,49,49,28,22,22,15,15,34,0,0],"gold":223,"neow_bonus":"ONE_RANDOM_RARE_CARD","is_daily":false,"chose_seed":false,"campfire_upgraded":1,"win_rate":0.0,"timestamp":1608010775,"path_taken":["M","$","M","?","?","R","M","E","T","E","?","R","E"],"items_purchased_type":["Card","Card"],"build_version":"2020-12-13","purchased_purges":0,"victory":false,"max_hp_per_floor":[66,66,66,66,66,66,66,66,66,66,66,66,66,66],"relic_stats":{"SsserpentHead":100,"counters":[7,30],"Golden Idol":0,"Juzu Bracelet":0,"obtain_stats":[{"SsserpentHead":4,"HornCleat":10,"Golden Idol":11,"Omamori":8,"Juzu Bracelet":9,"Ring of the Snake":0},{"SsserpentHead":2,"HornCleat":6,"Golden Idol":6,"Omamori":5,"Juzu Bracelet":5,"Ring of the Snake":0},{"SsserpentHead":9,"HornCleat":26,"Golden Idol":26,"Omamori":21,"Juzu Bracelet":21,"Ring of the Snake":0}],"Ring of the Snake":[15]},"card_choices":[{"not_picked":["PiercingWail","Prepared"],"picked":"Predator","floor":1.0},{"not_picked":["Flying Knee","Prepared"],"picked":"Endless Agony","floor":3.0},{"not_picked":["Caltrops","Prepared","Skewer"],"picked":"SKIP","floor":5.0},{"not_picked":["Dagger Spray","Infinite Blades","Expertise"],"picked":"SKIP","floor":7.0},{"not_picked":["Flechettes","Deflect"],"picked":"Die Die Die","floor":8},{"not_picked":["Endless Agony","Dagger Throw","Blade Dance"],"picked":"SKIP","floor":10}],"player_experience":2779355,"relics_obtained":[{"floor":8,"key":"Omamori"},{"floor":9,"key":"Juzu Bracelet"},{"floor":10,"key":"HornCleat"}],"event_choices":[{"damage_healed":0.0,"max_hp_gain":0.0,"max_hp_loss":0.0,"gold_gain":0.0,"event_name":"FaceTrader","player_choice":"Trade","floor":4.0,"gold_loss":0.0,"damage_taken":0.0,"relics_obtained":["SsserpentHead"]},{"damage_healed":0,"gold_gain":0,"player_choice":"Take Wound","damage_taken":0,"relics_obtained":["Golden Idol"],"max_hp_gain":0,"max_hp_loss":0,"event_name":"Golden Idol","floor":11,"gold_loss":0,"cards_obtained":["Injury"]}],"is_beta":false,"boss_relics":[],"items_purged_floors":[],"is_endless":false,"potions_floor_spawned":[1,7],"killed_by":"Gremlin Nob","ascension_level":20}}