{"host":"4lxzgdqpvzyot39g","time":1608071175,"event":{"mods":["Abigail Mod","Act Like it!","Aspiration","BaseMod","Beaked The Cultist","Better Altar","Better Match","Better Note","Better Sensory Stone","Better Skull","Better Third Choice","CCEM","Colored Map","Colored Powertips","Conspire","Displayed Cursed Tome","Dota2Spire","Energized Spire","Friendly Minions","Gensokyo","GifTheSpireLib","Halation","Hallownest","Hermit","Highlight Path","HololiveMod","Hubris","Infinite Spire","Jedi Mod","JesterMod","Mari Mod (Legacy)","Mari\u0027s V1 Patch","MarisaÅiñ∂âJÅ@ñÇóùçπÅj","Minty Spire (QoL Compilation)","Prisma Mod","Quarter Circle Forward PUNCH!","Relic Filter","Replay The Spire","Robot Space Explorer","SCP261 Mod","Small Relic Pack","Spicy Shops","Spikes Relics","StSLib","Stuff the Spire","The Alterego","The Blue Laboratory","The Bug Knight","The Cursed","The Fake Hero","The Servant 0.9.4","The Wild Card","Trackpad","Waifu the Spire","WarShipGirlsR/??è≠èóR mod","vexMod","Åy?ï®?îvÅzREMEMod"],"gold_per_floor":[81,81,81,376,376,376,376,7,7,7,7,7,7,7,7,7,7,7,7,7,7,7,16,16,92,92,92,152,198,257,308,308,422,422,477,529,595,647,647,739,739,812,881,881,881,887,949,970,970,1113,1113,1113,803,896,896],"floor_reached":56,"playtime":5807,"items_purged":["Hololive_Strike","Hololive_CallNekomataOkayu","Hololive_Defend"],"score":2314,"play_id":"1fc9b6af-2e9d-46d6-a9b6-d6a5ca83a617","local_time":"20201215172615","is_ascension_mode":true,"campfire_choices":[{"data":"Seek","floor":6,"key":"SMITH"},{"data":"Hololive_CallOzoraSubaru","floor":11,"key":"SMITH"},{"data":"Hololive_CallUruhaRushia","floor":15,"key":"SMITH"},{"data":"Hololive_DurableLive","floor":24,"key":"SMITH"},{"data":"Hololive_CallAkiRosenthal","floor":32,"key":"SMITH"},{"floor":41,"key":"RECALL"},{"data":"Hololive_DDD","floor":45,"key":"SMITH"},{"data":"Hololive_DDD","floor":49,"key":"SMITH"},{"data":"Hololive_CallOkamiMio","floor":52,"key":"SMITH"}],"circlet_count":0,"master_deck":["AscendersBane","Hololive_CallOkamiMio+1","Hololive_CallOzoraSubaru+1","Hololive_CallMinatoAqua","Hololive_CallShirakamiFubuki","Hololive_CallNakiriAyame","Hololive_CallMurasakiShion","Hololive_CallAkaiHaato","Seek+1","Hololive_CallTsunomakiWatame","Hololive_CallYozoraMel","Hololive_FlyingPonyTail","Hololive_StrengthChampion","Hololive_CallUruhaRushia+1","Hololive_FlyingPonyTail+1","Hololive_CallAkiRosenthal+1","Hololive_DurableLive+1","Hololive_FlyingPonyTail","Hololive_CandyCastle","Hololive_DDD+1","Hololive_DDD+1","Hololive_FlyingPonyTail","Hololive_ILoveYou","Hololive_StarCraft+1","infinitespire:SevenWalls","Hololive_FlyingPonyTail","infinitespire:TheBestDefense","Hololive_DurableLive","Hololive_CallHoshimachiSuisei","Hololive_DurableLive","Hololive_CallInugamiKorone","Hololive_CocoNews+1","Hololive_StarCraft","Hololive_CandyCastle+1","Hololive_DurableLive"],"relics":["Hololive_TheStar","Hololive_Kindergarten","REME_ComplimentaryCards","NeowsBlessing","Happy Flower","jedi:ominousloannote","Orrery","StuffTheSpire:Expresso","StuffTheSpire:Wildfire","Dota2Spire:ArcaneBoots","Replay:Bandana","vexMod:CursedCompass","infinitespire:Midas Blood","RollingBoulder","halation:LettersToHer","infinitespire:Bottled Soul","hubris:VirtuousBlindfold","Replay:Bottled Snecko","Dream Catcher","hubris:SphereOfDissonance","Regal Pillow","vexMod:BarristanHead","Centennial Puzzle","CCEMRelics:WrappedPresent","War Paint","Torii","Hololive_FriedShrimpLion"],"acts_visited":["Exordium","Hallownest:CityofTears","Hallownest:KingdomsEdge","TheEnding"],"potions_floor_usage":[16,40],"damage_taken":[{"damage":0,"enemies":"Small Slimes","floor":1,"turns":1},{"damage":0,"enemies":"2 Louse","floor":5,"turns":1},{"damage":0,"enemies":"Cultist","floor":7,"turns":1},{"damage":0,"enemies":"3 Sentries","floor":10,"turns":6},{"damage":0,"enemies":"Lagavulin","floor":12,"turns":8},{"damage":0,"enemies":"3 Sentries","floor":14,"turns":8},{"damage":0,"enemies":"Slime Boss","floor":16,"turns":8},{"damage":0,"enemies":"Hallownest:Guard_and_Sentry","floor":18,"turns":8},{"damage":0,"enemies":"Hallownest:2_Mistakes","floor":21,"turns":6},{"damage":0,"enemies":"Hallownest:monsterShrumalOgre","floor":22,"turns":5},{"damage":0,"enemies":"Hallownest:eliteSoulWarrior","floor":23,"turns":5},{"damage":0,"enemies":"Nightmare","floor":25,"turns":7},{"damage":0,"enemies":"Hallownest:2_Husk_Sentries","floor":28,"turns":4},{"damage":0,"enemies":"Hallownest:2_Flukemon","floor":29,"turns":5},{"damage":0,"enemies":"Hallownest:monsterShrumalOgre","floor":30,"turns":4},{"damage":0,"enemies":"Hallownest:3_Mistakes","floor":31,"turns":5},{"damage":0,"enemies":"Hallownest:BossSoulMaster","floor":33,"turns":5},{"damage":0,"enemies":"Hallownest:Shield_Heavy","floor":35,"turns":5},{"damage":0,"enemies":"Hallownest:2_Littles","floor":36,"turns":9},{"damage":0,"enemies":"Hallownest:2_Wing_and_1_Kings","floor":37,"turns":6},{"damage":0,"enemies":"Hallownest:Shield_Sturdy","floor":38,"turns":6},{"damage":0,"enemies":"Hallownest:eliteHiveKnight","floor":40,"turns":4},{"damage":0,"enemies":"Nightmare","floor":42,"turns":5},{"damage":0,"enemies":"Hallownest:Slobbering_and_Violent","floor":47,"turns":6},{"damage":0,"enemies":"Hallownest:monsterPrimalAspid","floor":48,"turns":1},{"damage":0,"enemies":"Hallownest:BossGreyPrinceZote","floor":50,"turns":3},{"damage":0,"enemies":"Shield and Spear","floor":54,"turns":5},{"damage":0,"enemies":"The Heart","floor":55,"turns":1}],"seed_played":"-5557095917863848403","potions_obtained":[{"floor":1,"key":"blueLaboratory:TrueEctoplasm"},{"floor":10,"key":"blueLaboratory:BottledHope"},{"floor":14,"key":"blueLaboratory:TrueEctoplasm"},{"floor":21,"key":"jedi:wingpotion"},{"floor":28,"key":"blueLaboratory:LouseDecoction"},{"floor":31,"key":"Fire Potion"},{"floor":47,"key":"Swift Potion"}],"is_trial":false,"path_per_floor":["M","?","?","$","M","R","M","$","T","E","R","E","?","E","R","B",null,"M","T","?","M","M","E","R","NM","T","AVR","M","M","M","M","R","B",null,"M","M","M","M","?","E","R","NM","T","AVR","R","?","M","M","R_BF","B",null,"R","$","E","B",null],"character_chosen":"Hololive_HololiveCharacter","items_purchased":["Hololive_FlyingPonyTail","jedi:ominousloannote","Orrery","Hololive_DurableLive","Hololive_FlyingPonyTail","Centennial Puzzle","CCEMRelics:WrappedPresent"],"campfire_rested":0,"item_purchase_floors":[4,4,8,8,8,53,53],"current_hp_per_floor":[27,27,27,27,27,27,27,27,27,27,27,27,27,27,27,27,29,29,29,29,29,29,29,29,29,29,29,29,29,29,29,29,29,30,30,30,30,30,30,30,30,30,30,30,30,13,13,13,13,13,26,26,26,26,26],"gold":896,"neow_bonus":"THREE_ENEMY_KILL","is_daily":false,"chose_seed":false,"campfire_upgraded":8,"win_rate":0.0,"timestamp":1608071175,"path_taken":["M","?","?","$","?","R","M","$","T","E","R","E","?","E","R","BOSS","M","?","?","M","M","E","R","NM","T","AVR","?","M","M","M","R","BOSS","M","M","M","M","?","E","R","NM","T","AVR","R","?","M","?","R_BF","BOSS","R","$","E","BOSS"],"items_purchased_type":["Card","Relic","Relic","Card","Card","Relic","Relic"],"build_version":"2020-12-13","purchased_purges":3,"victory":true,"max_hp_per_floor":[30,30,30,30,30,30,30,30,30,30,30,30,30,30,30,30,30,30,30,30,30,30,30,30,30,30,30,30,30,30,30,30,30,30,30,30,30,30,30,30,30,30,30,30,30,30,30,30,30,30,30,30,30,30,30],"card_choices":[{"not_picked":["Hololive_CallAkiRosenthal","Hololive_RevenueBasedLive","Hololive_StrengthChampion"],"picked":"Hololive_CallTsunomakiWatame","floor":1},{"not_picked":["Hololive_Breathe","Hololive_LuckPotion","Hololive_CocoNews"],"picked":"Hololive_StrengthChampion","floor":5},{"not_picked":["Hololive_StrengthChampion","Hololive_CallYukihanaLamy","Hololive_Breathe"],"picked":"Hololive_CallUruhaRushia","floor":7},{"not_picked":["Hololive_Breathe","Hololive_CallMomosuzuNene","Hololive_CocoNews"],"picked":"Hololive_FlyingPonyTail","floor":8},{"not_picked":["Hololive_Breathe","Hololive_LuckPotion","Hololive_CocoNews"],"picked":"Hololive_CallNekomataOkayu","floor":8},{"not_picked":["Hololive_HuntDinosaur","Hololive_LuckPotion","Hololive_CocoNews"],"picked":"Hololive_CallAkiRosenthal","floor":8},{"not_picked":["Hololive_CallMinatoAqua","Hololive_CallMomosuzuNene","Hololive_CallYogiri"],"picked":"Hololive_CandyCastle","floor":10},{"not_picked":["Hololive_IdolExercise","Hololive_DevilCharm","Hololive_Rebound","Hololive_LuckPotion"],"picked":"SKIP","floor":12},{"not_picked":["Hololive_SoulCatcher","Hololive_LuckPotion","Hololive_Recruit"],"picked":"Hololive_DDD","floor":14},{"not_picked":["Hololive_WolfAndLamb","Hololive_DiamondStrike","Hololive_Recruit"],"picked":"Hololive_DDD","floor":16},{"not_picked":["Hololive_Sequa","Hololive_SoulCatcher+1","Hololive_CallOkamiMio+1"],"picked":"Hololive_FlyingPonyTail","floor":18},{"not_picked":["Hololive_SoulCatcher","Hololive_HuntDinosaur+1","Hololive_Breathe"],"picked":"Hololive_ILoveYou","floor":21},{"not_picked":["Hololive_RevenueBasedLive","Hololive_Psychosis","Hololive_HuntDinosaur","Hololive_CallCivia"],"picked":"SKIP","floor":22},{"not_picked":["Hololive_BringToTrial","Hololive_Breathe","Hololive_StrengthChampion"],"picked":"Hololive_StarCraft","floor":23},{"not_picked":["infinitespire:UltimateForm","infinitespire:Gouge"],"picked":"infinitespire:SevenWalls","floor":25},{"not_picked":["Hololive_CallArtia","Hololive_RevenueBasedLive","Hololive_StrengthChampion"],"picked":"Hololive_FlyingPonyTail","floor":25},{"not_picked":["Hololive_StrengthChampion","Hololive_Trident","Hololive_CallMurasakiShion"],"picked":"Hololive_DurableLive","floor":28},{"not_picked":["Hololive_CallArtia","Hololive_LuckPotion","Hololive_CocoNews+1","Hololive_SummonFox"],"picked":"SKIP","floor":29},{"not_picked":["Hololive_CallOmaruPolka","Hololive_Trident","Hololive_Breathe","Hololive_RevenueBasedLive"],"picked":"SKIP","floor":30},{"not_picked":["Hololive_Sequa","Hololive_RevenueBasedLive","Hololive_CallSakuraMiko"],"picked":"Hololive_CallHoshimachiSuisei","floor":31},{"not_picked":["Hololive_WolfAndLamb","Hololive_OpenUp","Hololive_IdolExercise"],"picked":"Hololive_DurableLive","floor":33},{"not_picked":["Hololive_HuntDinosaur","Hololive_Teleport","Hololive_RevenueBasedLive","Hololive_CallUruhaRushia"],"picked":"SKIP","floor":35},{"not_picked":["Hololive_StrengthChampion","Hololive_CallRoboco","Hololive_Drill+1"],"picked":"Hololive_CallInugamiKorone","floor":36},{"not_picked":["Hololive_Psychosis","Hololive_Trident+1","Hololive_RevenueBasedLive"],"picked":"Hololive_CocoNews+1","floor":37},{"not_picked":["Hololive_Psychosis","Hololive_LuckPotion","Hololive_StrengthChampion"],"picked":"Hololive_StarCraft","floor":38},{"not_picked":["Hololive_Teleport+1","Hololive_CallAyundaRisu+1","Hololive_Rebound","Hololive_StrengthChampion"],"picked":"SKIP","floor":40},{"not_picked":["Hololive_DDD","Hololive_CocoNews+1","Hololive_CallYukihanaLamy"],"picked":"Hololive_CandyCastle+1","floor":42},{"not_picked":["Hololive_Sequa+1","Hololive_SummonFox+1","Hololive_Yoholoon","Hololive_OvertimeWork+1"],"picked":"SKIP","floor":47},{"not_picked":["Hololive_CallAyundaRisu","Hololive_Trident","Hololive_CallTokinoSora","Hololive_Breathe"],"picked":"SKIP","floor":48},{"not_picked":["Hololive_Breathe","Hololive_Rebirth","Hololive_Trident"],"picked":"Hololive_DurableLive","floor":54}],"player_experience":992327,"relics_obtained":[{"floor":10,"key":"StuffTheSpire:Expresso"},{"floor":12,"key":"StuffTheSpire:Wildfire"},{"floor":13,"key":"Dota2Spire:ArcaneBoots"},{"floor":14,"key":"Replay:Bandana"},{"floor":19,"key":"infinitespire:Midas Blood"},{"floor":23,"key":"RollingBoulder"},{"floor":25,"key":"halation:LettersToHer"},{"floor":26,"key":"halation:LettersToHer"},{"floor":26,"key":"infinitespire:Bottled Soul"},{"floor":40,"key":"Replay:Bottled Snecko"},{"floor":42,"key":"Dream Catcher"},{"floor":43,"key":"halation:LettersToHer"},{"floor":43,"key":"hubris:SphereOfDissonance"},{"floor":53,"key":"War Paint"},{"floor":53,"key":"Torii"},{"floor":54,"key":"Hololive_FriedShrimpLion"}],"event_choices":[{"damage_healed":0,"gold_gain":0,"player_choice":"Gave Potion","damage_taken":0,"relics_obtained":["Happy Flower"],"max_hp_gain":0,"max_hp_loss":0,"event_name":"WeMeetAgain","floor":3,"gold_loss":0},{"damage_healed":0,"gold_gain":0,"player_choice":"Relic","damage_taken":0,"max_hp_gain":0,"max_hp_loss":0,"event_name":"Wheel of Change","floor":13,"gold_loss":0},{"damage_healed":0,"gold_gain":0,"player_choice":"RE RE ","damage_taken":21,"relics_obtained":["Regal Pillow","vexMod:BarristanHead"],"max_hp_gain":0,"max_hp_loss":0,"event_name":"betterSkull:BetterSkull","floor":46,"gold_loss":0,"cards_upgraded":[]}],"is_beta":false,"boss_relics":[{"not_picked":["ReplayTheSpireMod:SealedPack","REME_DemonsWealth"],"picked":"vexMod:CursedCompass"},{"not_picked":["aspiration:PoetsPen","relicPack:KazumaCape"],"picked":"hubris:VirtuousBlindfold"}],"items_purged_floors":[4,27,44],"is_endless":false,"potions_floor_spawned":[1,10,14,21,28,31,33,36,37,47],"ascension_level":14}}