{"host":"naykp6d9ulahlwib","time":1608073514,"event":{"mods":["BaseMod","Highlight Path","Minty Spire (QoL Compilation)","StSLib"],"gold_per_floor":[117,117,77,89,14,45,45,56,81,98,117,134,59,79,79,178,178,188,206,63,63,63,63],"floor_reached":22,"playtime":1519,"items_purged":["Strike_B"],"score":291,"play_id":"e1382b3d-2195-4583-a537-b20d3f4a8788","local_time":"20201215170514","is_ascension_mode":true,"campfire_choices":[{"floor":7.0,"key":"REST"},{"floor":15,"key":"REST"}],"circlet_count":0,"master_deck":["AscendersBane","Strike_B","Strike_B","Defend_B","Defend_B","Defend_B","Defend_B","Zap","Dualcast","Doom and Gloom","Conserve Battery","Chaos","Redo","Darkness","Loop","Loop","Rainbow","Echo Form","RitualDagger"],"relics":["Cracked Core","Boot","Ginger","Ancient Tea Set","Sozu"],"acts_visited":["Exordium","TheCity"],"potions_floor_usage":[10,22,22],"damage_taken":[{"damage":2.0,"enemies":"2 Louse","floor":1.0,"turns":2.0},{"damage":2.0,"enemies":"Jaw Worm","floor":4.0,"turns":3.0},{"damage":29.0,"enemies":"Gremlin Nob","floor":6.0,"turns":4.0},{"damage":0.0,"enemies":"Cultist","floor":8.0,"turns":3.0},{"damage":4,"enemies":"Exordium Thugs","floor":10,"turns":3},{"damage":5,"enemies":"Gremlin Gang","floor":11,"turns":3},{"damage":9,"enemies":"3 Louse","floor":12,"turns":4},{"damage":4,"enemies":"Blue Slaver","floor":14,"turns":3},{"damage":9,"enemies":"The Guardian","floor":16,"turns":7},{"damage":20,"enemies":"3 Byrds","floor":18,"turns":4},{"damage":18,"enemies":"Spheric Guardian","floor":19,"turns":4},{"damage":27,"enemies":"Snake Plant","floor":22,"turns":2}],"seed_played":"2512324351662426353","potions_obtained":[{"floor":3.0,"key":"Fruit Juice"},{"floor":3.0,"key":"SkillPotion"},{"floor":3.0,"key":"EssenceOfSteel"},{"floor":4.0,"key":"BlessingOfTheForge"},{"floor":6.0,"key":"LiquidMemories"},{"floor":10,"key":"SteroidPotion"},{"floor":14,"key":"Strength Potion"}],"is_trial":false,"path_per_floor":["M","?","?","M","$","E","R","M","T","M","M","M","$","M","R","B",null,"M","M","$","?","M"],"character_chosen":"DEFECT","items_purchased":["Loop","Echo Form"],"campfire_rested":2,"item_purchase_floors":[13,20],"current_hp_per_floor":[66,41,46,44,44,15,39,39,39,35,30,21,21,17,41,32,68,48,30,30,24,0,0],"gold":63,"neow_bonus":"REMOVE_CARD","is_daily":false,"chose_seed":false,"campfire_upgraded":0,"win_rate":0.0,"timestamp":1608073514,"path_taken":["M","?","?","M","$","E","R","M","T","M","M","?","?","M","R","BOSS","M","?","$","?","M"],"items_purchased_type":["Card","Card"],"build_version":"2020-12-13","purchased_purges":1,"victory":false,"max_hp_per_floor":[75,75,80,80,80,80,80,80,80,80,80,80,80,80,80,80,80,80,80,80,80,80,80],"card_choices":[{"not_picked":["Cold Snap","Steam"],"picked":"Doom and Gloom","floor":1.0},{"not_picked":["Leap","Steam"],"picked":"Conserve Battery","floor":4.0},{"not_picked":["Turbo","Compile Driver"],"picked":"Chaos","floor":6.0},{"not_picked":["Go for the Eyes","Melter"],"picked":"Redo","floor":8.0},{"not_picked":["Steam","Rebound","Undo"],"picked":"SKIP","floor":10},{"not_picked":["Conserve Battery","Skim"],"picked":"Darkness","floor":11},{"not_picked":["Streamline","White Noise","Hello World"],"picked":"SKIP","floor":12},{"not_picked":["Leap","Hologram"],"picked":"Loop","floor":14},{"not_picked":["Fission","Creative AI"],"picked":"Rainbow","floor":16},{"not_picked":["Skim","Chaos","Go for the Eyes+1"],"picked":"SKIP","floor":18},{"not_picked":["Sweeping Beam+1","Doom and Gloom","Turbo"],"picked":"SKIP","floor":19}],"player_experience":757313,"relics_obtained":[{"floor":6.0,"key":"Ginger"},{"floor":9.0,"key":"Ancient Tea Set"}],"event_choices":[{"damage_healed":0.0,"max_hp_gain":0.0,"max_hp_loss":0.0,"gold_gain":0.0,"event_name":"Scrap Ooze","player_choice":"Success","floor":2.0,"gold_loss":0.0,"damage_taken":25.0,"relics_obtained":["Boot"]},{"damage_healed":0.0,"max_hp_gain":0.0,"max_hp_loss":0.0,"gold_gain":0.0,"event_name":"The Woman in Blue","player_choice":"Bought 3 Potions","floor":3.0,"gold_loss":0.0,"damage_taken":0.0},{"damage_healed":0,"gold_gain":0,"player_choice":"Joined the Cult","damage_taken":6,"max_hp_gain":0,"max_hp_loss":0,"event_name":"Nest","floor":21,"gold_loss":0,"cards_obtained":["RitualDagger"]}],"is_beta":false,"boss_relics":[{"not_picked":["Tiny House","Black Star"],"picked":"Sozu"}],"items_purged_floors":[5],"is_endless":false,"potions_floor_spawned":[4,6,10,14,18,19],"killed_by":"Snake Plant","ascension_level":11}}