{"host":"qm4rv4rkpk76sbxu","time":1608031939,"event":{"mods":["BaseMod","Bestiary","Block Reminder","DeckTracker","Filter the Spire","Keyboard Shortcuts","Minty Spire (QoL Compilation)","MonsterHotkey","Potion Indicator Mod","Quick Restart","Random Character Button","Relic Stats","Slay-I","StSLib","ojb\u0027s Better Paths Mod"],"gold_per_floor":[16,29,29,29,179,179,190,32,56,87,100,135,135,167,167,240,240,259,439,451,468,487,518,518,552,628,662,662,681,701,106,106,180,180,192,24,24,49,59,59,86,86,86,86,111,60,90,105,105,125,125,125,125,21,56,56],"floor_reached":57,"playtime":3807,"items_purged":["Doubt"],"score":2957,"play_id":"db46e627-6550-421f-8cb9-6b5b19f454de","local_time":"20201215123219","is_ascension_mode":true,"campfire_choices":[{"data":"Reprogram","floor":6.0,"key":"SMITH"},{"data":"Beam Cell","floor":15.0,"key":"SMITH"},{"floor":24.0,"key":"RECALL"},{"floor":28.0,"key":"REST"},{"floor":32.0,"key":"REST"},{"floor":40.0,"key":"REST"},{"floor":42.0,"key":"REST"},{"floor":49.0,"key":"REST"},{"floor":53.0,"key":"REST"}],"circlet_count":0,"master_deck":["AscendersBane","Strike_B","Strike_B","Strike_B","Defend_B","Defend_B","Defend_B","Defend_B","Zap","Dualcast","Leap","Go for the Eyes","Reprogram+1","Compile Driver","FTL","Sweeping Beam","Compile Driver","Self Repair","Beam Cell+1","Core Surge","Go for the Eyes","Forethought","Compile Driver","Coolheaded","Reprogram","Reinforced Body","Beam Cell","Conserve Battery","Compile Driver","Conserve Battery+1","All For One","Aggregate+1","Compile Driver+1","Steam","Aggregate","Impatience","Hologram","Sweeping Beam+1","Go for the Eyes","Seek","Hologram","Gash"],"relics":["Cracked Core","TungstenRod","Toy Ornithopter","Centennial Puzzle","StrikeDummy","Regal Pillow","Fusion Hammer","Kunai","Ancient Tea Set","Darkstone Periapt","Frozen Egg 2","White Beast Statue","HandDrill","Nuclear Battery","Orrery","Du-Vu Doll","StoneCalendar","Sundial","Letter Opener","Torii","Smiling Mask","Lantern"],"acts_visited":["Exordium","TheCity","TheBeyond","TheEnding"],"potions_floor_usage":[56,56],"damage_taken":[{"damage":8.0,"enemies":"Small Slimes","floor":1.0,"turns":4.0},{"damage":3.0,"enemies":"2 Louse","floor":2.0,"turns":4.0},{"damage":0.0,"enemies":"Jaw Worm","floor":7.0,"turns":5.0},{"damage":10.0,"enemies":"Lagavulin","floor":10.0,"turns":7.0},{"damage":0.0,"enemies":"Looter","floor":11.0,"turns":3.0},{"damage":11.0,"enemies":"3 Sentries","floor":12.0,"turns":6.0},{"damage":7.0,"enemies":"Gremlin Nob","floor":14.0,"turns":3.0},{"damage":6.0,"enemies":"Hexaghost","floor":16.0,"turns":9.0},{"damage":16.0,"enemies":"Chosen","floor":18.0,"turns":4.0},{"damage":10.0,"enemies":"2 Thieves","floor":20.0,"turns":4.0},{"damage":7.0,"enemies":"3 Cultists","floor":21.0,"turns":4.0},{"damage":0.0,"enemies":"Centurion and Healer","floor":22.0,"turns":5.0},{"damage":9.0,"enemies":"Gremlin Leader","floor":23.0,"turns":6.0},{"damage":23.0,"enemies":"Book of Stabbing","floor":25.0,"turns":4.0},{"damage":25.0,"enemies":"Gremlin Leader","floor":27.0,"turns":9.0},{"damage":9.0,"enemies":"Snecko","floor":29.0,"turns":4.0},{"damage":16.0,"enemies":"3 Cultists","floor":30.0,"turns":5.0},{"damage":1.0,"enemies":"Champ","floor":33.0,"turns":10.0},{"damage":9.0,"enemies":"3 Darklings","floor":35.0,"turns":7.0},{"damage":9.0,"enemies":"Mind Bloom Boss Battle","floor":38.0,"turns":4.0},{"damage":1.0,"enemies":"Orb Walker","floor":39.0,"turns":3.0},{"damage":0.0,"enemies":"Nemesis","floor":41.0,"turns":5.0},{"damage":18.0,"enemies":"Reptomancer","floor":45.0,"turns":3.0},{"damage":0.0,"enemies":"Giant Head","floor":47.0,"turns":5.0},{"damage":8.0,"enemies":"3 Darklings","floor":48.0,"turns":7.0},{"damage":7.0,"enemies":"Awakened One","floor":50.0,"turns":8.0},{"damage":12.0,"enemies":"Donu and Deca","floor":51.0,"turns":7.0},{"damage":37.0,"enemies":"Shield and Spear","floor":55.0,"turns":4.0},{"damage":49,"enemies":"The Heart","floor":56,"turns":10}],"seed_played":"-1892183443200816222","potions_obtained":[{"floor":7.0,"key":"Strength Potion"},{"floor":11.0,"key":"GamblersBrew"},{"floor":14.0,"key":"Weak Potion"},{"floor":16.0,"key":"SkillPotion"},{"floor":20.0,"key":"SteroidPotion"},{"floor":27.0,"key":"Regen Potion"},{"floor":33.0,"key":"PowerPotion"},{"floor":35.0,"key":"SpeedPotion"},{"floor":38.0,"key":"Strength Potion"},{"floor":41.0,"key":"SpeedPotion"},{"floor":45.0,"key":"ColorlessPotion"},{"floor":47.0,"key":"SpeedPotion"},{"floor":55.0,"key":"FearPotion"}],"is_trial":false,"path_per_floor":["M","M","?","?","?","R","M","$","T","E","M","E","T","E","R","B",null,"M","?","M","M","M","E","R","E","T","E","R","M","M","$","R","B",null,"M","$","?","?","M","R","E","R","T","?","E","$","E","M","R","B","B",null,"R","$","E","B",null],"character_chosen":"DEFECT","items_purchased":["FTL","White Beast Statue","Conserve Battery","Compile Driver","SteroidPotion","HandDrill","Orrery","Hologram","Gash","SkillPotion"],"campfire_rested":6,"item_purchase_floors":[8,31,31,31,31,31,36,46,54,54],"current_hp_per_floor":[56,53,53,58,58,58,58,58,58,53,53,42,42,40,40,46,69,60,34,36,36,43,46,46,35,35,17,54,52,43,43,76,76,76,74,74,65,56,62,76,76,76,76,76,58,58,65,64,76,76,71,75,76,76,46,14],"gold":56,"neow_bonus":"ONE_RARE_RELIC","is_daily":false,"chose_seed":false,"campfire_upgraded":2,"win_rate":0.0,"timestamp":1608031939,"path_taken":["M","M","?","?","?","R","M","?","T","E","M","E","?","E","R","BOSS","M","?","?","M","M","E","R","E","T","E","R","M","M","$","R","BOSS","M","$","?","?","M","R","E","R","T","?","E","$","E","M","R","BOSS","BOSS","R","$","E","BOSS"],"items_purchased_type":["Card","Relic","Card","Card","Potion","Relic","Relic","Card","Card","Potion"],"build_version":"2020-12-13","purchased_purges":1,"victory":true,"max_hp_per_floor":[71,71,71,76,76,76,76,76,76,76,76,76,76,76,76,76,76,76,76,76,76,76,76,76,76,76,76,76,76,76,76,76,76,76,76,76,76,76,76,76,76,76,76,76,76,76,76,76,76,76,76,76,76,76,76,76],"relic_stats":{"Darkstone Periapt":0,"Regal Pillow":26,"Torii":106,"counters":[29,159],"StoneCalendar":[175],"Letter Opener":[269],"Smiling Mask":0,"Centennial Puzzle":[63],"Sundial":[2],"HandDrill":[42],"Kunai":[102],"obtain_stats":[{"Darkstone Periapt":26,"Regal Pillow":14,"Lantern":55,"Torii":45,"StoneCalendar":41,"Letter Opener":44,"Frozen Egg 2":27,"Ancient Tea Set":25,"Smiling Mask":47,"White Beast Statue":31,"Nuclear Battery":34,"Du-Vu Doll":38,"Centennial Puzzle":10,"Sundial":43,"Orrery":36,"Fusion Hammer":17,"HandDrill":31,"Kunai":23,"Cracked Core":0,"StrikeDummy":12,"TungstenRod":0,"Toy Ornithopter":9},{"Darkstone Periapt":14,"Regal Pillow":7,"Lantern":28,"Torii":23,"StoneCalendar":22,"Letter Opener":22,"Frozen Egg 2":15,"Ancient Tea Set":14,"Smiling Mask":24,"White Beast Statue":17,"Nuclear Battery":18,"Du-Vu Doll":20,"Centennial Puzzle":4,"Sundial":22,"Orrery":19,"Fusion Hammer":8,"HandDrill":17,"Kunai":13,"Cracked Core":0,"StrikeDummy":6,"TungstenRod":0,"Toy Ornithopter":3},{"Darkstone Periapt":68,"Regal Pillow":32,"Lantern":149,"Torii":118,"StoneCalendar":115,"Letter Opener":115,"Frozen Egg 2":77,"Ancient Tea Set":68,"Smiling Mask":123,"White Beast Statue":86,"Nuclear Battery":96,"Du-Vu Doll":107,"Centennial Puzzle":20,"Sundial":115,"Orrery":103,"Fusion Hammer":41,"HandDrill":86,"Kunai":64,"Cracked Core":0,"StrikeDummy":29,"TungstenRod":0,"Toy Ornithopter":13}],"TungstenRod":119,"Toy Ornithopter":41},"card_choices":[{"not_picked":["Gash","Skim"],"picked":"Leap","floor":1.0},{"not_picked":["Stack","Coolheaded"],"picked":"Go for the Eyes","floor":2.0},{"not_picked":["Aggregate","White Noise"],"picked":"Compile Driver","floor":7.0},{"not_picked":["Multi-Cast","Gash"],"picked":"Sweeping Beam","floor":10.0},{"not_picked":["Sweeping Beam","Scrape"],"picked":"Compile Driver","floor":11.0},{"not_picked":["Lockon","Stack"],"picked":"Self Repair","floor":12.0},{"not_picked":["Steam Power","Force Field"],"picked":"Beam Cell","floor":14.0},{"not_picked":["Rainbow","Fission"],"picked":"Core Surge","floor":16.0},{"not_picked":["Redo","Melter"],"picked":"Go for the Eyes","floor":18.0},{"not_picked":["Ball Lightning","Hello World"],"picked":"Compile Driver","floor":20.0},{"not_picked":["Go for the Eyes","Redo","Leap"],"picked":"SKIP","floor":21.0},{"not_picked":["Meteor Strike","Storm"],"picked":"Coolheaded","floor":22.0},{"not_picked":["Stack","Compile Driver+1"],"picked":"Reprogram","floor":23.0},{"not_picked":["Heatsinks+1","Fission"],"picked":"Reinforced Body","floor":25.0},{"not_picked":["Leap","Streamline","Melter"],"picked":"SKIP","floor":27.0},{"not_picked":["Redo+1","Ball Lightning","Turbo"],"picked":"SKIP","floor":29.0},{"not_picked":["Leap","Ball Lightning"],"picked":"Beam Cell","floor":30.0},{"not_picked":["Cold Snap","Steam Power"],"picked":"Conserve Battery+1","floor":35.0},{"not_picked":["Gash","Core Surge"],"picked":"All For One","floor":36.0},{"not_picked":["Rebound+1","Hello World+1"],"picked":"Aggregate+1","floor":36.0},{"not_picked":["Force Field","Genetic Algorithm"],"picked":"Compile Driver+1","floor":36.0},{"not_picked":["Hello World+1","Multi-Cast"],"picked":"Steam","floor":36.0},{"not_picked":["Conserve Battery","Cold Snap"],"picked":"Aggregate","floor":36.0},{"not_picked":["Dark Shackles","Secret Technique"],"picked":"Impatience","floor":37.0},{"not_picked":["Cold Snap","Force Field"],"picked":"Hologram","floor":38.0},{"not_picked":["Streamline","Storm+1"],"picked":"Sweeping Beam+1","floor":39.0},{"not_picked":["Ball Lightning","Sweeping Beam","Go for the Eyes"],"picked":"SKIP","floor":41.0},{"not_picked":["Ball Lightning","Sweeping Beam"],"picked":"Go for the Eyes","floor":41.0},{"not_picked":["Compile Driver+1","Genetic Algorithm"],"picked":"Seek","floor":45.0},{"not_picked":["Heatsinks+1","Go for the Eyes","Chaos+1"],"picked":"SKIP","floor":47.0},{"not_picked":["Cold Snap+1","Darkness","Capacitor+1"],"picked":"SKIP","floor":48.0},{"not_picked":["Cold Snap","Force Field","Multi-Cast"],"picked":"SKIP","floor":55.0}],"player_experience":1053731,"relics_obtained":[{"floor":9.0,"key":"Toy Ornithopter"},{"floor":10.0,"key":"Centennial Puzzle"},{"floor":12.0,"key":"StrikeDummy"},{"floor":14.0,"key":"Regal Pillow"},{"floor":23.0,"key":"Kunai"},{"floor":25.0,"key":"Ancient Tea Set"},{"floor":26.0,"key":"Darkstone Periapt"},{"floor":27.0,"key":"Frozen Egg 2"},{"floor":38.0,"key":"Du-Vu Doll"},{"floor":41.0,"key":"StoneCalendar"},{"floor":43.0,"key":"Sundial"},{"floor":45.0,"key":"Torii"},{"floor":47.0,"key":"Smiling Mask"},{"floor":55.0,"key":"Lantern"}],"event_choices":[{"damage_healed":0.0,"max_hp_gain":0.0,"max_hp_loss":0.0,"gold_gain":0.0,"cards_transformed":["Strike_B"],"event_name":"Living Wall","player_choice":"Change","floor":3.0,"gold_loss":0.0,"damage_taken":0.0,"cards_obtained":["Reprogram"]},{"damage_healed":0.0,"max_hp_gain":5.0,"max_hp_loss":0.0,"gold_gain":0.0,"event_name":"Big Fish","player_choice":"Donut","floor":4.0,"gold_loss":0.0,"damage_taken":0.0},{"damage_healed":0.0,"max_hp_gain":0.0,"max_hp_loss":0.0,"gold_gain":150.0,"event_name":"Liars Game","player_choice":"AGREE","floor":5.0,"gold_loss":0.0,"damage_taken":0.0,"cards_obtained":["Doubt"]},{"damage_healed":0.0,"max_hp_gain":0.0,"max_hp_loss":0.0,"gold_gain":180.0,"event_name":"Knowing Skull","player_choice":"POTION GOLD GOLD CARD ","floor":19.0,"potions_obtained":["Energy Potion"],"gold_loss":0.0,"damage_taken":31.0,"cards_obtained":["Forethought"]},{"damage_healed":0.0,"max_hp_gain":0.0,"max_hp_loss":0.0,"gold_gain":0.0,"event_name":"SensoryStone","player_choice":"Memory 3","floor":37.0,"gold_loss":0.0,"damage_taken":10.0},{"damage_healed":0.0,"max_hp_gain":0.0,"max_hp_loss":0.0,"gold_gain":0.0,"event_name":"MindBloom","player_choice":"Fight","floor":38.0,"gold_loss":0.0,"damage_taken":0.0},{"damage_healed":0.0,"max_hp_gain":0.0,"max_hp_loss":0.0,"gold_gain":0.0,"event_name":"WeMeetAgain","player_choice":"Gave Potion","floor":44.0,"gold_loss":0.0,"damage_taken":0.0,"relics_obtained":["Letter Opener"]}],"is_beta":false,"boss_relics":[{"not_picked":["Velvet Choker","SacredBark"],"picked":"Fusion Hammer"},{"not_picked":["Astrolabe","Snecko Eye"],"picked":"Nuclear Battery"}],"items_purged_floors":[8],"is_endless":false,"potions_floor_spawned":[7,11,14,16,20,21,22,27,33,35,38,39,41,45,47,48,55],"ascension_level":20}}