{"host":"cr9rpoy6dx9riis3","time":1608062304,"event":{"mods":["AchievementEnabler","BaseMod","Better Altar","Better Note","Better Sensory Stone","Better Skull","Better Third Choice","Better-Laid Plans","BetterRewards","Block Reminder","Curses Come First","Displayed Cursed Tome","Emptier Cage","Marked Mod","Minty Spire (QoL Compilation)","Permanent Neow","Relic Sorter","StSLib","The Blue Laboratory","Transform Curses"],"gold_per_floor":[109,123,123,143,153,153,184,184,184,26,40,54,54,67,67,169,169,109,34,45,45,45,45,269,269,569,588,588,588,588,588],"floor_reached":30,"playtime":948,"items_purged":["Strike_R"],"score":377,"play_id":"dac8d707-c4b2-44f5-b835-943824496d8c","local_time":"20201215205824","is_ascension_mode":true,"campfire_choices":[{"data":"Fire Breathing","floor":6,"key":"SMITH"},{"data":"Wild Strike","floor":8,"key":"SMITH"},{"data":"Evolve","floor":13,"key":"SMITH"},{"data":"Reaper","floor":15,"key":"SMITH"},{"data":"Double Tap","floor":23,"key":"SMITH"},{"floor":25,"key":"REST"},{"data":"Metallicize","floor":28,"key":"SMITH"}],"circlet_count":0,"master_deck":["Strike_R","Strike_R","Defend_R+1","Defend_R","Defend_R","Bash+1","Fire Breathing+1","Sever Soul","Wild Strike+1","Second Wind","Metallicize+1","Reaper+1","Evolve+1","Double Tap+1","Carnage","Fire Breathing+1","Carnage+1","Necronomicurse"],"relics":["Burning Blood","Meat on the Bone","MealTicket","Blue Candle","Necronomicon"],"acts_visited":["Exordium","TheCity"],"potions_floor_usage":[7,7,14,27,30],"damage_taken":[{"damage":0,"enemies":"Small Slimes","floor":1,"turns":3},{"damage":15,"enemies":"Cultist","floor":2,"turns":5},{"damage":7,"enemies":"Jaw Worm","floor":4,"turns":3},{"damage":14,"enemies":"Large Slime","floor":5,"turns":6},{"damage":15,"enemies":"Gremlin Nob","floor":7,"turns":4},{"damage":17,"enemies":"3 Louse","floor":11,"turns":5},{"damage":7,"enemies":"Looter","floor":12,"turns":4},{"damage":12,"enemies":"Exordium Wildlife","floor":14,"turns":5},{"damage":34,"enemies":"Slime Boss","floor":16,"turns":7},{"damage":36,"enemies":"2 Thieves","floor":18,"turns":4},{"damage":17,"enemies":"Chosen","floor":20,"turns":6},{"damage":34,"enemies":"Centurion and Healer","floor":27,"turns":6},{"damage":19,"enemies":"Snake Plant","floor":30,"turns":1}],"seed_played":"8770550466183294448","potions_obtained":[{"floor":2,"key":"EssenceOfSteel"},{"floor":5,"key":"blueLaboratory:IronCompound"},{"floor":11,"key":"SteroidPotion"},{"floor":12,"key":"blueLaboratory:StoneskinPotion"},{"floor":20,"key":"blueLaboratory:BottledHope"}],"is_trial":false,"path_per_floor":["M","M","?","M","M","R","E","R","T","$","M","M","R","M","R","B",null,"M","$","M","?","?","R","?","R","T","M","R","?","M"],"character_chosen":"IRONCLAD","items_purchased":["Fire Breathing","Blue Candle","Second Wind","Metallicize"],"campfire_rested":1,"item_purchase_floors":[0,0,10,10],"current_hp_per_floor":[74,65,65,64,56,56,47,47,47,62,51,56,56,58,58,52,80,50,65,54,54,54,54,10,34,34,28,28,12,0,0],"gold":588,"neow_bonus":"","is_daily":false,"chose_seed":false,"campfire_upgraded":6,"win_rate":0.0,"timestamp":1608062304,"path_taken":["M","M","?","M","M","R","E","R","T","$","M","M","R","?","R","BOSS","M","$","M","?","?","R","?","R","T","?","R","?","M"],"items_purchased_type":["Card","Relic","Card","Card"],"build_version":"2020-12-13","purchased_purges":1,"victory":false,"max_hp_per_floor":[80,80,80,80,80,80,80,80,80,80,80,80,80,80,80,80,80,80,80,80,80,80,80,80,80,80,80,80,80,80,80],"card_choices":[{"not_picked":["Pommel Strike","Twin Strike","Searing Blow"],"picked":"SKIP","floor":1},{"not_picked":["Clash","Infernal Blade"],"picked":"Sever Soul","floor":2},{"not_picked":["Warcry","Headbutt"],"picked":"Wild Strike","floor":4},{"not_picked":["Entrench","Pummel"],"picked":"Sever Soul","floor":5},{"not_picked":["Body Slam","Iron Wave","Entrench"],"picked":"SKIP","floor":7},{"not_picked":["Disarm","Sword Boomerang"],"picked":"Reaper","floor":11},{"not_picked":["Havoc","Pommel Strike"],"picked":"Evolve","floor":12},{"not_picked":["Body Slam","Cleave","Havoc"],"picked":"SKIP","floor":14},{"not_picked":["Corruption","Berserk"],"picked":"Double Tap","floor":16},{"not_picked":["Rage","Headbutt","Twin Strike"],"picked":"SKIP","floor":18},{"not_picked":["Sword Boomerang","Havoc+1"],"picked":"Carnage","floor":20},{"not_picked":["Heavy Blade","Dual Wield"],"picked":"Carnage+1","floor":27}],"player_experience":703469,"relics_obtained":[{"floor":7,"key":"MealTicket"},{"floor":9,"key":"Meat on the Bone"},{"floor":26,"key":"Old Coin"}],"event_choices":[{"damage_healed":0,"gold_gain":0,"player_choice":"Ignored","damage_taken":0,"max_hp_gain":0,"max_hp_loss":0,"event_name":"WeMeetAgain","floor":3,"gold_loss":0},{"cards_removed":["Sever Soul"],"damage_healed":0,"gold_gain":0,"player_choice":"Card Removal","damage_taken":0,"max_hp_gain":0,"max_hp_loss":0,"event_name":"Wheel of Change","floor":21,"gold_loss":0},{"damage_healed":0,"gold_gain":0,"player_choice":"Copied","damage_taken":0,"max_hp_gain":0,"max_hp_loss":0,"event_name":"Duplicator","floor":22,"gold_loss":0,"cards_obtained":["Fire Breathing"]},{"damage_healed":0,"gold_gain":224,"player_choice":"GO GO UP UP ","damage_taken":50,"relics_obtained":[],"max_hp_gain":0,"max_hp_loss":0,"event_name":"betterSkull:BetterSkull","floor":24,"gold_loss":0,"cards_upgraded":["Bash","Defend_R"]},{"damage_healed":0,"gold_gain":0,"player_choice":"Obtained Book","damage_taken":16,"max_hp_gain":0,"max_hp_loss":0,"event_name":"Cursed Tome","floor":29,"gold_loss":0}],"is_beta":false,"boss_relics":[{"not_picked":["Fusion Hammer","Calling Bell"],"picked":"Empty Cage"}],"items_purged_floors":[19],"is_endless":false,"potions_floor_spawned":[2,5,11,12,20],"killed_by":"Snake Plant","ascension_level":3}}