{"host":"e4hse1vg61zltgzv","time":1608037114,"event":{"mods":["AchievementEnabler","BaseMod","Block Reminder","Colored Map","DeckTracker","GifTheSpireLib","Minty Spire (QoL Compilation)","Rare Cards Sparkle","StSLib","SuperFastMode","everything is the same but u backflip on backflip"],"gold_per_floor":[113,125,125,137,155,181,181,201,226,254,283,283,302,312,312,390,390,405,420,94,114,114,114,124,124,205,205,217,236,236,249,249,327,327,338,356,368,387,401,429,429,347,347,361,361,381,391,306,306,306,306,306,306,264,289,289],"floor_reached":57,"playtime":730,"items_purged":[],"score":3233,"play_id":"3b67cdff-2bd5-41a4-90b8-4ee9f1246fcd","local_time":"20201215215834","is_ascension_mode":true,"campfire_choices":[{"data":"Searing Blow+50","floor":7,"key":"SMITH"},{"data":"Searing Blow+51","floor":12,"key":"SMITH"},{"data":"Searing Blow+52","floor":15,"key":"SMITH"},{"data":"Searing Blow+53","floor":23,"key":"SMITH"},{"data":"Searing Blow+54","floor":27,"key":"SMITH"},{"data":"Searing Blow+55","floor":32,"key":"SMITH"},{"data":"Searing Blow+56","floor":41,"key":"SMITH"},{"floor":49,"key":"RECALL"},{"data":"Searing Blow+57","floor":53,"key":"SMITH"}],"circlet_count":0,"master_deck":["Searing Blow+101","Ghostly","Ghostly","Ghostly"],"relics":["Burning Blood","Singing Bowl","HornCleat","Red Skull","Odd Mushroom","Busted Crown","Unceasing Top","Membership Card","Mango","Paper Frog","SacredBark","Orichalcum","TheAbacus","Gremlin Horn","Lee\u0027s Waffle","Whetstone"],"acts_visited":["Exordium","TheCity","TheBeyond","TheEnding"],"potions_floor_usage":[56,56],"damage_taken":[{"damage":0,"enemies":"Cultist","floor":1,"turns":1},{"damage":7,"enemies":"2 Louse","floor":2,"turns":2},{"damage":0,"enemies":"Small Slimes","floor":4,"turns":2},{"damage":15,"enemies":"3 Louse","floor":5,"turns":3},{"damage":10,"enemies":"3 Sentries","floor":6,"turns":3},{"damage":0,"enemies":"Red Slaver","floor":8,"turns":1},{"damage":0,"enemies":"Gremlin Nob","floor":10,"turns":1},{"damage":2,"enemies":"The Mushroom Lair","floor":11,"turns":3},{"damage":0,"enemies":"2 Fungi Beasts","floor":13,"turns":2},{"damage":0,"enemies":"3 Louse","floor":14,"turns":3},{"damage":0,"enemies":"Hexaghost","floor":16,"turns":1},{"damage":0,"enemies":"Spheric Guardian","floor":18,"turns":1},{"damage":6,"enemies":"3 Byrds","floor":19,"turns":2},{"damage":0,"enemies":"Shelled Parasite and Fungi","floor":21,"turns":1},{"damage":0,"enemies":"Cultist and Chosen","floor":24,"turns":2},{"damage":0,"enemies":"Snecko","floor":28,"turns":1},{"damage":0,"enemies":"Snake Plant","floor":29,"turns":1},{"damage":0,"enemies":"3 Cultists","floor":31,"turns":2},{"damage":0,"enemies":"Automaton","floor":33,"turns":1},{"damage":0,"enemies":"3 Darklings","floor":35,"turns":2},{"damage":0,"enemies":"Orb Walker","floor":36,"turns":1},{"damage":3,"enemies":"4 Shapes","floor":37,"turns":3},{"damage":0,"enemies":"Transient","floor":38,"turns":1},{"damage":1,"enemies":"3 Darklings","floor":39,"turns":2},{"damage":0,"enemies":"Giant Head","floor":40,"turns":1},{"damage":0,"enemies":"Sphere and 2 Shapes","floor":44,"turns":2},{"damage":0,"enemies":"Maw","floor":46,"turns":1},{"damage":0,"enemies":"4 Shapes","floor":47,"turns":2},{"damage":0,"enemies":"Donu and Deca","floor":50,"turns":1},{"damage":0,"enemies":"Time Eater","floor":51,"turns":1},{"damage":0,"enemies":"Shield and Spear","floor":55,"turns":1},{"damage":0,"enemies":"The Heart","floor":56,"turns":5}],"seed_played":"5288208087455996722","potions_obtained":[{"floor":4,"key":"Energy Potion"},{"floor":8,"key":"HeartOfIron"}],"is_trial":false,"path_per_floor":["M","M","$","M","M","E","R","M","T","E","?","R","M","M","R","B",null,"M","M","$","M","?","R","M","?","T","R","M","M","?","M","R","B",null,"M","M","M","M","M","E","R","$","T","M","?","M","M","$","R","B","B",null,"R","$","E","B",null],"character_chosen":"IRONCLAD","items_purchased":["Membership Card","Mango","TheAbacus","Lee\u0027s Waffle","DuplicationPotion"],"campfire_rested":0,"item_purchase_floors":[20,20,42,48,54],"current_hp_per_floor":[83,84,84,88,81,79,79,87,87,95,98,98,100,102,102,104,104,106,108,122,124,62,62,64,64,64,64,66,68,68,70,70,72,72,74,76,78,80,82,84,84,84,84,86,82,84,86,93,93,93,93,93,93,93,95,95],"gold":289,"neow_bonus":"TEN_PERCENT_HP_BONUS","is_daily":false,"chose_seed":false,"campfire_upgraded":8,"win_rate":0.0,"timestamp":1608037114,"path_taken":["M","M","$","M","?","E","R","M","T","E","?","R","M","M","R","BOSS","M","M","$","M","?","R","M","?","T","R","M","M","?","M","R","BOSS","M","M","M","M","M","E","R","?","T","M","?","M","M","$","R","BOSS","BOSS","R","$","E","BOSS"],"items_purchased_type":["Relic","Relic","Relic","Relic","Potion"],"build_version":"2020-12-13","purchased_purges":0,"victory":true,"max_hp_per_floor":[84,86,86,88,90,92,92,94,94,96,98,98,100,102,102,104,104,106,108,122,124,62,62,64,64,64,64,66,68,68,70,70,72,72,74,76,78,80,82,84,84,84,84,86,82,84,86,93,93,93,93,93,93,93,95,95],"card_choices":[{"not_picked":["Flex","Dropkick","Heavy Blade"],"picked":"Singing Bowl","floor":1},{"not_picked":["Twin Strike","Headbutt","Flex"],"picked":"Singing Bowl","floor":2},{"not_picked":["Sword Boomerang","Wild Strike","Flame Barrier"],"picked":"Singing Bowl","floor":4},{"not_picked":["Anger","Battle Trance","Pommel Strike"],"picked":"Singing Bowl","floor":5},{"not_picked":["Perfected Strike","Offering","Thunderclap"],"picked":"Singing Bowl","floor":6},{"not_picked":["Second Wind","Anger","Pommel Strike"],"picked":"Singing Bowl","floor":8},{"not_picked":["Reckless Charge","Reaper","True Grit"],"picked":"Singing Bowl","floor":10},{"not_picked":["Wild Strike","Pummel","Twin Strike"],"picked":"Singing Bowl","floor":11},{"not_picked":["Havoc","Sword Boomerang","Clash"],"picked":"Singing Bowl","floor":13},{"not_picked":["Clothesline","Thunderclap","Cleave"],"picked":"Singing Bowl","floor":14},{"not_picked":["Immolate","Offering","Impervious"],"picked":"Singing Bowl","floor":16},{"not_picked":["Rupture"],"picked":"Singing Bowl","floor":18},{"not_picked":["Wild Strike"],"picked":"Singing Bowl","floor":19},{"not_picked":["Pommel Strike"],"picked":"Singing Bowl","floor":21},{"not_picked":["Wild Strike"],"picked":"Singing Bowl","floor":24},{"not_picked":["Thunderclap"],"picked":"Singing Bowl","floor":28},{"not_picked":["Evolve"],"picked":"Singing Bowl","floor":29},{"not_picked":["Battle Trance+1"],"picked":"Singing Bowl","floor":31},{"not_picked":["Juggernaut"],"picked":"Singing Bowl","floor":33},{"not_picked":["Dark Embrace"],"picked":"Singing Bowl","floor":35},{"not_picked":["Perfected Strike"],"picked":"Singing Bowl","floor":36},{"not_picked":["Dark Embrace"],"picked":"Singing Bowl","floor":37},{"not_picked":["Thunderclap"],"picked":"Singing Bowl","floor":38},{"not_picked":["Havoc"],"picked":"Singing Bowl","floor":39},{"not_picked":["Blood for Blood"],"picked":"Singing Bowl","floor":40},{"not_picked":["Heavy Blade"],"picked":"Singing Bowl","floor":44},{"not_picked":["Anger+1"],"picked":"Singing Bowl","floor":46},{"not_picked":["Combust"],"picked":"Singing Bowl","floor":47},{"not_picked":["Hemokinesis"],"picked":"Singing Bowl","floor":55}],"player_experience":739205,"relics_obtained":[{"floor":6,"key":"HornCleat"},{"floor":10,"key":"Red Skull"},{"floor":11,"key":"Odd Mushroom"},{"floor":26,"key":"Paper Frog"},{"floor":40,"key":"Orichalcum"},{"floor":43,"key":"Gremlin Horn"},{"floor":55,"key":"Whetstone"}],"event_choices":[{"damage_healed":0,"gold_gain":0,"player_choice":"Fought Mushrooms","damage_taken":0,"max_hp_gain":0,"max_hp_loss":0,"event_name":"Mushrooms","floor":11,"gold_loss":0},{"damage_healed":0,"gold_gain":0,"player_choice":"Became a Ghost","damage_taken":0,"max_hp_gain":0,"max_hp_loss":62,"event_name":"Ghosts","floor":22,"gold_loss":0,"cards_obtained":["Ghostly","Ghostly","Ghostly"]},{"damage_healed":0,"gold_gain":0,"player_choice":"Ignored","damage_taken":0,"max_hp_gain":0,"max_hp_loss":0,"event_name":"Vampires","floor":25,"gold_loss":0},{"damage_healed":0,"gold_gain":0,"player_choice":"Ignored","damage_taken":0,"max_hp_gain":0,"max_hp_loss":0,"event_name":"Transmorgrifier","floor":30,"gold_loss":0},{"damage_healed":0,"gold_gain":0,"player_choice":"Max HP","damage_taken":0,"max_hp_gain":0,"max_hp_loss":4,"event_name":"Winding Halls","floor":45,"gold_loss":0}],"is_beta":false,"boss_relics":[{"not_picked":["Tiny House","Astrolabe"],"picked":"Busted Crown"},{"not_picked":["Pandora\u0027s Box","Snecko Eye"],"picked":"SacredBark"}],"items_purged_floors":[],"is_endless":false,"potions_floor_spawned":[4,8,10,21,31,33,35,36,44],"ascension_level":20}}