{"host":"jjunaul04msmo6r1","time":1608011176,"event":{"mods":["BaseMod","Better Third Choice","Booster Modes","Colored Map","Downfall","Minty Spire (QoL Compilation)","Relic Stats","StSLib","UnlockEverythingMod","everything is the same but u backflip on backflip"],"gold_per_floor":[99,116,131,143,172,188,213,213,213],"floor_reached":8,"playtime":959,"items_purged":[],"score":58,"play_id":"3bf39119-e9ae-4ef3-9b4a-cc2bdc53e195","local_time":"20201214224616","is_ascension_mode":false,"campfire_choices":[{"data":"champ:Taunt","floor":1,"key":"SMITH"}],"circlet_count":0,"master_deck":["champ:Strike","champ:Strike","champ:Strike","champ:Strike","champ:Defend","champ:Defend","champ:Defend","champ:Defend","champ:Execute","champ:Taunt+1","champ:GladiatorsShout+1","champ:StanceDance","champ:GutPunch","champ:DefensiveShout+1","champ:Encircle"],"relics":["champ:ChampionCrown","War Paint"],"acts_visited":["Exordium"],"potions_floor_usage":[5,8],"damage_taken":[{"damage":12,"enemies":"2 Louse","floor":2,"turns":4},{"damage":19,"enemies":"Cultist","floor":3,"turns":4},{"damage":13,"enemies":"Small Slimes","floor":4,"turns":4},{"damage":48,"enemies":"Gremlin Nob","floor":5,"turns":6},{"damage":29,"enemies":"Blue Slaver","floor":6,"turns":4},{"damage":34,"enemies":"Lagavulin","floor":8,"turns":4}],"seed_played":"2157039134147570237","potions_obtained":[{"floor":2,"key":"SkillPotion"},{"floor":3,"key":"PowerPotion"}],"is_trial":false,"path_per_floor":["R","M","M","M","E","M","T","E"],"character_chosen":"THE_CHAMP","items_purchased":[],"campfire_rested":0,"item_purchase_floors":[],"current_hp_per_floor":[99,92,86,81,46,33,33,0,0],"gold":213,"neow_bonus":"TEN_PERCENT_HP_BONUS","is_daily":false,"chose_seed":false,"campfire_upgraded":1,"win_rate":0.0,"timestamp":1608011176,"path_taken":["R","M","M","M","E","M","T","E"],"items_purchased_type":[],"build_version":"2020-12-13","purchased_purges":0,"victory":false,"max_hp_per_floor":[99,99,99,99,99,99,99,99,99],"relic_stats":{"counters":[6,26],"War Paint":["champ:GladiatorsShout","champ:DefensiveShout"],"obtain_stats":[{"champ:ChampionCrown":0,"War Paint":5},{"champ:ChampionCrown":0,"War Paint":4},{"champ:ChampionCrown":0,"War Paint":18}]},"card_choices":[{"not_picked":["champ:RisingSlash","champ:FalseCounter"],"picked":"champ:GladiatorsShout","floor":2},{"not_picked":["champ:Haymaker","champ:FaceSlap"],"picked":"champ:StanceDance","floor":3},{"not_picked":["champ:DeathBlow","champ:RecklessLeap"],"picked":"champ:GutPunch","floor":4},{"not_picked":["champ:PerfectedStrike","champ:GladiatorsShout"],"picked":"champ:DefensiveShout","floor":5},{"not_picked":["champ:FightOn","champ:GladiatorsShout"],"picked":"champ:Encircle","floor":6}],"player_experience":228356,"relics_obtained":[{"floor":5,"key":"War Paint"}],"event_choices":[],"is_beta":false,"boss_relics":[],"items_purged_floors":[],"is_endless":false,"potions_floor_spawned":[2,3],"killed_by":"Lagavulin","ascension_level":0}}