{"host":"f6tqpspb2ou2a4h5","time":1608037040,"event":{"mods":["2.2 Compatiblity","Ascension Unlocker","BaseMod","Colored Map","DeckTracker","Hermit","Highlight Path","KOR Keyword Fix","Keyboard Shortcuts","Minty Spire (QoL Compilation)","Permanent Neow","Quick Restart","Random Character Button","StSLib","SuperFastMode","The Poker Player","everything is the same but u backflip on backflip"],"gold_per_floor":[110,129,129,140,157,157,82,116,116,116,139,167,167,182,182,260,260,280,294,294,9,19,19,46,46,71,84,98,110,110,139,139,139,139],"floor_reached":33,"playtime":2193,"items_purged":[],"score":644,"play_id":"83d7641f-3025-4151-a69b-58aba102f74d","local_time":"20201215215720","is_ascension_mode":true,"campfire_choices":[{"data":"Concentrate","floor":6.0,"key":"SMITH"},{"data":"Crippling Poison","floor":10.0,"key":"SMITH"},{"floor":15.0,"key":"REST"},{"data":"Distraction","floor":23.0,"key":"SMITH"},{"data":"Bouncing Flask","floor":25.0,"key":"SMITH"},{"data":"Noxious Fumes","floor":30.0,"key":"SMITH"},{"data":"Wraith Form v2","floor":32,"key":"SMITH"}],"circlet_count":0,"master_deck":["AscendersBane","Strike_G","Defend_G","Defend_G","Defend_G","Survivor","Neutralize","Deadly Poison","Distraction+1","Poisoned Stab+1","Crippling Poison+1","Acrobatics","Concentrate+1","Unload","Bouncing Flask+1","Grand Finale","Setup+1","Footwork+1","Die Die Die+1","PiercingWail","Prepared+1","Wraith Form v2+1","Noxious Fumes+1"],"relics":["Ring of the Snake","Matryoshka","Ninja Scroll","Eternal Feather","Odd Mushroom","MealTicket","Nloth\u0027s Gift","Bottled Flame","Vajra","Smiling Mask","Pen Nib","The Courier"],"acts_visited":["Exordium","TheCity"],"potions_floor_usage":[31,31],"damage_taken":[{"damage":0.0,"enemies":"Small Slimes","floor":1.0,"turns":5.0},{"damage":0.0,"enemies":"2 Louse","floor":2.0,"turns":3.0},{"damage":0.0,"enemies":"Cultist","floor":4.0,"turns":3.0},{"damage":0.0,"enemies":"2 Fungi Beasts","floor":5.0,"turns":5.0},{"damage":10.0,"enemies":"Lagavulin","floor":8.0,"turns":5.0},{"damage":0.0,"enemies":"The Mushroom Lair","floor":11.0,"turns":3.0},{"damage":47.0,"enemies":"3 Sentries","floor":12.0,"turns":15.0},{"damage":0.0,"enemies":"Gremlin Gang","floor":14.0,"turns":3.0},{"damage":18.0,"enemies":"The Guardian","floor":16.0,"turns":9.0},{"damage":14.0,"enemies":"2 Thieves","floor":18.0,"turns":3.0},{"damage":0.0,"enemies":"3 Byrds","floor":19.0,"turns":4.0},{"damage":12.0,"enemies":"Snake Plant","floor":22.0,"turns":4.0},{"damage":0.0,"enemies":"Gremlin Leader","floor":24.0,"turns":6.0},{"damage":7.0,"enemies":"Centurion and Healer","floor":27.0,"turns":8.0},{"damage":17.0,"enemies":"Snecko","floor":28.0,"turns":5.0},{"damage":8.0,"enemies":"3 Cultists","floor":29.0,"turns":4.0},{"damage":25,"enemies":"Book of Stabbing","floor":31,"turns":6},{"damage":24,"enemies":"Automaton","floor":33,"turns":4}],"seed_played":"-732154720160594747","potions_obtained":[{"floor":1.0,"key":"AttackPotion"},{"floor":11.0,"key":"Weak Potion"},{"floor":12.0,"key":"Fire Potion"},{"floor":24.0,"key":"Block Potion"},{"floor":28.0,"key":"BlessingOfTheForge"}],"is_trial":false,"path_per_floor":["M","M","?","M","M","R","?","E","T","R","?","E","?","M","R","B",null,"M","M","?","$","M","R","E","R","T","M","M","M","R","E","R","B"],"character_chosen":"THE_SILENT","items_purchased":["Bottled Flame"],"campfire_rested":1,"item_purchase_floors":[21],"current_hp_per_floor":[59,59,59,59,59,59,59,49,49,58,58,11,11,11,38,20,50,36,36,36,51,39,51,51,60,60,53,36,28,40,15,27,3,3],"gold":139,"neow_bonus":"TRANSFORM_TWO_CARDS","is_daily":false,"chose_seed":false,"campfire_upgraded":6,"win_rate":0.0,"timestamp":1608037040,"path_taken":["M","M","?","M","M","R","?","E","T","R","?","E","?","M","R","BOSS","M","M","?","?","M","R","E","R","T","M","M","M","R","E","R","BOSS"],"items_purchased_type":["Relic"],"build_version":"2020-12-13","purchased_purges":0,"victory":false,"max_hp_per_floor":[60,60,60,60,60,60,60,60,60,60,60,60,60,60,60,60,60,60,60,60,60,60,60,60,60,60,60,60,60,60,60,60,60,60],"card_choices":[{"not_picked":["Backstab","Backflip"],"picked":"Poisoned Stab","floor":1.0},{"not_picked":["Finisher","Reflex"],"picked":"Crippling Poison","floor":2.0},{"not_picked":["Dagger Spray","Finisher"],"picked":"Acrobatics","floor":4.0},{"not_picked":["Flying Knee","Reflex"],"picked":"Concentrate","floor":5.0},{"not_picked":["Slice","Blade Dance"],"picked":"Unload","floor":8.0},{"not_picked":["Outmaneuver","Calculated Gamble"],"picked":"Bouncing Flask","floor":12.0},{"not_picked":["Dagger Spray","Underhanded Strike","Outmaneuver"],"picked":"SKIP","floor":14.0},{"not_picked":["Storm of Steel","Tools of the Trade"],"picked":"Grand Finale","floor":16.0},{"not_picked":["Quick Slash+1","Concentrate+1"],"picked":"PiercingWail","floor":18.0},{"not_picked":["Sucker Punch","Bouncing Flask","Cloak And Dagger"],"picked":"SKIP","floor":19.0},{"not_picked":["Masterful Stab","Outmaneuver"],"picked":"Prepared+1","floor":22.0},{"not_picked":["Deadly Poison","Envenom"],"picked":"Wraith Form v2","floor":24.0},{"not_picked":["Blade Dance","Deadly Poison"],"picked":"Noxious Fumes","floor":27.0},{"not_picked":["Setup","Dagger Spray","Dagger Throw"],"picked":"SKIP","floor":28.0},{"not_picked":["Prepared","Deflect","Expertise"],"picked":"SKIP","floor":29.0},{"not_picked":["Bullet Time","Quick Slash","Dagger Spray"],"picked":"SKIP","floor":31}],"player_experience":25811,"relics_obtained":[{"floor":8.0,"key":"Matryoshka"},{"floor":9.0,"key":"Ninja Scroll"},{"floor":9.0,"key":"Eternal Feather"},{"floor":11.0,"key":"Odd Mushroom"},{"floor":12.0,"key":"MealTicket"},{"floor":24.0,"key":"Vajra"},{"floor":26.0,"key":"Smiling Mask"},{"floor":26.0,"key":"Pen Nib"},{"floor":31,"key":"The Courier"}],"event_choices":[{"damage_healed":0.0,"max_hp_gain":0.0,"max_hp_loss":0.0,"gold_gain":0.0,"event_name":"Living Wall","player_choice":"Grow","floor":3.0,"gold_loss":0.0,"damage_taken":0.0,"cards_upgraded":["Poisoned Stab"]},{"cards_removed":["Defend_G"],"damage_healed":0.0,"max_hp_gain":0.0,"max_hp_loss":0.0,"gold_gain":0.0,"event_name":"The Cleric","player_choice":"Card Removal","floor":7.0,"gold_loss":75.0,"damage_taken":0.0},{"damage_healed":0.0,"max_hp_gain":0.0,"max_hp_loss":0.0,"gold_gain":0.0,"event_name":"Mushrooms","player_choice":"Fought Mushrooms","floor":11.0,"gold_loss":0.0,"damage_taken":0.0},{"damage_healed":0.0,"max_hp_gain":0.0,"max_hp_loss":0.0,"gold_gain":0.0,"event_name":"Shining Light","player_choice":"Ignored","floor":13.0,"gold_loss":0.0,"damage_taken":0.0},{"damage_healed":0.0,"max_hp_gain":0.0,"max_hp_loss":0.0,"gold_gain":0.0,"event_name":"N\u0027loth","player_choice":"Traded Relic","floor":20.0,"relics_lost":["Astrolabe"],"gold_loss":0.0,"damage_taken":0.0,"relics_obtained":["Nloth\u0027s Gift"]}],"is_beta":false,"boss_relics":[{"not_picked":["Empty Cage","Black Star"],"picked":"Astrolabe"}],"items_purged_floors":[],"is_endless":false,"potions_floor_spawned":[1,11,12,24,27,28,29],"killed_by":"Automaton","ascension_level":20}}