{"host":"kh6fvhxn285ncg0o","time":1608074557,"event":{"mods":["Act Like it!","BaseMod","Colored Map","Friendly Minions","Keyboard Shortcuts","Minty Spire (QoL Compilation)","Quick Restart","Relic Stats","StSLib","SuperFastMode"],"gold_per_floor":[99,99,99,99,99,99,99,99,99,99,99],"floor_reached":10,"playtime":217,"items_purged":[],"score":152,"play_id":"57e93c79-7794-4f15-a42b-51df70544d76","local_time":"20201216082237","is_ascension_mode":true,"campfire_choices":[{"floor":7,"key":"REST"}],"circlet_count":0,"master_deck":["AscendersBane","Strike_R","Strike_R","Strike_R","Strike_R","Defend_R","Defend_R","Defend_R","Defend_R","Bash","Power Through","Burning Pact","Entrench","Metallicize","Shrug It Off"],"relics":["Ectoplasm","Toy Ornithopter","Gremlin Horn","Pantograph"],"acts_visited":["Exordium"],"potions_floor_usage":[6,10,10],"damage_taken":[{"damage":0,"enemies":"Small Slimes","floor":1,"turns":3},{"damage":2,"enemies":"Jaw Worm","floor":2,"turns":3},{"damage":5,"enemies":"2 Louse","floor":5,"turns":3},{"damage":32,"enemies":"Gremlin Nob","floor":6,"turns":4},{"damage":37,"enemies":"3 Sentries","floor":8,"turns":18},{"damage":30,"enemies":"Gremlin Nob","floor":10,"turns":3}],"seed_played":"244592538686420824","potions_obtained":[{"floor":1,"key":"ColorlessPotion"},{"floor":2,"key":"CultistPotion"},{"floor":8,"key":"DuplicationPotion"}],"is_trial":false,"path_per_floor":["M","M","$","?","M","E","R","E","T","E"],"character_chosen":"IRONCLAD","items_purchased":[],"campfire_rested":1,"item_purchase_floors":[],"current_hp_per_floor":[68,66,66,66,61,29,51,14,14,0,0],"gold":99,"neow_bonus":"BOSS_RELIC","is_daily":false,"chose_seed":false,"campfire_upgraded":0,"win_rate":0.0,"timestamp":1608074557,"path_taken":["M","M","$","?","M","E","R","E","T","E"],"items_purchased_type":[],"build_version":"2020-12-13","purchased_purges":0,"victory":false,"max_hp_per_floor":[75,75,75,75,75,75,75,75,75,75,75],"relic_stats":{"Gremlin Horn":[0,0],"counters":[6,34],"Pantograph":0,"Ectoplasm":122,"obtain_stats":[{"Gremlin Horn":8,"Pantograph":9,"Ectoplasm":0,"Burning Blood":0,"Toy Ornithopter":6},{"Gremlin Horn":5,"Pantograph":5,"Ectoplasm":0,"Burning Blood":0,"Toy Ornithopter":4},{"Gremlin Horn":31,"Pantograph":31,"Ectoplasm":0,"Burning Blood":0,"Toy Ornithopter":13}],"Toy Ornithopter":10},"card_choices":[{"not_picked":["Thunderclap","Cleave"],"picked":"Power Through","floor":1},{"not_picked":["Bloodletting","Body Slam"],"picked":"Burning Pact","floor":2},{"not_picked":["Rupture","Havoc"],"picked":"Entrench","floor":5},{"not_picked":["Whirlwind","Heavy Blade"],"picked":"Metallicize","floor":6},{"not_picked":["Havoc","Searing Blow"],"picked":"Shrug It Off","floor":8}],"player_experience":3183953,"relics_obtained":[{"floor":6,"key":"Toy Ornithopter"},{"floor":8,"key":"Gremlin Horn"},{"floor":9,"key":"Pantograph"}],"event_choices":[{"cards_removed":["Strike_R"],"damage_healed":0,"gold_gain":0,"player_choice":"Forget","damage_taken":0,"max_hp_gain":0,"max_hp_loss":0,"event_name":"Living Wall","floor":4,"gold_loss":0}],"is_beta":false,"boss_relics":[],"items_purged_floors":[],"is_endless":false,"potions_floor_spawned":[1,2,8],"killed_by":"Gremlin Nob","ascension_level":20}}