{"host":"zv753xhrtese558r","time":1608010910,"event":{"mods":["2.2 Compatiblity","AchievementEnabler","BaseMod","Bestiary","Better Match","Better Note","Better Skull","Better Third Choice","BetterRewards","Colored Map","Colored Powertips","Googly Eyes","Infinite Spire","Minty Spire (QoL Compilation)","Replay The Spire","Spicy Shops","StSLib","The Gatherer"],"gold_per_floor":[115,133,146,166,16,16,51,126,173,188,44,44,44,44,44,147,147,162,162,176,176,17,17,36,36,91,105,131,131,131,131,131,226,226,243,263,263,263,9,9,26,26,49,49,63,63,81,81,81,81,81],"floor_reached":50,"playtime":2881,"items_purged":[],"score":580,"play_id":"3fe49e7d-58cb-4a0f-92e5-ee7bf17d5842","local_time":"20201214214150","is_ascension_mode":true,"campfire_choices":[{"data":"WindmillStrike","floor":6.0,"key":"SMITH"},{"floor":15.0,"key":"REST"},{"data":"Evaluate","floor":23.0,"key":"SMITH"},{"floor":25.0,"key":"REST"},{"floor":30.0,"key":"REST"},{"data":"Eruption","floor":32.0,"key":"SMITH"},{"floor":40.0,"key":"REST"},{"floor":42.0,"key":"REST"},{"floor":44.0,"key":"REST"},{"floor":46.0,"key":"REST"},{"floor":49,"key":"REST"}],"circlet_count":0,"master_deck":["Strike_P","Strike_P","Strike_P","Strike_P","Defend_P","Defend_P","Defend_P","Eruption+1","Vigilance+1","Replay:Vibes","WindmillStrike+1","Perseverance","Evaluate","CarveReality","Madness+1","Apotheosis+1","Blasphemy","Consecrate","Halt","Evaluate+1","FlyingSleeves","EmptyFist","FollowUp","Vault","EmptyFist+1","Consecrate+1","Consecrate+1"],"relics":["PureWater","NeowsBlessing","Ancient Tea Set","infinitespire:Eraser","Juzu Bracelet","ReplayTheSpireMod:Ring of Addiction","SacredBark","Toy Ornithopter","Tiny Chest","Art of War","Replay:Bottled Flurry","Replay:Ringing Soul","Omamori"],"acts_visited":["Exordium","TheCity","TheBeyond"],"potions_floor_usage":[],"damage_taken":[{"damage":0.0,"enemies":"Cultist","floor":1.0,"turns":1.0},{"damage":0.0,"enemies":"Small Slimes","floor":2.0,"turns":1.0},{"damage":0.0,"enemies":"Jaw Worm","floor":3.0,"turns":1.0},{"damage":7.0,"enemies":"2 Fungi Beasts","floor":4.0,"turns":5.0},{"damage":22.0,"enemies":"3 Sentries","floor":7.0,"turns":7.0},{"damage":1.0,"enemies":"3 Louse","floor":10.0,"turns":3.0},{"damage":46.0,"enemies":"Hexaghost","floor":16.0,"turns":8.0},{"damage":11.0,"enemies":"Spheric Guardian","floor":18.0,"turns":6.0},{"damage":2.0,"enemies":"3 Byrds","floor":20.0,"turns":2.0},{"damage":26.0,"enemies":"Snake Plant","floor":24.0,"turns":3.0},{"damage":20.0,"enemies":"Centurion and Healer","floor":27.0,"turns":4.0},{"damage":4.0,"enemies":"Gremlin Leader","floor":28.0,"turns":6.0},{"damage":42.0,"enemies":"Champ","floor":33.0,"turns":7.0},{"damage":33.0,"enemies":"3 Darklings","floor":35.0,"turns":5.0},{"damage":1.0,"enemies":"Orb Walker","floor":36.0,"turns":3.0},{"damage":21.0,"enemies":"3 Darklings","floor":41.0,"turns":6.0},{"damage":17.0,"enemies":"Spire Growth","floor":45.0,"turns":5.0},{"damage":30,"enemies":"Jaw Worm Horde","floor":47,"turns":3},{"damage":61,"enemies":"Awakened One","floor":50,"turns":3}],"seed_played":"-927993757267697017","potions_obtained":[{"floor":3.0,"key":"FearPotion"},{"floor":7.0,"key":"Weak Potion"},{"floor":10.0,"key":"Strength Potion"},{"floor":12.0,"key":"Explosive Potion"},{"floor":27.0,"key":"SkillPotion"},{"floor":28.0,"key":"FearPotion"},{"floor":35.0,"key":"Toxic Potion"}],"is_trial":false,"path_per_floor":["M","M","M","M","$","R","E","?","T","M","$","?","?","?","R","B",null,"M","?","M","?","$","R","M","R","T","M","E","?","R","$","R","B",null,"M","M","?","T","$","R","M","R","T","R","M","R","M","?","R","B"],"character_chosen":"WATCHER","items_purchased":["Ancient Tea Set","Juzu Bracelet","Evaluate","Adrenaline Potion","Fire Potion","Replay:Ringing Soul"],"campfire_rested":8,"item_purchase_floors":[5,11,22,22,22,39],"current_hp_per_floor":[72,72,72,65,65,65,43,32,32,31,31,31,31,31,52,11,70,59,59,62,62,62,62,47,67,67,47,48,48,66,66,64,27,64,31,35,35,35,35,53,35,54,54,63,49,64,37,37,57,0,0],"gold":81,"neow_bonus":"THREE_ENEMY_KILL","is_daily":false,"chose_seed":false,"campfire_upgraded":3,"win_rate":0.0,"timestamp":1608010910,"path_taken":["M","M","?","M","$","R","E","?","T","M","$","?","?","?","R","BOSS","M","?","M","?","$","R","M","R","T","M","E","?","R","?","R","BOSS","M","M","?","?","?","R","M","R","T","R","M","R","M","?","R","BOSS"],"items_purchased_type":["Relic","Relic","Card","Potion","Potion","Relic"],"build_version":"2020-12-13","purchased_purges":0,"victory":false,"max_hp_per_floor":[72,72,72,72,72,72,72,72,72,72,72,72,72,72,72,70,70,70,70,70,70,70,70,68,68,68,68,66,66,66,66,64,64,64,64,64,64,64,64,62,65,65,63,63,66,64,67,67,67,65,65],"card_choices":[{"not_picked":["Replay:Cycle","CutThroughFate"],"picked":"Replay:Vibes","floor":1.0},{"not_picked":["Halt","Collect"],"picked":"WindmillStrike","floor":2.0},{"not_picked":["WreathOfFlame","Vengeance"],"picked":"Perseverance","floor":3.0},{"not_picked":["InnerPeace","ThirdEye"],"picked":"Evaluate","floor":4.0},{"not_picked":["Meditate","Replay:BluntJabs","Evaluate"],"picked":"SKIP","floor":7.0},{"not_picked":["Protect","Replay:DivineShield"],"picked":"CarveReality","floor":10.0},{"not_picked":["MasterReality","Vault"],"picked":"Blasphemy","floor":16.0},{"not_picked":["Prostrate","Crescendo"],"picked":"Consecrate","floor":18.0},{"not_picked":["Replay:Hum","ForeignInfluence+1"],"picked":"Halt","floor":20.0},{"not_picked":["ForeignInfluence","EmptyBody"],"picked":"FlyingSleeves","floor":24.0},{"not_picked":["Prostrate","Swivel"],"picked":"EmptyFist","floor":27.0},{"not_picked":["Halt","ClearTheMind"],"picked":"FollowUp","floor":28.0},{"not_picked":["Brilliance","DevaForm"],"picked":"Vault","floor":33.0},{"not_picked":["CutThroughFate","Fasting2+1","FlyingSleeves"],"picked":"SKIP","floor":35.0},{"not_picked":["Conclude+1","EmptyFist","Replay:ManipulateFuture"],"picked":"SKIP","floor":36.0},{"not_picked":["Evaluate+1","Tantrum"],"picked":"EmptyFist+1","floor":41.0},{"not_picked":["CrushJoints","EmptyFist+1"],"picked":"Consecrate+1","floor":45.0},{"not_picked":["Worship+1","SashWhip"],"picked":"Consecrate+1","floor":47}],"player_experience":423353,"relics_obtained":[{"floor":7.0,"key":"infinitespire:Eraser"},{"floor":9.0,"key":"Dream Catcher"},{"floor":12.0,"key":"ReplayTheSpireMod:Ring of Addiction"},{"floor":12.0,"key":"SacredBark"},{"floor":12.0,"key":"Toy Ornithopter"},{"floor":26.0,"key":"Tiny Chest"},{"floor":28.0,"key":"Art of War"},{"floor":38.0,"key":"Replay:Bottled Flurry"},{"floor":43.0,"key":"Omamori"}],"event_choices":[{"damage_healed":0.0,"max_hp_gain":0.0,"max_hp_loss":0.0,"gold_gain":75.0,"event_name":"betterThird:BetterGoop","player_choice":"Gold","floor":8.0,"gold_loss":0.0,"damage_taken":11.0},{"damage_healed":31.0,"max_hp_gain":0.0,"max_hp_loss":72.0,"gold_gain":0.0,"event_name":"betterThird:BetterShining","player_choice":"Protect","floor":13.0,"gold_loss":1.0,"damage_taken":0.0},{"damage_healed":0.0,"max_hp_gain":0.0,"max_hp_loss":0.0,"gold_gain":0.0,"event_name":"Cursed Tome","player_choice":"Ignored","floor":19.0,"gold_loss":0.0,"damage_taken":0.0},{"damage_healed":0.0,"max_hp_gain":0.0,"max_hp_loss":0.0,"gold_gain":0.0,"event_name":"Upgrade Shrine","player_choice":"Upgraded","floor":21.0,"gold_loss":0.0,"damage_taken":0.0,"cards_upgraded":["Madness"]},{"cards_removed":["Defend_P"],"damage_healed":0.0,"max_hp_gain":0.0,"max_hp_loss":0.0,"gold_gain":0.0,"event_name":"Wheel of Change","player_choice":"Card Removal","floor":29.0,"gold_loss":0.0,"damage_taken":0.0},{"damage_healed":0.0,"max_hp_gain":0.0,"max_hp_loss":0.0,"gold_gain":0.0,"event_name":"betterThird:BetterPortal","player_choice":"Ignored","floor":37.0,"gold_loss":0.0,"damage_taken":0.0},{"damage_healed":0,"gold_gain":0,"player_choice":"Ignored","damage_taken":0,"max_hp_gain":0,"max_hp_loss":0,"event_name":"Mysterious Sphere","floor":48,"gold_loss":0}],"is_beta":false,"boss_relics":[{"not_picked":["Busted Crown","Philosopher\u0027s Stone","Replay:Grab Bag"]},{"not_picked":["Empty Cage","Kintsugi","Velvet Choker"]}],"items_purged_floors":[],"is_endless":false,"potions_floor_spawned":[3,7,10,27,28,35],"killed_by":"Awakened One","ascension_level":4}}