{"host":"p6y17sixyu8q9v1f","time":1608065179,"event":{"mods":["BaseMod","Colored Map","Minty Spire (QoL Compilation)"],"gold_per_floor":[114,114,39,53,69,69,97,41,116,132,143,43,56,74,74,179,179,194,194,194,218,24,24,24,24,48,48,48,62,81,93,93,93,93],"floor_reached":33,"playtime":891,"items_purged":["Strike_B","Strike_B","Strike_B"],"score":296,"play_id":"38c1fb53-fe57-442f-8cda-c712e35e1eee","local_time":"20201215144619","is_ascension_mode":true,"campfire_choices":[{"data":"Zap","floor":6,"key":"SMITH"},{"floor":15,"key":"REST"},{"data":"Echo Form","floor":23,"key":"SMITH"},{"data":"Genetic Algorithm","floor":27,"key":"SMITH"},{"data":"Static Discharge","floor":32,"key":"SMITH"}],"circlet_count":0,"master_deck":["Defend_B","Defend_B","Defend_B","Defend_B","Zap+1","Dualcast","Ball Lightning+1","Tempest","Genetic Algorithm+1","Static Discharge+1","Storm","Echo Form+1","Auto Shields","Steam+1","BootSequence","BootSequence"],"relics":["Cracked Core","Omamori","Art of War","PreservedInsect","Busted Crown","Bronze Scales","Pantograph","Whetstone","Nloth\u0027s Gift"],"acts_visited":["Exordium","TheCity"],"potions_floor_usage":[7,14,29,31,33],"damage_taken":[{"damage":0,"enemies":"Small Slimes","floor":1,"turns":2},{"damage":0,"enemies":"Cultist","floor":4,"turns":3},{"damage":7,"enemies":"Jaw Worm","floor":5,"turns":2},{"damage":20,"enemies":"Gremlin Nob","floor":7,"turns":3},{"damage":0,"enemies":"Exordium Thugs","floor":10,"turns":3},{"damage":25,"enemies":"Gremlin Gang","floor":11,"turns":3},{"damage":8,"enemies":"Large Slime","floor":13,"turns":3},{"damage":0,"enemies":"Blue Slaver","floor":14,"turns":2},{"damage":19,"enemies":"The Guardian","floor":16,"turns":11},{"damage":43,"enemies":"2 Thieves","floor":18,"turns":4},{"damage":4,"enemies":"Shell Parasite","floor":29,"turns":5},{"damage":13,"enemies":"Centurion and Healer","floor":30,"turns":5},{"damage":3,"enemies":"3 Cultists","floor":31,"turns":5},{"damage":65,"enemies":"Collector","floor":33,"turns":5}],"seed_played":"9129495087039683355","potions_obtained":[{"floor":5,"key":"SkillPotion"},{"floor":10,"key":"FearPotion"},{"floor":13,"key":"SkillPotion"},{"floor":14,"key":"Fire Potion"},{"floor":18,"key":"Block Potion"},{"floor":29,"key":"Ancient Potion"}],"is_trial":false,"path_per_floor":["M","?","$","M","M","R","E","?","T","M","M","$","M","M","R","B",null,"M","?","?","T","$","R","T","$","T","R","?","M","M","M","R","B"],"character_chosen":"DEFECT","items_purchased":["Auto Shields"],"campfire_rested":1,"item_purchase_floors":[22],"current_hp_per_floor":[75,75,75,75,68,68,48,48,48,48,23,23,15,15,43,24,75,32,32,32,32,32,38,38,38,38,44,44,40,27,24,24,0,0],"gold":93,"neow_bonus":"RANDOM_COMMON_RELIC","is_daily":false,"chose_seed":false,"campfire_upgraded":4,"win_rate":0.0,"timestamp":1608065179,"path_taken":["M","?","?","M","M","R","E","?","T","M","?","$","M","?","R","BOSS","M","?","?","?","?","R","?","?","T","R","?","M","M","?","R","BOSS"],"items_purchased_type":["Card"],"build_version":"2020-11-30","purchased_purges":3,"victory":false,"max_hp_per_floor":[75,75,75,75,75,75,75,75,75,75,75,75,75,75,75,75,75,75,75,75,75,75,75,75,75,75,75,75,75,75,75,75,75,75],"card_choices":[{"not_picked":["Hologram","Sweeping Beam"],"picked":"Ball Lightning","floor":1},{"not_picked":["Sweeping Beam","Chaos"],"picked":"Tempest","floor":4},{"not_picked":["White Noise","Scrape"],"picked":"Genetic Algorithm","floor":5},{"not_picked":["Hologram","Turbo","Skim"],"picked":"SKIP","floor":7},{"not_picked":["Chill","Glacier","Darkness"],"picked":"SKIP","floor":10},{"not_picked":["Beam Cell","FTL"],"picked":"Static Discharge","floor":11},{"not_picked":["Turbo","Beam Cell","Barrage"],"picked":"SKIP","floor":13},{"not_picked":["Stack","Gash"],"picked":"Storm","floor":14},{"not_picked":["Multi-Cast","Amplify"],"picked":"Echo Form","floor":16},{"not_picked":["Tempest"],"picked":"SKIP","floor":18},{"not_picked":[],"picked":"Steam+1","floor":29},{"not_picked":[],"picked":"BootSequence","floor":30},{"not_picked":[],"picked":"BootSequence","floor":31}],"player_experience":747176,"relics_obtained":[{"floor":7,"key":"Art of War"},{"floor":9,"key":"Eternal Feather"},{"floor":21,"key":"Bronze Scales"},{"floor":24,"key":"Pantograph"},{"floor":26,"key":"Whetstone"}],"event_choices":[{"damage_healed":0,"gold_gain":0,"player_choice":"Bought 0 Potions","damage_taken":0,"max_hp_gain":0,"max_hp_loss":0,"event_name":"The Woman in Blue","floor":2,"gold_loss":0},{"damage_healed":0,"gold_gain":0,"player_choice":"Paid Gold","damage_taken":0,"relics_obtained":["PreservedInsect"],"max_hp_gain":0,"max_hp_loss":0,"event_name":"WeMeetAgain","floor":8,"gold_loss":56},{"damage_healed":0,"gold_gain":0,"player_choice":"Ignored","damage_taken":0,"max_hp_gain":0,"max_hp_loss":0,"event_name":"Ghosts","floor":19,"gold_loss":0},{"cards_removed":["Strike_B"],"damage_healed":0,"gold_gain":0,"player_choice":"Elegance","damage_taken":0,"max_hp_gain":0,"max_hp_loss":0,"event_name":"Back to Basics","floor":20,"gold_loss":0},{"damage_healed":0,"gold_gain":0,"player_choice":"Traded Relic","damage_taken":0,"relics_obtained":["Nloth\u0027s Gift"],"max_hp_gain":0,"max_hp_loss":0,"event_name":"N\u0027loth","floor":28,"relics_lost":["Eternal Feather"],"gold_loss":0}],"is_beta":false,"boss_relics":[{"not_picked":["Snecko Eye","Coffee Dripper"],"picked":"Busted Crown"}],"items_purged_floors":[3,12,22],"is_endless":false,"potions_floor_spawned":[5,10,13,14,18,29],"killed_by":"Collector","ascension_level":4}}