{"host":"pvedlq59if0kbxhz","time":1608065479,"event":{"mods":["Act Like it!","BaseMod","Downfall","Duelist Mod","Friendly Minions","GifTheSpireLib","Gold Saver","Hubris","Koishi","Minty Spire (QoL Compilation)","Replay The Spire","StSLib","The Bug Knight","The Servant 0.9.4"],"gold_per_floor":[118,131,145,159,175,191,191,191],"floor_reached":7,"playtime":651,"items_purged":[],"score":47,"play_id":"685c5e6e-981d-421b-bfb1-e6d24168cc9b","local_time":"20201215155119","is_ascension_mode":false,"campfire_choices":[],"circlet_count":0,"master_deck":["Strike_R","Strike_R","Strike_R","Strike_R","Strike_R","Defend_R","Defend_R","Defend_R","Defend_R","Bash","hubris:SharpeningStone","Warcry","ReplayTheSpireMod:Limb From Limb","Replay:Undeath\u0027s Touch","True Grit","Replay:Undeath\u0027s Touch"],"relics":["Burning Blood"],"acts_visited":["Exordium"],"potions_floor_usage":[4,7,7],"damage_taken":[{"damage":5,"enemies":"Cultist","floor":1,"turns":4},{"damage":0,"enemies":"Small Slimes","floor":2,"turns":3},{"damage":6,"enemies":"Jaw Worm","floor":3,"turns":4},{"damage":12,"enemies":"Looter","floor":4,"turns":5},{"damage":21,"enemies":"3 Louse","floor":5,"turns":4},{"damage":36,"enemies":"Exordium Wildlife","floor":6,"turns":8},{"damage":37,"enemies":"Gremlin Nob","floor":7,"turns":4}],"seed_played":"5223478887502448302","potions_obtained":[{"floor":3,"key":"PowerPotion"},{"floor":5,"key":"Block Potion"},{"floor":6,"key":"Reflective Coating"}],"is_trial":false,"path_per_floor":["M","M","M","M","M","M","E"],"character_chosen":"IRONCLAD","items_purchased":[],"campfire_rested":0,"item_purchase_floors":[],"current_hp_per_floor":[88,88,88,82,67,37,0,0],"gold":191,"neow_bonus":"TEN_PERCENT_HP_BONUS","is_daily":false,"chose_seed":false,"campfire_upgraded":0,"win_rate":0.0,"timestamp":1608065479,"path_taken":["M","M","M","M","M","M","E"],"items_purchased_type":[],"build_version":"2020-12-13","purchased_purges":0,"victory":false,"max_hp_per_floor":[88,88,88,88,88,88,88,88],"card_choices":[{"not_picked":["Anger","Shockwave"],"picked":"hubris:SharpeningStone","floor":1},{"not_picked":["Perfected Strike","Clash"],"picked":"Warcry","floor":2},{"not_picked":["Clothesline","Run Through"],"picked":"ReplayTheSpireMod:Limb From Limb","floor":3},{"not_picked":["Body Slam","Reaper"],"picked":"Replay:Undeath\u0027s Touch","floor":4},{"not_picked":["Headbutt","Hemokinesis"],"picked":"True Grit","floor":5},{"not_picked":["Iron Wave","Clash"],"picked":"Replay:Undeath\u0027s Touch","floor":6}],"player_experience":3656,"relics_obtained":[],"event_choices":[],"is_beta":false,"boss_relics":[],"items_purged_floors":[],"is_endless":false,"potions_floor_spawned":[3,5,6],"killed_by":"Gremlin Nob","ascension_level":0}}