{"host":"88n6zaadp7apuxho","time":1608051011,"event":{"mods":["AchievementEnabler","BaseMod","CapriCore","Colored Map","Friendly Minions","KomeijiMod","Minty Spire (QoL Compilation)","StSLib","The Immortal"],"gold_per_floor":[109,30,30,45,65,94,94,109,109,139,154,154,154,181,181,282,282,299,314,314,46,61,94,94,94,118,39,51,86,86,105,105,208,208,223,223,274,286,186,212,212,244,323,323,323,343,343,358,358,358],"floor_reached":51,"playtime":2156,"items_purged":["Strike_G"],"score":1308,"play_id":"66352425-59ea-4085-bd60-ba626580bb56","local_time":"20201216015011","is_ascension_mode":true,"campfire_choices":[{"data":"Cloak And Dagger","floor":7,"key":"SMITH"},{"data":"Adrenaline","floor":13,"key":"SMITH"},{"data":"Accuracy","floor":15,"key":"SMITH"},{"data":"RitualDagger","floor":24,"key":"SMITH"},{"data":"Adrenaline","floor":30,"key":"SMITH"},{"data":"Footwork","floor":32,"key":"SMITH"},{"data":"A Thousand Cuts","floor":41,"key":"SMITH"},{"data":"Madness","floor":45,"key":"SMITH"},{"data":"Madness","floor":47,"key":"SMITH"},{"data":"Accuracy","floor":49,"key":"SMITH"}],"circlet_count":0,"master_deck":["Strike_G","Strike_G","Strike_G","Defend_G","Defend_G","Defend_G","Survivor","Neutralize","Dagger Spray","Acrobatics","Accuracy+1","Backflip","Cloak And Dagger+1","Masterful Stab","Adrenaline+1","Backflip+1","Cloak And Dagger","Blade Dance","Adrenaline+1","Noxious Fumes","RitualDagger+1","Footwork+1","Accuracy","Accuracy+1","A Thousand Cuts+1","Cloak And Dagger+1","Madness+1","Madness+1","Dodge and Roll+1","Blade Dance+1","Acrobatics+1","Storm of Steel"],"relics":["Ring of the Snake","Pen Nib","Gremlin Horn","Sundial","Singing Bowl","Philosopher\u0027s Stone","Vajra","HoshigumaDish","Happy Flower","StoneCalendar","Sozu","Calipers","Darkstone Periapt","War Paint"],"acts_visited":["Exordium","TheCity","TheBeyond"],"potions_floor_usage":[10,14,14,16,23,37,50],"damage_taken":[{"damage":0,"enemies":"Cultist","floor":1,"turns":4},{"damage":7,"enemies":"Jaw Worm","floor":4,"turns":5},{"damage":4,"enemies":"2 Louse","floor":5,"turns":3},{"damage":28,"enemies":"3 Sentries","floor":6,"turns":10},{"damage":0,"enemies":"Exordium Wildlife","floor":8,"turns":4},{"damage":0,"enemies":"Lagavulin","floor":10,"turns":5},{"damage":0,"enemies":"Looter","floor":11,"turns":2},{"damage":0,"enemies":"Gremlin Nob","floor":14,"turns":3},{"damage":4,"enemies":"Hexaghost","floor":16,"turns":8},{"damage":0,"enemies":"3 Byrds","floor":18,"turns":3},{"damage":0,"enemies":"2 Thieves","floor":19,"turns":2},{"damage":7,"enemies":"3 Cultists","floor":22,"turns":3},{"damage":0,"enemies":"Slavers","floor":23,"turns":4},{"damage":0,"enemies":"Shelled Parasite and Fungi","floor":28,"turns":2},{"damage":0,"enemies":"Book of Stabbing","floor":29,"turns":2},{"damage":0,"enemies":"Snecko","floor":31,"turns":2},{"damage":0,"enemies":"Collector","floor":33,"turns":5},{"damage":11,"enemies":"3 Shapes","floor":35,"turns":3},{"damage":11,"enemies":"2 Orb Walkers","floor":37,"turns":5},{"damage":0,"enemies":"Orb Walker","floor":38,"turns":3},{"damage":1,"enemies":"Reptomancer","floor":40,"turns":3},{"damage":0,"enemies":"Giant Head","floor":42,"turns":5},{"damage":0,"enemies":"4 Shapes","floor":46,"turns":2},{"damage":0,"enemies":"3 Darklings","floor":48,"turns":1},{"damage":28,"enemies":"Donu and Deca","floor":50,"turns":5}],"seed_played":"-108310662176667723","potions_obtained":[{"floor":5,"key":"Energy Potion"},{"floor":6,"key":"Strength Potion"},{"floor":10,"key":"GhostInAJar"},{"floor":11,"key":"Swift Potion"},{"floor":16,"key":"Poison Potion"},{"floor":22,"key":"Energy Potion"},{"floor":33,"key":"Swift Potion"}],"is_trial":false,"path_per_floor":["M","$","?","M","M","E","R","M","T","E","M","?","R","E","R","B",null,"M","M","?","$","M","E","R","?","T","$","M","E","R","M","R","B",null,"M","?","?","M","?","E","R","E","T","?","R","M","R","M","R","B",null],"character_chosen":"THE_SILENT","items_purchased":["Accuracy","Footwork","Vajra","Accuracy"],"campfire_rested":0,"item_purchase_floors":[2,21,21,27],"current_hp_per_floor":[63,63,63,56,52,24,24,24,24,24,24,24,24,24,24,20,58,58,60,54,54,49,51,51,51,51,51,53,55,55,55,55,55,74,63,53,44,44,46,47,47,49,49,51,51,53,53,53,53,25],"gold":358,"neow_bonus":"THREE_CARDS","is_daily":false,"chose_seed":false,"campfire_upgraded":10,"win_rate":0.0,"timestamp":1608051011,"path_taken":["M","$","?","M","?","E","R","M","T","E","M","?","R","E","R","BOSS","M","M","?","$","M","E","R","?","T","?","M","E","R","M","R","BOSS","M","?","?","M","?","E","R","E","T","?","R","M","R","M","R","BOSS"],"items_purchased_type":["Card","Card","Relic","Card"],"build_version":"2020-11-30","purchased_purges":1,"victory":true,"max_hp_per_floor":[70,70,70,70,70,70,70,70,70,70,70,70,70,70,70,70,70,70,72,72,72,74,76,76,76,76,76,78,80,80,80,80,80,80,80,80,82,82,84,86,86,88,88,90,90,92,92,92,92,92],"card_choices":[{"not_picked":["Backflip","Quick Slash"],"picked":"Dagger Spray","floor":0},{"not_picked":["Dodge and Roll","Setup"],"picked":"Acrobatics","floor":1},{"not_picked":["Escape Plan","Catalyst"],"picked":"Backflip","floor":4},{"not_picked":["Flying Knee","Outmaneuver"],"picked":"Cloak And Dagger","floor":5},{"not_picked":["Riddle With Holes","Quick Slash"],"picked":"Masterful Stab","floor":6},{"not_picked":["Blur","Riddle With Holes"],"picked":"Adrenaline","floor":8},{"not_picked":["Dodge and Roll","Deadly Poison"],"picked":"Backflip","floor":10},{"not_picked":["Prepared","Deflect"],"picked":"Cloak And Dagger","floor":11},{"not_picked":["Flechettes","Dagger Throw"],"picked":"Blade Dance","floor":14},{"not_picked":["Phantasmal Killer","Tools of the Trade"],"picked":"Adrenaline","floor":16},{"not_picked":["Eviscerate+1","Calculated Gamble"],"picked":"Noxious Fumes","floor":18},{"not_picked":["Backstab","Slice+1","Choke"],"picked":"Singing Bowl","floor":19},{"not_picked":["Deadly Poison+1","Dash","Terror"],"picked":"Singing Bowl","floor":22},{"not_picked":["Prepared","Slice","Choke+1"],"picked":"Singing Bowl","floor":23},{"not_picked":["Poisoned Stab+1","Prepared","Dagger Throw+1"],"picked":"Singing Bowl","floor":28},{"not_picked":["Sucker Punch","Leg Sweep","Endless Agony"],"picked":"Singing Bowl","floor":29},{"not_picked":["Flechettes","Quick Slash+1"],"picked":"Accuracy","floor":31},{"not_picked":["Corpse Explosion","Doppelganger"],"picked":"A Thousand Cuts","floor":33},{"not_picked":["Poisoned Stab","Deadly Poison"],"picked":"Cloak And Dagger+1","floor":35},{"not_picked":["Cloak And Dagger+1","Dagger Spray+1","Acrobatics"],"picked":"Singing Bowl","floor":37},{"not_picked":["Underhanded Strike+1","Expertise+1"],"picked":"Dodge and Roll+1","floor":38},{"not_picked":["Terror","Dash"],"picked":"Blade Dance","floor":39},{"not_picked":["Heel Hook","All Out Attack+1","Catalyst"],"picked":"Singing Bowl","floor":39},{"not_picked":["Flechettes","Blade Dance+1"],"picked":"Acrobatics+1","floor":39},{"not_picked":["Heel Hook+1","All Out Attack","Cloak And Dagger+1"],"picked":"Singing Bowl","floor":40},{"not_picked":["Dagger Spray","Flechettes+1","Expertise+1"],"picked":"Singing Bowl","floor":42},{"not_picked":["PanicButton","RidiculousThoughts","Dramatic Entrance"],"picked":"Singing Bowl","floor":44},{"not_picked":["Dagger Spray+1","Flying Knee","Deadly Poison"],"picked":"Singing Bowl","floor":46},{"not_picked":["Slice","PiercingWail"],"picked":"Storm of Steel","floor":48}],"player_experience":479485,"relics_obtained":[{"floor":6,"key":"Pen Nib"},{"floor":9,"key":"Gremlin Horn"},{"floor":10,"key":"Sundial"},{"floor":14,"key":"Singing Bowl"},{"floor":23,"key":"HoshigumaDish"},{"floor":26,"key":"Happy Flower"},{"floor":29,"key":"StoneCalendar"},{"floor":37,"key":"Calipers"},{"floor":40,"key":"Darkstone Periapt"},{"floor":42,"key":"War Paint"}],"event_choices":[{"damage_healed":0,"gold_gain":0,"player_choice":"Ignored","damage_taken":0,"max_hp_gain":0,"max_hp_loss":0,"event_name":"WeMeetAgain","floor":3,"gold_loss":0},{"damage_healed":0,"gold_gain":0,"player_choice":"Ignored","damage_taken":0,"max_hp_gain":0,"max_hp_loss":0,"event_name":"Liars Game","floor":12,"gold_loss":0},{"damage_healed":0,"gold_gain":0,"player_choice":"Joined the Cult","damage_taken":6,"max_hp_gain":0,"max_hp_loss":0,"event_name":"Nest","floor":20,"gold_loss":0,"cards_obtained":["RitualDagger"]},{"damage_healed":0,"gold_gain":0,"player_choice":"Ignored","damage_taken":0,"max_hp_gain":0,"max_hp_loss":0,"event_name":"The Mausoleum","floor":25,"gold_loss":0},{"damage_healed":0,"gold_gain":0,"player_choice":"Embrace Madness","damage_taken":10,"max_hp_gain":0,"max_hp_loss":0,"event_name":"Winding Halls","floor":36,"gold_loss":0,"cards_obtained":["Madness","Madness"]},{"damage_healed":0,"gold_gain":0,"player_choice":"Fight","damage_taken":0,"max_hp_gain":0,"max_hp_loss":0,"event_name":"Mysterious Sphere","floor":37,"gold_loss":0},{"damage_healed":0,"gold_gain":0,"player_choice":"Memory 1","damage_taken":0,"max_hp_gain":0,"max_hp_loss":0,"event_name":"SensoryStone","floor":44,"gold_loss":0}],"is_beta":false,"boss_relics":[{"not_picked":["Busted Crown","Cursed Key"],"picked":"Philosopher\u0027s Stone"},{"not_picked":["Ring of the Serpent","Runic Dome"],"picked":"Sozu"}],"items_purged_floors":[21],"is_endless":false,"potions_floor_spawned":[5,6,10,11,16,22,33,37,38,42],"ascension_level":7}}