{"host":"fne7yx97fnz7kq05","time":1608076236,"event":{"mods":["BaseMod","Colored Map","Colored Powertips","Highlight Path","Minty Spire (QoL Compilation)","Relic Stats"],"gold_per_floor":[109,109,120,1,15,15,41,41,66,92,104,114,145,156,156,258,258,278,278,293,18,35,66,66,85,85,117,135,148,148,180,180,180,180],"floor_reached":33,"playtime":2923,"items_purged":["Strike_R"],"score":397,"play_id":"f3945b5a-14d7-43fa-a771-740407182fa2","local_time":"20201215175036","is_ascension_mode":true,"campfire_choices":[{"data":"Rage","floor":6,"key":"SMITH"},{"data":"Cleave","floor":8,"key":"SMITH"},{"data":"Carnage","floor":15,"key":"SMITH"},{"floor":24,"key":"REST"},{"data":"Pommel Strike","floor":32,"key":"SMITH"}],"circlet_count":0,"master_deck":["Strike_R","Strike_R+1","Strike_R","Strike_R","Defend_R","Defend_R+1","Bash","Clothesline+1","Cleave+1","Carnage+1","Shrug It Off","Impervious+1","Shrug It Off","Body Slam+1","Feed","Flame Barrier","Shrug It Off","Infernal Blade+1","Pommel Strike+1"],"relics":["Empty Cage","Happy Flower","Anchor","Thread and Needle","Nunchaku","Philosopher\u0027s Stone","Whetstone","Vajra","Mummified Hand","War Paint","Molten Egg 2"],"acts_visited":["Exordium","TheCity"],"potions_floor_usage":[7,12,16,16,23,28,31,33,33],"damage_taken":[{"damage":6,"enemies":"2 Louse","floor":1,"turns":4},{"damage":3,"enemies":"Small Slimes","floor":3,"turns":2},{"damage":0,"enemies":"Cultist","floor":5,"turns":2},{"damage":8,"enemies":"3 Sentries","floor":7,"turns":8},{"damage":14,"enemies":"Gremlin Nob","floor":10,"turns":4},{"damage":0,"enemies":"Exordium Wildlife","floor":11,"turns":2},{"damage":0,"enemies":"Gremlin Gang","floor":12,"turns":3},{"damage":5,"enemies":"3 Sentries","floor":13,"turns":5},{"damage":0,"enemies":"Large Slime","floor":14,"turns":3},{"damage":4,"enemies":"Hexaghost","floor":16,"turns":8},{"damage":0,"enemies":"Chosen","floor":18,"turns":2},{"damage":0,"enemies":"2 Thieves","floor":20,"turns":4},{"damage":0,"enemies":"Cultist and Chosen","floor":22,"turns":7},{"damage":66,"enemies":"Book of Stabbing","floor":23,"turns":6},{"damage":1,"enemies":"3 Cultists","floor":25,"turns":5},{"damage":0,"enemies":"Gremlin Leader","floor":27,"turns":6},{"damage":0,"enemies":"Centurion and Healer","floor":28,"turns":8},{"damage":8,"enemies":"Cultist and Chosen","floor":29,"turns":5},{"damage":2,"enemies":"Slavers","floor":31,"turns":4},{"damage":84,"enemies":"Champ","floor":33,"turns":16}],"seed_played":"-723784880443435834","potions_obtained":[{"floor":1,"key":"SneckoOil"},{"floor":5,"key":"HeartOfIron"},{"floor":11,"key":"Block Potion"},{"floor":12,"key":"Swift Potion"},{"floor":20,"key":"Fruit Juice"},{"floor":25,"key":"SpeedPotion"},{"floor":28,"key":"FearPotion"},{"floor":31,"key":"Ancient Potion"}],"is_trial":false,"path_per_floor":["M","?","M","$","M","R","E","R","T","E","M","M","E","M","R","B",null,"M","?","M","$","M","E","R","M","T","E","M","M","?","E","R","B"],"character_chosen":"IRONCLAD","items_purchased":["SteroidPotion","Rage","Feed","BloodPotion"],"campfire_rested":1,"item_purchase_floors":[4,4,21,21],"current_hp_per_floor":[74,74,71,71,71,71,63,63,63,49,49,49,44,44,44,40,80,80,80,80,80,83,17,41,43,43,43,51,46,46,47,47,0,0],"gold":180,"neow_bonus":"BOSS_RELIC","is_daily":false,"chose_seed":false,"campfire_upgraded":4,"win_rate":0.0,"timestamp":1608076236,"path_taken":["M","?","M","$","M","R","E","R","T","E","M","M","E","M","R","BOSS","M","?","?","$","M","E","R","M","T","E","M","M","?","E","R","BOSS"],"items_purchased_type":["Potion","Card","Card","Potion"],"build_version":"2020-12-13","purchased_purges":1,"victory":false,"max_hp_per_floor":[80,80,80,80,80,80,80,80,80,80,80,80,80,80,80,80,80,80,80,80,80,83,83,83,86,86,86,94,97,97,100,100,100,100],"relic_stats":{"Nunchaku":[16],"Happy Flower":[29],"counters":[20,104],"Mummified Hand":[0],"Whetstone":["Strike_R","Clothesline"],"War Paint":["Impervious","Defend_R"],"obtain_stats":[{"Anchor":9,"Nunchaku":13,"Happy Flower":7,"Mummified Hand":27,"Vajra":26,"Thread and Needle":10,"Philosopher\u0027s Stone":17,"Molten Egg 2":31,"Whetstone":23,"War Paint":30,"Empty Cage":0,"Burning Blood":0},{"Anchor":4,"Nunchaku":8,"Happy Flower":4,"Mummified Hand":16,"Vajra":15,"Thread and Needle":5,"Philosopher\u0027s Stone":10,"Molten Egg 2":19,"Whetstone":14,"War Paint":18,"Empty Cage":0,"Burning Blood":0},{"Anchor":16,"Nunchaku":30,"Happy Flower":16,"Mummified Hand":71,"Vajra":65,"Thread and Needle":20,"Philosopher\u0027s Stone":41,"Molten Egg 2":88,"Whetstone":60,"War Paint":84,"Empty Cage":0,"Burning Blood":0}]},"card_choices":[{"not_picked":["Rampage","Warcry"],"picked":"Clash","floor":1},{"not_picked":["Iron Wave","Anger"],"picked":"Clothesline","floor":3},{"not_picked":["Rage","Iron Wave","Sever Soul"],"picked":"SKIP","floor":5},{"not_picked":["Rupture","Heavy Blade"],"picked":"Cleave","floor":7},{"not_picked":["Heavy Blade","Body Slam","Flex"],"picked":"SKIP","floor":10},{"not_picked":["Ghostly Armor","Reckless Charge"],"picked":"Carnage","floor":11},{"not_picked":["Rupture","Thunderclap","Seeing Red"],"picked":"SKIP","floor":12},{"not_picked":["Anger","Fiend Fire"],"picked":"Shrug It Off","floor":13},{"not_picked":["Armaments","Iron Wave","Cleave"],"picked":"SKIP","floor":14},{"not_picked":["Fiend Fire","Corruption"],"picked":"Impervious","floor":16},{"not_picked":["Body Slam","Battle Trance"],"picked":"Shrug It Off","floor":18},{"not_picked":["Iron Wave","Clash+1"],"picked":"Body Slam+1","floor":20},{"not_picked":["Clothesline","Armaments"],"picked":"Flame Barrier","floor":22},{"not_picked":["Whirlwind","Sword Boomerang"],"picked":"Shrug It Off","floor":23},{"not_picked":["Warcry+1","Clothesline","Inflame"],"picked":"SKIP","floor":25},{"not_picked":["Rage","Power Through"],"picked":"Infernal Blade+1","floor":27},{"not_picked":["Rage","Sever Soul","Blood for Blood"],"picked":"SKIP","floor":28},{"not_picked":["Rampage+1","Sword Boomerang"],"picked":"Pommel Strike","floor":29},{"not_picked":["Perfected Strike+1","Shrug It Off","Infernal Blade"],"picked":"SKIP","floor":31}],"player_experience":9638,"relics_obtained":[{"floor":7,"key":"Happy Flower"},{"floor":9,"key":"Anchor"},{"floor":10,"key":"Thread and Needle"},{"floor":13,"key":"Nunchaku"},{"floor":23,"key":"Whetstone"},{"floor":26,"key":"Vajra"},{"floor":27,"key":"Mummified Hand"},{"floor":31,"key":"Molten Egg 2"}],"event_choices":[{"damage_healed":0,"gold_gain":0,"player_choice":"Leave","damage_taken":0,"max_hp_gain":0,"max_hp_loss":0,"event_name":"The Cleric","floor":2,"gold_loss":0},{"cards_removed":["Clash"],"damage_healed":5,"gold_gain":0,"player_choice":"Offered Common","damage_taken":0,"max_hp_gain":0,"max_hp_loss":0,"event_name":"Bonfire Elementals","floor":19,"gold_loss":0},{"cards_removed":["Clash"],"damage_healed":5,"gold_gain":0,"player_choice":"Offered Special","damage_taken":0,"max_hp_gain":0,"max_hp_loss":0,"event_name":"Bonfire Elementals","floor":19,"gold_loss":0},{"cards_removed":["Rage"],"damage_healed":0,"gold_gain":0,"player_choice":"Gave Card","damage_taken":0,"relics_obtained":["War Paint"],"max_hp_gain":0,"max_hp_loss":0,"event_name":"WeMeetAgain","floor":30,"gold_loss":0}],"is_beta":false,"boss_relics":[{"not_picked":["Mark of Pain","Cursed Key"],"picked":"Philosopher\u0027s Stone"}],"items_purged_floors":[21],"is_endless":false,"potions_floor_spawned":[1,5,11,12,14,20,25,28,31],"killed_by":"Champ","ascension_level":1}}