{"host":"0hb9w7uizu7y13wj","time":1608059556,"event":{"mods":["Act Like it!","Aspiration","BaseMod","BetterRewards","Colored Map","Conspire","Downfall","Energized Spire","FTL Soundtrack","Friendly Minions","Halation","Hubris","Infinite Spire","Minty Spire (QoL Compilation)","Quick Restart","Replay The Spire","StSLib","Synergy Search","The Factory","The Hierophant","The Jungle","The Poker Player","Trackpad","everything is the same but u backflip on backflip","vexMod"],"gold_per_floor":[116,116,116,116,116,133,143,143,143,68,68,98,78,111,111,111,111],"floor_reached":16,"playtime":178,"items_purged":["Injury"],"score":212,"play_id":"de464879-ad47-49fd-a767-12030fdc7529","local_time":"20201215191236","is_ascension_mode":true,"campfire_choices":[{"data":"Bash","floor":8.0,"key":"SMITH"},{"data":"Strike_R","floor":11.0,"key":"SMITH"},{"floor":15.0,"key":"REST"}],"circlet_count":0,"master_deck":["AscendersBane","Strike_R+1","Strike_R","Strike_R","Strike_R","Strike_R","Defend_R","Defend_R","Defend_R","Defend_R","Bash+1","Pommel Strike+1","Pummel+1","Headbutt+1"],"relics":["Burning Blood","NeowsBlessing","Molten Egg 2","conspire:Dentures","hubris:ChampionShield","Vajra"],"acts_visited":["Exordium"],"potions_floor_usage":[],"damage_taken":[{"damage":0.0,"enemies":"Cultist","floor":1.0,"turns":1.0},{"damage":0.0,"enemies":"2 Louse","floor":6.0,"turns":2.0},{"damage":0.0,"enemies":"Small Slimes","floor":7.0,"turns":1.0},{"damage":32.0,"enemies":"Gremlin Nob","floor":12.0,"turns":4.0},{"damage":28.0,"enemies":"Lagavulin","floor":14.0,"turns":5.0},{"damage":0,"enemies":"Fading Forest","floor":16,"turns":1}],"seed_played":"6948909471649236010","potions_obtained":[{"floor":6.0,"key":"sneckomod:MuddlingPotion"},{"floor":7.0,"key":"GamblersBrew"},{"floor":13.0,"key":"Block Potion"},{"floor":14.0,"key":"sneckomod:MuddlingPotion"}],"is_trial":false,"path_per_floor":["M","$","?","?","?","M","M","R","T","$","R","E","?","E","R","B"],"character_chosen":"IRONCLAD","items_purchased":[],"campfire_rested":1,"item_purchase_floors":[],"current_hp_per_floor":[74,74,74,74,74,75,75,75,75,75,75,49,49,27,49,49,49],"gold":111,"neow_bonus":"THREE_ENEMY_KILL","is_daily":false,"chose_seed":false,"campfire_upgraded":2,"win_rate":0.0,"timestamp":1608059556,"path_taken":["M","$","?","?","?","M","?","R","T","?","R","E","?","E","R","BOSS"],"items_purchased_type":[],"build_version":"2020-12-13","purchased_purges":1,"victory":false,"max_hp_per_floor":[75,75,75,75,75,75,75,75,75,75,75,75,75,75,75,75,75],"card_choices":[{"not_picked":["Anger","Rupture","Run Through"],"picked":"SKIP","floor":1.0},{"not_picked":["Evolve","conspire:ExplosiveBarrier"],"picked":"Pommel Strike+1","floor":6.0},{"not_picked":["True Grit","Twin Strike+1"],"picked":"Pummel+1","floor":7.0},{"not_picked":["Demonic Infusion","Heavy Blade+1"],"picked":"Headbutt+1","floor":12.0},{"not_picked":["Searing Blow+1","Wild Strike+1","hubris:SharpeningStone"],"picked":"SKIP","floor":14.0}],"player_experience":889852,"relics_obtained":[{"floor":9.0,"key":"conspire:Dentures"},{"floor":12.0,"key":"hubris:ChampionShield"},{"floor":14.0,"key":"Vajra"}],"event_choices":[{"damage_healed":0.0,"max_hp_gain":0.0,"max_hp_loss":0.0,"gold_gain":0.0,"event_name":"The Cleric","player_choice":"Leave","floor":3.0,"gold_loss":0.0,"damage_taken":0.0},{"damage_healed":0.0,"max_hp_gain":0.0,"max_hp_loss":0.0,"gold_gain":0.0,"event_name":"The Woman in Blue","player_choice":"Bought 1 Potion","floor":13.0,"gold_loss":0.0,"damage_taken":0.0}],"is_beta":false,"boss_relics":[],"items_purged_floors":[10],"is_endless":false,"potions_floor_spawned":[6,7,14],"killed_by":"Fading Forest","ascension_level":20}}