{"host":"sc0o2qwpf9j16a4i","time":1608050847,"event":{"mods":["AchievementEnabler","BaseMod","BetterRewards","Block Reminder","Colored Map","Colored Powertips","Custom Start","Highlight Path","Minty Spire (QoL Compilation)","Relic Stats"],"gold_per_floor":[109,109,129,145,70,96,96,123,123,139,139,154,168,23,23,100,100,115,131,21,21,35,35,62,62,85,85,85,120,120,120,120,197,197,208,208,220,236,236,236,136,163,163,174,193,193,205,205,205,205,205,205],"floor_reached":51,"playtime":2047,"items_purged":["Defend_B","Pain"],"score":1450,"play_id":"a8443d7e-b0ad-4171-8df0-e47e1949d586","local_time":"20201215184727","is_ascension_mode":true,"campfire_choices":[{"data":"Buffer","floor":7.0,"key":"SMITH"},{"floor":11.0,"key":"REST"},{"data":"Defragment","floor":15.0,"key":"SMITH"},{"floor":23.0,"key":"REST"},{"floor":25.0,"key":"REST"},{"data":"Creative AI","floor":27.0,"key":"SMITH"},{"floor":32.0,"key":"REST"},{"floor":40.0,"key":"REST"},{"floor":46,"key":"REST"},{"floor":49,"key":"RECALL"}],"circlet_count":0,"master_deck":["AscendersBane","Strike_B","Strike_B","Defend_B","Defend_B","Zap+1","Dualcast","Redo+1","Reinforced Body","Buffer+1","Compile Driver","Cold Snap","Glacier","Rip and Tear+1","Defragment+1","Electrodynamics","Recycle","Steam+1","Creative AI+1","Storm","Blizzard","Rebound","Biased Cognition+1","Hologram","Loop","Reboot"],"relics":["Cracked Core","Dead Branch","Calipers","Unceasing Top","Sozu","PreservedInsect","Strawberry","Potion Belt","Nilry\u0027s Codex","Cursed Key","Centennial Puzzle"],"acts_visited":["Exordium","TheCity","TheBeyond"],"potions_floor_usage":[],"damage_taken":[{"damage":7.0,"enemies":"Jaw Worm","floor":1.0,"turns":3.0},{"damage":0.0,"enemies":"Cultist","floor":3.0,"turns":3.0},{"damage":0.0,"enemies":"2 Louse","floor":4.0,"turns":3.0},{"damage":10.0,"enemies":"Lagavulin","floor":6.0,"turns":7.0},{"damage":0.0,"enemies":"3 Sentries","floor":8.0,"turns":6.0},{"damage":0.0,"enemies":"Large Slime","floor":10.0,"turns":4.0},{"damage":0.0,"enemies":"Exordium Thugs","floor":12.0,"turns":6.0},{"damage":14.0,"enemies":"Gremlin Gang","floor":13.0,"turns":7.0},{"damage":3.0,"enemies":"The Guardian","floor":16.0,"turns":13.0},{"damage":3.0,"enemies":"3 Byrds","floor":18.0,"turns":3.0},{"damage":6.0,"enemies":"Shell Parasite","floor":19.0,"turns":4.0},{"damage":22.0,"enemies":"Sentry and Sphere","floor":22.0,"turns":4.0},{"damage":12.0,"enemies":"Gremlin Leader","floor":24.0,"turns":9.0},{"damage":20.0,"enemies":"Book of Stabbing","floor":29.0,"turns":7.0},{"damage":20.0,"enemies":"Automaton","floor":33.0,"turns":11.0},{"damage":2.0,"enemies":"Orb Walker","floor":35.0,"turns":4.0},{"damage":3.0,"enemies":"3 Shapes","floor":37.0,"turns":3.0},{"damage":33.0,"enemies":"3 Darklings","floor":38.0,"turns":5.0},{"damage":0.0,"enemies":"Reptomancer","floor":42.0,"turns":4.0},{"damage":14,"enemies":"Sphere and 2 Shapes","floor":44,"turns":4},{"damage":24,"enemies":"Transient","floor":45,"turns":6},{"damage":10,"enemies":"3 Darklings","floor":47,"turns":2},{"damage":43,"enemies":"Donu and Deca","floor":50,"turns":10},{"damage":0,"enemies":"Awakened One","floor":51,"turns":1}],"seed_played":"3808402153535826021","potions_obtained":[{"floor":3.0,"key":"DuplicationPotion"},{"floor":13.0,"key":"SkillPotion"}],"is_trial":false,"path_per_floor":["M","?","M","M","$","E","R","E","T","M","R","M","M","$","R","B",null,"M","M","?","$","M","R","E","R","T","R","$","E","?","?","R","B",null,"M","?","M","M","T","R","$","E","T","M","M","R","M","?","R","B","B"],"character_chosen":"DEFECT","items_purchased":["Defragment","Weak Potion"],"campfire_rested":6,"item_purchase_floors":[14,14],"current_hp_per_floor":[57,57,57,57,57,47,47,47,47,47,68,68,54,54,54,51,66,63,57,57,57,35,56,44,65,72,72,72,52,31,31,54,34,67,65,65,62,29,29,52,52,52,52,38,14,37,27,64,64,21,21,21],"gold":205,"neow_bonus":"UPGRADE_CARD","is_daily":false,"chose_seed":false,"campfire_upgraded":3,"win_rate":0.0,"timestamp":1608050847,"path_taken":["M","?","M","M","?","E","R","E","T","?","R","M","M","$","R","BOSS","M","M","?","?","M","R","E","R","T","R","$","E","?","?","R","BOSS","M","?","M","?","?","R","$","E","T","M","M","R","M","?","R","BOSS","BOSS"],"items_purchased_type":["Card","Potion"],"build_version":"2020-12-13","purchased_purges":2,"victory":false,"max_hp_per_floor":[71,71,71,71,71,71,71,71,71,71,71,71,71,71,71,71,71,71,71,71,71,71,71,71,71,78,78,78,78,78,78,78,78,78,78,78,78,78,78,78,78,78,78,78,78,78,78,64,64,64,64,64],"relic_stats":{"Sozu":6,"Centennial Puzzle":[12],"counters":[24,129],"Dead Branch":[73],"PreservedInsect":119,"Cursed Key":1,"obtain_stats":[{"Sozu":17,"Potion Belt":29,"Centennial Puzzle":42,"Calipers":8,"Nilry\u0027s Codex":30,"Dead Branch":6,"Strawberry":26,"PreservedInsect":24,"Cracked Core":0,"Cursed Key":34,"Unceasing Top":9},{"Sozu":9,"Potion Belt":14,"Centennial Puzzle":19,"Calipers":5,"Nilry\u0027s Codex":14,"Dead Branch":4,"Strawberry":13,"PreservedInsect":13,"Cracked Core":0,"Cursed Key":15,"Unceasing Top":5},{"Sozu":52,"Potion Belt":79,"Centennial Puzzle":106,"Calipers":22,"Nilry\u0027s Codex":79,"Dead Branch":16,"Strawberry":72,"PreservedInsect":72,"Cracked Core":0,"Cursed Key":90,"Unceasing Top":22}],"Unceasing Top":[10]},"card_choices":[{"not_picked":["Stack","Leap"],"picked":"Redo","floor":1.0},{"not_picked":["Sweeping Beam","Scrape"],"picked":"Reinforced Body","floor":3.0},{"not_picked":["Redo","Hologram"],"picked":"Buffer","floor":4.0},{"not_picked":["Capacitor","Turbo","Leap"],"picked":"SKIP","floor":6.0},{"not_picked":["Barrage","Rebound"],"picked":"Compile Driver","floor":8.0},{"not_picked":["Compile Driver","Steam"],"picked":"Cold Snap","floor":10.0},{"not_picked":["Stack","Doom and Gloom"],"picked":"Glacier","floor":12.0},{"not_picked":["Coolheaded","Beam Cell"],"picked":"Rip and Tear","floor":13.0},{"not_picked":["Multi-Cast","Machine Learning"],"picked":"Electrodynamics","floor":16.0},{"not_picked":["Cold Snap","Steam"],"picked":"Recycle","floor":18.0},{"not_picked":["Ball Lightning","Rebound","Stack+1"],"picked":"SKIP","floor":19.0},{"not_picked":["Streamline+1","Cold Snap"],"picked":"Steam+1","floor":22.0},{"not_picked":["Darkness","Machine Learning"],"picked":"Creative AI","floor":24.0},{"not_picked":["BootSequence+1","Scrape"],"picked":"Storm","floor":29.0},{"not_picked":["Seek","Multi-Cast"],"picked":"Biased Cognition","floor":33.0},{"not_picked":["Turbo","Rebound"],"picked":"Hologram","floor":35.0},{"not_picked":["Barrage","Meteor Strike","Sweeping Beam"],"picked":"SKIP","floor":37.0},{"not_picked":["Barrage","Sunder"],"picked":"Loop","floor":38.0},{"not_picked":["Doom and Gloom+1","Storm","Steam+1"],"picked":"SKIP","floor":42.0},{"not_picked":["Conserve Battery","Steam+1","Gash"],"picked":"SKIP","floor":44},{"not_picked":["Sweeping Beam","Reprogram"],"picked":"Reboot","floor":45},{"not_picked":["Streamline","Ball Lightning","Barrage+1"],"picked":"SKIP","floor":47}],"player_experience":339308,"relics_obtained":[{"floor":6.0,"key":"Dead Branch"},{"floor":8.0,"key":"Calipers"},{"floor":9.0,"key":"Unceasing Top"},{"floor":24.0,"key":"PreservedInsect"},{"floor":26.0,"key":"Strawberry"},{"floor":29.0,"key":"Potion Belt"},{"floor":30.0,"key":"Nilry\u0027s Codex"},{"floor":42.0,"key":"Centennial Puzzle"}],"event_choices":[{"damage_healed":0.0,"max_hp_gain":0.0,"max_hp_loss":0.0,"gold_gain":0.0,"event_name":"Upgrade Shrine","player_choice":"Upgraded","floor":2.0,"gold_loss":0.0,"damage_taken":0.0,"cards_upgraded":["Redo"]},{"cards_removed":["Strike_B"],"damage_healed":0.0,"max_hp_gain":0.0,"max_hp_loss":0.0,"gold_gain":0.0,"event_name":"Designer","player_choice":"Upgrade and Remove","floor":20.0,"gold_loss":110.0,"damage_taken":0.0,"cards_upgraded":["Rip and Tear"]},{"damage_healed":0.0,"max_hp_gain":0.0,"max_hp_loss":0.0,"gold_gain":0.0,"event_name":"Cursed Tome","player_choice":"Obtained Book","floor":30.0,"gold_loss":0.0,"damage_taken":21.0},{"damage_healed":0.0,"max_hp_gain":0.0,"max_hp_loss":0.0,"gold_gain":0.0,"cards_transformed":["Strike_B","Defend_B"],"event_name":"Drug Dealer","player_choice":"Became Test Subject","floor":31.0,"gold_loss":0.0,"damage_taken":0.0,"cards_obtained":["Blizzard","Rebound"]},{"damage_healed":0.0,"max_hp_gain":0.0,"max_hp_loss":0.0,"gold_gain":0.0,"event_name":"Upgrade Shrine","player_choice":"Upgraded","floor":36.0,"gold_loss":0.0,"damage_taken":0.0,"cards_upgraded":["Biased Cognition"]},{"damage_healed":64,"gold_gain":0,"player_choice":"Heal","damage_taken":0,"max_hp_gain":0,"max_hp_loss":14,"event_name":"The Moai Head","floor":48,"gold_loss":0}],"is_beta":false,"boss_relics":[{"not_picked":["Calling Bell","Runic Dome"],"picked":"Sozu"},{"not_picked":["Runic Pyramid","Pandora\u0027s Box"],"picked":"Cursed Key"}],"items_purged_floors":[5,41],"is_endless":false,"potions_floor_spawned":[3,13,18,29,33,38,42,47],"killed_by":"Awakened One","ascension_level":20}}