{"host":"edk8ruzv78x6jv19","time":1608074576,"event":{"mods":["BaseMod","Better Third Choice","Infinite Spire","Lobotomy","Minty Spire (QoL Compilation)","Replay The Spire","StSLib","The Animator","Treasure Hunter"],"gold_per_floor":[118,118,43,43,43,43,43,76,76,76,76,106,106,138,138,238,288,304,204,204,129,129,129,129,44,44,76,76,76,76,93,93,194,194,214,67,67,15,45,45,45,76,122,472,481,523,551,566,635,640],"floor_reached":51,"playtime":1919,"items_purged":["Noxious Fumes","TH:CursedSword+1","TH:CursedSword","Outmaneuver+1"],"score":921,"play_id":"1a8a0b4f-7c29-4e63-98af-016057e29a5c","local_time":"20201215172256","daily_mods":["SealedDeck","Heirloom","Time Dilation","Flight","DeadlyEvents","Elite Swarm","Lethality","Night Terrors"],"is_ascension_mode":true,"campfire_choices":[{"data":"1","floor":6.0,"key":"LIFT"},{"data":"2","floor":7.0,"key":"LIFT"},{"data":"3","floor":10.0,"key":"LIFT"},{"data":"infinitespire:Collect","floor":11.0,"key":"SMITH"},{"data":"TH:CursedSword","floor":13.0,"key":"SMITH"},{"data":"TH:DeckOfManyThings","floor":15.0,"key":"SMITH"},{"data":"Replay:Fractal Strike","floor":23.0,"key":"SMITH"},{"data":"Quick Slash","floor":24.0,"key":"SMITH"},{"data":"Venomology","floor":28.0,"key":"SMITH"},{"data":"TH:DeckOfManyThings","floor":30.0,"key":"SMITH"},{"data":"Poisoned Stab","floor":32.0,"key":"SMITH"},{"data":"Replay:Bag of Tricks","floor":40.0,"key":"SMITH"},{"data":"infinitespire:Fortify","floor":41.0,"key":"SMITH"}],"circlet_count":0,"master_deck":["Blade Dance","Hidden Blade","Hidden Blade","Distraction","Cloak And Dagger+1","Slice","infinitespire:Collect+1","TH:DeckOfManyThings+1","Storm of Steel+1","TH:DeckOfManyThings+1","Venomology+1","Quick Slash+1","Replay:Fractal Strike+1","infinitespire:Fortify+1","Poisoned Stab+1","Replay:Bag of Tricks+1","Acrobatics","Blade Dance","Adrenaline","TH:DeckOfManyThings","Poisoned Stab+1"],"relics":["Ring of the Snake","Ring of Chaos","Girya","InkBottle","infinitespire:FocusingShard","Divine Protection","Vampiric Spirits","Tiny House","Bronze Scales","ChewingGum","betterThird:NestCultRelic","infinitespire:Bottled Soul","Pear","infinitespire:Satchel","Busted Crown","War Paint","ReplayTheSpireMod:TigerMarble","Question Card","CeramicFish","Old Coin","Pantograph","Runic Pyramid","Iron Hammer"],"acts_visited":["Exordium","TheCity","TheBeyond"],"potions_floor_usage":[50],"damage_taken":[{"damage":0.0,"enemies":"2 Louse","floor":1.0,"turns":1.0},{"damage":0.0,"enemies":"Gremlin Nob","floor":8.0,"turns":2.0},{"damage":0.0,"enemies":"Lagavulin","floor":12.0,"turns":2.0},{"damage":0.0,"enemies":"Gremlin Nob","floor":14.0,"turns":2.0},{"damage":0.0,"enemies":"Slime Boss","floor":16.0,"turns":2.0},{"damage":11.0,"enemies":"Shell Parasite","floor":18.0,"turns":3.0},{"damage":0.0,"enemies":"Nightmare","floor":27.0,"turns":2.0},{"damage":0.0,"enemies":"2 Thieves","floor":31.0,"turns":1.0},{"damage":3.0,"enemies":"Collector","floor":33.0,"turns":3.0},{"damage":0.0,"enemies":"3 Darklings","floor":35.0,"turns":2.0},{"damage":0.0,"enemies":"Giant Head","floor":39.0,"turns":2.0},{"damage":35.0,"enemies":"Reptomancer","floor":42.0,"turns":3.0},{"damage":0.0,"enemies":"Mind Bloom Boss Battle","floor":44.0,"turns":2.0},{"damage":0.0,"enemies":"Giant Head","floor":46.0,"turns":2.0},{"damage":0.0,"enemies":"3 Shapes","floor":47.0,"turns":1.0},{"damage":16.0,"enemies":"Sphere and 2 Shapes","floor":48.0,"turns":2.0},{"damage":81,"enemies":"Awakened One","floor":50,"turns":5}],"seed_played":"-877381761711884168","potions_obtained":[{"floor":1.0,"key":"Reflective Coating"},{"floor":17.0,"key":"Regen Potion"},{"floor":27.0,"key":"SmokeBomb"},{"floor":31.0,"key":"Dexterity Potion"},{"floor":42.0,"key":"LiquidMemories"},{"floor":46.0,"key":"Elixir"},{"floor":48.0,"key":"DuplicationPotion"}],"is_trial":true,"path_per_floor":["M","?","$","?","$","R","R","E","T","R","R","E","R","E","R","B",null,"M","$","AVR","?","?","R","R","?","T","NM","R","$","R","M","R","B",null,"M","$","?","$","E","R","R","E","T","?","AVR","E","M","M","R","B",null],"character_chosen":"THE_SILENT","items_purchased":["War Paint","Blade Dance"],"campfire_rested":0,"item_purchase_floors":[36,38],"current_hp_per_floor":[70,52,52,52,52,52,52,52,52,52,52,52,52,52,52,57,75,64,64,64,64,64,64,64,64,74,85,85,85,85,85,85,82,85,85,85,85,85,85,85,85,50,50,85,85,85,85,69,69,4],"gold":640,"neow_bonus":"","is_daily":false,"chose_seed":false,"campfire_upgraded":10,"win_rate":0.0,"timestamp":1608074576,"path_taken":["M","?","$","?","?","R","R","E","T","R","R","E","R","E","R","BOSS","M","$","AVR","?","?","R","R","?","T","NM","R","$","R","?","R","BOSS","M","$","?","$","?","R","R","E","T","?","AVR","E","?","?","R","BOSS"],"items_purchased_type":["Relic","Card"],"build_version":"2020-12-13","purchased_purges":4,"victory":true,"max_hp_per_floor":[70,70,70,70,70,70,70,70,70,70,70,70,70,70,70,70,75,75,75,75,75,75,75,75,75,85,85,85,85,85,85,85,85,85,85,85,85,85,85,85,85,85,85,85,85,85,85,85,85,85],"card_choices":[{"not_picked":["Reflex","ReplayTheSpireMod:Speed Training","Bane"],"picked":"SKIP","floor":1.0},{"not_picked":["infinitespire:SevenWalls","infinitespire:FinalStrike"],"picked":"infinitespire:Collect","floor":2.0},{"not_picked":["TH:PixieDust"],"picked":"TH:CursedSword","floor":8.0},{"not_picked":["Wraith Form v2","Malaise","Tools of the Trade"],"picked":"SKIP","floor":8.0},{"not_picked":["TH:BikiniMail"],"picked":"TH:CursedSword","floor":9.0},{"not_picked":["TH:PixieDust","TH:EnergyPotion"],"picked":"SKIP","floor":12.0},{"not_picked":["Glass Knife","Burst","Bullet Time"],"picked":"SKIP","floor":12.0},{"not_picked":["TH:PixieDust"],"picked":"TH:DeckOfManyThings","floor":14.0},{"not_picked":["Die Die Die","Doppelganger"],"picked":"Storm of Steel","floor":14.0},{"not_picked":["TH:CopperCoins"],"picked":"TH:DeckOfManyThings","floor":16.0},{"not_picked":["Poison Darts","Phantasmal Killer"],"picked":"Venomology","floor":16.0},{"not_picked":["Slice","Cloak And Dagger"],"picked":"Flechettes","floor":17.0},{"not_picked":["Replay:Poison Smokescreen","Fluid Movement"],"picked":"Quick Slash","floor":18.0},{"not_picked":["TH:PixieDust","TH:BikiniMail"],"picked":"SKIP","floor":26.0},{"not_picked":["TH:BikiniMail","TH:ArmorSpikes"],"picked":"SKIP","floor":27.0},{"not_picked":["Poison Darts","Doppelganger","A Thousand Cuts"],"picked":"SKIP","floor":27.0},{"not_picked":["Outmaneuver+1","Riddle With Holes"],"picked":"Poisoned Stab","floor":31.0},{"not_picked":["ReplayTheSpireMod:From All Sides","Malaise"],"picked":"Replay:Bag of Tricks","floor":33.0},{"not_picked":["Dagger Throw+1"],"picked":"SKIP","floor":35.0},{"not_picked":["TH:CursedSword"],"picked":"SKIP","floor":39.0},{"not_picked":["Grand Finale"],"picked":"SKIP","floor":39.0},{"not_picked":[],"picked":"Adrenaline","floor":42.0},{"not_picked":["TH:CursedSword"],"picked":"SKIP","floor":42.0},{"not_picked":["TH:PixieDust"],"picked":"SKIP","floor":43.0},{"not_picked":[],"picked":"TH:DeckOfManyThings","floor":46.0},{"not_picked":["Tools of the Trade","Unload"],"picked":"SKIP","floor":46.0},{"not_picked":["PiercingWail+1"],"picked":"Poisoned Stab+1","floor":47.0},{"not_picked":["Footwork","Deflect+1"],"picked":"SKIP","floor":48.0}],"player_experience":15718,"relics_obtained":[{"floor":8.0,"key":"InkBottle"},{"floor":9.0,"key":"infinitespire:FocusingShard"},{"floor":12.0,"key":"Divine Protection"},{"floor":14.0,"key":"Vampiric Spirits"},{"floor":26.0,"key":"Pear"},{"floor":27.0,"key":"infinitespire:Satchel"},{"floor":39.0,"key":"ReplayTheSpireMod:TigerMarble"},{"floor":42.0,"key":"Question Card"},{"floor":43.0,"key":"CeramicFish"},{"floor":44.0,"key":"Old Coin"},{"floor":46.0,"key":"Iron Hammer"}],"event_choices":[{"cards_removed":["Quick Slash"],"damage_healed":0.0,"max_hp_gain":0.0,"max_hp_loss":0.0,"gold_gain":0.0,"event_name":"Living Wall","player_choice":"Forget","floor":4.0,"gold_loss":0.0,"damage_taken":0.0},{"cards_removed":["Flechettes"],"damage_healed":0.0,"max_hp_gain":0.0,"max_hp_loss":0.0,"gold_gain":0.0,"event_name":"Beggar","player_choice":"Gave Gold","floor":21.0,"gold_loss":75.0,"damage_taken":0.0},{"damage_healed":0.0,"max_hp_gain":0.0,"max_hp_loss":0.0,"gold_gain":0.0,"event_name":"betterThird:BetterNest","player_choice":"Madness","floor":22.0,"gold_loss":0.0,"damage_taken":0.0,"relics_obtained":["betterThird:NestCultRelic"]},{"damage_healed":0.0,"max_hp_gain":0.0,"max_hp_loss":0.0,"gold_gain":0.0,"event_name":"Addict","player_choice":"Obtained Relic","floor":25.0,"gold_loss":85.0,"damage_taken":0.0,"relics_obtained":["infinitespire:Bottled Soul"]},{"damage_healed":0.0,"max_hp_gain":0.0,"max_hp_loss":0.0,"gold_gain":0.0,"cards_transformed":["Infinite Blades"],"event_name":"Transmorgrifier","player_choice":"Transformed","floor":37.0,"gold_loss":0.0,"damage_taken":0.0,"cards_obtained":["Acrobatics"]},{"damage_healed":0.0,"max_hp_gain":0.0,"max_hp_loss":0.0,"gold_gain":0.0,"event_name":"MindBloom","player_choice":"Fight","floor":44.0,"gold_loss":0.0,"damage_taken":0.0}],"is_beta":false,"boss_relics":[{"not_picked":["ReplayTheSpireMod:DimensionalGlitch","Replay:Ancient Bell"],"picked":"Tiny House"},{"not_picked":["Replay:Drink Me","Snecko Heart"],"picked":"Busted Crown"}],"items_purged_floors":[3,19,20,45],"is_endless":false,"potions_floor_spawned":[1,27,31,42,46,48],"ascension_level":1}}