{"host":"aeidq2c3auzxo1yh","time":1608071767,"event":{"mods":["AchievementEnabler","BaseMod","Colored Map","Colored Powertips","Minty Spire (QoL Compilation)","Relic Stats","StSLib"],"gold_per_floor":[112,112,131,131,131,131,158,158,158,7,20,20,53,67,67,144,144,160,160,171,5,18,18,35,35,35,68,81,81,81],"floor_reached":29,"playtime":1562,"items_purged":[],"score":506,"play_id":"d2918bac-04d3-4227-8ff4-2aa335c9bb63","local_time":"20201216033607","is_ascension_mode":true,"campfire_choices":[{"data":"Carnage","floor":6.0,"key":"SMITH"},{"data":"Metallicize","floor":8.0,"key":"SMITH"},{"floor":12.0,"key":"REST"},{"data":"Thunderclap","floor":15.0,"key":"SMITH"},{"data":"Berserk","floor":23,"key":"SMITH"},{"floor":25,"key":"REST"}],"circlet_count":0,"master_deck":["AscendersBane","Strike_R","Defend_R","Defend_R","Defend_R","Defend_R","Bash+1","Thunderclap+1","Carnage+1","Metallicize+1","Impervious","Uppercut+1","Body Slam+1","Iron Wave+1","Berserk+1","Evolve+1","Battle Trance+1","Battle Trance+1","Ghostly Armor+1","Juggernaut","Flame Barrier","Body Slam+1","Dropkick+1"],"relics":["Burning Blood","FaceOfCleric","Pantograph","Molten Egg 2","Letter Opener","Astrolabe","Pen Nib","Prayer Wheel","Orichalcum"],"acts_visited":["Exordium","TheCity"],"potions_floor_usage":[20,22,27,27],"damage_taken":[{"damage":2.0,"enemies":"2 Louse","floor":1.0,"turns":3.0},{"damage":12.0,"enemies":"Cultist","floor":3.0,"turns":4.0},{"damage":30.0,"enemies":"Lagavulin","floor":7.0,"turns":4.0},{"damage":7.0,"enemies":"Jaw Worm","floor":11.0,"turns":2.0},{"damage":16.0,"enemies":"Gremlin Nob","floor":13.0,"turns":4.0},{"damage":21.0,"enemies":"Lots of Slimes","floor":14.0,"turns":5.0},{"damage":25.0,"enemies":"Hexaghost","floor":16.0,"turns":8.0},{"damage":18.0,"enemies":"Shell Parasite","floor":18.0,"turns":3.0},{"damage":2,"enemies":"3 Byrds","floor":20,"turns":7},{"damage":19,"enemies":"Centurion and Healer","floor":22,"turns":7},{"damage":23,"enemies":"Snake Plant","floor":24,"turns":6},{"damage":20,"enemies":"Slavers","floor":27,"turns":5},{"damage":15,"enemies":"Snecko","floor":28,"turns":7},{"damage":43,"enemies":"Gremlin Leader","floor":29,"turns":3}],"seed_played":"1181161504628890845","potions_obtained":[{"floor":7.0,"key":"Energy Potion"},{"floor":11.0,"key":"GamblersBrew"},{"floor":16.0,"key":"Ancient Potion"},{"floor":18.0,"key":"Block Potion"},{"floor":20,"key":"SkillPotion"},{"floor":24,"key":"Weak Potion"}],"is_trial":false,"path_per_floor":["M","?","M","?","?","R","E","R","T","$","M","R","E","M","R","B",null,"M","$","M","$","M","R","M","R","T","E","M","E"],"character_chosen":"IRONCLAD","items_purchased":["Impervious","Pen Nib"],"campfire_rested":2,"item_purchase_floors":[10,21],"current_hp_per_floor":[72,72,66,59,59,59,36,36,36,36,36,59,50,36,36,43,71,60,60,65,65,53,53,37,62,62,49,41,0,0],"gold":81,"neow_bonus":"UPGRADE_CARD","is_daily":false,"chose_seed":false,"campfire_upgraded":4,"win_rate":0.0,"timestamp":1608071767,"path_taken":["M","?","M","?","?","R","E","R","T","$","M","R","E","M","R","BOSS","M","$","M","$","M","R","M","R","T","E","?","E"],"items_purchased_type":["Card","Relic"],"build_version":"2020-12-13","purchased_purges":0,"victory":false,"max_hp_per_floor":[75,75,75,75,75,75,76,76,76,76,77,77,78,79,79,80,80,81,81,82,82,83,83,84,84,84,85,86,86,86],"relic_stats":{"FaceOfCleric":11,"counters":[14,68],"Pantograph":25,"Astrolabe":["Evolve","Battle Trance","Battle Trance"],"Prayer Wheel":1,"Pen Nib":[4],"Letter Opener":[35],"Orichalcum":[12],"obtain_stats":[{"FaceOfCleric":5,"Pantograph":7,"Astrolabe":17,"Molten Egg 2":9,"Prayer Wheel":26,"Pen Nib":21,"Letter Opener":13,"Orichalcum":27,"Burning Blood":0},{"FaceOfCleric":2,"Pantograph":3,"Astrolabe":7,"Molten Egg 2":3,"Prayer Wheel":11,"Pen Nib":9,"Letter Opener":5,"Orichalcum":12,"Burning Blood":0},{"FaceOfCleric":7,"Pantograph":11,"Astrolabe":30,"Molten Egg 2":11,"Prayer Wheel":53,"Pen Nib":40,"Letter Opener":17,"Orichalcum":58,"Burning Blood":0}],"Burning Blood":78},"card_choices":[{"not_picked":["Shrug It Off","Wild Strike"],"picked":"Thunderclap","floor":1.0},{"not_picked":["Clothesline","Sword Boomerang"],"picked":"Carnage","floor":3.0},{"not_picked":["Reckless Charge","Cleave"],"picked":"Metallicize","floor":7.0},{"not_picked":["Sword Boomerang+1","Second Wind"],"picked":"Uppercut+1","floor":11.0},{"not_picked":["Thunderclap+1","Sword Boomerang+1"],"picked":"Body Slam+1","floor":13.0},{"not_picked":["Rupture","Infernal Blade"],"picked":"Iron Wave+1","floor":14.0},{"not_picked":["Double Tap","Impervious"],"picked":"Berserk","floor":16.0},{"not_picked":["Battle Trance+1","Cleave+1"],"picked":"Ghostly Armor+1","floor":18.0},{"not_picked":["Wild Strike+1","Warcry","Carnage+1"],"picked":"SKIP","floor":20},{"not_picked":["Whirlwind+1","Heavy Blade+1"],"picked":"Juggernaut","floor":22},{"not_picked":["Cleave+1","Seeing Red"],"picked":"Flame Barrier","floor":24},{"not_picked":["Headbutt+1","Twin Strike+1"],"picked":"Body Slam+1","floor":27},{"not_picked":["Warcry","Pummel+1"],"picked":"Dropkick+1","floor":28},{"not_picked":["Flex","Intimidate","Twin Strike+1"],"picked":"SKIP","floor":28}],"player_experience":868486,"relics_obtained":[{"floor":7.0,"key":"Pantograph"},{"floor":9.0,"key":"Molten Egg 2"},{"floor":13.0,"key":"Letter Opener"},{"floor":26,"key":"Prayer Wheel"},{"floor":27,"key":"Orichalcum"}],"event_choices":[{"damage_healed":0.0,"max_hp_gain":0.0,"max_hp_loss":0.0,"gold_gain":0.0,"cards_transformed":["Strike_R"],"event_name":"Living Wall","player_choice":"Change","floor":2.0,"gold_loss":0.0,"damage_taken":0.0,"cards_obtained":["Thunderclap"]},{"cards_removed":["Strike_R"],"damage_healed":0.0,"max_hp_gain":0.0,"max_hp_loss":0.0,"gold_gain":0.0,"event_name":"Golden Wing","player_choice":"Card Removal","floor":4.0,"gold_loss":0.0,"damage_taken":7.0},{"damage_healed":0.0,"max_hp_gain":0.0,"max_hp_loss":0.0,"gold_gain":0.0,"event_name":"FaceTrader","player_choice":"Trade","floor":5.0,"gold_loss":0.0,"damage_taken":0.0,"relics_obtained":["FaceOfCleric"]}],"is_beta":false,"boss_relics":[{"not_picked":["Tiny House","Calling Bell"],"picked":"Astrolabe"}],"items_purged_floors":[],"is_endless":false,"potions_floor_spawned":[7,11,16,18,20,24],"killed_by":"Gremlin Leader","ascension_level":20}}