{"host":"egwexuw5uvnxf11j","time":1608001188,"event":{"mods":["2.2 Compatiblity","Aspiration","BaseMod","Better Altar","Better Note","Better Sensory Stone","Better Third Choice","Displayed Cursed Tome","Downfall","Hermit","Key Reminder","Koishi","Marisa????????","Minty Spire (QoL Compilation)","Quick Restart","Shade Mod","Spicy Shops","StSLib","The Construct","The Cursed","The Hierophant","The Runesmith","The Senshi","The Servant 0.9.4","Transform Curses"],"gold_per_floor":[15,15,39,39,53,92,92,115,142,142,142,142,166,201,201,324,324,343,379,379,379],"floor_reached":20,"playtime":4744,"items_purged":[],"score":191,"play_id":"f146015c-4048-4d1f-ba5a-5a82a410d4c2","local_time":"20201214215948","is_ascension_mode":true,"campfire_choices":[{"floor":7,"key":"REST"},{"floor":12,"key":"REST"},{"data":"hermit:Shortfuse","floor":15,"key":"SMITH"}],"circlet_count":0,"master_deck":["hermit:Strike_Hermit","hermit:Strike_Hermit","hermit:Strike_Hermit+1","hermit:Strike_Hermit","hermit:Defend_Hermit","hermit:Defend_Hermit","hermit:Defend_Hermit","hermit:Defend_Hermit","hermit:Snapshot","hermit:Covet+1","hermit:ItchyTrigger","Injury","hermit:Quickdraw","hermit:HighCaliber","hermit:Misfire","hermit:Gestalt","Pain","hermit:Shortfuse+1","hermit:BodyArmor","hermit:HighNoon","hermit:Determination","hermit:Coalescence"],"relics":["hermit:Momento","construct:RocketBooster","Golden Idol","Regal Pillow","Smiling Mask","Runesmith:AutoHammer","WarpedTongs","Pantograph","keyreminder:keyreminder","construct:ClawGrip","Red Mask"],"acts_visited":["Exordium","TheCity"],"potions_floor_usage":[14],"damage_taken":[{"damage":0,"enemies":"2 Louse","floor":1,"turns":3},{"damage":6,"enemies":"Small Slimes","floor":3,"turns":4},{"damage":8,"enemies":"Jaw Worm","floor":5,"turns":3},{"damage":29,"enemies":"3 Sentries","floor":6,"turns":9},{"damage":10,"enemies":"3 Louse","floor":8,"turns":2},{"damage":0,"enemies":"Large Slime","floor":13,"turns":5},{"damage":22,"enemies":"Lagavulin","floor":14,"turns":6},{"damage":73,"enemies":"The Guardian","floor":16,"turns":15},{"damage":12,"enemies":"3 Byrds","floor":18,"turns":5},{"damage":55,"enemies":"Masked Bandits","floor":19,"turns":6},{"damage":9,"enemies":"Shell Parasite","floor":20,"turns":2}],"seed_played":"-7693532970714823423","potions_obtained":[{"floor":1,"key":"Block Potion"},{"floor":3,"key":"SteroidPotion"},{"floor":5,"key":"Dexterity Potion"},{"floor":19,"key":"LiquidBronze"}],"is_trial":false,"path_per_floor":["M","?","M","?","M","E","R","M","T","?","?","R","M","E","R","B",null,"M","?","M"],"character_chosen":"HERMIT","items_purchased":[],"campfire_rested":2,"item_purchase_floors":[],"current_hp_per_floor":[75,75,69,62,54,25,62,52,52,52,52,75,75,53,53,2,75,63,8,0,0],"gold":379,"neow_bonus":"ONE_RARE_RELIC","is_daily":false,"chose_seed":false,"campfire_upgraded":1,"win_rate":0.0,"timestamp":1608001188,"path_taken":["M","?","M","?","?","E","R","M","T","?","?","R","?","E","R","BOSS","M","?","M"],"items_purchased_type":[],"build_version":"2020-12-13","purchased_purges":0,"victory":false,"max_hp_per_floor":[75,75,75,75,75,75,75,75,75,75,75,75,75,75,75,75,75,75,75,75,75],"card_choices":[{"not_picked":["hermit:Combo","hermit:Gestalt"],"picked":"hermit:ItchyTrigger","floor":1},{"not_picked":["hermit:Maintenance","hermit:Glare"],"picked":"hermit:Quickdraw","floor":3},{"not_picked":["hermit:Virtue","hermit:LuckOfTheDraw"],"picked":"hermit:HighCaliber","floor":5},{"not_picked":["hermit:Gambit","hermit:TrackingShot"],"picked":"hermit:Misfire","floor":6},{"not_picked":["hermit:Ricochet","hermit:Shortfuse"],"picked":"hermit:Gestalt","floor":8},{"not_picked":["hermit:Scavenge","hermit:PistolWhip"],"picked":"hermit:Shortfuse","floor":13},{"not_picked":["hermit:Spite","hermit:Purgatory"],"picked":"hermit:BodyArmor","floor":14},{"not_picked":["hermit:RoundhouseKick","hermit:Magnum"],"picked":"hermit:HighNoon","floor":16},{"not_picked":["hermit:LuckOfTheDraw","hermit:FullyLoaded+1"],"picked":"hermit:Determination","floor":18},{"not_picked":["hermit:BodyArmor","hermit:WideOpen"],"picked":"hermit:Coalescence","floor":19}],"player_experience":2078984,"relics_obtained":[{"floor":6,"key":"Smiling Mask"},{"floor":9,"key":"Runesmith:AutoHammer"},{"floor":14,"key":"Pantograph"},{"floor":19,"key":"Red Mask"}],"event_choices":[{"damage_healed":0,"gold_gain":0,"player_choice":"Take Wound","damage_taken":0,"relics_obtained":["Golden Idol"],"max_hp_gain":0,"max_hp_loss":0,"event_name":"Golden Idol","floor":2,"gold_loss":0,"cards_obtained":["Injury"]},{"damage_healed":0,"gold_gain":0,"player_choice":"Relic ","damage_taken":7,"max_hp_gain":0,"max_hp_loss":0,"event_name":"betterThird:BetterScrap","floor":4,"gold_loss":0,"cards_obtained":["Dark Embrace"]},{"damage_healed":0,"gold_gain":0,"player_choice":"Leave","damage_taken":0,"max_hp_gain":0,"max_hp_loss":0,"event_name":"The Cleric","floor":10,"gold_loss":0},{"damage_healed":0,"gold_gain":0,"player_choice":"Rummage","damage_taken":0,"relics_obtained":["WarpedTongs"],"max_hp_gain":0,"max_hp_loss":0,"event_name":"Accursed Blacksmith","floor":11,"gold_loss":0,"cards_obtained":["Pain"]},{"damage_healed":0,"gold_gain":0,"player_choice":"Fought Bandits","damage_taken":0,"max_hp_gain":0,"max_hp_loss":0,"event_name":"Masked Bandits","floor":19,"gold_loss":0}],"is_beta":false,"boss_relics":[{"not_picked":["aspiration:PoetsPen_weak","aspiration:RitualDagger"],"picked":"construct:ClawGrip"}],"items_purged_floors":[],"is_endless":false,"potions_floor_spawned":[1,3,5,8,19],"killed_by":"Shell Parasite","ascension_level":1}}