{"host":"ne76zto1t2nsyewv","time":1608046767,"event":{"mods":["2.2 Compatiblity","AchievementEnabler","Act Like it!","Aspiration","BaseMod","Better Altar","Better Match","Better Note","Better Sensory Stone","Better Skull","Better Third Choice","BetterRewards","CapriCore","Colored Map","Colored Powertips","Energized Spire","Gensokyo","GungeonMod","Hallownest","HololiveMod","Infinite Spire","Koishi","Lobotomy","LobotomyExtend","Luminous","Marisa????????","Minty Spire (QoL Compilation)","Reimu??????","Remilia??????","Replay The Spire","RumiaBox-????????","Spicy Shops","StSLib","The Animator","The Blue Laboratory","The Bug Knight","The Gatherer","The Immortal","The Servant 0.9.4","TheSwordswoman","Yuyuko","???????????mod"],"gold_per_floor":[116,128,140,158,168,168,168,168,223,223,236,236,236,246,266,266,278,278,302,315,14,14,2,2,2],"floor_reached":14,"playtime":2506,"items_purged":["FairyFestival"],"score":90,"play_id":"fea22354-ee20-4951-8a57-d579101395dd","local_time":"20201215163927","is_ascension_mode":false,"campfire_choices":[{"floor":6,"key":"REST"},{"floor":10,"key":"REST"},{"floor":6,"key":"REST"},{"floor":8,"key":"REST"}],"circlet_count":0,"master_deck":["Strike_S","Strike_S","Strike_S","Strike_S","Defend_S","Defend_S","Defend_S","Defend_S","KidneyShot+1","Exchange","Murderer","Dazed","Bloodbath","Moondial+1","Ricochet+1","BigBird","Dazed","OSAHOGD","Unruled+1","GreedKing","MHz","BottledTime","WallGazer","BeautyBeast","KillingDoll","OldLady","Rearm","VoidDream","Embodiment","SurpressingFire","SurpressingFire","Read"],"relics":["Uniform","CogitoBucket","LetterFromLob","BackwardClock","Oddly Smooth Stone","DemoMod:GlassGuonStoneRelic","Replay:Mystery Machine","MealTicket"],"acts_visited":["Exordium"],"potions_floor_usage":[7,14],"damage_taken":[{"damage":6,"enemies":"2 Louse","floor":1,"turns":4},{"damage":5,"enemies":"Jaw Worm","floor":2,"turns":4},{"damage":0,"enemies":"Small Slimes","floor":3,"turns":3},{"damage":6,"enemies":"3 Louse","floor":4,"turns":2},{"damage":26,"enemies":"Looter","floor":5,"turns":4},{"damage":6,"enemies":"Jaw Worm","floor":1,"turns":4},{"damage":25,"enemies":"Small Slimes","floor":4,"turns":4},{"damage":12,"enemies":"Cultist","floor":5,"turns":4},{"damage":11,"enemies":"Large Slime","floor":7,"turns":2},{"damage":49,"enemies":"3 Louse","floor":10,"turns":4},{"damage":33,"enemies":"Gremlin Gang","floor":14,"turns":4}],"seed_played":"-6462498160131739398","potions_obtained":[{"floor":3,"key":"Regen Potion"},{"floor":4,"key":"Energy Potion"},{"floor":5,"key":"SteroidPotion"},{"floor":10,"key":"blueLaboratory:FrostheartPotion"}],"is_trial":false,"path_per_floor":["M","M","M","M","M","R","?","?","T","R","M","M","?","?","M","M","R","M","R","T","M","$","?","$","M"],"character_chosen":"THE_SERVANT","items_purchased":["Replay:Mystery Machine","MealTicket","SurpressingFire","Read"],"campfire_rested":4,"item_purchase_floors":[11,11,13,13],"current_hp_per_floor":[59,54,55,51,27,46,46,46,46,65,59,59,59,37,26,45,39,58,58,11,11,18,33,0,0],"gold":2,"neow_bonus":"","is_daily":false,"chose_seed":false,"campfire_upgraded":0,"win_rate":0.0,"timestamp":1608046767,"path_taken":["M","M","M","M","M","R","?","?","T","R","M","M","?","?","M","M","R","M","R","T","M","$","?","$","M"],"items_purchased_type":["Relic","Relic","Card","Card"],"build_version":"2020-12-13","purchased_purges":1,"victory":false,"max_hp_per_floor":[65,65,65,65,65,65,65,65,65,65,65,65,65,65,65,65,65,65,65,65,65,65,65,65,65],"card_choices":[{"not_picked":["FairyFestival","Bloodbath"],"picked":"Murderer","floor":1},{"not_picked":["BottledTime","Snipe"],"picked":"Ricochet","floor":1},{"not_picked":["ShyLook","RedShoes"],"picked":"Bloodbath","floor":2},{"not_picked":["Unruled","Barrier"],"picked":"Moondial","floor":2},{"not_picked":["Porccubus","OldLady"],"picked":"FairyFestival","floor":3},{"not_picked":["Shuttle","Rewind"],"picked":"Ricochet","floor":3},{"not_picked":["CrumblingArmor","QueenOfHatred"],"picked":"BigBird","floor":4},{"not_picked":["TimeTheft","Spin"],"picked":"TimeWarp","floor":4},{"not_picked":["WallGazer","LongBird"],"picked":"OSAHOGD","floor":5},{"not_picked":["TimeWarp","Shuttle"],"picked":"Unruled","floor":5},{"not_picked":["Variant","Scorched"],"picked":"MHz","floor":1},{"not_picked":["DoubleEdge","MoonPhase"],"picked":"BottledTime","floor":1},{"not_picked":["BeautyBeast","Porccubus"],"picked":"WallGazer","floor":4},{"not_picked":["Potential","Unruled","Spin"],"picked":"SKIP","floor":4},{"not_picked":["Potential","Unruled","Spin"],"picked":"SKIP","floor":4},{"not_picked":["UniverseFragment","HappyTeddy"],"picked":"BeautyBeast","floor":5},{"not_picked":["Spin","TimeWarp"],"picked":"KillingDoll","floor":5},{"not_picked":["PunishingBird","UniverseFragment"],"picked":"OldLady","floor":7},{"not_picked":["WasteNot","StarChef"],"picked":"Rearm","floor":7},{"not_picked":["HeroicMonk","UniverseFragment"],"picked":"VoidDream","floor":10},{"not_picked":["FastForward","Unruled"],"picked":"Embodiment","floor":10}],"player_experience":781817,"relics_obtained":[{"floor":1,"key":"LetterFromLob"},{"floor":1,"key":"LetterFromLob"},{"floor":9,"key":"Oddly Smooth Stone"}],"event_choices":[{"damage_healed":0,"gold_gain":0,"player_choice":"Ignored","damage_taken":0,"max_hp_gain":0,"max_hp_loss":0,"event_name":"Golden Wing","floor":7,"gold_loss":0},{"damage_healed":0,"gold_gain":1,"player_choice":"4","damage_taken":0,"max_hp_gain":0,"max_hp_loss":0,"event_name":"betterStone:BetterStone","floor":8,"gold_loss":0,"cards_obtained":["GreedKing"]},{"cards_removed":["GreedKing"],"damage_healed":0,"gold_gain":0,"player_choice":"Give","damage_taken":0,"max_hp_gain":0,"max_hp_loss":0,"event_name":"betterNote:BetterNote","floor":2,"gold_loss":0,"cards_obtained":["None"]},{"damage_healed":0,"gold_gain":0,"player_choice":"Grow","damage_taken":0,"max_hp_gain":0,"max_hp_loss":0,"event_name":"Living Wall","floor":3,"gold_loss":0,"cards_upgraded":["KidneyShot"]}],"is_beta":false,"boss_relics":[],"items_purged_floors":[11],"is_endless":false,"potions_floor_spawned":[3,4,5,4,5,10],"killed_by":"Gremlin Gang","ascension_level":0}}