{"host":"6bsan6hkua32tfq7","time":1608019049,"event":{"mods":["BaseMod","Better Third Choice","Colored Map","Downfall","Highlight Path","Minty Spire (QoL Compilation)","StSLib"],"gold_per_floor":[115,115,128,143,143,143,173,11,11,11,11],"floor_reached":10,"playtime":272,"items_purged":[],"score":132,"play_id":"b558268e-fa14-4b1d-a1dd-578b46a2d7c9","local_time":"20201215085729","is_ascension_mode":true,"campfire_choices":[{"data":"Predator","floor":6,"key":"SMITH"}],"circlet_count":0,"master_deck":["AscendersBane","Strike_G","Strike_G","Strike_G","Strike_G","Strike_G","Defend_G","Defend_G","Defend_G","Defend_G","Defend_G","Survivor","Neutralize","Reflex","Predator+1","Reflex","Corpse Explosion"],"relics":["WristBlade","TungstenRod","Sling","Frozen Egg 2"],"acts_visited":["Exordium"],"potions_floor_usage":[4],"damage_taken":[{"damage":2,"enemies":"Jaw Worm","floor":1,"turns":5},{"damage":4,"enemies":"Small Slimes","floor":3,"turns":5},{"damage":0,"enemies":"Cultist","floor":4,"turns":3},{"damage":36,"enemies":"Lagavulin","floor":7,"turns":8},{"damage":51,"enemies":"Gremlin Nob","floor":10,"turns":4}],"seed_played":"1054953251526143849","potions_obtained":[{"floor":3,"key":"SkillPotion"},{"floor":7,"key":"FairyPotion"}],"is_trial":false,"path_per_floor":["M","?","M","M","?","R","E","$","T","E"],"character_chosen":"THE_SILENT","items_purchased":["Sling"],"campfire_rested":0,"item_purchase_floors":[8],"current_hp_per_floor":[57,62,58,58,58,58,22,22,22,0,0],"gold":11,"neow_bonus":"BOSS_RELIC","is_daily":false,"chose_seed":false,"campfire_upgraded":1,"win_rate":0.0,"timestamp":1608019049,"path_taken":["M","?","M","M","?","R","E","?","T","E"],"items_purchased_type":["Relic"],"build_version":"2020-12-13","purchased_purges":0,"victory":false,"max_hp_per_floor":[66,71,71,71,71,71,71,71,71,71,71],"card_choices":[{"not_picked":["Flying Knee","Bane"],"picked":"Reflex","floor":1},{"not_picked":["Sucker Punch","Escape Plan"],"picked":"Predator","floor":3},{"not_picked":["Catalyst","Dodge and Roll"],"picked":"Reflex","floor":4},{"not_picked":["Dagger Spray","Riddle With Holes"],"picked":"Corpse Explosion","floor":7}],"player_experience":5159383,"relics_obtained":[{"floor":7,"key":"TungstenRod"},{"floor":9,"key":"Frozen Egg 2"}],"event_choices":[{"damage_healed":0,"gold_gain":0,"player_choice":"Donut","damage_taken":0,"max_hp_gain":5,"max_hp_loss":0,"event_name":"Big Fish","floor":2,"gold_loss":0},{"damage_healed":0,"gold_gain":0,"player_choice":"Ignored","damage_taken":143,"max_hp_gain":0,"max_hp_loss":0,"event_name":"betterThird:BetterSerpent","floor":5,"gold_loss":0}],"is_beta":false,"boss_relics":[],"items_purged_floors":[],"is_endless":false,"potions_floor_spawned":[3,7],"killed_by":"Gremlin Nob","ascension_level":20}}