{"host":"ks12kfi5c4d9hdxy","time":1608048602,"event":{"mods":["Act Like it!","BaseMod","Conspire","Gensokyo","GifTheSpireLib","Koishi","LagranYue(拉格朗・月)","Marisa（F雨　魔理沙）","Minty Spire (QoL Compilation)","Quick Restart","Reimu（博丽灵梦）","Remilia（蕾米莉亚）","Replay The Spire","RumiaBox-露米娅的神秘盒子","Shop Mod","StSLib","SuperFastMode","The Administrix","The Servant 0.9.4","Youmu（魂魄妖梦）","Yuyuko","【东方二次创作】八云紫mod","【功能Mod】混沌之环修复补丁","【功能Mod】聪明的最终Boss","篝火指南"],"gold_per_floor":[114,114,114,39,57,88,88,103,149,192,211,225,256,277,277,373,373,393,393,417,431,431,431],"floor_reached":22,"playtime":526,"items_purged":["Defend_MRS"],"score":503,"play_id":"91349f61-871d-494b-8c54-b4cd4b60df87","local_time":"20201216001002","is_ascension_mode":true,"campfire_choices":[{"data":"FairyDestructionRay","floor":7.0,"key":"SMITH"},{"data":"RefractionSpark","floor":15.0,"key":"SMITH"}],"circlet_count":0,"master_deck":["AscendersBane","Strike_MRS","Strike_MRS","Strike_MRS","Defend_MRS","Defend_MRS","Defend_MRS","MasterSpark","UpSweep","DoubleSpark","FairyDestructionRay+1","DoubleSpark","PropBag","RefractionSpark+1","FinalSpark"],"relics":["MiniHakkero","LagranYue:RandomDrawCardRelic","NeowsBlessing","Golden Idol","ScarletDevilRocket","LagranYue:MagicReflectiveArmorRelic","Bronze Scales","Art of War","SlaversCollar"],"acts_visited":["Exordium","TheCity"],"potions_floor_usage":[],"damage_taken":[{"damage":0.0,"enemies":"Cultist","floor":1.0,"turns":1.0},{"damage":0.0,"enemies":"Jaw Worm","floor":5.0,"turns":1.0},{"damage":0.0,"enemies":"Gremlin Nob","floor":6.0,"turns":1.0},{"damage":6.0,"enemies":"Small Slimes","floor":8.0,"turns":3.0},{"damage":5.0,"enemies":"3 Sentries","floor":10.0,"turns":3.0},{"damage":2.0,"enemies":"Exordium Wildlife","floor":11.0,"turns":3.0},{"damage":0.0,"enemies":"2 Fungi Beasts","floor":12.0,"turns":1.0},{"damage":0.0,"enemies":"Gremlin Nob","floor":13.0,"turns":2.0},{"damage":3.0,"enemies":"Blue Slaver","floor":14.0,"turns":2.0},{"damage":36.0,"enemies":"Fading Forest","floor":16.0,"turns":13.0},{"damage":0.0,"enemies":"Chosen","floor":18.0,"turns":2.0},{"damage":11.0,"enemies":"Shell Parasite","floor":20.0,"turns":3.0},{"damage":50.0,"enemies":"Shelled Parasite and Fungi","floor":21.0,"turns":5.0},{"damage":16,"enemies":"Snake Plant","floor":22,"turns":1}],"seed_played":"6169526407489824059","potions_obtained":[{"floor":6.0,"key":"SteroidPotion"},{"floor":8.0,"key":"Energy Potion"},{"floor":10.0,"key":"Explosive Potion"},{"floor":12.0,"key":"Fire Potion"},{"floor":16.0,"key":"Fire Potion"}],"is_trial":false,"path_per_floor":["M","?","?","$","M","E","R","M","T","E","M","M","E","M","R","B",null,"M","?","M","M","M"],"character_chosen":"MARISA","items_purchased":[],"campfire_rested":0,"item_purchase_floors":[],"current_hp_per_floor":[63,56,56,56,56,56,56,50,50,45,43,43,43,40,40,12,50,50,63,52,14,0,0],"gold":431,"neow_bonus":"THREE_ENEMY_KILL","is_daily":false,"chose_seed":false,"campfire_upgraded":2,"win_rate":0.0,"timestamp":1608048602,"path_taken":["M","?","?","?","M","E","R","?","T","E","M","M","E","M","R","BOSS","M","?","M","M","?"],"items_purchased_type":[],"build_version":"2020-12-13","purchased_purges":1,"victory":false,"max_hp_per_floor":[70,70,63,63,63,63,63,63,63,63,63,63,63,63,63,63,63,63,63,63,63,63,63],"card_choices":[{"not_picked":["NonDirectionalLaser","MilkyWay"],"picked":"DoubleSpark","floor":1.0},{"not_picked":["NonDirectionalLaser","ShootingEcho","LuminesStrike"],"picked":"SKIP","floor":5.0},{"not_picked":["DoubleSpark","IllusionStar"],"picked":"FairyDestructionRay","floor":6.0},{"not_picked":["WitchLeyline","GrandCross"],"picked":"DoubleSpark","floor":8.0},{"not_picked":["OneTimeOff","DC","AsteroidBelt"],"picked":"SKIP","floor":10.0},{"not_picked":["FairyDestructionRay","ManaConvection","OpenUniverse"],"picked":"SKIP","floor":11.0},{"not_picked":["UnstableBomb","SuperNova","SporeBomb"],"picked":"SKIP","floor":12.0},{"not_picked":["UnstableBomb","SuperNova","SporeBomb"],"picked":"SKIP","floor":12.0},{"not_picked":["GravityBeat","ShootingEcho"],"picked":"PropBag","floor":13.0},{"not_picked":["WitchLeyline","MysteriousBeam"],"picked":"RefractionSpark","floor":14.0},{"not_picked":["ManaRampage","CasketOfStar"],"picked":"FinalSpark","floor":16.0},{"not_picked":["ShootingEcho","Occultation+1","WitchLeyline"],"picked":"SKIP","floor":18.0},{"not_picked":["PowerUp","StarlightTyphoon","DC"],"picked":"SKIP","floor":20.0},{"not_picked":["ChargingUp","LuminesStrike","PowerUp"],"picked":"SKIP","floor":21.0}],"player_experience":522035,"relics_obtained":[{"floor":6.0,"key":"ScarletDevilRocket"},{"floor":9.0,"key":"LagranYue:MagicReflectiveArmorRelic"},{"floor":10.0,"key":"Bronze Scales"},{"floor":13.0,"key":"Art of War"}],"event_choices":[{"cards_removed":["Strike_MRS"],"damage_healed":0.0,"max_hp_gain":0.0,"max_hp_loss":0.0,"gold_gain":0.0,"event_name":"Golden Wing","player_choice":"Card Removal","floor":2.0,"gold_loss":0.0,"damage_taken":7.0},{"damage_healed":0.0,"max_hp_gain":0.0,"max_hp_loss":7.0,"gold_gain":0.0,"event_name":"Golden Idol","player_choice":"Lose Max HP","floor":3.0,"gold_loss":0.0,"damage_taken":0.0,"relics_obtained":["Golden Idol"]},{"damage_healed":13.0,"max_hp_gain":0.0,"max_hp_loss":0.0,"gold_gain":0.0,"event_name":"Wheel of Change","player_choice":"Full Heal","floor":19.0,"gold_loss":0.0,"damage_taken":0.0}],"is_beta":false,"boss_relics":[{"not_picked":["Empty Cage","Cursed Key"],"picked":"SlaversCollar"}],"items_purged_floors":[4],"is_endless":false,"potions_floor_spawned":[6,8,10,12,16],"killed_by":"Snake Plant","ascension_level":19}}