{"host":"i0avyit1s6jb1siw","time":1608018218,"event":{"mods":["BaseMod","DeckTracker","Dota2Spire","Highlight Path","Minty Spire (QoL Compilation)","Quick Restart","Replay The Spire","StSLib","SuperFastMode"],"gold_per_floor":[359,378,5,15,34,34,65,79,79,79,79],"floor_reached":10,"playtime":204,"items_purged":[],"score":140,"play_id":"d92eb40f-595c-44e8-925d-ba6b9488f0ec","local_time":"20201215084338","is_ascension_mode":true,"campfire_choices":[{"data":"Neutralize","floor":6.0,"key":"SMITH"}],"circlet_count":0,"master_deck":["AscendersBane","Strike_G","Strike_G","Strike_G","Strike_G","Strike_G","Defend_G","Defend_G","Defend_G","Defend_G","Defend_G","Survivor","Neutralize+1","Toxin Wave","Dagger Spray","Infinite Blades","Finisher","Deflect","Tactician"],"relics":["Ring of the Snake","Shuriken","Blood Vial","Molten Egg 2"],"acts_visited":["Exordium"],"potions_floor_usage":[10],"damage_taken":[{"damage":6.0,"enemies":"Cultist","floor":1.0,"turns":4.0},{"damage":11.0,"enemies":"2 Louse","floor":2.0,"turns":3.0},{"damage":0.0,"enemies":"Jaw Worm","floor":4.0,"turns":4.0},{"damage":13.0,"enemies":"3 Louse","floor":5.0,"turns":3.0},{"damage":24.0,"enemies":"Gremlin Nob","floor":7.0,"turns":5.0},{"damage":0,"enemies":"2 Fungi Beasts","floor":8,"turns":2},{"damage":9,"enemies":"Lagavulin","floor":10,"turns":6}],"seed_played":"-3280648551291478330","potions_obtained":[{"floor":1.0,"key":"PowerPotion"},{"floor":5.0,"key":"Reflective Coating"},{"floor":8,"key":"Block Potion"}],"is_trial":false,"path_per_floor":["M","M","$","M","M","R","E","M","T","E"],"character_chosen":"THE_SILENT","items_purchased":["Shuriken","Infinite Blades"],"campfire_rested":0,"item_purchase_floors":[3,3],"current_hp_per_floor":[53,42,42,42,29,29,5,7,7,0,0],"gold":79,"neow_bonus":"TWO_FIFTY_GOLD","is_daily":false,"chose_seed":false,"campfire_upgraded":1,"win_rate":0.0,"timestamp":1608018218,"path_taken":["M","M","?","?","M","R","E","M","T","E"],"items_purchased_type":["Relic","Card"],"build_version":"2020-12-13","purchased_purges":0,"victory":false,"max_hp_per_floor":[60,60,60,60,60,60,60,60,60,60,60],"card_choices":[{"not_picked":["ReplayTheSpireMod:Exploit Weakness","Endless Agony"],"picked":"Toxin Wave","floor":1.0},{"not_picked":["Skewer","Underhanded Strike"],"picked":"Dagger Spray","floor":2.0},{"not_picked":["Caltrops","Poisoned Stab"],"picked":"Finisher","floor":4.0},{"not_picked":["Dodge and Roll","Backflip"],"picked":"Deflect","floor":5.0},{"not_picked":["Sucker Punch","Draining Mist"],"picked":"Tactician","floor":7.0},{"not_picked":["Choke","Dagger Spray","Riddle With Holes"],"picked":"SKIP","floor":8}],"player_experience":2074015,"relics_obtained":[{"floor":7.0,"key":"Blood Vial"},{"floor":9,"key":"Molten Egg 2"}],"event_choices":[],"is_beta":false,"boss_relics":[],"items_purged_floors":[],"is_endless":false,"potions_floor_spawned":[1,5,8],"killed_by":"Lagavulin","ascension_level":20}}