{"host":"cwd5s03r1oaxs6mx","time":1608046448,"event":{"mods":["Act Like it!","BaseMod","Better Third Choice","BetterRewards","CapriCore","Card Filter","Colored Map","Custom Start","DeckTracker","Friendly Minions","Hubris","Infinite Spire","Minty Spire (QoL Compilation)","Quick Restart","Relic Stats","Shop Mod","Spicy Shops","StSLib","SuperFastMode"],"gold_per_floor":[109,125,125,150,150,150,166,32,58,58,72,51,82,82,82,82,82],"floor_reached":16,"playtime":431,"items_purged":["Strike_R","Strike_R"],"score":200,"play_id":"bc8e1873-a4f7-4260-8556-292de63d4601","local_time":"20201216003408","is_ascension_mode":true,"campfire_choices":[{"data":"Bash","floor":6,"key":"SMITH"},{"data":"Inflame","floor":10,"key":"SMITH"},{"floor":15,"key":"REST"}],"circlet_count":0,"master_deck":["AscendersBane","Strike_R","Strike_R","Strike_R","Defend_R","Defend_R","Defend_R","Defend_R","Bash+1","Flash of Steel","Impatience","Inflame+1","Deep Breath","infinitespire:OneForAll","Anger"],"relics":["Burning Blood","Turnip","Oddly Smooth Stone","Membership Card","Golden Idol","hubris:Icosahedron","Juzu Bracelet"],"acts_visited":["Exordium"],"potions_floor_usage":[13,16],"damage_taken":[{"damage":11,"enemies":"2 Louse","floor":1,"turns":3},{"damage":12,"enemies":"Jaw Worm","floor":2,"turns":4},{"damage":5,"enemies":"Cultist","floor":4,"turns":4},{"damage":10,"enemies":"2 Fungi Beasts","floor":7,"turns":5},{"damage":4,"enemies":"Blue Slaver","floor":11,"turns":5},{"damage":28,"enemies":"Lagavulin","floor":13,"turns":7},{"damage":40,"enemies":"Slime Boss","floor":16,"turns":7}],"seed_played":"-8400211250831437248","potions_obtained":[{"floor":4,"key":"SpeedPotion"},{"floor":11,"key":"Regen Potion"},{"floor":13,"key":"Block Potion"}],"is_trial":false,"path_per_floor":["M","M","?","M","?","R","M","$","T","R","M","$","E","?","R","B"],"character_chosen":"IRONCLAD","items_purchased":["Turnip","Oddly Smooth Stone","Membership Card","Flash of Steel","Impatience","Inflame","Deep Breath","infinitespire:OneForAll"],"campfire_rested":1,"item_purchase_floors":[0,0,0,0,0,8,8,12],"current_hp_per_floor":[63,57,31,32,32,32,28,28,28,28,30,30,17,17,39,0,0],"gold":82,"neow_bonus":"","is_daily":false,"chose_seed":false,"campfire_upgraded":2,"win_rate":0.0,"timestamp":1608046448,"path_taken":["M","M","?","M","?","R","M","?","T","R","M","$","E","?","R","BOSS"],"items_purchased_type":["Relic","Relic","Relic","Card","Card","Card","Card","Card"],"build_version":"2020-12-13","purchased_purges":2,"victory":false,"max_hp_per_floor":[75,75,75,75,75,75,75,75,75,75,75,75,75,75,75,75,75],"relic_stats":{"counters":[72,271],"Golden Idol":17,"Turnip":[3],"Juzu Bracelet":0,"obtain_stats":[{"Magic Flower":0,"hubris:SlimyHat":0,"Juzu Bracelet":13,"Bottled Tornado":55,"hubris:MysteriousPyramids":6,"Empty Cage":17,"Burning Blood":0,"Old Coin":9,"Centennial Puzzle":7,"hubris:Backtick":34,"Matryoshka":26,"hubris:Icosahedron":5,"Mummified Hand":8,"MealTicket":21,"Red Mask":19,"Chemical X":0,"Kunai":0,"infinitespire:Eraser":46,"InkBottle":42,"Paper Frog":26,"Runic Pyramid":17,"Girya":37,"hubris:DisguiseKit":9,"Golden Idol":3,"Blue Candle":23,"Oddly Smooth Stone":9,"PreservedInsect":3,"Pen Nib":6,"hubris:MedicalManual":40,"infinitespire:Joker Card":8,"infinitespire:Magic Flask":0,"Frozen Egg 2":0,"hubris:Towel":11,"Medical Kit":12,"infinitespire:WardingShard":8,"Turnip":0,"hubris:TenFootPole":11,"Membership Card":0,"hubris:OldNail":12,"hubris:Potato":34,"infinitespire:PuzzleCube":0,"Meat on the Bone":0,"hubris:Reverence":27},{"Magic Flower":59,"hubris:SlimyHat":29,"Juzu Bracelet":71,"Bottled Tornado":28,"hubris:MysteriousPyramids":34,"Empty Cage":10,"Burning Blood":0,"Old Coin":48,"Centennial Puzzle":54,"hubris:Backtick":18,"Matryoshka":44,"hubris:Icosahedron":68,"Mummified Hand":35,"MealTicket":58,"Red Mask":40,"Chemical X":0,"Kunai":51,"infinitespire:Eraser":24,"InkBottle":22,"Paper Frog":15,"Runic Pyramid":57,"Girya":20,"hubris:DisguiseKit":54,"Golden Idol":67,"Blue Candle":14,"Oddly Smooth Stone":6,"PreservedInsect":2,"Pen Nib":5,"hubris:MedicalManual":21,"infinitespire:Joker Card":48,"infinitespire:Magic Flask":29,"Frozen Egg 2":29,"hubris:Towel":63,"Medical Kit":7,"infinitespire:WardingShard":63,"Turnip":65,"hubris:TenFootPole":7,"Membership Card":29,"hubris:OldNail":7,"hubris:Potato":18,"infinitespire:PuzzleCube":29,"Meat on the Bone":29,"hubris:Reverence":45},{"Magic Flower":208,"hubris:SlimyHat":67,"Juzu Bracelet":264,"Bottled Tornado":62,"hubris:MysteriousPyramids":79,"Empty Cage":23,"Burning Blood":0,"Old Coin":131,"Centennial Puzzle":172,"hubris:Backtick":39,"Matryoshka":115,"hubris:Icosahedron":247,"Mummified Hand":83,"MealTicket":200,"Red Mask":100,"Chemical X":0,"Kunai":149,"infinitespire:Eraser":52,"InkBottle":48,"Paper Frog":32,"Runic Pyramid":190,"Girya":44,"hubris:DisguiseKit":172,"Golden Idol":243,"Blue Candle":31,"Oddly Smooth Stone":15,"PreservedInsect":6,"Pen Nib":11,"hubris:MedicalManual":46,"infinitespire:Joker Card":131,"infinitespire:Magic Flask":67,"Frozen Egg 2":67,"hubris:Towel":222,"Medical Kit":16,"infinitespire:WardingShard":222,"Turnip":236,"hubris:TenFootPole":16,"Membership Card":67,"hubris:OldNail":16,"hubris:Potato":39,"infinitespire:PuzzleCube":67,"Meat on the Bone":67,"hubris:Reverence":118}],"Burning Blood":385},"card_choices":[{"not_picked":["Fire Breathing","Sword Boomerang","Iron Wave"],"picked":"SKIP","floor":1},{"not_picked":["Wild Strike","Uppercut","Blood for Blood"],"picked":"SKIP","floor":2},{"not_picked":["Feel No Pain","Pommel Strike","Shockwave"],"picked":"SKIP","floor":4},{"not_picked":["Rupture","Sword Boomerang","Power Through"],"picked":"SKIP","floor":7},{"not_picked":["Headbutt","Warcry","Clash"],"picked":"SKIP","floor":11},{"not_picked":["Disarm","Headbutt"],"picked":"Anger","floor":13}],"player_experience":914252,"relics_obtained":[{"floor":13,"key":"Juzu Bracelet"}],"event_choices":[{"damage_healed":0,"gold_gain":0,"player_choice":"Take Damage","damage_taken":26,"relics_obtained":["Golden Idol"],"max_hp_gain":0,"max_hp_loss":0,"event_name":"Golden Idol","floor":3,"gold_loss":0},{"damage_healed":0,"gold_gain":0,"player_choice":"Searched \u00270\u0027 times","damage_taken":0,"max_hp_gain":0,"max_hp_loss":0,"event_name":"Dead Adventurer","floor":14,"gold_loss":0}],"is_beta":false,"boss_relics":[],"items_purged_floors":[0,8],"is_endless":false,"potions_floor_spawned":[4,7,11,13],"killed_by":"Slime Boss","ascension_level":20}}