{"host":"cz3p2o9n3b1gdmkz","time":1608051689,"event":{"mods":["AchievementEnabler","BaseMod","CapriCore","GungeonMod","Hermit","Lobotomy","Minty Spire (QoL Compilation)","Replay The Spire","Shop Mod","StSLib","SuperFastMode","The Cursed","The Dragon Tamer","The Gatherer","The Jungle","The Poker Player","The Runesmith"],"gold_per_floor":[116,116,116,116,134,134,165,165,189,250,250,269,269,287,287,411,411,430,453,85,128,143,143,157,177,251,265,265,283,50,75,75,198,198,218,242,160,160,160,160,191,191,217,236,261,261,280,243,243,243,243],"floor_reached":52,"playtime":2372,"items_purged":[],"score":737,"play_id":"c7d32832-bdc5-468e-8c2c-98abf92bfcd3","local_time":"20201216020129","is_ascension_mode":true,"campfire_choices":[{"floor":6.0,"key":"REST"},{"data":"hermit:Strike_Hermit","floor":8.0,"key":"SMITH"},{"floor":15.0,"key":"DIG"},{"floor":28.0,"key":"REST"},{"floor":32.0,"key":"DIG"},{"floor":40,"key":"DIG"},{"floor":46,"key":"REST"},{"floor":49,"key":"DIG"}],"circlet_count":0,"master_deck":["hermit:Strike_Hermit","hermit:Strike_Hermit","hermit:Strike_Hermit+1","hermit:Strike_Hermit+1","hermit:Defend_Hermit","hermit:Defend_Hermit","hermit:Defend_Hermit+1","hermit:Defend_Hermit","hermit:Snapshot","hermit:Covet","hermit:Showdown","hermit:HighCaliber","hermit:OverwhelmingPower+1","hermit:Shortfuse","hermit:CursedWeapon","Writhe","hermit:Determination+1","hermit:HighNoon+1","hermit:Deadeye","ReplayTheSpireMod:Brewmster+1","hermit:Magnum","hermit:Showdown+1","hermit:Determination+1","Madness","Madness","Flash of Steel"],"relics":["Philosopher\u0027s Stone","Golden Idol","Pet Ghost","Centennial Puzzle","Frozen Egg 2","Replay:Wax Seal","Pen Nib","ChewingGum","Akabeko","Anchor","Red Mask","DemoMod:Antibody","InkBottle","Toy Ornithopter","Shovel","Replay:Fungal Core","Du-Vu Doll","Singing Bowl","Juzu Bracelet","Replay:Kaleidoscope","Replay:Rubber Ducky"],"acts_visited":["Exordium","TheCity","TheBeyond"],"potions_floor_usage":[41,41,41,41,41,41,41,44,44,45,45,45,47,47,48,48,48,48,50,50,50,50,50,50],"damage_taken":[{"damage":0.0,"enemies":"2 Louse","floor":1.0,"turns":3.0},{"damage":0.0,"enemies":"Jaw Worm","floor":5.0,"turns":2.0},{"damage":24.0,"enemies":"Lagavulin","floor":7.0,"turns":6.0},{"damage":0.0,"enemies":"Small Slimes","floor":12.0,"turns":2.0},{"damage":3.0,"enemies":"3 Louse","floor":14.0,"turns":2.0},{"damage":12.0,"enemies":"Hexaghost","floor":16.0,"turns":6.0},{"damage":17.0,"enemies":"2 Thieves","floor":18.0,"turns":4.0},{"damage":9.0,"enemies":"Shell Parasite","floor":19.0,"turns":2.0},{"damage":12.0,"enemies":"Masked Bandits","floor":21.0,"turns":3.0},{"damage":2.0,"enemies":"Cultist and Chosen","floor":22.0,"turns":4.0},{"damage":6.0,"enemies":"Shelled Parasite and Fungi","floor":24.0,"turns":3.0},{"damage":8.0,"enemies":"Chosen and Byrds","floor":25.0,"turns":4.0},{"damage":8.0,"enemies":"Snake Plant","floor":27.0,"turns":2.0},{"damage":4.0,"enemies":"Centurion and Healer","floor":29.0,"turns":2.0},{"damage":8.0,"enemies":"Cultist and Chosen","floor":31.0,"turns":4.0},{"damage":37.0,"enemies":"Collector","floor":33.0,"turns":6.0},{"damage":15.0,"enemies":"3 Darklings","floor":35.0,"turns":3.0},{"damage":21.0,"enemies":"3 Shapes","floor":36.0,"turns":6.0},{"damage":62,"enemies":"R_Hoarder","floor":41,"turns":12},{"damage":25,"enemies":"Sphere and 2 Shapes","floor":44,"turns":4},{"damage":40,"enemies":"Maw","floor":45,"turns":4},{"damage":0,"enemies":"4 Shapes","floor":47,"turns":4},{"damage":22,"enemies":"Mind Bloom Boss Battle","floor":48,"turns":6},{"damage":24,"enemies":"Replay:Hell Engine","floor":50,"turns":5}],"seed_played":"-3852781012285656652","potions_obtained":[{"floor":5.0,"key":"hermit:BlackBile"},{"floor":7.0,"key":"Regen Potion"},{"floor":10.0,"key":"Regen Potion"},{"floor":12.0,"key":"Strength Potion"},{"floor":19.0,"key":"Block Potion"},{"floor":21.0,"key":"Milkshake"},{"floor":24.0,"key":"Fire Potion"},{"floor":31.0,"key":"ColorlessPotion"},{"floor":41,"key":"Milkshake"},{"floor":45,"key":"AttackPotion"}],"is_trial":false,"path_per_floor":["M","?","$","?","M","R","E","R","T","?","$","M","?","M","R","B",null,"M","M","$","?","M","?","M","M","T","M","R","M","$","M","R","B",null,"M","M","$","?","?","R","E","?","T","M","M","R","M","?","R","B",null,null],"character_chosen":"HERMIT","items_purchased":["Akabeko","hermit:CursedWeapon","Anchor","ReplayTheSpireMod:Brewmster+1","Toy Ornithopter","hermit:Determination+1"],"campfire_rested":3,"item_purchase_floors":[20,20,20,30,30,37],"current_hp_per_floor":[68,50,50,35,35,57,33,33,33,15,15,15,15,12,12,9,59,42,33,33,21,19,19,27,19,19,11,55,51,51,43,43,36,65,70,73,73,64,64,64,61,57,57,46,25,50,64,89,89,87,87],"gold":243,"neow_bonus":"BOSS_RELIC","is_daily":false,"chose_seed":false,"campfire_upgraded":1,"win_rate":0.0,"timestamp":1608051689,"path_taken":["M","?","$","?","M","R","E","R","T","?","$","M","?","M","R","BOSS","M","M","$","?","M","?","M","?","T","M","R","M","?","M","R","BOSS","M","M","?","?","?","R","E","?","T","M","M","R","M","?","R","BOSS"],"items_purchased_type":["Relic","Card","Relic","Card","Relic","Card"],"build_version":"2020-12-13","purchased_purges":0,"victory":true,"max_hp_per_floor":[75,75,75,75,75,75,75,75,75,75,75,75,75,75,75,75,75,75,75,75,75,75,75,75,75,75,75,75,75,75,75,75,75,75,75,75,75,75,75,75,77,81,81,83,85,85,87,89,89,89,89],"card_choices":[{"not_picked":["hermit:Feint","hermit:ItchyTrigger","hermit:DeadMansHand"],"picked":"SKIP","floor":1.0},{"not_picked":["hermit:Misfire","hermit:TakeCover","hermit:LowProfile"],"picked":"SKIP","floor":5.0},{"not_picked":["hermit:Shortfuse","hermit:Headshot"],"picked":"hermit:Showdown","floor":7.0},{"not_picked":["hermit:DeadMansHand","hermit:Cheat","hermit:CalledShot"],"picked":"SKIP","floor":12.0},{"not_picked":["hermit:TakeCover","hermit:FullyLoaded"],"picked":"hermit:HighCaliber","floor":14.0},{"not_picked":["hermit:Purgatory","hermit:FromBeyond"],"picked":"hermit:OverwhelmingPower+1","floor":16.0},{"not_picked":["hermit:Deadeye+1","hermit:Ricochet","hermit:Quickdraw"],"picked":"SKIP","floor":18.0},{"not_picked":["hermit:Brawl+1","hermit:CalledShot"],"picked":"hermit:Shortfuse","floor":19.0},{"not_picked":["hermit:Vantage","hermit:LowProfile+1","hermit:Dive+1"],"picked":"SKIP","floor":22.0},{"not_picked":["hermit:TakeAim+1","hermit:WideOpen"],"picked":"hermit:Determination+1","floor":24.0},{"not_picked":["hermit:LowProfile","hermit:Combo+1"],"picked":"hermit:HighNoon+1","floor":25.0},{"not_picked":["hermit:Feint","hermit:Enervate"],"picked":"hermit:Deadeye","floor":27.0},{"not_picked":["hermit:LowProfile+1","hermit:Headshot","hermit:TrackingShot"],"picked":"SKIP","floor":29.0},{"not_picked":["hermit:DeadOrAlive","hermit:LoneWolf","hermit:TakeAim+1"],"picked":"SKIP","floor":31.0},{"not_picked":["hermit:Purgatory","hermit:FinalCanter"],"picked":"hermit:Magnum","floor":33.0},{"not_picked":["hermit:Misfire","hermit:Headshot","hermit:Spite"],"picked":"SKIP","floor":35.0},{"not_picked":["hermit:Cheat+1","hermit:Dive+1"],"picked":"hermit:Showdown+1","floor":36.0},{"not_picked":["hermit:Misfire+1","hermit:FlashPowder","hermit:Scavenge+1"],"picked":"Singing Bowl","floor":41},{"not_picked":["Swift Strike","Panacea","Discovery"],"picked":"Singing Bowl","floor":42},{"not_picked":["DemoMod:Invincible+1","Poisoned Strike"],"picked":"Flash of Steel","floor":42},{"not_picked":["Mind Blast","Deep Breath","Dramatic Entrance"],"picked":"Singing Bowl","floor":42},{"not_picked":["hermit:HighCaliber+1","hermit:Vantage+1","hermit:WideOpen+1"],"picked":"Singing Bowl","floor":44},{"not_picked":["hermit:Shortfuse","hermit:Glare","hermit:TakeAim+1"],"picked":"Singing Bowl","floor":45},{"not_picked":["hermit:BodyArmor+1","hermit:Gestalt+1","hermit:DeadMansHand+1"],"picked":"Singing Bowl","floor":47},{"not_picked":["hermit:Roulette","hermit:HighCaliber+1","hermit:LoneWolf"],"picked":"Singing Bowl","floor":48}],"player_experience":953460,"relics_obtained":[{"floor":7.0,"key":"Pet Ghost"},{"floor":9.0,"key":"Centennial Puzzle"},{"floor":10.0,"key":"Frozen Egg 2"},{"floor":15.0,"key":"Pen Nib"},{"floor":21.0,"key":"Red Mask"},{"floor":26.0,"key":"InkBottle"},{"floor":32.0,"key":"Shovel"},{"floor":40,"key":"Du-Vu Doll"},{"floor":41,"key":"Singing Bowl"},{"floor":43,"key":"Juzu Bracelet"},{"floor":48,"key":"Replay:Kaleidoscope"},{"floor":49,"key":"Replay:Rubber Ducky"}],"event_choices":[{"damage_healed":0.0,"max_hp_gain":0.0,"max_hp_loss":0.0,"gold_gain":0.0,"event_name":"Golden Idol","player_choice":"Take Damage","floor":2.0,"gold_loss":0.0,"damage_taken":18.0,"relics_obtained":["Golden Idol"]},{"damage_healed":0.0,"max_hp_gain":0.0,"max_hp_loss":0.0,"gold_gain":0.0,"event_name":"Shining Light","player_choice":"Entered Light","floor":4.0,"gold_loss":0.0,"damage_taken":15.0,"cards_upgraded":["hermit:Defend_Hermit","hermit:Strike_Hermit"]},{"damage_healed":0.0,"max_hp_gain":0.0,"max_hp_loss":0.0,"gold_gain":0.0,"event_name":"Dead Adventurer","player_choice":"Searched \u00271\u0027 times","floor":13.0,"gold_loss":0.0,"damage_taken":0.0,"relics_obtained":["Replay:Wax Seal"]},{"damage_healed":0.0,"max_hp_gain":0.0,"max_hp_loss":0.0,"gold_gain":0.0,"event_name":"Masked Bandits","player_choice":"Fought Bandits","floor":21.0,"gold_loss":0.0,"damage_taken":0.0},{"damage_healed":0.0,"max_hp_gain":0.0,"max_hp_loss":0.0,"gold_gain":0.0,"event_name":"The Mausoleum","player_choice":"Opened","floor":23.0,"gold_loss":0.0,"damage_taken":0.0,"relics_obtained":["DemoMod:Antibody"],"cards_obtained":["Writhe"]},{"damage_healed":0.0,"max_hp_gain":0.0,"max_hp_loss":0.0,"gold_gain":0.0,"event_name":"Winding Halls","player_choice":"Embrace Madness","floor":38.0,"gold_loss":0.0,"damage_taken":9.0,"cards_obtained":["Madness","Madness"]},{"damage_healed":0,"gold_gain":0,"player_choice":"Memory 3","damage_taken":10,"max_hp_gain":0,"max_hp_loss":0,"event_name":"SensoryStone","floor":42,"gold_loss":0},{"damage_healed":0,"gold_gain":0,"player_choice":"Fight","damage_taken":0,"max_hp_gain":0,"max_hp_loss":0,"event_name":"MindBloom","floor":48,"gold_loss":0}],"is_beta":false,"boss_relics":[{"not_picked":["ReplayTheSpireMod:DimensionalGlitch","Snecko Heart"],"picked":"ChewingGum"},{"not_picked":["Replay:Wanted Poster","Pandora\u0027s Box"],"picked":"Replay:Fungal Core"}],"items_purged_floors":[],"is_endless":false,"potions_floor_spawned":[5,7,12,19,21,24,31,36,41,45,47,48],"ascension_level":6}}