{"host":"vdpaduzlq0qlaikq","time":1608070019,"event":{"mods":["AchievementEnabler","BaseMod","Better Third Choice","BetterRewards","Colored Map","Downfall","Gold Saver","Hermit","Jorbs\u0027s Wanderer Trilogy","Minty Spire (QoL Compilation)","Relic Filter","Spicy Shops","StSLib","The Necromancer"],"gold_per_floor":[1625,1625,1651,1651,1682,1782,1805,1815,1130,1130,1130,865,865,865,885,980,980,930,963,838,421,421,439,439,314,341,216,216,216,235,32,47,145,145,95,111,140,90,116,133,157,107,157,107,107,121,133,182,193,193,193,226,24,24,24],"floor_reached":56,"playtime":5354,"items_purged":["Slimebound:Strike_Slimebound","Slimebound:Defend_Slimebound"],"score":1495,"play_id":"e8cfe2fa-7c65-4347-9073-4b8eb9c24714","local_time":"20201215200659","is_ascension_mode":true,"campfire_choices":[{"data":"Slimebound:CorrosiveSpit","floor":1.0,"key":"SMITH"},{"floor":18.0,"key":"RECALL"},{"data":"Slimebound:RainOfGoop","floor":20.0,"key":"SMITH"},{"data":"Slimebound:LeadByExample","floor":25.0,"key":"SMITH"},{"data":"Slimebound:DivideAndConquer","floor":27.0,"key":"SMITH"},{"data":"Slimebound:SplitSpecialist","floor":35.0,"key":"SMITH"},{"data":"Slimebound:MassFeed","floor":38.0,"key":"SMITH"},{"data":"Slimebound:Recycling","floor":42.0,"key":"SMITH"},{"data":"Slimebound:OozeBath","floor":44.0,"key":"SMITH"},{"data":"Slimebound:SlimeBarrage","floor":54,"key":"SMITH"}],"circlet_count":0,"master_deck":["Slimebound:Strike_Slimebound+1","Slimebound:Strike_Slimebound+1","Slimebound:Tackle+1","Slimebound:Defend_Slimebound","Slimebound:Defend_Slimebound","Slimebound:Defend_Slimebound","Slimebound:Split+1","Slimebound:CorrosiveSpit+1","Slimebound:LeechingTouch+1","Slimebound:SelfFormingGoo","Slimebound:AcidTongue+1","Slimebound:SamplingLick","Slimebound:RainOfGoop+1","Slimebound:LevelUp","Slimebound:DivideAndConquer+1","Slimebound:Recycling+1","Slimebound:MegaLick","Slimebound:SamplingLick","Slimebound:LeadByExample+1","Slimebound:ServeAndProtect+1","Slimebound:PressTheAttack+1","RitualDagger+1","Slimebound:SplitSpecialist+1","Slimebound:RainOfGoop","Slimebound:DouseInSlime+1","Slimebound:RallyTheTroops","Slimebound:OozeBath+1","Slimebound:SlimeBarrage","Slimebound:MassFeed+1","Slimebound:SlimeTap+1","Slimebound:SamplingLick+1","Slimebound:ServeAndProtect+1","Slimebound:LeechingTouch+1","Slimebound:LeechEnergy+1","Slimebound:SpikyOuterGoop+1","Slimebound:SlimeBarrage+1"],"relics":["Slimebound:AbsorbEndCombatUpgraded","downfall:HeartsMalice","Shuriken","Slimebound:GreedOozeRelic","Ginger","Oddly Smooth Stone","Slimebound:AggressiveSlimeRelic","Omamori","Juzu Bracelet","MealTicket","Letter Opener","Philosopher\u0027s Stone","Strawberry","downfall:HeartBlessingRed","Happy Flower","Whetstone","Ancient Tea Set","downfall:HeartBlessingBlue","Potion Belt","downfall:HeartBlessingGreen","Mummified Hand","WingedGreaves","War Paint","Mercury Hourglass","Bronze Scales","Bird Faced Urn","Gambling Chip","Pantograph"],"acts_visited":["Exordium","TheCity","TheBeyond","TheEnding"],"potions_floor_usage":[55,55,55],"damage_taken":[{"damage":0.0,"enemies":"2 Louse","floor":2.0,"turns":1.0},{"damage":0.0,"enemies":"3 Sentries","floor":3.0,"turns":1.0},{"damage":0.0,"enemies":"Gremlin Nob","floor":5.0,"turns":1.0},{"damage":1.0,"enemies":"Jaw Worm","floor":8.0,"turns":3.0},{"damage":5.0,"enemies":"downfall:FleeingMerchant","floor":9.0,"turns":4.0},{"damage":4.0,"enemies":"Cultist","floor":11.0,"turns":1.0},{"damage":14.0,"enemies":"downfall:FleeingMerchant","floor":12.0,"turns":4.0},{"damage":8.0,"enemies":"Large Slime","floor":15.0,"turns":3.0},{"damage":40.0,"enemies":"downfall:Ironclad","floor":16.0,"turns":6.0},{"damage":41.0,"enemies":"Slavers","floor":19.0,"turns":4.0},{"damage":11.0,"enemies":"downfall:FleeingMerchant","floor":21.0,"turns":4.0},{"damage":16.0,"enemies":"Shell Parasite","floor":23.0,"turns":3.0},{"damage":22.0,"enemies":"Gremlin Leader","floor":26.0,"turns":5.0},{"damage":13.0,"enemies":"Snecko","floor":30.0,"turns":3.0},{"damage":31.0,"enemies":"downfall:FleeingMerchant","floor":31.0,"turns":3.0},{"damage":8.0,"enemies":"Snake Plant","floor":32.0,"turns":2.0},{"damage":37.0,"enemies":"downfall:Defect","floor":33.0,"turns":6.0},{"damage":8.0,"enemies":"3 Shapes","floor":36.0,"turns":4.0},{"damage":43.0,"enemies":"Reptomancer","floor":37.0,"turns":5.0},{"damage":42.0,"enemies":"Nemesis","floor":39.0,"turns":5.0},{"damage":15.0,"enemies":"Orb Walker","floor":40.0,"turns":2.0},{"damage":4.0,"enemies":"Mind Bloom Boss Battle","floor":43.0,"turns":3.0},{"damage":20.0,"enemies":"Jaw Worm Horde","floor":46.0,"turns":3.0},{"damage":8.0,"enemies":"4 Shapes","floor":47.0,"turns":3.0},{"damage":25.0,"enemies":"2 Orb Walkers","floor":48.0,"turns":4.0},{"damage":8.0,"enemies":"Maw","floor":49.0,"turns":6.0},{"damage":44,"enemies":"downfall:Silent","floor":50,"turns":8},{"damage":72,"enemies":"downfall:CharBossMerchant","floor":52,"turns":6},{"damage":32,"enemies":"downfall:NeowBoss","floor":55,"turns":16}],"seed_played":"-2473538187443911183","potions_obtained":[{"floor":5.0,"key":"SpeedPotion"},{"floor":8.0,"key":"FearPotion"},{"floor":15.0,"key":"SpeedPotion"},{"floor":16.0,"key":"FairyPotion"},{"floor":19.0,"key":"DistilledChaos"},{"floor":26.0,"key":"Block Potion"},{"floor":28.0,"key":"CultistPotion"},{"floor":33.0,"key":"DuplicationPotion"},{"floor":37.0,"key":"Slimebound:ThreeZeroPotion"},{"floor":43.0,"key":"SteroidPotion"},{"floor":47.0,"key":"BlessingOfTheForge"}],"is_trial":false,"path_per_floor":["R","M","E","?","E","?","T","M","$","?","M","$","?","?","M","B",null,"R","E","R","$","?","M","T","R","E","R","?","?","M","$","M","B",null,"R","M","E","R","E","M","T","R","?","R","$","M","M","?","M","B",null,"E","$","R","B",null],"character_chosen":"SLIMEBOUND","items_purchased":["Slimebound:LevelUp","Slimebound:AggressiveSlimeRelic","Omamori","Juzu Bracelet","Fruit Juice","Slimebound:DivideAndConquer","MealTicket","Happy Flower","Whetstone","Ancient Tea Set","Slimebound:SamplingLick","Mummified Hand","WingedGreaves","Slimebound:RainOfGoop","Slimebound:DouseInSlime","EssenceOfSteel","Dexterity Potion","Slimebound:SlimeBarrage"],"campfire_rested":0,"item_purchase_floors":[9,9,9,9,9,9,12,21,21,21,21,31,31,31,31,53,53,53],"current_hp_per_floor":[60,60,60,60,60,60,60,59,60,60,60,58,58,58,65,45,65,65,45,45,63,63,63,63,73,67,67,67,67,68,61,65,44,82,82,82,63,63,41,42,42,42,58,58,73,81,86,73,86,86,90,47,62,62,94],"gold":24,"neow_bonus":"THREE_ENEMY_KILL","is_daily":false,"chose_seed":false,"campfire_upgraded":9,"win_rate":0.0,"timestamp":1608070019,"path_taken":["R","M","E","?","E","?","T","M","$","?","M","?","?","?","M","BOSS","R","E","R","$","?","M","T","R","E","R","?","?","M","$","M","BOSS","R","M","E","R","E","M","T","R","?","R","$","M","M","?","M","BOSS","E","$","R","BOSS"],"items_purchased_type":["Card","Relic","Relic","Relic","Potion","Card","Relic","Relic","Relic","Relic","Card","Relic","Relic","Card","Card","Potion","Potion","Card"],"build_version":"2020-12-13","purchased_purges":2,"victory":true,"max_hp_per_floor":[60,60,60,60,60,60,60,60,60,60,60,60,60,60,65,65,65,65,72,72,72,72,72,72,82,82,82,82,82,82,82,82,82,82,82,82,82,82,82,82,82,82,82,82,82,86,86,86,86,90,90,94,94,94,94],"card_choices":[{"not_picked":["Slimebound:ProtectTheBoss","Slimebound:ViciousTackle"],"picked":"Slimebound:LeechingTouch","floor":2.0},{"not_picked":["Slimebound:ServeAndProtect","Slimebound:RollThrough"],"picked":"Slimebound:SelfFormingGoo","floor":3.0},{"not_picked":["Slimebound:CheckThePlaybook","Slimebound:ForwardTackle"],"picked":"Slimebound:AcidTongue","floor":5.0},{"not_picked":["Slimebound:GrowthPunch","Slimebound:LeadByExample"],"picked":"Slimebound:SamplingLick","floor":8.0},{"not_picked":["Slimebound:FinishingTackle","Slimebound:PressTheAttack"],"picked":"Slimebound:RainOfGoop","floor":9.0},{"not_picked":["Slimebound:PressTheAttack","Slimebound:FinishingTackle","Slimebound:TongueLash"],"picked":"SKIP","floor":11.0},{"not_picked":["Slimebound:HauntingLick","Slimebound:FinishingTackle","Slimebound:SplitMire"],"picked":"SKIP","floor":12.0},{"not_picked":["Slimebound:DisruptingSlam","Slimebound:FlameTackle"],"picked":"Slimebound:Recycling","floor":15.0},{"not_picked":["Slimebound:PressTheAttack","Slimebound:FlameTackle","Slimebound:ComboTackle"],"picked":"SKIP","floor":19.0},{"not_picked":["Slimebound:RollThrough+1","Slimebound:Repurpose"],"picked":"Slimebound:MegaLick","floor":21.0},{"not_picked":["Slimebound:DivideAndConquer","Slimebound:FinishingTackle"],"picked":"Slimebound:ServeAndProtect+1","floor":23.0},{"not_picked":["Slimebound:GoopSpray","Slimebound:ProtectTheBoss"],"picked":"Slimebound:PressTheAttack+1","floor":26.0},{"not_picked":["Slimebound:SplitMire","Slimebound:ItLooksTasty"],"picked":"Slimebound:SplitSpecialist","floor":30.0},{"not_picked":["Slimebound:BestDefense","Slimebound:FirmFortitude"],"picked":"Slimebound:RallyTheTroops","floor":32.0},{"not_picked":["Slimebound:Darklings","Slimebound:Overexert"],"picked":"Slimebound:OozeBath","floor":33.0},{"not_picked":["Slimebound:Schlurp+1","Slimebound:ServeAndProtect"],"picked":"Slimebound:SlimeBarrage","floor":36.0},{"not_picked":["Slimebound:Equalize+1","Slimebound:PrepareCrush"],"picked":"Slimebound:MassFeed","floor":37.0},{"not_picked":["Slimebound:Replication","Slimebound:ComboTackle"],"picked":"Slimebound:SlimeTap+1","floor":39.0},{"not_picked":["Slimebound:TongueLash+1","Slimebound:GrowthPunch"],"picked":"Slimebound:SamplingLick+1","floor":40.0},{"not_picked":["Slimebound:RollThrough+1","Slimebound:SplitLeeching"],"picked":"Slimebound:ServeAndProtect+1","floor":46.0},{"not_picked":["Slimebound:ItLooksTasty","Slimebound:SamplingLick"],"picked":"Slimebound:LeechingTouch+1","floor":47.0},{"not_picked":["Slimebound:RainOfGoop","Slimebound:ComboTackle+1"],"picked":"Slimebound:LeechEnergy+1","floor":48.0},{"not_picked":["Slimebound:MassFeed","Slimebound:SplitMire+1","Slimebound:SplitAcid"],"picked":"SKIP","floor":49.0},{"not_picked":["Slimebound:Recollect+1","Slimebound:Nibble"],"picked":"Slimebound:SpikyOuterGoop+1","floor":52}],"player_experience":533769,"relics_obtained":[{"floor":3.0,"key":"Shuriken"},{"floor":5.0,"key":"Ginger"},{"floor":7.0,"key":"Oddly Smooth Stone"},{"floor":19.0,"key":"Strawberry"},{"floor":26.0,"key":"Potion Belt"},{"floor":37.0,"key":"War Paint"},{"floor":39.0,"key":"Mercury Hourglass"},{"floor":41.0,"key":"Bronze Scales"},{"floor":43.0,"key":"Bird Faced Urn"},{"floor":48.0,"key":"Gambling Chip"},{"floor":52,"key":"Pantograph"}],"event_choices":[{"damage_healed":0.0,"max_hp_gain":0.0,"max_hp_loss":0.0,"gold_gain":0.0,"event_name":"Big Fish","player_choice":"Box","floor":13.0,"gold_loss":0.0,"damage_taken":0.0,"relics_obtained":["Letter Opener"],"cards_obtained":["Regret"]},{"damage_healed":0.0,"max_hp_gain":0.0,"max_hp_loss":0.0,"gold_gain":0.0,"event_name":"The Library","player_choice":"Read","floor":22.0,"gold_loss":0.0,"damage_taken":0.0,"cards_obtained":["Slimebound:LeadByExample"]},{"damage_healed":0.0,"max_hp_gain":0.0,"max_hp_loss":0.0,"gold_gain":0.0,"event_name":"Vampires","player_choice":"Ignored","floor":29.0,"gold_loss":0.0,"damage_taken":0.0},{"damage_healed":0.0,"max_hp_gain":0.0,"max_hp_loss":0.0,"gold_gain":0.0,"event_name":"Mysterious Sphere","player_choice":"Fight","floor":48.0,"gold_loss":0.0,"damage_taken":0.0}],"is_beta":false,"boss_relics":[{"not_picked":["Fusion Hammer","Tiny House"],"picked":"Philosopher\u0027s Stone"},{"not_picked":["Calling Bell","SacredBark"],"picked":"Slimebound:AbsorbEndCombatUpgraded"}],"items_purged_floors":[9,12],"is_endless":false,"potions_floor_spawned":[5,8,15,16,19,26,33,36,37,43,47,48],"ascension_level":2}}