{"host":"f0gpob8hq9vgebej","time":1608015381,"event":{"mods":["AchievementEnabler","BaseMod","Googly Eyes","Minty Spire (QoL Compilation)","Quick Restart","SuperFastMode"],"gold_per_floor":[109,126,143,161,177,206,206,206,206,206,96,96,116,136,136,136,136],"floor_reached":16,"playtime":358,"items_purged":["Defend_G"],"score":130,"play_id":"c4555954-8fe5-4f8c-8cb0-ffa9bd55f113","local_time":"20201215155621","is_ascension_mode":true,"campfire_choices":[{"data":"Prepared","floor":7,"key":"SMITH"},{"data":"Blade Dance","floor":10,"key":"SMITH"},{"data":"Finisher","floor":15,"key":"SMITH"}],"circlet_count":0,"master_deck":["Strike_G","Strike_G","Strike_G","Defend_G","Defend_G","Defend_G","Survivor","Neutralize","Underhanded Strike","Die Die Die","Dagger Spray","Cloak And Dagger","Leg Sweep","Prepared+1","Blade Dance+1","Storm of Steel","Noxious Fumes","Finisher+1"],"relics":["Ring of the Snake","Bottled Lightning","Toxic Egg 2"],"acts_visited":["Exordium"],"potions_floor_usage":[6,16],"damage_taken":[{"damage":0,"enemies":"Small Slimes","floor":1,"turns":3},{"damage":0,"enemies":"2 Louse","floor":2,"turns":2},{"damage":0,"enemies":"Cultist","floor":3,"turns":3},{"damage":0,"enemies":"Blue Slaver","floor":4,"turns":4},{"damage":4,"enemies":"Exordium Thugs","floor":5,"turns":5},{"damage":11,"enemies":"Lagavulin","floor":6,"turns":6},{"damage":10,"enemies":"Gremlin Gang","floor":13,"turns":2},{"damage":0,"enemies":"Blue Slaver","floor":14,"turns":3},{"damage":38,"enemies":"Hexaghost","floor":16,"turns":7}],"seed_played":"-3078048189218674814","potions_obtained":[{"floor":2,"key":"Strength Potion"},{"floor":5,"key":"LiquidBronze"},{"floor":13,"key":"CultistPotion"}],"is_trial":false,"path_per_floor":["M","M","M","M","M","E","R","?","T","R","$","?","M","M","R","B"],"character_chosen":"THE_SILENT","items_purchased":["Noxious Fumes"],"campfire_rested":0,"item_purchase_floors":[11],"current_hp_per_floor":[63,63,63,63,59,48,48,48,48,48,48,48,38,38,38,0,0],"gold":136,"neow_bonus":"TRANSFORM_TWO_CARDS","is_daily":false,"chose_seed":false,"campfire_upgraded":3,"win_rate":0.0,"timestamp":1608015381,"path_taken":["M","M","M","M","M","E","R","?","T","R","$","?","M","M","R","BOSS"],"items_purchased_type":["Card"],"build_version":"2020-12-13","purchased_purges":1,"victory":false,"max_hp_per_floor":[63,63,63,63,63,63,63,63,63,63,63,63,63,63,63,63,63],"card_choices":[{"not_picked":["Setup","Sucker Punch"],"picked":"Dagger Spray","floor":1},{"not_picked":["Slice","Flying Knee"],"picked":"Cloak And Dagger","floor":2},{"not_picked":["Deadly Poison","Choke"],"picked":"Leg Sweep","floor":3},{"not_picked":["Deflect","Dagger Spray"],"picked":"Prepared","floor":4},{"not_picked":["Bane","Cloak And Dagger"],"picked":"Blade Dance","floor":5},{"not_picked":["Dagger Spray","Sucker Punch"],"picked":"Storm of Steel","floor":6},{"not_picked":["Flechettes","Dagger Throw","Crippling Poison+1"],"picked":"SKIP","floor":13},{"not_picked":["Poisoned Stab","Bane"],"picked":"Finisher","floor":14}],"player_experience":137187,"relics_obtained":[{"floor":6,"key":"Bottled Lightning"},{"floor":9,"key":"Toxic Egg 2"}],"event_choices":[{"cards_removed":["Strike_G"],"damage_healed":0,"gold_gain":0,"player_choice":"Forget","damage_taken":0,"max_hp_gain":0,"max_hp_loss":0,"event_name":"Living Wall","floor":8,"gold_loss":0},{"damage_healed":0,"gold_gain":0,"player_choice":"Bought 0 Potions","damage_taken":0,"max_hp_gain":0,"max_hp_loss":0,"event_name":"The Woman in Blue","floor":12,"gold_loss":0}],"is_beta":false,"boss_relics":[],"items_purged_floors":[11],"is_endless":false,"potions_floor_spawned":[2,5,13],"killed_by":"Hexaghost","ascension_level":5}}