{"host":"egyxg9lnjq7g2hmw","time":1608010584,"event":{"mods":["AchievementEnabler","BaseMod","Block Reminder","Colored Map","Colored Powertips","Highlight Path","Minty Spire (QoL Compilation)","Rare Cards Sparkle","StSLib"],"gold_per_floor":[369,386,386,438,49,83,95,112,112,127,185,155,169,186,186,258,258,274,293,312,237,237,237,251,277,304,304,337,337,357,392,392,468,468,483,15,25,25,40,40,87,87,112,0,0,34,34,53,53,53,53,53,53,83,83],"floor_reached":56,"playtime":3115,"items_purged":["Strike_G","Strike_G"],"score":2296,"play_id":"5eacb0ae-f564-4d42-873e-f51b1ceaa980","local_time":"20201214213624","is_ascension_mode":true,"campfire_choices":[{"data":"Blade Dance","floor":15.0,"key":"SMITH"},{"data":"Finisher","floor":23.0,"key":"SMITH"},{"data":"Ghostly","floor":27.0,"key":"SMITH"},{"data":"Finisher","floor":32.0,"key":"SMITH"},{"floor":40.0,"key":"RECALL"},{"data":"Ghostly","floor":45.0,"key":"SMITH"},{"data":"Envenom","floor":47.0,"key":"SMITH"},{"data":"Writhe","floor":49.0,"key":"PURGE"},{"data":"Ghostly","floor":52.0,"key":"SMITH"}],"circlet_count":0,"master_deck":["AscendersBane","Strike_G","Strike_G","Defend_G","Defend_G","Defend_G","Defend_G","Defend_G","Survivor","Neutralize","Infinite Blades","Dagger Throw","Terror","Finisher+1","Blade Dance+1","Envenom+1","Cloak And Dagger","Flying Knee","A Thousand Cuts","Ghostly+1","Ghostly+1","Ghostly+1","Finisher+1","Infinite Blades+1","PiercingWail+1","Storm of Steel+1","Blade Dance+1","Leg Sweep+1","Master of Strategy+1","Panacea+1","PanicButton+1","Blade Dance+1","Bane","Distraction+1","After Image"],"relics":["Ring of the Snake","Bag of Preparation","TungstenRod","Ninja Scroll","Bottled Lightning","Bag of Marbles","Sozu","Unceasing Top","Anchor","Incense Burner","Toxic Egg 2","Peace Pipe","WristBlade","CaptainsWheel","Red Mask","Bottled Tornado","Lantern"],"acts_visited":["Exordium","TheCity","TheBeyond","TheEnding"],"potions_floor_usage":[],"damage_taken":[{"damage":2.0,"enemies":"Cultist","floor":1.0,"turns":5.0},{"damage":9.0,"enemies":"Jaw Worm","floor":2.0,"turns":6.0},{"damage":19.0,"enemies":"3 Sentries","floor":6.0,"turns":11.0},{"damage":0.0,"enemies":"2 Louse","floor":7.0,"turns":2.0},{"damage":4.0,"enemies":"Gremlin Gang","floor":8.0,"turns":4.0},{"damage":0.0,"enemies":"Looter","floor":10.0,"turns":1.0},{"damage":0.0,"enemies":"3 Sentries","floor":11.0,"turns":4.0},{"damage":2.0,"enemies":"Large Slime","floor":13.0,"turns":4.0},{"damage":0.0,"enemies":"2 Fungi Beasts","floor":14.0,"turns":2.0},{"damage":0.0,"enemies":"Slime Boss","floor":16.0,"turns":6.0},{"damage":7.0,"enemies":"Shell Parasite","floor":18.0,"turns":4.0},{"damage":0.0,"enemies":"Chosen","floor":19.0,"turns":4.0},{"damage":25.0,"enemies":"Centurion and Healer","floor":20.0,"turns":5.0},{"damage":7.0,"enemies":"Shelled Parasite and Fungi","floor":24.0,"turns":5.0},{"damage":0.0,"enemies":"Gremlin Leader","floor":25.0,"turns":5.0},{"damage":3.0,"enemies":"Book of Stabbing","floor":28.0,"turns":2.0},{"damage":0.0,"enemies":"3 Cultists","floor":30.0,"turns":4.0},{"damage":0.0,"enemies":"Gremlin Leader","floor":31.0,"turns":7.0},{"damage":0.0,"enemies":"Champ","floor":33.0,"turns":8.0},{"damage":0.0,"enemies":"Orb Walker","floor":35.0,"turns":2.0},{"damage":0.0,"enemies":"3 Darklings","floor":37.0,"turns":4.0},{"damage":8.0,"enemies":"Maw","floor":39.0,"turns":5.0},{"damage":0.0,"enemies":"2 Orb Walkers","floor":41.0,"turns":4.0},{"damage":0.0,"enemies":"Nemesis","floor":46.0,"turns":5.0},{"damage":0.0,"enemies":"4 Shapes","floor":48.0,"turns":4.0},{"damage":10.0,"enemies":"Awakened One","floor":50.0,"turns":8.0},{"damage":0.0,"enemies":"Shield and Spear","floor":54.0,"turns":4.0},{"damage":15,"enemies":"The Heart","floor":55,"turns":8}],"seed_played":"3658734697815132819","potions_obtained":[{"floor":2.0,"key":"Block Potion"},{"floor":6.0,"key":"Strength Potion"},{"floor":10.0,"key":"SteroidPotion"},{"floor":11.0,"key":"Weak Potion"},{"floor":12.0,"key":"Ancient Potion"},{"floor":16.0,"key":"BlessingOfTheForge"}],"is_trial":false,"path_per_floor":["M","M","?","T","$","E","M","M","T","M","?","?","M","M","R","B",null,"M","M","M","?","?","R","M","E","T","R","E","?","M","E","R","B",null,"M","$","M","?","M","R","?","?","T","?","R","E","R","M","R","B",null,"R","$","E","B",null],"character_chosen":"THE_SILENT","items_purchased":["TungstenRod","Leg Sweep+1","Master of Strategy+1","Panacea+1"],"campfire_rested":0,"item_purchase_floors":[5,36,36,36],"current_hp_per_floor":[57,48,48,48,48,29,29,25,25,25,25,25,23,23,23,23,55,48,48,23,23,23,23,16,16,16,16,13,13,13,13,13,13,28,28,28,28,28,20,20,20,27,27,27,27,27,27,27,27,17,29,29,29,29,14],"gold":83,"neow_bonus":"TWO_FIFTY_GOLD","is_daily":false,"chose_seed":false,"campfire_upgraded":7,"win_rate":0.0,"timestamp":1608010584,"path_taken":["M","?","?","?","$","E","M","?","T","M","?","?","M","M","R","BOSS","M","?","M","?","?","R","M","E","T","R","E","?","M","E","R","BOSS","M","$","?","?","M","R","?","?","T","?","R","E","R","M","R","BOSS","R","$","E","BOSS"],"items_purchased_type":["Relic","Card","Card","Card"],"build_version":"2020-12-13","purchased_purges":2,"victory":true,"max_hp_per_floor":[66,66,66,66,66,66,66,66,66,66,66,66,66,66,66,66,66,66,66,66,66,33,33,33,33,33,33,33,33,33,33,33,33,33,33,33,33,33,33,33,33,33,33,33,33,33,33,33,33,33,33,33,33,33,33],"card_choices":[{"not_picked":["Expertise","Bane"],"picked":"Infinite Blades","floor":1.0},{"not_picked":["Caltrops","Slice"],"picked":"Dagger Throw","floor":2.0},{"not_picked":["Prepared","Infinite Blades"],"picked":"Terror","floor":6.0},{"not_picked":["Setup","Bane"],"picked":"Infinite Blades","floor":7.0},{"not_picked":["Poisoned Stab","Blade Dance"],"picked":"Finisher","floor":8.0},{"not_picked":["Bouncing Flask","Cloak And Dagger"],"picked":"Blade Dance","floor":10.0},{"not_picked":["Setup","Eviscerate","Concentrate"],"picked":"SKIP","floor":13.0},{"not_picked":["Poisoned Stab","Eviscerate","Deadly Poison"],"picked":"SKIP","floor":14.0},{"not_picked":["Malaise","Venomology"],"picked":"Envenom","floor":16.0},{"not_picked":["Underhanded Strike","Dagger Throw"],"picked":"Cloak And Dagger","floor":18.0},{"not_picked":["Outmaneuver","Quick Slash"],"picked":"Flying Knee","floor":19.0},{"not_picked":["Backflip","Dagger Throw+1"],"picked":"A Thousand Cuts","floor":20.0},{"not_picked":["Outmaneuver","Cloak And Dagger"],"picked":"Finisher","floor":24.0},{"not_picked":["Prepared","Terror","Cloak And Dagger"],"picked":"SKIP","floor":25.0},{"not_picked":["Acrobatics","Noxious Fumes"],"picked":"Infinite Blades+1","floor":28.0},{"not_picked":["Tactician+1","Backflip+1"],"picked":"PiercingWail+1","floor":30.0},{"not_picked":["Caltrops","Cloak And Dagger+1","Acrobatics+1"],"picked":"SKIP","floor":31.0},{"not_picked":["Glass Knife","Venomology+1"],"picked":"Storm of Steel+1","floor":33.0},{"not_picked":["Predator","Infinite Blades+1"],"picked":"Blade Dance+1","floor":35.0},{"not_picked":["Quick Slash","Flying Knee","Deflect+1"],"picked":"SKIP","floor":37.0},{"not_picked":["Purity+1","Transmutation+1"],"picked":"PanicButton+1","floor":38.0},{"not_picked":["Dagger Spray","Dagger Throw"],"picked":"Blade Dance+1","floor":39.0},{"not_picked":["Flying Knee","Underhanded Strike+1"],"picked":"Bane","floor":41.0},{"not_picked":["Masterful Stab","Dodge and Roll+1","Outmaneuver+1"],"picked":"SKIP","floor":46.0},{"not_picked":["Masterful Stab","Dodge and Roll+1","Outmaneuver+1"],"picked":"SKIP","floor":46.0},{"not_picked":["Underhanded Strike","Prepared+1"],"picked":"Distraction+1","floor":48.0},{"not_picked":["Sucker Punch","Caltrops"],"picked":"After Image","floor":54.0}],"player_experience":458367,"relics_obtained":[{"floor":4.0,"key":"Bag of Preparation"},{"floor":6.0,"key":"Ninja Scroll"},{"floor":9.0,"key":"Bottled Lightning"},{"floor":11.0,"key":"Bag of Marbles"},{"floor":25.0,"key":"Unceasing Top"},{"floor":26.0,"key":"Anchor"},{"floor":28.0,"key":"Incense Burner"},{"floor":31.0,"key":"Peace Pipe"},{"floor":41.0,"key":"CaptainsWheel"},{"floor":46.0,"key":"Bottled Tornado"},{"floor":54.0,"key":"Lantern"}],"event_choices":[{"cards_removed":["Writhe"],"damage_healed":0.0,"max_hp_gain":0.0,"max_hp_loss":0.0,"gold_gain":0.0,"event_name":"Living Wall","player_choice":"Forget","floor":3.0,"gold_loss":0.0,"damage_taken":0.0},{"damage_healed":0.0,"max_hp_gain":0.0,"max_hp_loss":0.0,"gold_gain":0.0,"event_name":"Dead Adventurer","player_choice":"Searched \u00271\u0027 times","floor":11.0,"gold_loss":0.0,"damage_taken":0.0},{"damage_healed":0.0,"max_hp_gain":0.0,"max_hp_loss":0.0,"gold_gain":0.0,"event_name":"The Woman in Blue","player_choice":"Bought 2 Potions","floor":12.0,"gold_loss":0.0,"damage_taken":0.0},{"cards_removed":["Strike_G"],"damage_healed":0.0,"max_hp_gain":0.0,"max_hp_loss":0.0,"gold_gain":0.0,"event_name":"Beggar","player_choice":"Gave Gold","floor":21.0,"gold_loss":75.0,"damage_taken":0.0},{"damage_healed":0.0,"max_hp_gain":0.0,"max_hp_loss":33.0,"gold_gain":0.0,"event_name":"Ghosts","player_choice":"Became a Ghost","floor":22.0,"gold_loss":0.0,"damage_taken":0.0,"cards_obtained":["Ghostly","Ghostly","Ghostly"]},{"cards_removed":["Infinite Blades"],"damage_healed":0.0,"max_hp_gain":0.0,"max_hp_loss":0.0,"gold_gain":0.0,"event_name":"WeMeetAgain","player_choice":"Gave Card","floor":29.0,"gold_loss":0.0,"damage_taken":0.0,"relics_obtained":["Toxic Egg 2"]},{"damage_healed":0.0,"max_hp_gain":0.0,"max_hp_loss":0.0,"gold_gain":0.0,"event_name":"SensoryStone","player_choice":"Memory 1","floor":38.0,"gold_loss":0.0,"damage_taken":0.0},{"damage_healed":0.0,"max_hp_gain":0.0,"max_hp_loss":0.0,"gold_gain":0.0,"event_name":"Mysterious Sphere","player_choice":"Fight","floor":41.0,"gold_loss":0.0,"damage_taken":0.0},{"damage_healed":7.0,"max_hp_gain":0.0,"max_hp_loss":0.0,"gold_gain":0.0,"event_name":"Winding Halls","player_choice":"Writhe","floor":42.0,"gold_loss":0.0,"damage_taken":0.0,"cards_obtained":["Writhe"]},{"damage_healed":0.0,"max_hp_gain":0.0,"max_hp_loss":0.0,"gold_gain":0.0,"event_name":"Tomb of Lord Red Mask","player_choice":"Paid","floor":44.0,"gold_loss":112.0,"damage_taken":0.0,"relics_obtained":["Red Mask"]}],"is_beta":false,"boss_relics":[{"not_picked":["Runic Pyramid","Fusion Hammer"],"picked":"Sozu"},{"not_picked":["SacredBark","Cursed Key"],"picked":"WristBlade"}],"items_purged_floors":[5,36],"is_endless":false,"potions_floor_spawned":[2,6,10,11,16,20,24,30,33,35,37,48,54],"ascension_level":15}}