{"host":"t7mx8yfj1no5p62f","time":1608067803,"event":{"mods":["BaseMod","Colored Map","Colored Powertips","Filter the Spire","Minty Spire (QoL Compilation)","Relic Stats","StSLib"],"gold_per_floor":[114,127,127,52,52,52,83,83,83,141,152,184,197,143,143,214,214,231,249,249,11,27,55,55,82,128,128,128],"floor_reached":27,"playtime":1270,"items_purged":["Decay"],"score":568,"play_id":"e79ddfa7-298c-4f25-af16-0836d1dd2651","local_time":"20201215163003","is_ascension_mode":true,"campfire_choices":[{"data":"A Thousand Cuts","floor":6.0,"key":"SMITH"},{"data":"Tools of the Trade","floor":8.0,"key":"SMITH"},{"data":"Terror","floor":15,"key":"SMITH"},{"floor":24,"key":"REST"}],"circlet_count":0,"master_deck":["AscendersBane","Survivor","Neutralize","Underhanded Strike","Unload","Corpse Explosion","Bane","Sucker Punch","A Thousand Cuts+1","Distraction","Tools of the Trade+1","Slice","Dodge and Roll","Wraith Form v2","Reflex","Deadly Poison","Deflect","Terror+1","Backflip","Adrenaline","Dash","Reflex","Blade Dance","Regret"],"relics":["Pandora\u0027s Box","Ancient Tea Set","StoneCalendar","Pen Nib","Cursed Key","PreservedInsect","Peace Pipe","Turnip"],"acts_visited":["Exordium","TheCity"],"potions_floor_usage":[16,22,23],"damage_taken":[{"damage":4.0,"enemies":"Jaw Worm","floor":1.0,"turns":4.0},{"damage":14.0,"enemies":"2 Louse","floor":2.0,"turns":3.0},{"damage":2.0,"enemies":"Lagavulin","floor":7.0,"turns":6.0},{"damage":1.0,"enemies":"Small Slimes","floor":11.0,"turns":3.0},{"damage":30.0,"enemies":"3 Sentries","floor":12.0,"turns":3.0},{"damage":3.0,"enemies":"Exordium Thugs","floor":13.0,"turns":3.0},{"damage":12,"enemies":"Hexaghost","floor":16,"turns":7},{"damage":14,"enemies":"Chosen","floor":18,"turns":4},{"damage":8,"enemies":"2 Thieves","floor":19,"turns":4},{"damage":10,"enemies":"Snake Plant","floor":22,"turns":3},{"damage":0,"enemies":"Gremlin Leader","floor":23,"turns":3},{"damage":26,"enemies":"Book of Stabbing","floor":25,"turns":5},{"damage":17,"enemies":"Slavers","floor":27,"turns":1}],"seed_played":"5976341757453366375","potions_obtained":[{"floor":7.0,"key":"EssenceOfSteel"},{"floor":11.0,"key":"Regen Potion"},{"floor":13.0,"key":"BlessingOfTheForge"},{"floor":19,"key":"AttackPotion"},{"floor":22,"key":"SteroidPotion"}],"is_trial":false,"path_per_floor":["M","M","?","?","?","R","E","R","T","?","M","E","M","$","R","B",null,"M","M","?","$","M","E","R","E","T","E"],"character_chosen":"THE_SILENT","items_purchased":["Backflip","PreservedInsect"],"campfire_rested":1,"item_purchase_floors":[14,21],"current_hp_per_floor":[55,41,41,41,63,63,61,61,61,61,60,35,32,32,32,20,55,41,33,33,33,23,23,42,16,16,0,0],"gold":128,"neow_bonus":"BOSS_RELIC","is_daily":false,"chose_seed":false,"campfire_upgraded":3,"win_rate":0.0,"timestamp":1608067803,"path_taken":["M","M","?","?","?","R","E","R","T","?","M","E","M","$","R","BOSS","M","M","?","?","?","E","R","E","T","E"],"items_purchased_type":["Card","Relic"],"build_version":"2020-12-13","purchased_purges":1,"victory":false,"max_hp_per_floor":[66,66,66,66,66,66,66,66,66,66,66,66,66,66,66,66,66,66,66,66,66,66,66,66,66,66,66,66],"relic_stats":{"Peace Pipe":0,"counters":[13,49],"Pandora\u0027s Box":["Underhanded Strike","Unload","Corpse Explosion","Bane","Sucker Punch","Tools of the Trade","Tools of the Trade","A Thousand Cuts","Distraction","Tools of the Trade"],"StoneCalendar":[5],"Pen Nib":[5],"PreservedInsect":129,"Turnip":[0],"Cursed Key":1,"obtain_stats":[{"Peace Pipe":23,"Pandora\u0027s Box":0,"StoneCalendar":9,"Pen Nib":12,"PreservedInsect":21,"Turnip":25,"Ancient Tea Set":7,"Cursed Key":17,"Ring of the Snake":0},{"Peace Pipe":11,"Pandora\u0027s Box":0,"StoneCalendar":3,"Pen Nib":5,"PreservedInsect":9,"Turnip":12,"Ancient Tea Set":3,"Cursed Key":7,"Ring of the Snake":0},{"Peace Pipe":43,"Pandora\u0027s Box":0,"StoneCalendar":13,"Pen Nib":19,"PreservedInsect":37,"Turnip":48,"Ancient Tea Set":13,"Cursed Key":29,"Ring of the Snake":0}]},"card_choices":[{"not_picked":["Caltrops","Acrobatics"],"picked":"Slice","floor":1.0},{"not_picked":["Quick Slash","Noxious Fumes"],"picked":"Dodge and Roll","floor":2.0},{"not_picked":["Deadly Poison","Concentrate"],"picked":"Reflex","floor":7.0},{"not_picked":["Dagger Spray","Heel Hook"],"picked":"Deadly Poison","floor":11.0},{"not_picked":["Grand Finale","Underhanded Strike"],"picked":"Deflect","floor":12.0},{"not_picked":["Dodge and Roll","Dagger Throw"],"picked":"Terror","floor":13.0},{"not_picked":["Venomology","Wraith Form v2"],"picked":"Adrenaline","floor":16},{"not_picked":["Sucker Punch","Slice"],"picked":"Dash","floor":18},{"not_picked":["Sucker Punch","Dodge and Roll","Skewer"],"picked":"SKIP","floor":19},{"not_picked":["Accuracy","Deflect"],"picked":"Reflex","floor":22},{"not_picked":["Quick Slash+1","Crippling Poison"],"picked":"Blade Dance","floor":23},{"not_picked":["Dodge and Roll","Tactician","Dash"],"picked":"SKIP","floor":25}],"player_experience":1550573,"relics_obtained":[{"floor":7.0,"key":"Ancient Tea Set"},{"floor":9.0,"key":"StoneCalendar"},{"floor":12.0,"key":"Pen Nib"},{"floor":23,"key":"Peace Pipe"},{"floor":25,"key":"Turnip"}],"event_choices":[{"damage_healed":0.0,"max_hp_gain":0.0,"max_hp_loss":0.0,"gold_gain":0.0,"cards_transformed":["Tools of the Trade"],"event_name":"Living Wall","player_choice":"Change","floor":3.0,"gold_loss":0.0,"damage_taken":0.0,"cards_obtained":["Wraith Form v2"]},{"cards_removed":["Tools of the Trade"],"damage_healed":0.0,"max_hp_gain":0.0,"max_hp_loss":0.0,"gold_gain":0.0,"event_name":"The Cleric","player_choice":"Card Removal","floor":4.0,"gold_loss":75.0,"damage_taken":0.0},{"damage_healed":22.0,"max_hp_gain":0.0,"max_hp_loss":0.0,"gold_gain":0.0,"event_name":"Big Fish","player_choice":"Banana","floor":5.0,"gold_loss":0.0,"damage_taken":0.0},{"damage_healed":0.0,"max_hp_gain":0.0,"max_hp_loss":0.0,"gold_gain":58.0,"event_name":"Golden Wing","player_choice":"Gained Gold","floor":10.0,"gold_loss":0.0,"damage_taken":0.0},{"damage_healed":0,"gold_gain":0,"player_choice":"Cursed","damage_taken":0,"max_hp_gain":0,"max_hp_loss":0,"event_name":"Wheel of Change","floor":20,"gold_loss":0,"cards_obtained":["Decay"]}],"is_beta":false,"boss_relics":[{"not_picked":["Fusion Hammer","SlaversCollar"],"picked":"Cursed Key"}],"items_purged_floors":[21],"is_endless":false,"potions_floor_spawned":[7,11,13,19,22],"killed_by":"Slavers","ascension_level":20}}