{"host":"6ko66ogg91i6g7xq","time":1608066650,"event":{"mods":["AchievementEnabler","Act Like it!","BaseMod","Colored Map","Colored Powertips","Downfall","Hermit","Minty Spire (QoL Compilation)","Quick Restart","Relic Stats","StSLib","The Jungle","everything is the same but u backflip on backflip"],"gold_per_floor":[117,135,135,135,210,241,241,257,309,31,42,69,69,103,103,207,207,225,236,236,263,94,127,217,252,252,265,27,45,45,80,92,204,216,245,272,284,296,362,409,421,461,497,170,170,182,208,208,208,208,208,208,5,38,38],"floor_reached":56,"playtime":1745,"items_purged":["Regret"],"score":1780,"play_id":"d3cd98ce-314a-4f28-80b5-a23b4138172d","local_time":"20201215161050","is_ascension_mode":true,"campfire_choices":[{"floor":7,"key":"RECALL"},{"data":"Blade Dance","floor":13,"key":"SMITH"},{"data":"Accuracy","floor":15,"key":"SMITH"},{"floor":32,"key":"REST"},{"floor":41,"key":"REST"},{"data":"Venomology","floor":45,"key":"SMITH"},{"data":"Infinite Blades","floor":49,"key":"SMITH"},{"data":"Accuracy","floor":52,"key":"SMITH"}],"circlet_count":0,"master_deck":["Strike_G","Strike_G","Strike_G","Strike_G+1","Defend_G","Defend_G+1","Defend_G","Defend_G","Defend_G","Survivor","Neutralize","Accuracy+1","Blade Dance+1","Backstab","Accuracy","Unload+1","Backflip","Venomology+1","Cloak And Dagger","Backflip","Accuracy+1","Corpse Explosion","Dagger Spray","Finisher","Leg Sweep+1","Accuracy","Glass Knife","Blade Dance+1","Madness+1","Madness+1","Apotheosis+1","expansioncontent:LastStand","Flash of Steel","Finisher+1","Cloak And Dagger+1","Infinite Blades+1","Cloak And Dagger+1","Blade Dance+1"],"relics":["Ring of the Serpent","NeowsBlessing","Smiling Mask","Meat on the Bone","Lantern","Omamori","Membership Card","Shuriken","Orichalcum","Sundial","Vajra","Ornamental Fan","Snake Skull","Oddly Smooth Stone","Mercury Hourglass","Toxic Egg 2","MutagenicStrength","MawBank","Black Star","Strawberry","Bag of Preparation","Pen Nib","Anchor","Whetstone","Blood Vial","Mummified Hand","OrangePellets","Toy Ornithopter","Calipers","War Paint","Nunchaku","Happy Flower","StrikeDummy"],"acts_visited":["Exordium","TheCity","TheBeyond","TheEnding"],"potions_floor_usage":[14,18,23,23,23,25,25,27,31,31,31,31,33,33,33,33,33,36,40,40,46,47,47,50,54,54,55],"damage_taken":[{"damage":0,"enemies":"Small Slimes","floor":1,"turns":1},{"damage":0,"enemies":"2 Louse","floor":2,"turns":1},{"damage":0,"enemies":"3 Sentries","floor":6,"turns":1},{"damage":3,"enemies":"Jaw Worm","floor":8,"turns":4},{"damage":2,"enemies":"Large Slime","floor":11,"turns":4},{"damage":18,"enemies":"Gremlin Nob","floor":12,"turns":5},{"damage":0,"enemies":"Lagavulin","floor":14,"turns":3},{"damage":28,"enemies":"Slime Boss","floor":16,"turns":6},{"damage":4,"enemies":"2 Thieves","floor":18,"turns":3},{"damage":3,"enemies":"Spheric Guardian","floor":19,"turns":3},{"damage":7,"enemies":"Book of Stabbing","floor":23,"turns":4},{"damage":0,"enemies":"Gremlin Leader","floor":25,"turns":4},{"damage":1,"enemies":"Shelled Parasite and Fungi","floor":27,"turns":4},{"damage":2,"enemies":"Snake Plant","floor":29,"turns":2},{"damage":0,"enemies":"Slavers","floor":31,"turns":2},{"damage":0,"enemies":"Collector","floor":33,"turns":2},{"damage":6,"enemies":"Orb Walker","floor":35,"turns":2},{"damage":6,"enemies":"3 Shapes","floor":36,"turns":6},{"damage":0,"enemies":"Nemesis","floor":40,"turns":5},{"damage":0,"enemies":"Giant Head","floor":42,"turns":5},{"damage":0,"enemies":"Maw","floor":46,"turns":3},{"damage":0,"enemies":"Nemesis","floor":47,"turns":1},{"damage":22,"enemies":"Donu and Deca","floor":50,"turns":4},{"damage":0,"enemies":"Shield and Spear","floor":54,"turns":2},{"damage":53,"enemies":"The Heart","floor":55,"turns":5}],"seed_played":"8894005756894954590","potions_obtained":[{"floor":6,"key":"Weak Potion"},{"floor":8,"key":"Strength Potion"},{"floor":12,"key":"EssenceOfSteel"},{"floor":14,"key":"Weak Potion"},{"floor":16,"key":"Guardian:BlockOnCardUsePotion"},{"floor":25,"key":"GamblersBrew"},{"floor":27,"key":"BlessingOfTheForge"},{"floor":31,"key":"ColorlessPotion"},{"floor":36,"key":"EssenceOfSteel"},{"floor":47,"key":"EssenceOfSteel"}],"is_trial":false,"path_per_floor":["M","M","?","?","?","E","R","M","T","$","M","E","R","E","R","B",null,"M","M","?","T","$","E","?","E","T","M","$","M","?","E","R","B",null,"M","M","?","?","T","E","R","E","T","$","R","M","E","?","R","B",null,"R","$","E","B",null],"character_chosen":"THE_SILENT","items_purchased":["Membership Card","Shuriken","Ornamental Fan","Finisher","EntropicBrew","Leg Sweep","Toxic Egg 2","Mummified Hand","Cloak And Dagger+1","Infinite Blades","OrangePellets","Toy Ornithopter","FairyPotion","EntropicBrew","Nunchaku","Blade Dance+1"],"campfire_rested":2,"item_purchase_floors":[10,10,22,28,28,28,28,44,44,44,44,44,53,53,53,53],"current_hp_per_floor":[70,70,70,67,56,56,56,53,53,53,51,45,45,45,45,29,70,66,63,63,63,63,56,38,38,38,37,37,47,47,47,68,68,70,64,58,49,39,46,46,69,69,69,69,69,76,77,77,77,55,77,77,77,77,36],"gold":38,"neow_bonus":"THREE_ENEMY_KILL","is_daily":false,"chose_seed":false,"campfire_upgraded":5,"win_rate":0.0,"timestamp":1608066650,"path_taken":["M","M","?","?","?","E","R","?","T","$","M","E","R","E","R","BOSS","M","M","?","?","$","E","?","E","T","?","$","M","?","E","R","BOSS","M","M","?","?","?","E","R","E","T","$","R","M","E","?","R","BOSS","R","$","E","BOSS"],"items_purchased_type":["Relic","Relic","Relic","Card","Potion","Card","Relic","Relic","Card","Card","Relic","Relic","Potion","Potion","Relic","Card"],"build_version":"2020-12-13","purchased_purges":1,"victory":true,"max_hp_per_floor":[70,70,70,70,70,70,70,70,70,70,70,70,70,70,70,70,70,70,70,70,70,70,70,70,70,70,70,70,70,70,70,70,70,70,70,70,70,70,77,77,77,77,77,77,77,77,77,77,77,77,77,77,77,77,77],"relic_stats":{"Happy Flower":[1],"counters":[25,82],"Snake Skull":[13],"Pen Nib":[9],"Bag of Preparation":[12],"Whetstone":["Strike_G","Unload"],"Orichalcum":[48],"War Paint":["Defend_G","Leg Sweep"],"Smiling Mask":-12,"MawBank":156,"Mercury Hourglass":[143],"Blood Vial":3,"OrangePellets":[10],"Nunchaku":[3],"Shuriken":[65],"Sundial":[4],"Ornamental Fan":[188],"Mummified Hand":[16],"Black Star":4,"obtain_stats":[{"Lantern":6,"Calipers":47,"Vajra":20,"Snake Skull":23,"Bag of Preparation":40,"Whetstone":42,"Smiling Mask":3,"Blood Vial":43,"Nunchaku":53,"Sundial":14,"Mummified Hand":44,"Strawberry":39,"Toxic Egg 2":28,"Ring of the Snake":0,"NeowsBlessing":0,"Happy Flower":54,"Oddly Smooth Stone":25,"Pen Nib":40,"Omamori":9,"Orichalcum":12,"War Paint":47,"MawBank":31,"Mercury Hourglass":26,"OrangePellets":44,"Anchor":42,"Shuriken":10,"Ornamental Fan":22,"MutagenicStrength":30,"Black Star":34,"Membership Card":10,"StrikeDummy":54,"Ring of the Serpent":17,"Toy Ornithopter":44,"Meat on the Bone":4},{"Lantern":3,"Calipers":22,"Vajra":10,"Snake Skull":11,"Bag of Preparation":19,"Whetstone":20,"Smiling Mask":2,"Blood Vial":20,"Nunchaku":23,"Sundial":7,"Mummified Hand":20,"Strawberry":18,"Toxic Egg 2":13,"Ring of the Snake":0,"NeowsBlessing":0,"Happy Flower":24,"Oddly Smooth Stone":12,"Pen Nib":19,"Omamori":4,"Orichalcum":6,"War Paint":22,"MawBank":15,"Mercury Hourglass":12,"OrangePellets":20,"Anchor":20,"Shuriken":4,"Ornamental Fan":10,"MutagenicStrength":14,"Black Star":16,"Membership Card":4,"StrikeDummy":24,"Ring of the Serpent":8,"Toy Ornithopter":20,"Meat on the Bone":2},{"Lantern":3,"Calipers":71,"Vajra":31,"Snake Skull":35,"Bag of Preparation":62,"Whetstone":67,"Smiling Mask":2,"Blood Vial":67,"Nunchaku":75,"Sundial":19,"Mummified Hand":67,"Strawberry":57,"Toxic Egg 2":43,"Ring of the Snake":0,"NeowsBlessing":0,"Happy Flower":77,"Oddly Smooth Stone":39,"Pen Nib":62,"Omamori":7,"Orichalcum":16,"War Paint":71,"MawBank":47,"Mercury Hourglass":39,"OrangePellets":67,"Anchor":67,"Shuriken":7,"Ornamental Fan":31,"MutagenicStrength":45,"Black Star":49,"Membership Card":7,"StrikeDummy":77,"Ring of the Serpent":25,"Toy Ornithopter":67,"Meat on the Bone":2}],"Toy Ornithopter":5,"Meat on the Bone":48},"card_choices":[{"not_picked":["Acrobatics","Eviscerate","Prepared"],"picked":"SKIP","floor":1},{"not_picked":["Underhanded Strike","Terror"],"picked":"Accuracy","floor":2},{"not_picked":["Dodge and Roll","Blur"],"picked":"Blade Dance","floor":6},{"not_picked":["Expertise","Tactician"],"picked":"Backstab","floor":8},{"not_picked":["PiercingWail","Caltrops"],"picked":"Accuracy","floor":11},{"not_picked":["Outmaneuver","Reflex"],"picked":"Unload","floor":12},{"not_picked":["Caltrops","Sucker Punch"],"picked":"Backflip","floor":14},{"not_picked":["Malaise","Tools of the Trade"],"picked":"Venomology","floor":16},{"not_picked":["Skewer+1","Quick Slash"],"picked":"Cloak And Dagger","floor":18},{"not_picked":["PiercingWail","Bane"],"picked":"Backflip","floor":19},{"not_picked":["Footwork","Blur"],"picked":"Accuracy","floor":23},{"not_picked":["Riddle With Holes","PiercingWail+1"],"picked":"Corpse Explosion","floor":25},{"not_picked":["Dodge and Roll","Calculated Gamble"],"picked":"Dagger Spray","floor":27},{"not_picked":["Deadly Poison+1","Slice","Acrobatics+1"],"picked":"SKIP","floor":29},{"not_picked":["Deflect+1","PiercingWail+1"],"picked":"Accuracy","floor":31},{"not_picked":["Doppelganger+1","Corpse Explosion+1"],"picked":"Glass Knife","floor":33},{"not_picked":["Sucker Punch","Deadly Poison+1","Predator+1"],"picked":"SKIP","floor":35},{"not_picked":["Tactician+1","Backflip+1"],"picked":"Blade Dance+1","floor":36},{"not_picked":["PanicButton+1","expansioncontent:Torchfire"],"picked":"Apotheosis+1","floor":38},{"not_picked":["Dark Shackles+1","expansioncontent:Sear"],"picked":"expansioncontent:LastStand","floor":38},{"not_picked":["Metamorphosis+1","expansioncontent:ChargeUp+1"],"picked":"Flash of Steel","floor":38},{"not_picked":["Underhanded Strike+1","Dagger Spray"],"picked":"Finisher+1","floor":40},{"not_picked":["Concentrate+1","Crippling Poison+1","Slice+1"],"picked":"SKIP","floor":42},{"not_picked":["Heel Hook","Slice"],"picked":"Cloak And Dagger+1","floor":46},{"not_picked":["Bouncing Flask+1","Bane","Underhanded Strike"],"picked":"SKIP","floor":47},{"not_picked":["Flying Knee","Dodge and Roll+1","Slice+1"],"picked":"SKIP","floor":54}],"player_experience":273526,"relics_obtained":[{"floor":6,"key":"Lantern"},{"floor":9,"key":"Omamori"},{"floor":12,"key":"Orichalcum"},{"floor":14,"key":"Sundial"},{"floor":23,"key":"Snake Skull"},{"floor":25,"key":"Oddly Smooth Stone"},{"floor":26,"key":"Mercury Hourglass"},{"floor":31,"key":"MawBank"},{"floor":39,"key":"Strawberry"},{"floor":40,"key":"Bag of Preparation"},{"floor":40,"key":"Pen Nib"},{"floor":42,"key":"Anchor"},{"floor":42,"key":"Whetstone"},{"floor":43,"key":"Blood Vial"},{"floor":47,"key":"Calipers"},{"floor":47,"key":"War Paint"},{"floor":54,"key":"Happy Flower"},{"floor":54,"key":"StrikeDummy"}],"event_choices":[{"damage_healed":0,"gold_gain":0,"player_choice":"Box","damage_taken":0,"relics_obtained":["Smiling Mask"],"max_hp_gain":0,"max_hp_loss":0,"event_name":"Big Fish","floor":3,"gold_loss":0,"cards_obtained":["Regret"]},{"damage_healed":0,"gold_gain":0,"player_choice":"Success","damage_taken":3,"relics_obtained":["Meat on the Bone"],"max_hp_gain":0,"max_hp_loss":0,"event_name":"Scrap Ooze","floor":4,"gold_loss":0},{"damage_healed":0,"gold_gain":75,"player_choice":"Gather Gold","damage_taken":11,"max_hp_gain":0,"max_hp_loss":0,"event_name":"World of Goop","floor":5,"gold_loss":0},{"damage_healed":0,"gold_gain":0,"player_choice":"Opened","damage_taken":0,"relics_obtained":["Vajra"],"max_hp_gain":0,"max_hp_loss":0,"event_name":"The Mausoleum","floor":20,"gold_loss":0,"cards_obtained":["Writhe"]},{"damage_healed":0,"gold_gain":90,"player_choice":"GOLD POTION ","damage_taken":18,"max_hp_gain":0,"max_hp_loss":0,"event_name":"Knowing Skull","floor":24,"potions_obtained":["Explosive Potion"],"gold_loss":0,"cards_obtained":[]},{"damage_healed":0,"gold_gain":0,"player_choice":"Inject Mutagens","damage_taken":0,"relics_obtained":["MutagenicStrength"],"max_hp_gain":0,"max_hp_loss":0,"event_name":"Drug Dealer","floor":30,"gold_loss":0},{"damage_healed":0,"gold_gain":0,"player_choice":"Embrace Madness","damage_taken":9,"max_hp_gain":0,"max_hp_loss":0,"event_name":"Winding Halls","floor":37,"gold_loss":0,"cards_obtained":["Madness","Madness"]},{"damage_healed":0,"gold_gain":0,"player_choice":"Memory 3","damage_taken":10,"max_hp_gain":0,"max_hp_loss":0,"event_name":"SensoryStone","floor":38,"gold_loss":0},{"cards_removed":["Strike_G"],"damage_healed":0,"gold_gain":0,"player_choice":"Removed Attack","damage_taken":0,"max_hp_gain":0,"max_hp_loss":0,"event_name":"Falling","floor":48,"gold_loss":0}],"is_beta":false,"boss_relics":[{"not_picked":["Tiny House","Runic Pyramid"],"picked":"Ring of the Serpent"},{"not_picked":["Astrolabe","HoveringKite"],"picked":"Black Star"}],"items_purged_floors":[22],"is_endless":false,"potions_floor_spawned":[6,8,12,14,16,25,27,31,36,42,47],"ascension_level":2}}