{"host":"dl5mjdlimopbuch5","time":1608047203,"event":{"mods":["AchievementEnabler","BaseMod","Colored Powertips","Googly Eyes","Minty Spire (QoL Compilation)","Quick Restart"],"gold_per_floor":[110,110,110,128,152,186,186,205,229,261,261,278,72,72,72,203,203,218,218,93,93,116,116,147,147,147,147,172,172,187,187,187],"floor_reached":31,"playtime":809,"items_purged":[],"score":354,"play_id":"0c9525ed-a4dc-441f-8c92-55903f322591","local_time":"20201215154643","is_ascension_mode":true,"campfire_choices":[{"data":"Eruption","floor":7.0,"key":"SMITH"},{"floor":11.0,"key":"REST"},{"floor":15.0,"key":"REST"},{"floor":23.0,"key":"REST"},{"floor":25.0,"key":"REST"},{"floor":27.0,"key":"REST"}],"circlet_count":0,"master_deck":["Strike_P","Strike_P","Strike_P","Strike_P","Defend_P","Defend_P","Defend_P","Defend_P","Eruption+1","Vigilance","Prostrate","Regret","Consecrate","Prostrate","EmptyFist","CrushJoints","Injury","Judgement","SashWhip+1","CutThroughFate+1"],"relics":["HolyWater","Vajra","The Courier","Tiny Chest","Darkstone Periapt","Strawberry","InkBottle","Molten Egg 2","Golden Idol","PreservedInsect","Frozen Egg 2","Pear","Pocketwatch","Nloth\u0027s Gift"],"acts_visited":["Exordium","TheCity"],"potions_floor_usage":[30],"damage_taken":[{"damage":0.0,"enemies":"Jaw Worm","floor":1.0,"turns":1.0},{"damage":0.0,"enemies":"Small Slimes","floor":4.0,"turns":1.0},{"damage":0.0,"enemies":"Gremlin Nob","floor":6.0,"turns":1.0},{"damage":4.0,"enemies":"2 Louse","floor":8.0,"turns":3.0},{"damage":42.0,"enemies":"3 Sentries","floor":10.0,"turns":6.0},{"damage":19.0,"enemies":"Lots of Slimes","floor":12.0,"turns":4.0},{"damage":59.0,"enemies":"The Guardian","floor":16.0,"turns":14.0},{"damage":0.0,"enemies":"Spheric Guardian","floor":18.0,"turns":2.0},{"damage":44.0,"enemies":"Chosen","floor":22.0,"turns":8.0},{"damage":44.0,"enemies":"Book of Stabbing","floor":24.0,"turns":4.0},{"damage":52.0,"enemies":"Snecko","floor":28.0,"turns":6.0},{"damage":14,"enemies":"Snake Plant","floor":30,"turns":2},{"damage":21,"enemies":"Centurion and Healer","floor":31,"turns":3}],"seed_played":"-6450508133360453638","potions_obtained":[{"floor":10.0,"key":"Energy Potion"},{"floor":12.0,"key":"Explosive Potion"},{"floor":18.0,"key":"SteroidPotion"},{"floor":24.0,"key":"FearPotion"},{"floor":28.0,"key":"Ambrosia"}],"is_trial":false,"path_per_floor":["M","?","T","M","T","E","R","M","T","E","R","M","$","?","R","B",null,"M","?","$","T","M","R","E","R","T","R","M","?","M","M"],"character_chosen":"WATCHER","items_purchased":["Molten Egg 2","PreservedInsect"],"campfire_rested":5,"item_purchase_floors":[13,20],"current_hp_per_floor":[72,72,72,72,72,72,72,68,75,33,56,37,37,43,68,9,85,85,69,69,69,25,52,18,48,48,78,26,26,12,0,0],"gold":187,"neow_bonus":"THREE_ENEMY_KILL","is_daily":false,"chose_seed":false,"campfire_upgraded":1,"win_rate":0.0,"timestamp":1608047203,"path_taken":["M","?","?","M","?","E","R","M","T","E","R","M","?","?","R","BOSS","M","?","$","?","M","R","E","R","T","R","M","?","M","?"],"items_purchased_type":["Relic","Relic"],"build_version":"2020-12-13","purchased_purges":0,"victory":false,"max_hp_per_floor":[72,72,72,72,72,72,72,72,79,79,79,79,79,85,85,85,85,85,90,90,90,90,90,100,100,100,100,100,100,100,100,100],"card_choices":[{"not_picked":["FollowUp","CrushJoints"],"picked":"Prostrate","floor":1.0},{"not_picked":["WaveOfTheHand","FlyingSleeves"],"picked":"Consecrate","floor":4.0},{"not_picked":["SashWhip","Nirvana"],"picked":"Prostrate","floor":6.0},{"not_picked":["JustLucky","FlurryOfBlows"],"picked":"EmptyFist","floor":8.0},{"not_picked":["WindmillStrike","JustLucky","Prostrate"],"picked":"SKIP","floor":10.0},{"not_picked":["CutThroughFate","Sanctity"],"picked":"CrushJoints","floor":12.0},{"not_picked":["Wish","Establishment"],"picked":"Judgement","floor":16.0},{"not_picked":["Crescendo","Halt+1","JustLucky+1"],"picked":"SKIP","floor":18.0},{"not_picked":["EmptyBody","WreathOfFlame"],"picked":"SashWhip+1","floor":22.0},{"not_picked":["Prostrate","Meditate+1","EmptyBody"],"picked":"SKIP","floor":24.0},{"not_picked":["MentalFortress+1","Crescendo+1"],"picked":"CutThroughFate+1","floor":28.0},{"not_picked":["SignatureMove+1","DeceiveReality","Halt+1"],"picked":"SKIP","floor":30}],"player_experience":225310,"relics_obtained":[{"floor":3.0,"key":"The Courier"},{"floor":5.0,"key":"Tiny Chest"},{"floor":6.0,"key":"Darkstone Periapt"},{"floor":9.0,"key":"Strawberry"},{"floor":10.0,"key":"InkBottle"},{"floor":21.0,"key":"Frozen Egg 2"},{"floor":24.0,"key":"Pear"},{"floor":26.0,"key":"Pocketwatch"}],"event_choices":[{"damage_healed":0.0,"max_hp_gain":0.0,"max_hp_loss":0.0,"gold_gain":0.0,"event_name":"Big Fish","player_choice":"Box","floor":2.0,"gold_loss":0.0,"damage_taken":0.0,"relics_obtained":["Vajra"],"cards_obtained":["Regret"]},{"damage_healed":0.0,"max_hp_gain":0.0,"max_hp_loss":0.0,"gold_gain":0.0,"event_name":"Golden Idol","player_choice":"Take Wound","floor":14.0,"gold_loss":0.0,"damage_taken":0.0,"relics_obtained":["Golden Idol"],"cards_obtained":["Injury"]},{"damage_healed":0.0,"max_hp_gain":5.0,"max_hp_loss":0.0,"gold_gain":0.0,"event_name":"Forgotten Altar","player_choice":"Shed Blood","floor":19.0,"gold_loss":0.0,"damage_taken":21.0},{"damage_healed":0.0,"max_hp_gain":0.0,"max_hp_loss":0.0,"gold_gain":0.0,"event_name":"N\u0027loth","player_choice":"Traded Relic","floor":29.0,"relics_lost":["NeowsBlessing"],"gold_loss":0.0,"damage_taken":0.0,"relics_obtained":["Nloth\u0027s Gift"]}],"is_beta":false,"boss_relics":[{"not_picked":["Tiny House","Coffee Dripper"],"picked":"HolyWater"}],"items_purged_floors":[],"is_endless":false,"potions_floor_spawned":[10,12,18,24,28],"killed_by":"Centurion and Healer","ascension_level":3}}