{"host":"fbqvzfq8f1yzoo4u","time":1608038501,"event":{"mods":["BaseMod","Minty Spire (QoL Compilation)","Replay The Spire","StSLib"],"gold_per_floor":[111,1,151,226,17,46,46,64,64,64,10,27,56,70,70,70,70],"floor_reached":16,"playtime":494,"items_purged":["Doubt"],"score":266,"play_id":"5c907abe-5e2b-438f-aee0-ead8f4a518d7","local_time":"20201215212141","is_ascension_mode":true,"campfire_choices":[{"data":"Double Energy","floor":7,"key":"SMITH"},{"data":"Zap","floor":10,"key":"SMITH"},{"data":"Aggregate","floor":15,"key":"SMITH"}],"circlet_count":0,"master_deck":["AscendersBane","Strike_B","Strike_B","Strike_B","Strike_B","Defend_B","Defend_B","Defend_B","Defend_B","Zap+1","Dualcast","Conserve Battery","Sweeping Beam","Conserve Battery","Ball Lightning","Double Energy+1","Rebound","Streamline","Sweeping Beam","Aggregate+1","Turbo"],"relics":["Cracked Core","NeowsBlessing","Mango","Letter Opener","Bottled Flame"],"acts_visited":["Exordium"],"potions_floor_usage":[13,13,16],"damage_taken":[{"damage":0,"enemies":"Small Slimes","floor":1,"turns":1},{"damage":0,"enemies":"Gremlin Nob","floor":6,"turns":1},{"damage":0,"enemies":"Jaw Worm","floor":8,"turns":1},{"damage":1,"enemies":"Cultist","floor":12,"turns":3},{"damage":13,"enemies":"Lagavulin","floor":13,"turns":6},{"damage":0,"enemies":"Exordium Wildlife","floor":14,"turns":3},{"damage":67,"enemies":"Fading Forest","floor":16,"turns":12}],"seed_played":"3077699208719637387","potions_obtained":[{"floor":12,"key":"SpeedPotion"},{"floor":14,"key":"FocusPotion"}],"is_trial":false,"path_per_floor":["M","$","?","?","$","E","R","M","T","R","$","M","E","M","R","B"],"character_chosen":"DEFECT","items_purchased":["Sweeping Beam","Conserve Battery","Ball Lightning","Regen Potion","Streamline"],"campfire_rested":0,"item_purchase_floors":[2,2,5,5,11],"current_hp_per_floor":[64,64,64,53,53,67,67,67,67,67,67,66,67,67,67,8,8],"gold":70,"neow_bonus":"THREE_ENEMY_KILL","is_daily":false,"chose_seed":false,"campfire_upgraded":3,"win_rate":0.0,"timestamp":1608038501,"path_taken":["M","$","?","?","?","E","R","M","T","R","$","M","E","M","R","BOSS"],"items_purchased_type":["Card","Card","Card","Potion","Card"],"build_version":"2020-12-13","purchased_purges":1,"victory":false,"max_hp_per_floor":[71,71,71,71,71,85,85,85,85,85,85,85,85,85,85,85,85],"card_choices":[{"not_picked":["Barrage","Crystallizer"],"picked":"Conserve Battery","floor":1},{"not_picked":["ReplayTheSpireMod:GoodbyeWorld","Compile Driver"],"picked":"Double Energy","floor":6},{"not_picked":["Panic Button","Barrage"],"picked":"Rebound","floor":8},{"not_picked":["Turbo","Redo"],"picked":"Sweeping Beam","floor":12},{"not_picked":["Crystallizer","Redo"],"picked":"Aggregate","floor":13},{"not_picked":["Cold Snap","Mirror Shield"],"picked":"Turbo","floor":14}],"player_experience":586259,"relics_obtained":[{"floor":6,"key":"Mango"},{"floor":9,"key":"Letter Opener"},{"floor":13,"key":"Bottled Flame"}],"event_choices":[{"damage_healed":0,"gold_gain":150,"player_choice":"AGREE","damage_taken":0,"max_hp_gain":0,"max_hp_loss":0,"event_name":"Liars Game","floor":3,"gold_loss":0,"cards_obtained":["Doubt"]},{"damage_healed":0,"gold_gain":75,"player_choice":"Gather Gold","damage_taken":11,"max_hp_gain":0,"max_hp_loss":0,"event_name":"World of Goop","floor":4,"gold_loss":0}],"is_beta":false,"boss_relics":[],"items_purged_floors":[5],"is_endless":false,"potions_floor_spawned":[12,14],"killed_by":"Fading Forest","ascension_level":20}}