{"host":"j0a1jfichhxu8b8p","time":1608017998,"event":{"mods":["BaseMod","Colored Map","DeckTracker","Keyboard Shortcuts","Minty Spire (QoL Compilation)","Permanent Neow","StSLib"],"gold_per_floor":[111,125,125,146,71,114,114,149,149,184,200,275,8,21,21,119,119,137,156,175,175,193,193,207,132,179,212,227,258,258,258,258,351,351,365,91,91,91,105,149,149,185,210,263,275,308,9,23,23,23],"floor_reached":51,"playtime":2462,"items_purged":["Strike_R","Strike_R"],"score":1546,"play_id":"0f968fcd-03fc-4cbc-9216-5b93a44c6462","local_time":"20201215163958","is_ascension_mode":true,"campfire_choices":[{"data":"Bludgeon","floor":7.0,"key":"SMITH"},{"data":"Seeing Red","floor":15.0,"key":"SMITH"},{"data":"Carnage","floor":23.0,"key":"SMITH"},{"data":"Reaper","floor":30.0,"key":"SMITH"},{"data":"Bash","floor":32.0,"key":"SMITH"},{"data":"Feel No Pain","floor":41,"key":"SMITH"},{"data":"Clothesline","floor":45,"key":"SMITH"},{"data":"Strike_R","floor":49,"key":"SMITH"}],"circlet_count":0,"master_deck":["AscendersBane","Strike_R+1","Defend_R+1","Defend_R","Defend_R","Defend_R","Bash+1","Bludgeon+1","Seeing Red+1","Armaments+1","Carnage+1","Shrug It Off+1","Double Tap+1","Clothesline+1","Shrug It Off+1","Corruption","Evolve","Burning Pact+1","Feel No Pain+1","Reaper+1","Offering+1","CurseOfTheBell","Sever Soul+1","Shockwave+1","Shrug It Off+1","Corruption"],"relics":["Burning Blood","Golden Idol","Toxic Egg 2","Meat on the Bone","Singing Bowl","Pen Nib","White Beast Statue","Snecko Eye","War Paint","Bird Faced Urn","Anchor","Calling Bell","Happy Flower","Molten Egg 2","Du-Vu Doll","Mummified Hand","Kunai","Pear","MawBank","Blue Candle","Membership Card"],"acts_visited":["Exordium","TheCity","TheBeyond"],"potions_floor_usage":[50,50],"damage_taken":[{"damage":1.0,"enemies":"Cultist","floor":1.0,"turns":3.0},{"damage":7.0,"enemies":"2 Louse","floor":2.0,"turns":3.0},{"damage":12.0,"enemies":"Jaw Worm","floor":4.0,"turns":2.0},{"damage":16.0,"enemies":"Gremlin Nob","floor":6.0,"turns":3.0},{"damage":10.0,"enemies":"3 Sentries","floor":8.0,"turns":6.0},{"damage":2.0,"enemies":"Gremlin Nob","floor":10.0,"turns":3.0},{"damage":19.0,"enemies":"Lots of Slimes","floor":11.0,"turns":8.0},{"damage":8.0,"enemies":"3 Louse","floor":14.0,"turns":3.0},{"damage":7.0,"enemies":"The Guardian","floor":16.0,"turns":5.0},{"damage":0.0,"enemies":"2 Thieves","floor":18.0,"turns":3.0},{"damage":0.0,"enemies":"Spheric Guardian","floor":19.0,"turns":3.0},{"damage":22.0,"enemies":"3 Cultists","floor":20.0,"turns":6.0},{"damage":8.0,"enemies":"Snecko","floor":22.0,"turns":4.0},{"damage":12.0,"enemies":"Cultist and Chosen","floor":24.0,"turns":3.0},{"damage":1.0,"enemies":"Book of Stabbing","floor":27.0,"turns":4.0},{"damage":0.0,"enemies":"Centurion and Healer","floor":28.0,"turns":3.0},{"damage":0.0,"enemies":"Gremlin Leader","floor":29.0,"turns":2.0},{"damage":97.0,"enemies":"Collector","floor":33.0,"turns":7.0},{"damage":12,"enemies":"3 Darklings","floor":35,"turns":4},{"damage":12,"enemies":"3 Shapes","floor":39,"turns":4},{"damage":30,"enemies":"Nemesis","floor":40,"turns":9},{"damage":14,"enemies":"Giant Head","floor":42,"turns":4},{"damage":17,"enemies":"Nemesis","floor":44,"turns":3},{"damage":12,"enemies":"Maw","floor":46,"turns":5},{"damage":6,"enemies":"Transient","floor":48,"turns":6},{"damage":40,"enemies":"Time Eater","floor":50,"turns":8}],"seed_played":"1401297646530699535","potions_obtained":[{"floor":1.0,"key":"Fire Potion"},{"floor":4.0,"key":"PowerPotion"},{"floor":14.0,"key":"SteroidPotion"},{"floor":16.0,"key":"Strength Potion"},{"floor":18.0,"key":"FearPotion"},{"floor":19.0,"key":"Dexterity Potion"},{"floor":20.0,"key":"Fire Potion"},{"floor":24.0,"key":"Dexterity Potion"},{"floor":27.0,"key":"EssenceOfSteel"},{"floor":28.0,"key":"Swift Potion"},{"floor":29.0,"key":"BloodPotion"},{"floor":33.0,"key":"ElixirPotion"},{"floor":35,"key":"Fire Potion"},{"floor":39,"key":"PowerPotion"},{"floor":48,"key":"DistilledChaos"}],"is_trial":false,"path_per_floor":["M","M","?","M","?","E","R","E","T","E","M","?","$","M","R","B",null,"M","M","M","?","M","R","M","$","T","E","M","E","R","?","R","B",null,"M","$","?","?","M","E","R","E","T","E","R","M","$","M","R","B",null],"character_chosen":"IRONCLAD","items_purchased":["White Beast Statue","Mummified Hand","Membership Card","Corruption"],"campfire_rested":0,"item_purchase_floors":[13,36,47,47],"current_hp_per_floor":[73,72,46,40,40,30,30,26,26,42,41,30,30,40,40,51,69,75,75,61,61,61,61,57,57,57,64,74,83,83,83,83,31,70,82,82,82,81,79,70,70,93,93,90,90,95,95,97,97,69],"gold":23,"neow_bonus":"ONE_RANDOM_RARE_CARD","is_daily":false,"chose_seed":false,"campfire_upgraded":8,"win_rate":0.0,"timestamp":1608017998,"path_taken":["M","?","?","M","?","E","R","E","T","E","M","?","$","?","R","BOSS","M","M","?","?","M","R","M","$","T","E","M","E","R","?","R","BOSS","M","$","?","?","M","E","R","E","T","E","R","M","$","M","R","BOSS"],"items_purchased_type":["Relic","Relic","Relic","Card"],"build_version":"2020-12-13","purchased_purges":2,"victory":true,"max_hp_per_floor":[75,75,75,75,75,75,75,75,75,75,75,75,75,75,75,75,75,75,75,77,77,79,79,81,81,81,83,83,83,83,83,83,83,83,85,85,85,81,81,83,83,93,93,93,93,95,95,97,97,97],"card_choices":[{"not_picked":["Cleave","Feel No Pain"],"picked":"Seeing Red","floor":1.0},{"not_picked":["Warcry","Anger"],"picked":"Armaments","floor":2.0},{"not_picked":["Bloodletting","Pommel Strike"],"picked":"Carnage","floor":4.0},{"not_picked":["Anger","Combust"],"picked":"Shrug It Off+1","floor":6.0},{"not_picked":["Berserk","Sentinel+1"],"picked":"Battle Trance+1","floor":8.0},{"not_picked":["Bloodletting+1","Dark Embrace"],"picked":"Double Tap+1","floor":10.0},{"not_picked":["Pommel Strike","Sever Soul"],"picked":"Clothesline","floor":11.0},{"not_picked":["Perfected Strike","Body Slam"],"picked":"Shrug It Off+1","floor":14.0},{"not_picked":["Fiend Fire","Immolate"],"picked":"Corruption","floor":16.0},{"not_picked":["Entrench+1","Whirlwind"],"picked":"Evolve","floor":18.0},{"not_picked":["Dropkick+1","Intimidate+1"],"picked":"Burning Pact+1","floor":19.0},{"not_picked":["Pummel","Iron Wave","Inflame"],"picked":"Singing Bowl","floor":20.0},{"not_picked":["Dropkick","Sword Boomerang","Wild Strike"],"picked":"Singing Bowl","floor":22.0},{"not_picked":["Body Slam","Havoc+1","Infernal Blade+1"],"picked":"Singing Bowl","floor":24.0},{"not_picked":["Sword Boomerang","Armaments+1","Flame Barrier+1"],"picked":"Singing Bowl","floor":27.0},{"not_picked":["Body Slam","True Grit+1"],"picked":"Feel No Pain","floor":28.0},{"not_picked":["Seeing Red+1","Armaments+1"],"picked":"Reaper","floor":29.0},{"not_picked":["Feed","Impervious+1"],"picked":"Offering+1","floor":33.0},{"not_picked":["Bloodletting+1","Armaments+1","Clash+1"],"picked":"Singing Bowl","floor":35},{"not_picked":["Bloodletting+1","Hemokinesis+1"],"picked":"Sever Soul+1","floor":39},{"not_picked":["Battle Trance+1","Clothesline+1","Pommel Strike+1"],"picked":"Singing Bowl","floor":40},{"not_picked":["Carnage+1","Body Slam+1"],"picked":"Shockwave+1","floor":42},{"not_picked":["Combust","Blood for Blood+1"],"picked":"Shrug It Off+1","floor":44},{"not_picked":["Armaments+1","Disarm+1","Inflame"],"picked":"Singing Bowl","floor":46},{"not_picked":["Twin Strike+1","Havoc+1","Body Slam+1"],"picked":"Singing Bowl","floor":48}],"player_experience":309339,"relics_obtained":[{"floor":6.0,"key":"Toxic Egg 2"},{"floor":8.0,"key":"Meat on the Bone"},{"floor":9.0,"key":"Singing Bowl"},{"floor":10.0,"key":"Pen Nib"},{"floor":26.0,"key":"War Paint"},{"floor":27.0,"key":"Bird Faced Urn"},{"floor":29.0,"key":"Anchor"},{"floor":34,"key":"Happy Flower"},{"floor":34,"key":"Molten Egg 2"},{"floor":34,"key":"Du-Vu Doll"},{"floor":40,"key":"Kunai"},{"floor":42,"key":"Pear"},{"floor":43,"key":"MawBank"},{"floor":44,"key":"Blue Candle"}],"event_choices":[{"damage_healed":0.0,"max_hp_gain":0.0,"max_hp_loss":0.0,"gold_gain":0.0,"event_name":"Golden Idol","player_choice":"Take Damage","floor":3.0,"gold_loss":0.0,"damage_taken":26.0,"relics_obtained":["Golden Idol"]},{"cards_removed":["Strike_R"],"damage_healed":0.0,"max_hp_gain":0.0,"max_hp_loss":0.0,"gold_gain":0.0,"event_name":"The Cleric","player_choice":"Card Removal","floor":5.0,"gold_loss":75.0,"damage_taken":0.0},{"damage_healed":0.0,"max_hp_gain":0.0,"max_hp_loss":0.0,"gold_gain":75.0,"event_name":"World of Goop","player_choice":"Gather Gold","floor":12.0,"gold_loss":0.0,"damage_taken":11.0},{"damage_healed":0.0,"max_hp_gain":0.0,"max_hp_loss":0.0,"gold_gain":0.0,"event_name":"Vampires","player_choice":"Ignored","floor":21.0,"gold_loss":0.0,"damage_taken":0.0},{"cards_removed":["Strike_R"],"damage_healed":0.0,"max_hp_gain":0.0,"max_hp_loss":0.0,"gold_gain":0.0,"event_name":"Purifier","player_choice":"Purged","floor":31.0,"gold_loss":0.0,"damage_taken":0.0},{"cards_removed":["Battle Trance"],"damage_healed":0,"gold_gain":0,"player_choice":"Removed Skill","damage_taken":0,"max_hp_gain":0,"max_hp_loss":0,"event_name":"Falling","floor":37,"gold_loss":0},{"damage_healed":0,"gold_gain":0,"player_choice":"Max HP","damage_taken":0,"max_hp_gain":0,"max_hp_loss":4,"event_name":"Winding Halls","floor":38,"gold_loss":0}],"is_beta":false,"boss_relics":[{"not_picked":["SlaversCollar","Coffee Dripper"],"picked":"Snecko Eye"},{"not_picked":["Velvet Choker","Pandora\u0027s Box"],"picked":"Calling Bell"}],"items_purged_floors":[25,47],"is_endless":false,"potions_floor_spawned":[1,4,14,16,18,19,20,22,24,27,28,29,33,35,39,40,42,44,46,48],"ascension_level":17}}