{"host":"6hzrz31j95f2y1pa","time":1608015116,"event":{"mods":["BaseMod","Colored Map","Downfall","Minty Spire (QoL Compilation)","StSLib"],"gold_per_floor":[99,118,118,25,60,60,60,75,15,50,62,47,60,84,100,100,100],"floor_reached":16,"playtime":722,"items_purged":[],"score":110,"play_id":"68d4ef41-29f7-48cb-a153-36c4aa08e4fa","local_time":"20201215015156","is_ascension_mode":false,"campfire_choices":[{"data":"champ:Execute","floor":1.0,"key":"SMITH"}],"circlet_count":0,"master_deck":["champ:Strike+1","champ:Strike","champ:Strike","champ:Strike","champ:Defend","champ:Defend","champ:Defend","champ:Defend+1","champ:Execute+1","champ:Taunt+1","champ:ArenaPreparation+1","Regret","champ:TornadoPunch","champ:RisingSlash","champ:BerserkerStyle","champ:RecklessLeap","champ:Backstep","champ:BringItOn","champ:Duel","champ:GutPunch","champ:Shatter"],"relics":["champ:ChampionCrown","Mercury Hourglass","downfall:ShatteredFragment","Juzu Bracelet","Orichalcum","Toy Ornithopter"],"acts_visited":["Exordium"],"potions_floor_usage":[9,15,16,16],"damage_taken":[{"damage":16.0,"enemies":"Jaw Worm","floor":2.0,"turns":5.0},{"damage":38.0,"enemies":"downfall:FleeingMerchant","floor":4.0,"turns":4.0},{"damage":27.0,"enemies":"Lagavulin","floor":5.0,"turns":6.0},{"damage":8.0,"enemies":"Cultist","floor":8.0,"turns":2.0},{"damage":27,"enemies":"downfall:FleeingMerchant","floor":9,"turns":4},{"damage":27,"enemies":"3 Sentries","floor":10,"turns":4},{"damage":0,"enemies":"2 Louse","floor":11,"turns":1},{"damage":6,"enemies":"downfall:FleeingMerchant","floor":12,"turns":4},{"damage":11,"enemies":"Lots of Slimes","floor":13,"turns":3},{"damage":6,"enemies":"Blue Slaver","floor":15,"turns":3},{"damage":19,"enemies":"downfall:Silent","floor":16,"turns":2}],"seed_played":"6872126759423507394","potions_obtained":[{"floor":2.0,"key":"Block Potion"},{"floor":5.0,"key":"Ancient Potion"},{"floor":10,"key":"FearPotion"},{"floor":11,"key":"SteroidPotion"},{"floor":13,"key":"Strength Potion"}],"is_trial":false,"path_per_floor":["R","M","?","$","E","?","T","M","$","E","M","$","M","T","M","B"],"character_chosen":"THE_CHAMP","items_purchased":["champ:RisingSlash","champ:BringItOn"],"campfire_rested":0,"item_purchase_floors":[4,9],"current_hp_per_floor":[90,84,84,83,61,34,34,32,28,16,16,15,4,4,3,0,0],"gold":100,"neow_bonus":"UPGRADE_CARD","is_daily":false,"chose_seed":false,"campfire_upgraded":1,"win_rate":0.0,"timestamp":1608015116,"path_taken":["R","M","?","$","E","?","T","M","$","E","M","?","M","?","M","BOSS"],"items_purchased_type":["Card","Card"],"build_version":"2020-12-13","purchased_purges":0,"victory":false,"max_hp_per_floor":[90,90,90,90,90,90,90,90,90,90,90,90,90,90,90,90,90],"card_choices":[{"not_picked":["champ:Circumvent","champ:StanceDance"],"picked":"champ:ArenaPreparation","floor":2.0},{"not_picked":["champ:IgnorePain","champ:BringItOn"],"picked":"champ:TornadoPunch","floor":4.0},{"not_picked":["champ:EnGarde","champ:PerfectedStrike"],"picked":"champ:BerserkerStyle","floor":5.0},{"not_picked":["champ:EnragedBash","champ:StanceDance"],"picked":"champ:RecklessLeap","floor":8.0},{"not_picked":["champ:Aggression","champ:Circumvent"],"picked":"champ:Backstep","floor":9},{"not_picked":["champ:FalseCounter","champ:DefensiveShout"],"picked":"champ:Duel","floor":10},{"not_picked":["champ:DefensiveShout","champ:CrookedStrike"],"picked":"champ:GutPunch","floor":11},{"not_picked":["champ:BerserkersShout","champ:FlashCut","champ:StanceDance"],"picked":"SKIP","floor":12},{"not_picked":["champ:BladeFlurry","champ:EnragedBash","champ:TornadoPunch"],"picked":"SKIP","floor":13},{"not_picked":["champ:DefensiveShout","champ:Backstep"],"picked":"champ:Shatter","floor":15}],"player_experience":1182127,"relics_obtained":[{"floor":5.0,"key":"Mercury Hourglass"},{"floor":7.0,"key":"Juzu Bracelet"},{"floor":10,"key":"Orichalcum"},{"floor":14,"key":"Toy Ornithopter"}],"event_choices":[],"is_beta":false,"boss_relics":[],"items_purged_floors":[],"is_endless":false,"potions_floor_spawned":[2,5,10,11,13],"killed_by":"downfall:Silent","ascension_level":0}}