{"host":"ueef25wtkg2eer3h","time":1608031206,"event":{"mods":["AchievementEnabler","BaseMod","Colored Map","Colored Powertips","DeckTracker","Displayed Cursed Tome","Googly Eyes","Highlight Path","Minty Spire (QoL Compilation)","Slay the Relics Exporter","StSLib"],"gold_per_floor":[117,136,153,173,191,220,220,220,269,288,288,317,317,22,22,22,22],"floor_reached":16,"playtime":499,"items_purged":["Writhe"],"score":158,"play_id":"a956f6d4-0369-478c-9583-de00cf72ced9","local_time":"20201215122006","is_ascension_mode":true,"campfire_choices":[{"floor":8,"key":"REST"},{"floor":11,"key":"REST"},{"floor":13,"key":"REST"},{"data":"Defragment","floor":15,"key":"SMITH"}],"circlet_count":0,"master_deck":["AscendersBane","Strike_B","Strike_B","Strike_B","Defend_B","Defend_B","Defend_B","Defend_B","Zap","Dualcast","Hyperbeam","Gash","Streamline","Beam Cell","Static Discharge","Gash","FTL","Redo","Self Repair","Barrage","Defragment+1"],"relics":["Cracked Core","Ancient Tea Set","Boot","Odd Mushroom","Blood Vial"],"acts_visited":["Exordium"],"potions_floor_usage":[6,6],"damage_taken":[{"damage":5,"enemies":"Small Slimes","floor":1,"turns":2},{"damage":0,"enemies":"Cultist","floor":2,"turns":3},{"damage":6,"enemies":"2 Louse","floor":3,"turns":2},{"damage":11,"enemies":"Looter","floor":4,"turns":2},{"damage":29,"enemies":"Exordium Wildlife","floor":5,"turns":4},{"damage":16,"enemies":"Gremlin Nob","floor":6,"turns":3},{"damage":13,"enemies":"Blue Slaver","floor":10,"turns":2},{"damage":18,"enemies":"The Mushroom Lair","floor":12,"turns":2},{"damage":50,"enemies":"Slime Boss","floor":16,"turns":6}],"seed_played":"5787625243011589133","potions_obtained":[{"floor":2,"key":"Strength Potion"},{"floor":3,"key":"FearPotion"},{"floor":12,"key":"BlessingOfTheForge"}],"is_trial":false,"path_per_floor":["M","M","M","M","M","E","?","R","T","M","R","?","R","$","R","B"],"character_chosen":"DEFECT","items_purchased":["Defragment","Blood Vial"],"campfire_rested":3,"item_purchase_floors":[14,14],"current_hp_per_floor":[63,63,57,46,17,1,1,23,23,10,32,21,43,43,43,0,0],"gold":22,"neow_bonus":"THREE_RARE_CARDS","is_daily":false,"chose_seed":false,"campfire_upgraded":1,"win_rate":0.0,"timestamp":1608031206,"path_taken":["M","M","M","M","M","E","?","R","T","?","R","?","R","$","R","BOSS"],"items_purchased_type":["Card","Relic"],"build_version":"2020-12-13","purchased_purges":1,"victory":false,"max_hp_per_floor":[75,75,75,75,75,75,75,75,75,75,75,75,75,75,75,75,75],"card_choices":[{"not_picked":["Creative AI","Amplify"],"picked":"Hyperbeam","floor":0},{"not_picked":["Recycle","White Noise"],"picked":"Gash","floor":1},{"not_picked":["Coolheaded","Melter"],"picked":"Streamline","floor":2},{"not_picked":["Conserve Battery","Rip and Tear"],"picked":"Beam Cell","floor":3},{"not_picked":["Heatsinks","Ball Lightning"],"picked":"Static Discharge","floor":4},{"not_picked":["Sunder","Hologram"],"picked":"Gash","floor":5},{"not_picked":["Fusion","Consume"],"picked":"FTL","floor":6},{"not_picked":["Streamline","Cold Snap"],"picked":"Self Repair","floor":10},{"not_picked":["Sunder","Force Field"],"picked":"Barrage","floor":12}],"player_experience":260296,"relics_obtained":[{"floor":6,"key":"Ancient Tea Set"},{"floor":9,"key":"Boot"},{"floor":12,"key":"Odd Mushroom"}],"event_choices":[{"damage_healed":0,"gold_gain":0,"cards_transformed":["Strike_B"],"player_choice":"Transformed","damage_taken":0,"max_hp_gain":0,"max_hp_loss":0,"event_name":"Transmorgrifier","floor":7,"gold_loss":0,"cards_obtained":["Redo"]},{"damage_healed":0,"gold_gain":0,"player_choice":"Fought Mushrooms","damage_taken":0,"max_hp_gain":0,"max_hp_loss":0,"event_name":"Mushrooms","floor":12,"gold_loss":0}],"is_beta":false,"boss_relics":[],"items_purged_floors":[14],"is_endless":false,"potions_floor_spawned":[2,3,4,5,12],"killed_by":"Slime Boss","ascension_level":11}}