{"host":"e87rn453naquue3h","time":1608068693,"event":{"mods":["AchievementEnabler","BaseMod","Minty Spire (QoL Compilation)","Relic Stats","StSLib"],"gold_per_floor":[361,79,96,96,116,144,144,169,169,169,204,223,223,242,242,319,319,331,331,74,74,84,84,118,118,118,137,148,228,228,258,258,335,335,375,355,372,135,161,192,192,203,203,238,306,332,341,341,350,350],"floor_reached":51,"playtime":2920,"items_purged":["Decay","Defend_P","Bite"],"score":1603,"play_id":"2c1b02b4-1552-41b6-892c-fadef49cd925","local_time":"20201215164453","is_ascension_mode":true,"campfire_choices":[{"floor":7,"key":"REST"},{"data":"Eruption","floor":10,"key":"SMITH"},{"data":"Tantrum","floor":15,"key":"SMITH"},{"data":"RitualDagger","floor":23,"key":"SMITH"},{"floor":25,"key":"REST"},{"floor":30,"key":"REST"},{"floor":32,"key":"REST"},{"floor":41,"key":"REST"},{"floor":47,"key":"REST"},{"floor":49,"key":"REST"}],"circlet_count":0,"master_deck":["AscendersBane","Eruption+1","Vigilance","Halt","Flash of Steel","CutThroughFate","Meditate","EmptyMind","CarveReality","FlurryOfBlows","Tantrum+1","Tantrum","CarveReality","Vengeance","Blasphemy","Bite","Bite","Bite","Bite","RitualDagger+1","Conclude","InnerPeace+1","Ragnarok+1","SignatureMove+1","Good Instincts","ThirdEye+1","Evaluate+1","ThirdEye+1"],"relics":["PureWater","Pocketwatch","Odd Mushroom","Sundial","Tiny Chest","Black Star","PreservedInsect","Smiling Mask","Gambling Chip","Blue Candle","White Beast Statue","Lizard Tail","FossilizedHelix","Astrolabe","Oddly Smooth Stone","Orichalcum","Mango","Dream Catcher","CeramicFish","Bottled Lightning","Toxic Egg 2"],"acts_visited":["Exordium","TheCity","TheBeyond"],"potions_floor_usage":[11,22,28,31,31,33,33,37,40,40,42,50,50],"damage_taken":[{"damage":8,"enemies":"2 Louse","floor":1,"turns":4},{"damage":2,"enemies":"Jaw Worm","floor":3,"turns":3},{"damage":0,"enemies":"Cultist","floor":5,"turns":3},{"damage":17,"enemies":"Lagavulin","floor":6,"turns":6},{"damage":12,"enemies":"The Mushroom Lair","floor":8,"turns":4},{"damage":5,"enemies":"3 Sentries","floor":11,"turns":3},{"damage":1,"enemies":"Red Slaver","floor":12,"turns":2},{"damage":0,"enemies":"Blue Slaver","floor":14,"turns":2},{"damage":0,"enemies":"Slime Boss","floor":16,"turns":3},{"damage":17,"enemies":"2 Thieves","floor":18,"turns":2},{"damage":15,"enemies":"3 Byrds","floor":22,"turns":6},{"damage":35,"enemies":"Slavers","floor":24,"turns":3},{"damage":0,"enemies":"Cultist and Chosen","floor":27,"turns":2},{"damage":16,"enemies":"Snake Plant","floor":28,"turns":2},{"damage":0,"enemies":"Book of Stabbing","floor":31,"turns":1},{"damage":24,"enemies":"Automaton","floor":33,"turns":6},{"damage":42,"enemies":"3 Shapes","floor":35,"turns":4},{"damage":0,"enemies":"Orb Walker","floor":37,"turns":2},{"damage":0,"enemies":"Giant Head","floor":40,"turns":3},{"damage":0,"enemies":"Maw","floor":42,"turns":4},{"damage":32,"enemies":"Reptomancer","floor":44,"turns":4},{"damage":34,"enemies":"4 Shapes","floor":46,"turns":5},{"damage":68,"enemies":"Donu and Deca","floor":50,"turns":7}],"seed_played":"5511367310860110625","potions_obtained":[{"floor":6,"key":"StancePotion"},{"floor":8,"key":"StancePotion"},{"floor":11,"key":"AttackPotion"},{"floor":16,"key":"LiquidMemories"},{"floor":27,"key":"EntropicBrew"},{"floor":31,"key":"Block Potion"},{"floor":33,"key":"PowerPotion"},{"floor":35,"key":"FearPotion"},{"floor":37,"key":"Weak Potion"},{"floor":40,"key":"AttackPotion"},{"floor":42,"key":"Dexterity Potion"},{"floor":44,"key":"Dexterity Potion"},{"floor":46,"key":"PowerPotion"}],"is_trial":false,"path_per_floor":["M","$","M","?","M","E","R","?","T","R","E","M","?","M","R","B",null,"M","?","$","?","M","R","E","R","T","M","M","T","R","E","R","B",null,"M","?","M","$","T","E","R","M","T","E","T","M","R","?","R","B",null],"character_chosen":"WATCHER","items_purchased":["Flash of Steel","CutThroughFate","Meditate","PreservedInsect","Regen Potion","Good Instincts"],"campfire_rested":7,"item_purchase_floors":[2,2,2,20,38,38],"current_hp_per_floor":[53,53,51,56,56,39,60,48,48,48,43,42,42,42,42,42,65,48,48,48,42,33,33,6,21,21,27,17,17,32,34,49,31,46,8,8,12,12,12,37,56,58,58,34,34,2,21,21,40,36],"gold":350,"neow_bonus":"TWO_FIFTY_GOLD","is_daily":false,"chose_seed":false,"campfire_upgraded":3,"win_rate":0.0,"timestamp":1608068693,"path_taken":["M","$","M","?","M","E","R","?","T","R","E","M","?","M","R","BOSS","M","?","$","?","M","R","E","R","T","M","M","?","R","E","R","BOSS","M","?","?","$","?","E","R","M","T","E","?","?","R","?","R","BOSS"],"items_purchased_type":["Card","Card","Card","Relic","Potion","Card"],"build_version":"2020-12-13","purchased_purges":3,"victory":true,"max_hp_per_floor":[68,68,68,73,73,73,73,73,73,73,73,73,73,73,73,73,73,73,51,51,51,51,51,51,51,51,51,51,51,51,51,51,51,51,51,51,51,51,51,65,65,65,65,65,65,65,65,65,65,65],"relic_stats":{"counters":[23,81],"Blue Candle":[0],"Astrolabe":["InnerPeace","Ragnarok","SignatureMove"],"CeramicFish":27,"PreservedInsect":275,"Orichalcum":[42],"Smiling Mask":75,"Lizard Tail":32,"Dream Catcher":2,"Sundial":[4],"Gambling Chip":[33],"Tiny Chest":2,"Black Star":4,"obtain_stats":[{"Blue Candle":26,"Astrolabe":34,"CeramicFish":44,"Oddly Smooth Stone":39,"Mango":40,"PreservedInsect":20,"Odd Mushroom":8,"Orichalcum":40,"Smiling Mask":24,"White Beast Statue":29,"Lizard Tail":31,"Dream Catcher":43,"Sundial":9,"Gambling Chip":24,"Tiny Chest":11,"Black Star":17,"Bottled Lightning":44,"PureWater":0,"Toxic Egg 2":45,"FossilizedHelix":31,"Pocketwatch":6},{"Blue Candle":12,"Astrolabe":16,"CeramicFish":21,"Oddly Smooth Stone":18,"Mango":19,"PreservedInsect":10,"Odd Mushroom":5,"Orichalcum":19,"Smiling Mask":12,"White Beast Statue":14,"Lizard Tail":15,"Dream Catcher":20,"Sundial":5,"Gambling Chip":12,"Tiny Chest":6,"Black Star":9,"Bottled Lightning":21,"PureWater":0,"Toxic Egg 2":21,"FossilizedHelix":15,"Pocketwatch":4},{"Blue Candle":41,"Astrolabe":52,"CeramicFish":69,"Oddly Smooth Stone":58,"Mango":61,"PreservedInsect":32,"Odd Mushroom":20,"Orichalcum":61,"Smiling Mask":41,"White Beast Statue":45,"Lizard Tail":46,"Dream Catcher":65,"Sundial":20,"Gambling Chip":41,"Tiny Chest":23,"Black Star":30,"Bottled Lightning":69,"PureWater":0,"Toxic Egg 2":69,"FossilizedHelix":46,"Pocketwatch":16}],"Pocketwatch":[48]},"card_choices":[{"not_picked":["BowlingBash","ClearTheMind"],"picked":"Halt","floor":1},{"not_picked":["WaveOfTheHand","FearNoEvil"],"picked":"EmptyMind","floor":3},{"not_picked":["EmptyBody","Conclude"],"picked":"CarveReality","floor":5},{"not_picked":["SashWhip","FollowUp"],"picked":"FlurryOfBlows","floor":6},{"not_picked":["Meditate","Pray"],"picked":"Tantrum","floor":8},{"not_picked":["WindmillStrike","ClearTheMind"],"picked":"Tantrum","floor":11},{"not_picked":["Indignation","Evaluate"],"picked":"CarveReality","floor":12},{"not_picked":["Fasting2","CutThroughFate"],"picked":"Vengeance","floor":14},{"not_picked":["Establishment","DevaForm"],"picked":"Blasphemy","floor":16},{"not_picked":["Protect","Weave","CarveReality"],"picked":"SKIP","floor":18},{"not_picked":["Consecrate","Nirvana","EmptyFist"],"picked":"SKIP","floor":22},{"not_picked":["Swivel","Tantrum","CutThroughFate"],"picked":"SKIP","floor":24},{"not_picked":["Indignation","Prostrate","Evaluate"],"picked":"SKIP","floor":27},{"not_picked":["Wireheading","Protect","FlyingSleeves"],"picked":"SKIP","floor":28},{"not_picked":["FearNoEvil","TalkToTheHand"],"picked":"Conclude","floor":31},{"not_picked":["Alpha","Devotion"],"picked":"Wish","floor":33},{"not_picked":["Crescendo","FearNoEvil+1","MentalFortress"],"picked":"SKIP","floor":35},{"not_picked":["Consecrate","Halt","Prostrate"],"picked":"SKIP","floor":37},{"not_picked":["Omniscience","Vengeance","BowlingBash"],"picked":"SKIP","floor":40},{"not_picked":["JustLucky","Tantrum+1","ClearTheMind"],"picked":"SKIP","floor":42},{"not_picked":["FlyingSleeves","SignatureMove+1","Halt"],"picked":"SKIP","floor":44},{"not_picked":["JustLucky","PathToVictory+1"],"picked":"ThirdEye+1","floor":46},{"not_picked":["ThirdEye+1","Devotion"],"picked":"Evaluate+1","floor":47},{"not_picked":["Consecrate","Worship+1"],"picked":"ThirdEye+1","floor":49}],"player_experience":2271181,"relics_obtained":[{"floor":6,"key":"Pocketwatch"},{"floor":8,"key":"Odd Mushroom"},{"floor":9,"key":"Sundial"},{"floor":11,"key":"Tiny Chest"},{"floor":24,"key":"Smiling Mask"},{"floor":24,"key":"Gambling Chip"},{"floor":26,"key":"Blue Candle"},{"floor":29,"key":"White Beast Statue"},{"floor":31,"key":"Lizard Tail"},{"floor":31,"key":"FossilizedHelix"},{"floor":39,"key":"Oddly Smooth Stone"},{"floor":40,"key":"Orichalcum"},{"floor":40,"key":"Mango"},{"floor":43,"key":"Dream Catcher"},{"floor":44,"key":"CeramicFish"},{"floor":44,"key":"Bottled Lightning"},{"floor":45,"key":"Toxic Egg 2"}],"event_choices":[{"damage_healed":0,"gold_gain":0,"player_choice":"Donut","damage_taken":0,"max_hp_gain":5,"max_hp_loss":0,"event_name":"Big Fish","floor":4,"gold_loss":0},{"damage_healed":0,"gold_gain":0,"player_choice":"Fought Mushrooms","damage_taken":0,"max_hp_gain":0,"max_hp_loss":0,"event_name":"Mushrooms","floor":8,"gold_loss":0},{"damage_healed":0,"gold_gain":0,"player_choice":"Ignored","damage_taken":0,"max_hp_gain":0,"max_hp_loss":0,"event_name":"Liars Game","floor":13,"gold_loss":0},{"damage_healed":0,"gold_gain":0,"player_choice":"Became a vampire","damage_taken":0,"max_hp_gain":0,"max_hp_loss":22,"event_name":"Vampires","floor":19,"gold_loss":0,"cards_obtained":["Bite","Bite","Bite","Bite","Bite"]},{"damage_healed":0,"gold_gain":0,"player_choice":"Joined the Cult","damage_taken":6,"max_hp_gain":0,"max_hp_loss":0,"event_name":"Nest","floor":21,"gold_loss":0,"cards_obtained":["RitualDagger"]},{"damage_healed":0,"gold_gain":0,"player_choice":"Bought 1 Potion","damage_taken":0,"max_hp_gain":0,"max_hp_loss":0,"event_name":"The Woman in Blue","floor":36,"gold_loss":0},{"cards_removed":["Wish"],"damage_healed":0,"gold_gain":0,"player_choice":"Removed Skill","damage_taken":0,"max_hp_gain":0,"max_hp_loss":0,"event_name":"Falling","floor":48,"gold_loss":0}],"is_beta":false,"boss_relics":[{"not_picked":["Tiny House","Fusion Hammer"],"picked":"Black Star"},{"not_picked":["Empty Cage","Runic Dome"],"picked":"Astrolabe"}],"items_purged_floors":[2,20,38],"is_endless":false,"potions_floor_spawned":[6,8,11,12,14,16,18,27,31,33,35,37,40,42,44,46],"ascension_level":17}}