{"host":"r53pw7z744tg3fxg","time":1608075766,"event":{"mods":["AchievementEnabler","BaseMod","Colored Map","Colored Powertips","Highlight Path","Minty Spire (QoL Compilation)","Quick Restart","Transform Curses"],"gold_per_floor":[112,77,97,108,108,108,142,197,268,281,307,318,318,335,335,440,440,455,2,18,18,29,29,54,54,108,0,10,28,28,28,28,28,28],"floor_reached":33,"playtime":1283,"items_purged":[],"score":393,"play_id":"b8b90e7c-8dd8-4846-ab32-4d24c55ea53c","local_time":"20201215164246","is_ascension_mode":true,"campfire_choices":[{"data":"SashWhip","floor":6.0,"key":"SMITH"},{"floor":13.0,"key":"REST"},{"data":"ForeignInfluence","floor":15.0,"key":"SMITH"},{"floor":23.0,"key":"REST"},{"floor":30.0,"key":"REST"},{"floor":32.0,"key":"REST"}],"circlet_count":0,"master_deck":["Strike_P+1","Strike_P+1","Strike_P+1","Strike_P+1","Defend_P+1","Defend_P+1","Defend_P+1","Defend_P+1","Eruption+1","Vigilance","ConjureBlade","SashWhip+1","JustLucky","Consecrate","CarveReality","BowlingBash","ForeignInfluence+1","PathToVictory","Conclude+1","ClearTheMind","Establishment","CurseOfTheBell","Wallop+1","Crescendo","CutThroughFate+1","Evaluate","ReachHeaven+1","FearNoEvil+1"],"relics":["PureWater","Smiling Mask","Nunchaku","Molten Egg 2","Ginger","Calling Bell","Lantern","Pantograph","GoldenEye","HandDrill","Frozen Egg 2","Pocketwatch","Bronze Scales"],"acts_visited":["Exordium","TheCity"],"potions_floor_usage":[],"damage_taken":[{"damage":4.0,"enemies":"Jaw Worm","floor":1.0,"turns":4.0},{"damage":8.0,"enemies":"2 Louse","floor":3.0,"turns":4.0},{"damage":0.0,"enemies":"Cultist","floor":4.0,"turns":3.0},{"damage":13.0,"enemies":"Lagavulin","floor":7.0,"turns":7.0},{"damage":15.0,"enemies":"Lagavulin Event","floor":8.0,"turns":5.0},{"damage":0.0,"enemies":"Lots of Slimes","floor":10.0,"turns":1.0},{"damage":0.0,"enemies":"Gremlin Nob","floor":11.0,"turns":2.0},{"damage":3.0,"enemies":"Exordium Thugs","floor":12.0,"turns":3.0},{"damage":3.0,"enemies":"Looter","floor":14.0,"turns":2.0},{"damage":48.0,"enemies":"The Guardian","floor":16.0,"turns":10.0},{"damage":12.0,"enemies":"3 Byrds","floor":18.0,"turns":4.0},{"damage":4.0,"enemies":"Spheric Guardian","floor":20.0,"turns":3.0},{"damage":2.0,"enemies":"3 Cultists","floor":22.0,"turns":3.0},{"damage":45.0,"enemies":"Gremlin Leader","floor":24.0,"turns":6.0},{"damage":32.0,"enemies":"Snecko","floor":28.0,"turns":5.0},{"damage":4.0,"enemies":"Cultist and Chosen","floor":29.0,"turns":4.0},{"damage":73,"enemies":"Automaton","floor":33,"turns":6}],"seed_played":"889645307695136140","potions_obtained":[{"floor":3.0,"key":"Energy Potion"},{"floor":4.0,"key":"EssenceOfSteel"},{"floor":8.0,"key":"AttackPotion"},{"floor":10.0,"key":"PowerPotion"},{"floor":14.0,"key":"Ambrosia"},{"floor":18.0,"key":"PowerPotion"},{"floor":20.0,"key":"Regen Potion"},{"floor":22.0,"key":"StancePotion"}],"is_trial":false,"path_per_floor":["M","?","M","M","?","R","E","?","T","M","E","M","R","M","R","B",null,"M","$","M","?","M","R","E","?","T","?","M","M","R","$","R","B"],"character_chosen":"WATCHER","items_purchased":["HandDrill","Frozen Egg 2","Crescendo"],"campfire_rested":4,"item_purchase_floors":[19,19,19],"current_hp_per_floor":[61,72,64,64,64,64,51,36,36,36,36,33,54,51,51,3,55,43,43,39,39,37,58,28,52,52,52,20,16,37,37,58,0,0],"gold":28,"neow_bonus":"ONE_RANDOM_RARE_CARD","is_daily":false,"chose_seed":false,"campfire_upgraded":2,"win_rate":0.0,"timestamp":1608075766,"path_taken":["M","?","M","M","?","R","E","?","T","?","E","?","R","?","R","BOSS","M","$","M","?","M","R","E","?","T","?","M","?","R","$","R","BOSS"],"items_purchased_type":["Relic","Relic","Card"],"build_version":"2020-12-13","purchased_purges":0,"victory":false,"max_hp_per_floor":[72,72,72,72,72,72,72,72,72,72,72,72,72,72,72,72,72,72,72,72,72,72,72,72,72,72,72,72,72,72,72,72,72,72],"card_choices":[{"not_picked":["EmptyBody","JustLucky"],"picked":"SashWhip","floor":1.0},{"not_picked":["WaveOfTheHand","Collect"],"picked":"JustLucky","floor":3.0},{"not_picked":["Prostrate","Swivel"],"picked":"Consecrate","floor":4.0},{"not_picked":["EmptyMind","Omniscience"],"picked":"CarveReality","floor":7.0},{"not_picked":["JustLucky","Prostrate"],"picked":"BowlingBash","floor":8.0},{"not_picked":["ClearTheMind","Crescendo"],"picked":"ForeignInfluence","floor":10.0},{"not_picked":["LikeWater","Crescendo"],"picked":"PathToVictory","floor":11.0},{"not_picked":["Pray","WaveOfTheHand"],"picked":"Conclude+1","floor":12.0},{"not_picked":["Conclude+1","EmptyBody"],"picked":"ClearTheMind","floor":14.0},{"not_picked":["Vault","ConjureBlade"],"picked":"Establishment","floor":16.0},{"not_picked":["Halt+1","BowlingBash+1"],"picked":"Wallop+1","floor":18.0},{"not_picked":["Collect","CrushJoints+1"],"picked":"CutThroughFate+1","floor":20.0},{"not_picked":["MentalFortress+1","Crescendo"],"picked":"Evaluate","floor":22.0},{"not_picked":["Halt","JustLucky+1"],"picked":"ReachHeaven+1","floor":24.0},{"not_picked":["Protect","ForeignInfluence","Wallop+1"],"picked":"SKIP","floor":28.0},{"not_picked":["JustLucky+1","CrushJoints+1"],"picked":"FearNoEvil+1","floor":29.0}],"player_experience":1108545,"relics_obtained":[{"floor":7.0,"key":"Smiling Mask"},{"floor":8.0,"key":"Nunchaku"},{"floor":9.0,"key":"Molten Egg 2"},{"floor":11.0,"key":"Ginger"},{"floor":17.0,"key":"Lantern"},{"floor":17.0,"key":"Pantograph"},{"floor":17.0,"key":"GoldenEye"},{"floor":24.0,"key":"Pocketwatch"},{"floor":26.0,"key":"Bronze Scales"}],"event_choices":[{"damage_healed":18.0,"max_hp_gain":0.0,"max_hp_loss":0.0,"gold_gain":0.0,"event_name":"The Cleric","player_choice":"Healed","floor":2.0,"gold_loss":35.0,"damage_taken":0.0},{"damage_healed":0.0,"max_hp_gain":0.0,"max_hp_loss":0.0,"gold_gain":0.0,"event_name":"Living Wall","player_choice":"Grow","floor":5.0,"gold_loss":0.0,"damage_taken":0.0,"cards_upgraded":["Eruption"]},{"damage_healed":0.0,"max_hp_gain":0.0,"max_hp_loss":0.0,"gold_gain":0.0,"event_name":"Dead Adventurer","player_choice":"Searched \u00271\u0027 times","floor":8.0,"gold_loss":0.0,"damage_taken":0.0},{"damage_healed":0.0,"max_hp_gain":0.0,"max_hp_loss":0.0,"gold_gain":0.0,"event_name":"Back to Basics","player_choice":"Simplicity","floor":21.0,"gold_loss":0.0,"damage_taken":0.0,"cards_upgraded":["Strike_P","Strike_P","Strike_P","Strike_P","Defend_P","Defend_P","Defend_P","Defend_P"]},{"damage_healed":24.0,"max_hp_gain":0.0,"max_hp_loss":0.0,"gold_gain":0.0,"event_name":"The Library","player_choice":"Heal","floor":25.0,"gold_loss":0.0,"damage_taken":0.0},{"damage_healed":0.0,"max_hp_gain":0.0,"max_hp_loss":0.0,"gold_gain":0.0,"event_name":"Masked Bandits","player_choice":"Paid Fearfully","floor":27.0,"gold_loss":108.0,"damage_taken":0.0}],"is_beta":false,"boss_relics":[{"not_picked":["Ectoplasm","Runic Dome"],"picked":"Calling Bell"}],"items_purged_floors":[],"is_endless":false,"potions_floor_spawned":[3,4,8,10,14,18,20,22],"killed_by":"Automaton","ascension_level":6}}