{"host":"og6lam4kt3nibbw0","time":1608009232,"event":{"mods":["AchievementEnabler","BaseMod","Colored Map","DeckTracker","Highlight Path","Keyboard Shortcuts","Minty Spire (QoL Compilation)","Permanent Neow","Quick Restart","StSLib","SuperFastMode"],"gold_per_floor":[118,118,118,138,138,138,149,163,163,163,193,193,205,130,130,204,204,224,256,256,104,15,50,50,61,61,61,91,91,111,137,137,212,262,280,292,305,328,379,414,414,429,477,489,489,504,287,509,509,509,509,509,509,57,82,82,82],"floor_reached":56,"playtime":3288,"items_purged":["Defend_G","Outmaneuver","Poisoned Stab","Backstab"],"score":2296,"play_id":"005be6ba-bc90-4705-b2a5-bc0204a266b0","local_time":"20201215141352","is_ascension_mode":true,"campfire_choices":[{"data":"Unload","floor":6.0,"key":"SMITH"},{"floor":12.0,"key":"REST"},{"floor":15.0,"key":"REST"},{"data":"Adrenaline","floor":24.0,"key":"SMITH"},{"data":"Adrenaline","floor":27.0,"key":"SMITH"},{"data":"A Thousand Cuts","floor":29.0,"key":"SMITH"},{"data":"Tactician","floor":32.0,"key":"SMITH"},{"data":"Deflect","floor":41.0,"key":"SMITH"},{"floor":45.0,"key":"RECALL"},{"data":"Backflip","floor":49.0,"key":"SMITH"},{"data":"Noxious Fumes","floor":53,"key":"SMITH"}],"circlet_count":0,"master_deck":["AscendersBane","Survivor","Neutralize","Dagger Throw+1","Unload+1","Prepared+1","Noxious Fumes+1","A Thousand Cuts+1","Tactician+1","Deflect+1","Adrenaline+1","Underhanded Strike","Deflect+1","Adrenaline+1","Backstab+1","Burst","Backflip+1","Acrobatics+1","Grand Finale","Calculated Gamble"],"relics":["Ring of the Snake","Letter Opener","Dream Catcher","Odd Mushroom","Pandora\u0027s Box","Red Mask","Eternal Feather","InkBottle","Smiling Mask","Oddly Smooth Stone","Tiny House","Pen Nib","Ice Cream","Nunchaku","MealTicket","Whetstone","Calipers","Tingsha"],"acts_visited":["Exordium","TheCity","TheBeyond","TheEnding"],"potions_floor_usage":[51,51,56],"damage_taken":[{"damage":0.0,"enemies":"2 Louse","floor":1.0,"turns":4.0},{"damage":1.0,"enemies":"Jaw Worm","floor":4.0,"turns":3.0},{"damage":0.0,"enemies":"Small Slimes","floor":7.0,"turns":3.0},{"damage":0.0,"enemies":"3 Louse","floor":8.0,"turns":3.0},{"damage":0.0,"enemies":"The Mushroom Lair","floor":11.0,"turns":4.0},{"damage":1.0,"enemies":"Blue Slaver","floor":13.0,"turns":4.0},{"damage":35.0,"enemies":"The Guardian","floor":16.0,"turns":11.0},{"damage":4.0,"enemies":"3 Byrds","floor":18.0,"turns":3.0},{"damage":21.0,"enemies":"Masked Bandits","floor":19.0,"turns":4.0},{"damage":4.0,"enemies":"Slavers","floor":23.0,"turns":5.0},{"damage":0.0,"enemies":"Spheric Guardian","floor":25.0,"turns":1.0},{"damage":0.0,"enemies":"Gremlin Leader","floor":28.0,"turns":3.0},{"damage":0.0,"enemies":"Chosen and Byrds","floor":30.0,"turns":2.0},{"damage":0.0,"enemies":"Slavers","floor":31.0,"turns":1.0},{"damage":0.0,"enemies":"Champ","floor":33.0,"turns":5.0},{"damage":0.0,"enemies":"3 Darklings","floor":35.0,"turns":2.0},{"damage":0.0,"enemies":"3 Shapes","floor":36.0,"turns":2.0},{"damage":0.0,"enemies":"Writhing Mass","floor":37.0,"turns":5.0},{"damage":0.0,"enemies":"2 Orb Walkers","floor":39.0,"turns":2.0},{"damage":0.0,"enemies":"Reptomancer","floor":40.0,"turns":3.0},{"damage":0.0,"enemies":"3 Darklings","floor":42.0,"turns":1.0},{"damage":6.0,"enemies":"4 Shapes","floor":44.0,"turns":1.0},{"damage":0.0,"enemies":"Transient","floor":46.0,"turns":6.0},{"damage":0.0,"enemies":"Awakened One","floor":50.0,"turns":8.0},{"damage":18,"enemies":"Time Eater","floor":51,"turns":8},{"damage":0,"enemies":"Shield and Spear","floor":55,"turns":1},{"damage":92,"enemies":"The Heart","floor":56,"turns":5}],"seed_played":"-7901772181564703896","potions_obtained":[{"floor":4.0,"key":"Weak Potion"},{"floor":8.0,"key":"SteroidPotion"},{"floor":11.0,"key":"SkillPotion"},{"floor":19.0,"key":"FearPotion"},{"floor":30.0,"key":"BlessingOfTheForge"},{"floor":34.0,"key":"GhostInAJar"},{"floor":42.0,"key":"LiquidMemories"}],"is_trial":false,"path_per_floor":["M","?","?","M","?","R","M","M","T","?","?","R","M","$","R","B",null,"M","?","?","$","?","E","R","M","T","R","E","R","M","E","R","B",null,"M","M","M","T","?","E","R","M","T","M","R","M","$","?","R","B","B",null,"R","$","E","B"],"character_chosen":"THE_SILENT","items_purchased":["Backflip","Whetstone","Calipers","LiquidBronze"],"campfire_rested":2,"item_purchase_floors":[21,47,54,54],"current_hp_per_floor":[59,41,41,40,22,22,22,22,22,22,22,40,39,39,57,22,51,47,26,26,26,26,22,31,31,31,40,40,52,52,52,60,60,65,65,65,65,65,65,65,65,65,65,59,65,65,65,65,65,65,47,61,65,65,65,0,0],"gold":82,"neow_bonus":"TRANSFORM_TWO_CARDS","is_daily":false,"chose_seed":false,"campfire_upgraded":8,"win_rate":0.0,"timestamp":1608009232,"path_taken":["M","?","?","M","?","R","M","M","T","?","?","R","M","$","R","BOSS","M","?","?","$","?","E","R","M","T","R","E","R","?","E","R","BOSS","M","M","?","?","?","E","R","M","T","M","R","M","?","?","R","BOSS","BOSS","R","$","E","BOSS"],"items_purchased_type":["Card","Relic","Relic","Potion"],"build_version":"2020-12-13","purchased_purges":4,"victory":false,"max_hp_per_floor":[60,60,60,60,60,60,60,60,60,60,60,60,60,60,60,60,60,60,60,60,60,60,60,60,60,60,60,60,60,60,60,60,60,65,65,65,65,65,65,65,65,65,65,65,65,65,65,65,65,65,65,65,65,65,65,65,65],"card_choices":[{"not_picked":["Poisoned Stab","Deflect"],"picked":"Prepared","floor":1.0},{"not_picked":["Endless Agony","Dodge and Roll","Leg Sweep"],"picked":"SKIP","floor":4.0},{"not_picked":["Concentrate","Riddle With Holes","Expertise"],"picked":"SKIP","floor":7.0},{"not_picked":["Poisoned Stab","Skewer","Bane"],"picked":"SKIP","floor":8.0},{"not_picked":["Dash","All Out Attack"],"picked":"Noxious Fumes","floor":11.0},{"not_picked":["Heel Hook","Predator"],"picked":"A Thousand Cuts","floor":12.0},{"not_picked":["Endless Agony","Predator"],"picked":"Tactician","floor":13.0},{"not_picked":["Cloak And Dagger","Blade Dance"],"picked":"Deflect","floor":15.0},{"not_picked":["Envenom","Glass Knife"],"picked":"Adrenaline","floor":16.0},{"not_picked":["Leg Sweep","Cloak And Dagger"],"picked":"Backstab","floor":18.0},{"not_picked":["Expertise","Deflect","Quick Slash"],"picked":"SKIP","floor":23.0},{"not_picked":["Deadly Poison","Bane","Dodge and Roll"],"picked":"SKIP","floor":25.0},{"not_picked":["Footwork","Quick Slash"],"picked":"Acrobatics+1","floor":28.0},{"not_picked":["Choke","Quick Slash"],"picked":"Grand Finale","floor":30.0},{"not_picked":["Cloak And Dagger+1","Sucker Punch","Acrobatics"],"picked":"SKIP","floor":31.0},{"not_picked":["Dodge and Roll","Distraction","Leg Sweep"],"picked":"SKIP","floor":35.0},{"not_picked":["Concentrate+1","Riddle With Holes","Cloak And Dagger"],"picked":"SKIP","floor":36.0},{"not_picked":["Leg Sweep+1","Sucker Punch","Backflip"],"picked":"SKIP","floor":37.0},{"not_picked":["Poisoned Stab","Deadly Poison+1"],"picked":"Calculated Gamble","floor":40.0},{"not_picked":["Storm of Steel","Underhanded Strike","Cloak And Dagger"],"picked":"SKIP","floor":42.0},{"not_picked":["Dagger Spray","Backflip","Skewer"],"picked":"SKIP","floor":44.0},{"not_picked":["Noxious Fumes","Prepared","Blade Dance"],"picked":"SKIP","floor":46.0},{"not_picked":["Poisoned Stab","Endless Agony","Dagger Spray"],"picked":"SKIP","floor":55}],"player_experience":751357,"relics_obtained":[{"floor":9.0,"key":"Dream Catcher"},{"floor":11.0,"key":"Odd Mushroom"},{"floor":19.0,"key":"Red Mask"},{"floor":23.0,"key":"InkBottle"},{"floor":28.0,"key":"Smiling Mask"},{"floor":31.0,"key":"Oddly Smooth Stone"},{"floor":38.0,"key":"Pen Nib"},{"floor":39.0,"key":"Ice Cream"},{"floor":40.0,"key":"Nunchaku"},{"floor":43.0,"key":"MealTicket"},{"floor":55,"key":"Tingsha"}],"event_choices":[{"damage_healed":0.0,"max_hp_gain":0.0,"max_hp_loss":0.0,"gold_gain":0.0,"event_name":"Shining Light","player_choice":"Entered Light","floor":2.0,"gold_loss":0.0,"damage_taken":18.0,"cards_upgraded":["Defend_G","Prepared"]},{"damage_healed":0.0,"max_hp_gain":0.0,"max_hp_loss":0.0,"gold_gain":0.0,"event_name":"Liars Game","player_choice":"Ignored","floor":3.0,"gold_loss":0.0,"damage_taken":0.0},{"damage_healed":0.0,"max_hp_gain":0.0,"max_hp_loss":0.0,"gold_gain":0.0,"event_name":"Scrap Ooze","player_choice":"Success","floor":5.0,"gold_loss":0.0,"damage_taken":18.0,"relics_obtained":["Letter Opener"]},{"damage_healed":0.0,"max_hp_gain":0.0,"max_hp_loss":0.0,"gold_gain":0.0,"event_name":"Golden Idol","player_choice":"Ignored","floor":10.0,"gold_loss":0.0,"damage_taken":0.0},{"damage_healed":0.0,"max_hp_gain":0.0,"max_hp_loss":0.0,"gold_gain":0.0,"event_name":"Mushrooms","player_choice":"Fought Mushrooms","floor":11.0,"gold_loss":0.0,"damage_taken":0.0},{"damage_healed":0.0,"max_hp_gain":0.0,"max_hp_loss":0.0,"gold_gain":0.0,"event_name":"Masked Bandits","player_choice":"Fought Bandits","floor":19.0,"gold_loss":0.0,"damage_taken":0.0},{"damage_healed":0.0,"max_hp_gain":0.0,"max_hp_loss":0.0,"gold_gain":0.0,"event_name":"Vampires","player_choice":"Ignored","floor":20.0,"gold_loss":0.0,"damage_taken":0.0},{"damage_healed":0.0,"max_hp_gain":0.0,"max_hp_loss":0.0,"gold_gain":0.0,"event_name":"WeMeetAgain","player_choice":"Paid Gold","floor":22.0,"gold_loss":89.0,"damage_taken":0.0,"relics_obtained":["Eternal Feather"]},{"damage_healed":0.0,"max_hp_gain":0.0,"max_hp_loss":0.0,"gold_gain":0.0,"event_name":"Mysterious Sphere","player_choice":"Fight","floor":39.0,"gold_loss":0.0,"damage_taken":0.0},{"damage_healed":0.0,"max_hp_gain":0.0,"max_hp_loss":0.0,"gold_gain":222.0,"event_name":"Tomb of Lord Red Mask","player_choice":"Wore Mask","floor":48.0,"gold_loss":0.0,"damage_taken":0.0}],"is_beta":false,"boss_relics":[{"not_picked":["Sozu","Black Star"],"picked":"Pandora\u0027s Box"},{"not_picked":["Cursed Key","Fusion Hammer"],"picked":"Tiny House"}],"items_purged_floors":[14,21,47,54],"is_endless":false,"potions_floor_spawned":[4,8,11,19,25,28,30,33,36,39,42,46],"killed_by":"The Heart","ascension_level":20}}