{"host":"is2s59edl8twrhoj","time":1608074303,"event":{"mods":["BaseMod","Colored Map","Colored Powertips","DeckTracker","Minty Spire (QoL Compilation)","StSLib"],"gold_per_floor":[109,123,135,152,152,152,169,183,183,183,198,208,233,250,250,326,326,336,336,352,366,139,174,174,174,200,200,200,219,235,150,150,224,224,238,238,238,250,260,260,280,280,280],"floor_reached":42,"playtime":2352,"items_purged":["Night Terror"],"score":789,"play_id":"9613bad5-101d-43fd-af99-17f349de3a22","local_time":"20201215231823","is_ascension_mode":true,"campfire_choices":[{"data":"Dash","floor":6,"key":"SMITH"},{"data":"Neutralize","floor":10,"key":"SMITH"},{"data":"Catalyst","floor":15,"key":"SMITH"},{"data":"Backflip","floor":24,"key":"SMITH"},{"data":"Backflip","floor":28,"key":"SMITH"},{"data":"Noxious Fumes","floor":32,"key":"SMITH"},{"data":"Poisoned Stab","floor":40,"key":"SMITH"}],"circlet_count":0,"master_deck":["AscendersBane","Strike_G","Strike_G","Strike_G","Defend_G","Defend_G","Defend_G","Defend_G","Defend_G","Survivor","Neutralize+1","Poisoned Stab+1","Backflip+1","Dash+1","Unload","Deadly Poison","Poisoned Stab","Poisoned Stab","Catalyst+1","Bane+1","Backflip+1","Noxious Fumes+1"],"relics":["Ring of the Snake","Potion Belt","Mango","Coffee Dripper","Centennial Puzzle","Bag of Marbles","Question Card","Velvet Choker"],"acts_visited":["Exordium","TheCity","TheBeyond"],"potions_floor_usage":[3,12,16,16,21,22,23,23,33,33,42],"damage_taken":[{"damage":0,"enemies":"Cultist","floor":1,"turns":4},{"damage":0,"enemies":"2 Louse","floor":2,"turns":3},{"damage":0,"enemies":"Jaw Worm","floor":3,"turns":5},{"damage":1,"enemies":"2 Fungi Beasts","floor":4,"turns":5},{"damage":13,"enemies":"Lots of Slimes","floor":7,"turns":6},{"damage":0,"enemies":"Large Slime","floor":8,"turns":4},{"damage":3,"enemies":"Blue Slaver","floor":11,"turns":3},{"damage":0,"enemies":"Exordium Thugs","floor":12,"turns":3},{"damage":6,"enemies":"Gremlin Nob","floor":13,"turns":4},{"damage":7,"enemies":"Gremlin Gang","floor":14,"turns":5},{"damage":34,"enemies":"The Guardian","floor":16,"turns":8},{"damage":4,"enemies":"Chosen","floor":18,"turns":4},{"damage":9,"enemies":"Shell Parasite","floor":20,"turns":4},{"damage":15,"enemies":"3 Cultists","floor":21,"turns":6},{"damage":4,"enemies":"Slavers","floor":23,"turns":7},{"damage":20,"enemies":"Cultist and Chosen","floor":29,"turns":5},{"damage":0,"enemies":"Sentry and Sphere","floor":30,"turns":4},{"damage":11,"enemies":"Collector","floor":33,"turns":7},{"damage":6,"enemies":"3 Shapes","floor":35,"turns":5},{"damage":11,"enemies":"3 Darklings","floor":38,"turns":6},{"damage":17,"enemies":"Jaw Worm Horde","floor":39,"turns":4},{"damage":0,"enemies":"Sphere and 2 Shapes","floor":41,"turns":8},{"damage":34,"enemies":"Spire Growth","floor":42,"turns":6}],"seed_played":"-5697887779014183130","potions_obtained":[{"floor":1,"key":"GhostInAJar"},{"floor":2,"key":"Weak Potion"},{"floor":8,"key":"PowerPotion"},{"floor":11,"key":"LiquidMemories"},{"floor":14,"key":"Energy Potion"},{"floor":16,"key":"Fire Potion"},{"floor":18,"key":"SteroidPotion"},{"floor":23,"key":"SpeedPotion"},{"floor":29,"key":"PowerPotion"},{"floor":37,"key":"GhostInAJar"},{"floor":37,"key":"EssenceOfSteel"},{"floor":38,"key":"AttackPotion"}],"is_trial":false,"path_per_floor":["M","M","M","M","?","R","M","M","T","R","M","M","E","M","R","B",null,"M","?","M","M","$","E","R","?","T","?","R","M","M","?","R","B",null,"M","?","?","M","M","R","M","M"],"character_chosen":"THE_SILENT","items_purchased":["Strength Potion","Fruit Juice"],"campfire_rested":0,"item_purchase_floors":[22,22],"current_hp_per_floor":[59,59,59,58,58,58,45,45,45,45,42,42,50,43,43,9,62,58,58,49,34,39,35,35,35,35,35,35,15,15,15,15,4,65,59,59,59,48,31,31,31,0,0],"gold":280,"neow_bonus":"TRANSFORM_CARD","is_daily":false,"chose_seed":false,"campfire_upgraded":7,"win_rate":0.0,"timestamp":1608074303,"path_taken":["M","M","M","?","?","R","M","M","T","R","M","?","E","M","R","BOSS","M","?","M","M","$","E","R","?","T","?","R","M","?","?","R","BOSS","M","?","?","M","?","R","M","M"],"items_purchased_type":["Potion","Potion"],"build_version":"2020-12-13","purchased_purges":1,"victory":false,"max_hp_per_floor":[66,66,66,66,66,66,66,66,66,66,66,66,80,80,80,80,80,80,80,80,80,85,85,85,85,85,85,85,85,85,85,85,85,85,85,81,81,81,81,81,81,81,81],"card_choices":[{"not_picked":["Well Laid Plans","Flechettes"],"picked":"Backflip","floor":1},{"not_picked":["Blade Dance","Bane"],"picked":"Dash","floor":2},{"not_picked":["Flechettes","Dagger Throw"],"picked":"Unload","floor":3},{"not_picked":["Backflip","Predator"],"picked":"Deadly Poison","floor":4},{"not_picked":["All Out Attack","Underhanded Strike"],"picked":"Poisoned Stab","floor":7},{"not_picked":["Accuracy","Dodge and Roll"],"picked":"Poisoned Stab","floor":8},{"not_picked":["Distraction","PiercingWail","Deflect"],"picked":"SKIP","floor":11},{"not_picked":["Heel Hook","Dash","Acrobatics"],"picked":"SKIP","floor":12},{"not_picked":["Accuracy","Calculated Gamble","Expertise"],"picked":"SKIP","floor":13},{"not_picked":["Flying Knee","Dagger Throw"],"picked":"Catalyst","floor":14},{"not_picked":["Heel Hook","Skewer"],"picked":"Bane+1","floor":18},{"not_picked":["Caltrops","Concentrate"],"picked":"Backflip","floor":20},{"not_picked":["Slice","Accuracy","Poisoned Stab"],"picked":"SKIP","floor":21},{"not_picked":["Night Terror","After Image","Burst"],"picked":"SKIP","floor":23},{"not_picked":["Acrobatics","Deadly Poison","Underhanded Strike"],"picked":"SKIP","floor":29},{"not_picked":["Bane","Predator"],"picked":"Noxious Fumes","floor":30},{"not_picked":["Cloak And Dagger+1","Backflip","Heel Hook","Quick Slash+1"],"picked":"SKIP","floor":35},{"not_picked":["Predator","Dagger Spray","Reflex+1","Expertise"],"picked":"SKIP","floor":38},{"not_picked":["Slice","Reflex","Cloak And Dagger","Backstab"],"picked":"SKIP","floor":39},{"not_picked":["Poisoned Stab","Acrobatics","Unload","Dagger Throw+1"],"picked":"SKIP","floor":41}],"player_experience":622368,"relics_obtained":[{"floor":9,"key":"Potion Belt"},{"floor":13,"key":"Mango"},{"floor":23,"key":"Centennial Puzzle"},{"floor":26,"key":"Bag of Marbles"}],"event_choices":[{"damage_healed":0,"gold_gain":0,"cards_transformed":["Strike_G"],"player_choice":"Transformed","damage_taken":0,"max_hp_gain":0,"max_hp_loss":0,"event_name":"Transmorgrifier","floor":5,"gold_loss":0,"cards_obtained":["Night Terror"]},{"damage_healed":0,"gold_gain":0,"player_choice":"Ignored","damage_taken":0,"max_hp_gain":0,"max_hp_loss":0,"event_name":"Vampires","floor":19,"gold_loss":0},{"damage_healed":0,"gold_gain":0,"player_choice":"Ignored","damage_taken":0,"max_hp_gain":0,"max_hp_loss":0,"event_name":"The Mausoleum","floor":25,"gold_loss":0},{"damage_healed":0,"gold_gain":0,"player_choice":"0 cards matched","damage_taken":0,"max_hp_gain":0,"max_hp_loss":0,"event_name":"Match and Keep!","floor":27,"gold_loss":0,"cards_obtained":[]},{"damage_healed":0,"gold_gain":0,"player_choice":"Obtained Relic","damage_taken":0,"relics_obtained":["Question Card"],"max_hp_gain":0,"max_hp_loss":0,"event_name":"Addict","floor":31,"gold_loss":85},{"damage_healed":0,"gold_gain":0,"player_choice":"Max HP","damage_taken":0,"max_hp_gain":0,"max_hp_loss":4,"event_name":"Winding Halls","floor":36,"gold_loss":0},{"damage_healed":0,"gold_gain":0,"player_choice":"Got Potions","damage_taken":0,"max_hp_gain":0,"max_hp_loss":0,"event_name":"Lab","floor":37,"gold_loss":0}],"is_beta":false,"boss_relics":[{"not_picked":["Philosopher\u0027s Stone","WristBlade"],"picked":"Coffee Dripper"},{"not_picked":["SlaversCollar","Busted Crown"],"picked":"Velvet Choker"}],"items_purged_floors":[22],"is_endless":false,"potions_floor_spawned":[1,2,8,11,14,16,18,23,29,38,39],"killed_by":"Spire Growth","ascension_level":15}}