{"host":"uk3ameq12mvaqk04","time":1608071969,"event":{"mods":["Act Like it!","BaseMod","Better Third Choice","CapriCore","Conspire","Hermit","JesterMod","Luminous","Mad Scientist","Minty Spire (QoL Compilation)","Replay The Spire","StSLib","The Administrix","The Mystic","The Necromancer","TheSwordswoman"],"gold_per_floor":[117,117,133,168,188,207,240,240,240,240,94,94,113,146,146,241,241,255,273,273,198,213,239,289,289,289,311,311,271,271,308,308,421,421,452,472,161,187,205,244,257,257,306,333,333,333,395,421,421,423,423],"floor_reached":50,"playtime":15394,"items_purged":["conspire:GhostlyStrike"],"score":602,"play_id":"55adbf92-410f-4b64-8522-778aaa6eaee5","local_time":"20201215233929","is_ascension_mode":false,"campfire_choices":[{"data":"Blood_for_Blood","floor":8,"key":"SMITH"},{"data":"Death_March_Dance","floor":10,"key":"SMITH"},{"data":"Skeleton_Dragon","floor":12,"key":"SMITH"},{"data":"Grasp_Heart","floor":15,"key":"SMITH"},{"data":"Bone_Armory","floor":25,"key":"SMITH"},{"data":"Spectral_Walk","floor":28,"key":"SMITH"},{"data":"Bone_Wall","floor":30,"key":"SMITH"},{"data":"Blood_Whip","floor":32,"key":"SMITH"},{"data":"Summon_Vampire_Lady","floor":42,"key":"SMITH"},{"data":"Blood_Wake","floor":46,"key":"SMITH"},{"floor":49,"key":"RECALL"}],"circlet_count":0,"master_deck":["conspire:GhostlyStrike","conspire:GhostlyStrike","conspire:GhostlyDefend","conspire:GhostlyDefend","conspire:GhostlyDefend","conspire:GhostlyDefend","Negative_Energy_Arrows","Bone_Wall+1","Death_March_Dance+1","Blood_for_Blood+1","Epidemic","Blood_Whip+1","Spectral_Armor+1","Skeleton_Dragon+1","Bone_Armory+1","Grasp_Heart+1","Summon_Vampire_Lady+1","Blood_Is_Power+1","Toxic_Smoke_Screen+1","Spectral_Walk+1","Blood_Wake+1","Summon_Vampire_Lady+1","Panache","Whirlwind_of_Bones+1","Thousand_Bone_Knives+1"],"relics":["Vampire_Amulet","NeowsBlessing","MealTicket","Sundial","Strawberry","Orichalcum","Coffee Dripper","Replay:Bandana","Happy Flower","PreservedInsect","Ring of Chaos","Sling","Pen Nib","Bronze Scales","ReplayFunnel"],"acts_visited":["Exordium","TheCity","TheBeyond"],"potions_floor_usage":[16,16,16,33,33,50,50,50],"damage_taken":[{"damage":0,"enemies":"2 Louse","floor":1,"turns":1},{"damage":0,"enemies":"Jaw Worm","floor":3,"turns":2},{"damage":0,"enemies":"conspire:MimicChest","floor":4,"turns":1},{"damage":0,"enemies":"Cultist","floor":5,"turns":4},{"damage":17,"enemies":"Large Slime","floor":6,"turns":8},{"damage":35,"enemies":"Gremlin Nob","floor":7,"turns":5},{"damage":4,"enemies":"conspire:2 RoseBushes","floor":13,"turns":10},{"damage":28,"enemies":"3 Sentries","floor":14,"turns":12},{"damage":25,"enemies":"Slime Boss","floor":16,"turns":9},{"damage":24,"enemies":"Chosen","floor":18,"turns":5},{"damage":17,"enemies":"Shell Parasite","floor":19,"turns":7},{"damage":26,"enemies":"Chosen and Byrds","floor":22,"turns":7},{"damage":2,"enemies":"Replay:Snechameleon","floor":23,"turns":6},{"damage":36,"enemies":"Snake Plant","floor":27,"turns":5},{"damage":5,"enemies":"conspire:Head Lice","floor":31,"turns":7},{"damage":37,"enemies":"Champ","floor":33,"turns":11},{"damage":16,"enemies":"Orb Walker","floor":35,"turns":4},{"damage":2,"enemies":"3 Shapes","floor":36,"turns":9},{"damage":34,"enemies":"Sphere and 2 Shapes","floor":38,"turns":6},{"damage":20,"enemies":"4 Shapes","floor":39,"turns":7},{"damage":58,"enemies":"Reptomancer","floor":40,"turns":5},{"damage":37,"enemies":"Writhing Mass","floor":41,"turns":6},{"damage":20,"enemies":"Sphere and 2 Shapes","floor":44,"turns":5},{"damage":12,"enemies":"R_Hoarder","floor":47,"turns":4},{"damage":15,"enemies":"Spire Growth","floor":48,"turns":5},{"damage":39,"enemies":"Replay:Hell Engine","floor":50,"turns":5}],"seed_played":"-1393563092942957044","potions_obtained":[{"floor":7,"key":"SkillPotion"},{"floor":13,"key":"Block Potion"},{"floor":14,"key":"Explosive Potion"},{"floor":18,"key":"SteroidPotion"},{"floor":24,"key":"DistilledChaos"},{"floor":24,"key":"GamblersBrew"},{"floor":27,"key":"ColorlessPotion"},{"floor":31,"key":"Strength Potion"},{"floor":33,"key":"SkillPotion"},{"floor":38,"key":"Ancient Potion"},{"floor":44,"key":"Dexterity Potion"}],"is_trial":false,"path_per_floor":["M","?","M","?","M","M","E","R","T","R","$","R","M","E","R","B",null,"M","M","?","$","M","E","?","R","T","M","R","?","R","E","R","B",null,"M","M","$","M","M","E","M","R","T","M","?","R","E","M","R","B"],"character_chosen":"NECROMANCER","items_purchased":["Skeleton_Dragon","Panache","Sling"],"campfire_rested":0,"item_purchase_floors":[11,37,37],"current_hp_per_floor":[75,75,75,75,75,62,29,29,36,36,51,51,51,29,29,12,82,63,66,66,81,69,78,46,46,46,24,24,24,24,52,52,44,82,68,82,82,81,81,42,34,34,34,29,29,29,37,24,24,0,0],"gold":423,"neow_bonus":"THREE_ENEMY_KILL","is_daily":false,"chose_seed":false,"campfire_upgraded":10,"win_rate":0.0,"timestamp":1608071969,"path_taken":["M","?","M","?","M","M","E","R","T","R","$","R","?","E","R","BOSS","M","M","?","$","?","E","?","R","T","M","R","?","R","E","R","BOSS","M","M","$","M","M","E","?","R","T","M","?","R","E","M","R","BOSS"],"items_purchased_type":["Card","Card","Relic"],"build_version":"2020-12-13","purchased_purges":1,"victory":false,"max_hp_per_floor":[75,75,75,75,75,75,75,75,82,82,82,82,82,82,82,82,82,82,82,82,82,82,82,82,82,82,82,82,82,82,82,82,82,82,82,82,82,82,82,82,82,82,82,82,82,82,82,82,82,82,82],"card_choices":[{"not_picked":["Bone_Shift","Negative_Energy_Mist"],"picked":"Death_March_Dance","floor":1},{"not_picked":["Shade_Step","Death_Coil"],"picked":"Blood_for_Blood","floor":3},{"not_picked":["Blood_Whip","Death_March_Dance"],"picked":"Epidemic","floor":5},{"not_picked":["Death_Coil","Bone_Shift"],"picked":"Blood_Whip","floor":6},{"not_picked":["Life_Tap","Summon_Undead"],"picked":"Spectral_Armor","floor":7},{"not_picked":["Negative_Energy_Burst","Blood_Whip"],"picked":"Bone_Armory","floor":13},{"not_picked":["Strike_from_Beyond","Blood_Is_Power"],"picked":"Grasp_Heart","floor":14},{"not_picked":["Hellfire","Grasp_Heart"],"picked":"Summon_Vampire_Lady","floor":16},{"not_picked":["Negative_Energy_Javelin","Bone_Shift"],"picked":"Blood_Is_Power+1","floor":18},{"not_picked":["Bone_Bullets","Summon_Lich"],"picked":"Toxic_Smoke_Screen+1","floor":19},{"not_picked":["Death_March_Dance+1","Blood_Whip+1","Blood_Shield"],"picked":"SKIP","floor":22},{"not_picked":["Slay_Living","Acid_Javelin","Blood_Wake"],"picked":"SKIP","floor":23},{"not_picked":["Death_Coil","Negative_Energy_Shield"],"picked":"Spectral_Walk","floor":27},{"not_picked":["Shackles_Of_Pain","Bone_Spikes","Negative_Energy_Javelin+1"],"picked":"SKIP","floor":31},{"not_picked":["Skeleton_Dragon","Detonate_Bones"],"picked":"Blood_Wake","floor":33},{"not_picked":["Scare+1","Blood_Whip+1","Bone_Shift"],"picked":"SKIP","floor":35},{"not_picked":["Shackles_Of_Pain","Consume_Illness"],"picked":"Summon_Vampire_Lady","floor":36},{"not_picked":["Epidemic","Corrupt","Bone_Spikes"],"picked":"SKIP","floor":38},{"not_picked":["Death_Coil+1","Consume_Illness+1","Toxic_Smoke_Screen"],"picked":"SKIP","floor":39},{"not_picked":["Blood_Wake","Consume_Illness"],"picked":"Whirlwind_of_Bones+1","floor":40},{"not_picked":["Negative_Energy_Mist","Scare+1","Blood_Whip+1"],"picked":"SKIP","floor":41},{"not_picked":["Consume_Illness","Necromantic_Selection"],"picked":"Thousand_Bone_Knives+1","floor":44},{"not_picked":["Whirlwind_of_Bones","Reap_The_Weak","Negative_Energy_Javelin+1"],"picked":"SKIP","floor":47},{"not_picked":["Uncharnel+1","Summon_Lich+1","Flesh_Made_Foul"],"picked":"SKIP","floor":48}],"player_experience":93742,"relics_obtained":[{"floor":4,"key":"MealTicket"},{"floor":7,"key":"Sundial"},{"floor":9,"key":"Strawberry"},{"floor":14,"key":"Orichalcum"},{"floor":23,"key":"Replay:Bandana"},{"floor":24,"key":"Happy Flower"},{"floor":31,"key":"PreservedInsect"},{"floor":40,"key":"Pen Nib"},{"floor":43,"key":"Bronze Scales"},{"floor":47,"key":"ReplayFunnel"}],"event_choices":[{"damage_healed":0,"gold_gain":0,"player_choice":"Agree","damage_taken":0,"max_hp_gain":0,"max_hp_loss":0,"event_name":"conspire:LoneGhost","floor":2,"gold_loss":0},{"damage_healed":0,"gold_gain":0,"player_choice":"Forge","damage_taken":0,"max_hp_gain":0,"max_hp_loss":0,"event_name":"Accursed Blacksmith","floor":20,"gold_loss":0,"cards_upgraded":["Summon_Vampire_Lady"]},{"damage_healed":0,"gold_gain":0,"player_choice":"Upgrade","damage_taken":0,"max_hp_gain":0,"max_hp_loss":0,"event_name":"Designer","floor":29,"gold_loss":40,"cards_upgraded":["Spectral_Armor"]},{"cards_removed":["conspire:GhostlyStrike"],"damage_healed":0,"gold_gain":0,"player_choice":"Removed Attack","damage_taken":0,"max_hp_gain":0,"max_hp_loss":0,"event_name":"Falling","floor":45,"gold_loss":0}],"is_beta":false,"boss_relics":[{"not_picked":["Replay:Bronze Core","Replay:Grab Bag"],"picked":"Coffee Dripper"},{"not_picked":["Kintsugi","Replay:Wanted Poster"],"picked":"Ring of Chaos"}],"items_purged_floors":[21],"is_endless":false,"potions_floor_spawned":[7,13,14,18,27,31,33,38,39,40,44,48],"killed_by":"Replay:Hell Engine","ascension_level":0}}