{"host":"wukocnei7dgudpva","time":1608016628,"event":{"mods":["AchievementEnabler","BaseMod","Colored Map","Minty Spire (QoL Compilation)","StSLib","SuperFastMode"],"gold_per_floor":[110,35,47,59,59,59,79,79,104,104,72,72,87,87,87,87,87],"floor_reached":16,"playtime":775,"items_purged":["Strike_P"],"score":92,"play_id":"698d4ef9-9f67-498a-9f27-55ddad4a679e","local_time":"20201215161708","is_ascension_mode":false,"campfire_choices":[{"floor":6,"key":"REST"},{"data":"Eruption","floor":8,"key":"SMITH"},{"data":"Vigilance","floor":10,"key":"SMITH"},{"floor":12,"key":"RECALL"},{"floor":15,"key":"REST"}],"circlet_count":0,"master_deck":["Strike_P","Strike_P","Strike_P","Defend_P","Defend_P","Defend_P","Defend_P","Eruption+1","Vigilance+1"],"relics":["PureWater","Centennial Puzzle"],"acts_visited":["Exordium"],"potions_floor_usage":[16],"damage_taken":[{"damage":0.0,"enemies":"Small Slimes","floor":1.0,"turns":3.0},{"damage":25.0,"enemies":"Cultist","floor":3.0,"turns":5.0},{"damage":0.0,"enemies":"2 Louse","floor":4.0,"turns":2.0},{"damage":0,"enemies":"Large Slime","floor":7,"turns":3},{"damage":5,"enemies":"Exordium Thugs","floor":11,"turns":6},{"damage":0,"enemies":"Looter","floor":13,"turns":3},{"damage":90,"enemies":"The Guardian","floor":16,"turns":15}],"seed_played":"5705424860874314381","potions_obtained":[{"floor":7,"key":"SpeedPotion"}],"is_trial":false,"path_per_floor":["M","$","M","M","?","R","M","R","T","R","M","R","M","?","R","B"],"character_chosen":"WATCHER","items_purchased":[],"campfire_rested":2,"item_purchase_floors":[],"current_hp_per_floor":[79,79,54,54,54,77,77,77,77,77,72,72,72,60,79,0,0],"gold":87,"neow_bonus":"TEN_PERCENT_HP_BONUS","is_daily":false,"chose_seed":false,"campfire_upgraded":2,"win_rate":0.0,"timestamp":1608016628,"path_taken":["M","$","M","M","?","R","M","R","T","R","M","R","?","?","R","BOSS"],"items_purchased_type":[],"build_version":"2020-12-13","purchased_purges":1,"victory":false,"max_hp_per_floor":[79,79,79,79,79,79,79,79,79,79,79,79,79,79,79,79,79],"card_choices":[{"not_picked":["ClearTheMind","SandsOfTime","JustLucky"],"picked":"SKIP","floor":1.0},{"not_picked":["Prostrate","ThirdEye","PathToVictory"],"picked":"SKIP","floor":3.0},{"not_picked":["EmptyBody","CrushJoints","ReachHeaven"],"picked":"SKIP","floor":4.0},{"not_picked":["WaveOfTheHand","Indignation","WheelKick"],"picked":"SKIP","floor":7},{"not_picked":["BowlingBash","ClearTheMind","EmptyFist"],"picked":"SKIP","floor":11},{"not_picked":["CutThroughFate","SignatureMove","BowlingBash"],"picked":"SKIP","floor":13}],"player_experience":229924,"relics_obtained":[],"event_choices":[{"damage_healed":0,"gold_gain":0,"player_choice":"0 cards matched","damage_taken":0,"max_hp_gain":0,"max_hp_loss":0,"event_name":"Match and Keep!","floor":5,"gold_loss":0,"cards_obtained":[]},{"damage_healed":0,"gold_gain":0,"player_choice":"Success","damage_taken":12,"relics_obtained":["Centennial Puzzle"],"max_hp_gain":0,"max_hp_loss":0,"event_name":"Scrap Ooze","floor":14,"gold_loss":0}],"is_beta":false,"boss_relics":[],"items_purged_floors":[2],"is_endless":false,"potions_floor_spawned":[7],"killed_by":"The Guardian","ascension_level":0}}