{"host":"1tl36azeqm6yhdgj","time":1608054565,"event":{"mods":["AchievementEnabler","BaseMod","Minty Spire (QoL Compilation)","StSLib","The IronCluck","everything is the same but u backflip on backflip"],"gold_per_floor":[118,118,138,47,22,22,50,50,50,50,67,101,48,82,82,82,82],"floor_reached":16,"playtime":484,"items_purged":[],"score":219,"play_id":"8cd7d265-d69f-4370-b349-e1679f7dbe45","local_time":"20201215124925","is_ascension_mode":true,"campfire_choices":[{"data":"Enlightenment","floor":6.0,"key":"SMITH"},{"data":"Shrug It Off","floor":8.0,"key":"SMITH"},{"data":"Inflame","floor":15,"key":"SMITH"}],"circlet_count":0,"master_deck":["AscendersBane","Strike_R","Strike_R","Strike_R","Strike_R","Defend_R","Defend_R","Defend_R","Defend_R","Bash","Rampage+1","Cleave","Enlightenment+1","Shrug It Off+1","Reaper","Inflame+1","Clash","Dark Embrace"],"relics":["Burning Blood","NeowsBlessing","Eternal Feather","Singing Bowl","Bag of Preparation","Ornamental Fan"],"acts_visited":["Exordium"],"potions_floor_usage":[12],"damage_taken":[{"damage":0.0,"enemies":"Jaw Worm","floor":1.0,"turns":1.0},{"damage":0.0,"enemies":"Cultist","floor":3.0,"turns":1.0},{"damage":0.0,"enemies":"Lagavulin","floor":7.0,"turns":1.0},{"damage":7.0,"enemies":"2 Louse","floor":11.0,"turns":5.0},{"damage":36,"enemies":"Gremlin Nob","floor":12,"turns":6},{"damage":14,"enemies":"Lagavulin","floor":14,"turns":7},{"damage":75,"enemies":"Hexaghost","floor":16,"turns":10}],"seed_played":"513296852218002445","potions_obtained":[{"floor":1.0,"key":"PowerPotion"},{"floor":14,"key":"Fire Potion"}],"is_trial":false,"path_per_floor":["M","?","M","$","$","R","E","R","T","?","M","E","$","E","R","B"],"character_chosen":"IRONCLAD","items_purchased":["Enlightenment","Shrug It Off","Clash"],"campfire_rested":0,"item_purchase_floors":[4,5,13],"current_hp_per_floor":[78,78,80,80,80,80,80,80,80,80,82,58,58,57,66,0,0],"gold":82,"neow_bonus":"THREE_ENEMY_KILL","is_daily":false,"chose_seed":false,"campfire_upgraded":3,"win_rate":0.0,"timestamp":1608054565,"path_taken":["M","?","?","?","$","R","E","R","T","?","M","E","?","E","R","BOSS"],"items_purchased_type":["Card","Card","Card"],"build_version":"2020-12-13","purchased_purges":0,"victory":false,"max_hp_per_floor":[80,80,80,80,80,80,80,80,80,80,82,82,82,82,82,82,82],"card_choices":[{"not_picked":["Clothesline","Heavy Blade"],"picked":"Rampage","floor":1.0},{"not_picked":["Heavy Blade","Flex"],"picked":"Cleave","floor":3.0},{"not_picked":["Bludgeon","Anger"],"picked":"Reaper","floor":7.0},{"not_picked":["Sentinel","Cleave","Shrug It Off"],"picked":"Singing Bowl","floor":11.0},{"not_picked":["Flex","Second Wind"],"picked":"Inflame","floor":12},{"not_picked":["True Grit","Sword Boomerang"],"picked":"Dark Embrace","floor":14}],"player_experience":1938190,"relics_obtained":[{"floor":7.0,"key":"Eternal Feather"},{"floor":9.0,"key":"Singing Bowl"},{"floor":12,"key":"Bag of Preparation"},{"floor":14,"key":"Ornamental Fan"}],"event_choices":[{"cards_removed":["Strike_R"],"damage_healed":0.0,"max_hp_gain":0.0,"max_hp_loss":0.0,"gold_gain":0.0,"event_name":"Bonfire Elementals","player_choice":"Offered Basic","floor":2.0,"gold_loss":0.0,"damage_taken":0.0},{"damage_healed":0.0,"max_hp_gain":0.0,"max_hp_loss":0.0,"gold_gain":0.0,"event_name":"Living Wall","player_choice":"Grow","floor":10.0,"gold_loss":0.0,"damage_taken":0.0,"cards_upgraded":["Rampage"]}],"is_beta":false,"boss_relics":[],"items_purged_floors":[],"is_endless":false,"potions_floor_spawned":[1,14],"killed_by":"Hexaghost","ascension_level":11}}