{"host":"6hzrz31j95f2y1pa","time":1608019599,"event":{"mods":["BaseMod","Colored Map","Downfall","Minty Spire (QoL Compilation)","StSLib"],"gold_per_floor":[99,118,136,136,156,48,100,135,235,85,85,105,121,138,151,256,256,256,275,291,291,321,321,345,345,362,380,380,12,26,43,60,163,163,163,181,85,10,62,62,62,62,62,95,195,214,214,264,283,283,283,315,9,9,9,9],"floor_reached":55,"playtime":3738,"items_purged":["champ:Defend","champ:Strike","champ:Defend"],"score":794,"play_id":"9c25d2ec-bca7-45e1-a706-35cd64b6cf5d","local_time":"20201215030639","is_ascension_mode":false,"campfire_choices":[{"data":"champ:Taunt","floor":1.0,"key":"SMITH"},{"data":"champ:GutPunch","floor":4.0,"key":"SMITH"},{"data":"champ:TornadoPunch","floor":10.0,"key":"SMITH"},{"data":"champ:HeavySlash","floor":18.0,"key":"SMITH"},{"data":"champ:VampiricStrike","floor":21.0,"key":"SMITH"},{"data":"champ:GladiatorsShout","floor":23.0,"key":"SMITH"},{"data":"champ:BerserkersShout","floor":25.0,"key":"SMITH"},{"floor":35.0,"key":"RECALL"},{"data":"champ:PerfectForm","floor":38.0,"key":"SMITH"},{"data":"champ:CalledShot","floor":40.0,"key":"SMITH"},{"data":"champ:Riposte","floor":43.0,"key":"SMITH"},{"data":"champ:Haymaker","floor":54.0,"key":"SMITH"}],"circlet_count":0,"master_deck":["champ:Strike+1","champ:Defend+1","champ:Execute","champ:Taunt+1","champ:HeavySlash+1","champ:BerserkersShout+1","champ:GutPunch+1","champ:Riposte+1","champ:BringItOn","champ:FaceSlap","champ:StanceDance+1","champ:TornadoPunch+1","champ:Circumvent","champ:AdrenalArmor","champ:GladiatorsShout+1","champ:BerserkersShout+1","champ:Circumvent+1","RitualDagger","champ:PerfectForm+1","champ:SteelEdge+1","champ:StanceDance+1","champ:BringItOn+1","champ:CrookedStrike+1","champ:SwordThrow+1","champ:SkillfulDodge+1","champ:CalledShot+1","champ:Backstep+1","champ:Haymaker+1","expansioncontent:YouAreMine","expansioncontent:DecasProtection","champ:Duel+1","champ:FlashCut+1","champ:CalledShot","Sadistic Nature","champ:FlashCut"],"relics":["champ:ChampionCrown","War Paint","CloakClasp","downfall:HeartBlessingGreen","downfall:HeartBlessingBlue","Coffee Dripper","Smiling Mask","Vajra","Chemical X","Astrolabe","Whetstone","ClockworkSouvenir","downfall:HeartBlessingRed","Thread and Needle","Toy Ornithopter","Oddly Smooth Stone","Turnip","Pear"],"acts_visited":["Exordium","TheCity","TheBeyond","TheEnding"],"potions_floor_usage":[55,55,55],"damage_taken":[{"damage":15.0,"enemies":"Cultist","floor":2.0,"turns":7.0},{"damage":10.0,"enemies":"2 Louse","floor":3.0,"turns":2.0},{"damage":12.0,"enemies":"Jaw Worm","floor":5.0,"turns":4.0},{"damage":10.0,"enemies":"downfall:FleeingMerchant","floor":6.0,"turns":4.0},{"damage":29.0,"enemies":"Gremlin Nob","floor":8.0,"turns":4.0},{"damage":8.0,"enemies":"Gremlin Nob","floor":9.0,"turns":5.0},{"damage":10.0,"enemies":"Large Slime","floor":12.0,"turns":5.0},{"damage":17.0,"enemies":"2 Fungi Beasts","floor":13.0,"turns":3.0},{"damage":9.0,"enemies":"3 Louse","floor":14.0,"turns":3.0},{"damage":9.0,"enemies":"Red Slaver","floor":15.0,"turns":3.0},{"damage":21.0,"enemies":"downfall:Watcher","floor":16.0,"turns":6.0},{"damage":7.0,"enemies":"Chosen","floor":19.0,"turns":4.0},{"damage":20.0,"enemies":"Snake Plant","floor":20.0,"turns":4.0},{"damage":51.0,"enemies":"Gremlin Leader","floor":22.0,"turns":8.0},{"damage":3.0,"enemies":"Shelled Parasite and Fungi","floor":26.0,"turns":3.0},{"damage":8.0,"enemies":"Snecko","floor":27.0,"turns":2.0},{"damage":18.0,"enemies":"downfall:FleeingMerchant","floor":29.0,"turns":4.0},{"damage":23.0,"enemies":"3 Cultists","floor":30.0,"turns":5.0},{"damage":40.0,"enemies":"Centurion and Healer","floor":31.0,"turns":5.0},{"damage":7.0,"enemies":"Snake Plant","floor":32.0,"turns":3.0},{"damage":46.0,"enemies":"downfall:Silent","floor":33.0,"turns":6.0},{"damage":19.0,"enemies":"3 Darklings","floor":36.0,"turns":4.0},{"damage":10.0,"enemies":"downfall:FleeingMerchant","floor":37.0,"turns":3.0},{"damage":56.0,"enemies":"2 Orb Walkers","floor":39.0,"turns":5.0},{"damage":28.0,"enemies":"Nemesis","floor":44.0,"turns":5.0},{"damage":15.0,"enemies":"3 Shapes","floor":46.0,"turns":4.0},{"damage":34.0,"enemies":"Mind Bloom Boss Battle","floor":48.0,"turns":10.0},{"damage":7.0,"enemies":"Maw","floor":49.0,"turns":5.0},{"damage":42.0,"enemies":"downfall:Ironclad","floor":50.0,"turns":9.0},{"damage":43.0,"enemies":"downfall:CharBossMerchant","floor":52.0,"turns":7.0},{"damage":226,"enemies":"downfall:NeowBoss","floor":55,"turns":24}],"seed_played":"4958178070534663897","potions_obtained":[{"floor":3.0,"key":"Block Potion"},{"floor":5.0,"key":"PowerPotion"},{"floor":8.0,"key":"sneckomod:MuddlingPotion"},{"floor":9.0,"key":"champ:OpenerPotion"},{"floor":19.0,"key":"Explosive Potion"},{"floor":27.0,"key":"Dexterity Potion"},{"floor":46.0,"key":"Slimebound:ThreeZeroPotion"},{"floor":48.0,"key":"BlessingOfTheForge"}],"is_trial":false,"path_per_floor":["R","M","M","R","M","$","T","E","?","R","?","M","M","M","M","B",null,"R","M","M","R","E","R","T","R","M","M","?","$","M","M","M","B",null,"R","M","?","R","?","R","T","?","R","E","?","M","?","?","M","B",null,"E","$","R","B"],"character_chosen":"THE_CHAMP","items_purchased":["champ:FaceSlap","champ:StanceDance","champ:SteelEdge","Chemical X","champ:CalledShot","Whetstone","ClockworkSouvenir","champ:CalledShot","Sadistic Nature","champ:FlashCut"],"campfire_rested":0,"item_purchase_floors":[6,6,29,29,37,37,37,53,53,53],"current_hp_per_floor":[90,83,81,81,78,88,88,72,82,92,100,100,91,91,90,88,100,100,100,100,100,100,100,100,100,97,97,91,91,88,100,100,65,100,100,100,100,100,63,63,63,63,63,72,72,82,77,92,92,100,100,109,109,109,0,0],"gold":9,"neow_bonus":"ONE_RANDOM_RARE_CARD","is_daily":false,"chose_seed":false,"campfire_upgraded":11,"win_rate":0.0,"timestamp":1608019599,"path_taken":["R","M","M","R","M","?","T","E","?","R","?","?","M","M","M","BOSS","R","M","M","R","E","R","T","R","M","M","?","$","M","M","M","BOSS","R","M","?","R","?","R","T","?","R","E","?","?","?","?","M","BOSS","E","$","R","BOSS"],"items_purchased_type":["Card","Card","Card","Relic","Card","Relic","Relic","Card","Card","Card"],"build_version":"2020-12-13","purchased_purges":3,"victory":false,"max_hp_per_floor":[90,90,90,90,90,90,90,90,90,100,100,100,100,100,100,100,100,100,100,100,100,100,100,100,100,100,100,100,100,100,100,100,100,100,100,100,100,100,100,100,100,100,100,100,100,100,100,100,100,100,100,110,110,110,110,110],"card_choices":[{"not_picked":["champ:FocusedDefense","champ:BladeFlurry"],"picked":"champ:BerserkersShout","floor":2.0},{"not_picked":["champ:Shatter","champ:EnGarde"],"picked":"champ:GutPunch","floor":3.0},{"not_picked":["champ:Circumvent","champ:CrookedStrike"],"picked":"champ:Riposte","floor":5.0},{"not_picked":["champ:CalledShot","champ:DefensiveStyle"],"picked":"champ:BringItOn","floor":6.0},{"not_picked":["champ:Balance","champ:StanceDance"],"picked":"champ:TornadoPunch","floor":8.0},{"not_picked":["champ:BladeFlurry","champ:PerfectedStrike","champ:Riposte"],"picked":"SKIP","floor":12.0},{"not_picked":["champ:FightOn","champ:Backstep"],"picked":"champ:Circumvent","floor":13.0},{"not_picked":["champ:IgnorePain","champ:CrookedStrike"],"picked":"champ:AdrenalArmor","floor":14.0},{"not_picked":["champ:Haymaker","champ:BringItOn"],"picked":"champ:GladiatorsShout","floor":15.0},{"not_picked":["champ:Devastate","champ:HoldFirm"],"picked":"champ:VampiricStrike","floor":16.0},{"not_picked":["champ:GladiatorsShout","champ:BerserkersShout","champ:DefensiveStyle"],"picked":"SKIP","floor":19.0},{"not_picked":["champ:BladeFlurry","champ:GladiatorsShout"],"picked":"champ:BerserkersShout+1","floor":20.0},{"not_picked":["champ:PerfectedStrike","champ:BerserkersShout","champ:EnGarde+1"],"picked":"SKIP","floor":22.0},{"not_picked":["champ:FocusedDefense","champ:AdrenalArmor"],"picked":"champ:Circumvent+1","floor":26.0},{"not_picked":["champ:BerserkersShout","champ:BladeFlurry","champ:FightOn"],"picked":"SKIP","floor":27.0},{"not_picked":["champ:BladeFlurry","champ:Lariat"],"picked":"champ:PerfectForm","floor":29.0},{"not_picked":["champ:RapidStrikes","champ:PerfectedStrike"],"picked":"champ:StanceDance+1","floor":30.0},{"not_picked":["champ:BladeFlurry","champ:CheapShot"],"picked":"champ:BringItOn+1","floor":31.0},{"not_picked":["champ:DefensiveShout","champ:Circumvent","champ:Encircle"],"picked":"SKIP","floor":32.0},{"not_picked":["champ:TornadoPunch+1","champ:SkillfulDodge+1","champ:BringItOn"],"picked":"SKIP","floor":36.0},{"not_picked":["champ:RapidStrikes","champ:TornadoPunch","champ:HeartStrike"],"picked":"SKIP","floor":37.0},{"not_picked":["champ:ShieldWall","champ:AdrenalArmor"],"picked":"champ:Backstep+1","floor":39.0},{"not_picked":["champ:BerserkersShout","champ:RapidStrikes","champ:Encircle+1"],"picked":"SKIP","floor":44.0},{"not_picked":["champ:BerserkersShout","champ:RapidStrikes","champ:Encircle+1"],"picked":"SKIP","floor":44.0},{"not_picked":["champ:BerserkersShout+1","champ:FanOfKnives"],"picked":"champ:Haymaker","floor":46.0},{"not_picked":["expansioncontent:DefensiveMode","expansioncontent:Hexaburn"],"picked":"expansioncontent:YouAreMine","floor":47.0},{"not_picked":["expansioncontent:PrepareCrush","expansioncontent:FaceSlap"],"picked":"expansioncontent:DecasProtection","floor":47.0},{"not_picked":["champ:GladiatorStyle","champ:DefensiveShout+1"],"picked":"champ:Duel+1","floor":49.0},{"not_picked":["champ:Backstep","champ:PerfectedStrike+1"],"picked":"champ:FlashCut+1","floor":52.0}],"player_experience":1183492,"relics_obtained":[{"floor":8.0,"key":"War Paint"},{"floor":9.0,"key":"CloakClasp"},{"floor":22.0,"key":"Smiling Mask"},{"floor":24.0,"key":"Vajra"},{"floor":39.0,"key":"Thread and Needle"},{"floor":41.0,"key":"Toy Ornithopter"},{"floor":44.0,"key":"Oddly Smooth Stone"},{"floor":48.0,"key":"Turnip"},{"floor":52.0,"key":"Pear"}],"event_choices":[{"damage_healed":8.0,"max_hp_gain":0.0,"max_hp_loss":0.0,"gold_gain":0.0,"event_name":"Wheel of Change","player_choice":"Full Heal","floor":11.0,"gold_loss":0.0,"damage_taken":0.0},{"damage_healed":0.0,"max_hp_gain":0.0,"max_hp_loss":0.0,"gold_gain":0.0,"event_name":"Mysterious Sphere","player_choice":"Fight","floor":39.0,"gold_loss":0.0,"damage_taken":0.0},{"cards_removed":["champ:VampiricStrike"],"damage_healed":0.0,"max_hp_gain":0.0,"max_hp_loss":0.0,"gold_gain":0.0,"event_name":"Falling","player_choice":"Removed Attack","floor":42.0,"gold_loss":0.0,"damage_taken":0.0}],"is_beta":false,"boss_relics":[{"not_picked":["Runic Pyramid","Busted Crown"],"picked":"Coffee Dripper"},{"not_picked":["Cursed Key","Snecko Eye"],"picked":"Astrolabe"}],"items_purged_floors":[29,37,53],"is_endless":false,"potions_floor_spawned":[3,5,8,9,19,27,32,46,48],"killed_by":"downfall:NeowBoss","ascension_level":0}}