{"host":"Ian","time":1608034383,"event":{"mods":["BaseMod","Bestiary","Block Reminder","Colored Map","Highlight Path","Key Reminder","Minty Spire (QoL Compilation)","Relic Stats"],"gold_per_floor":[111,111,125,137,152,187,187,217,243,243,243,243,243,254,254,332,332,303,63,74,74,74,74,107,119,186,198,210,222,244,181,193,205,205],"floor_reached":33,"playtime":1309,"items_purged":["Strike_R"],"score":542,"play_id":"66a85ee6-46aa-4b28-889b-0f55b5555c8e","local_time":"20201215121303","is_ascension_mode":true,"campfire_choices":[{"data":"Mayhem","floor":7,"key":"SMITH"},{"data":"Disarm","floor":10,"key":"SMITH"},{"floor":13,"key":"REST"},{"data":"Bash","floor":15,"key":"SMITH"},{"floor":23,"key":"REST"},{"data":"Armaments","floor":25,"key":"SMITH"},{"data":"Shockwave","floor":29,"key":"SMITH"},{"data":"Disarm","floor":32,"key":"SMITH"}],"circlet_count":0,"master_deck":["AscendersBane","Defend_R","Defend_R","Defend_R","Defend_R","Bash+1","Mayhem+1","Infernal Blade","Armaments+1","Pommel Strike","Disarm+1","Barricade+1","Rampage","Disarm+1","Bludgeon","True Grit+1","Shockwave+1","Twin Strike","Dual Wield"],"relics":["Burning Blood","GremlinMask","HornCleat","Tiny Chest","keyreminder:keyreminder","Sozu","Juzu Bracelet","Nilry\u0027s Codex","Dead Branch","MawBank","Bag of Marbles"],"acts_visited":["Exordium","TheCity"],"potions_floor_usage":[6,6,8,16],"damage_taken":[{"damage":11,"enemies":"Jaw Worm","floor":1,"turns":6},{"damage":6,"enemies":"Cultist","floor":3,"turns":3},{"damage":1,"enemies":"2 Louse","floor":4,"turns":3},{"damage":7,"enemies":"Looter","floor":5,"turns":4},{"damage":8,"enemies":"Gremlin Nob","floor":6,"turns":3},{"damage":41,"enemies":"3 Sentries","floor":8,"turns":10},{"damage":1,"enemies":"2 Fungi Beasts","floor":14,"turns":3},{"damage":5,"enemies":"The Guardian","floor":16,"turns":10},{"damage":22,"enemies":"2 Thieves","floor":18,"turns":4},{"damage":0,"enemies":"Chosen","floor":20,"turns":6},{"damage":8,"enemies":"Book of Stabbing","floor":24,"turns":6},{"damage":0,"enemies":"Snecko","floor":30,"turns":4},{"damage":69,"enemies":"Collector","floor":33,"turns":6}],"seed_played":"4137746948637454188","potions_obtained":[{"floor":3,"key":"SteroidPotion"},{"floor":4,"key":"AttackPotion"},{"floor":6,"key":"Regen Potion"},{"floor":14,"key":"DuplicationPotion"}],"is_trial":false,"path_per_floor":["M","?","M","M","M","E","R","E","T","R","?","?","R","M","R","B",null,"M","$","M","?","T","R","E","R","T","?","?","R","M","?","R","B"],"character_chosen":"IRONCLAD","items_purchased":["Juzu Bracelet"],"campfire_rested":2,"item_purchase_floors":[19],"current_hp_per_floor":[63,63,63,68,67,65,65,44,44,44,24,24,44,49,49,50,64,48,48,54,33,33,53,51,51,51,51,51,51,57,57,57,0,0],"gold":205,"neow_bonus":"RANDOM_COLORLESS_2","is_daily":false,"chose_seed":false,"campfire_upgraded":6,"win_rate":0.0,"timestamp":1608034383,"path_taken":["M","?","M","?","M","E","R","E","T","R","?","?","R","M","R","BOSS","M","$","M","?","?","R","E","R","T","?","?","R","M","?","R","BOSS"],"items_purchased_type":["Relic"],"build_version":"2020-12-07","purchased_purges":1,"victory":false,"max_hp_per_floor":[68,68,68,68,68,68,68,68,68,68,68,68,68,68,68,68,68,68,68,68,68,68,68,68,68,68,68,68,68,68,68,68,68,68],"relic_stats":{"Sozu":2,"counters":[13,68],"Dead Branch":[23],"Tiny Chest":1,"Juzu Bracelet":1,"MawBank":108,"obtain_stats":[{"keyreminder:keyreminder":9,"Sozu":17,"HornCleat":6,"Nilry\u0027s Codex":21,"Dead Branch":22,"GremlinMask":2,"Tiny Chest":8,"Juzu Bracelet":19,"Bag of Marbles":26,"MawBank":24,"Burning Blood":0},{"keyreminder:keyreminder":6,"Sozu":8,"HornCleat":5,"Nilry\u0027s Codex":10,"Dead Branch":10,"GremlinMask":1,"Tiny Chest":6,"Juzu Bracelet":9,"Bag of Marbles":11,"MawBank":11,"Burning Blood":0},{"keyreminder:keyreminder":29,"Sozu":42,"HornCleat":19,"Nilry\u0027s Codex":52,"Dead Branch":52,"GremlinMask":6,"Tiny Chest":29,"Juzu Bracelet":46,"Bag of Marbles":58,"MawBank":58,"Burning Blood":0}],"Burning Blood":72},"card_choices":[{"not_picked":["Master of Strategy","Apotheosis"],"picked":"Mayhem","floor":0},{"not_picked":["Bloodletting","Warcry"],"picked":"Infernal Blade","floor":1},{"not_picked":["Anger","Entrench"],"picked":"Armaments","floor":3},{"not_picked":["Sword Boomerang","Entrench"],"picked":"Pommel Strike","floor":4},{"not_picked":["Seeing Red","Reckless Charge"],"picked":"Disarm","floor":5},{"not_picked":["Cleave","Evolve"],"picked":"Barricade","floor":6},{"not_picked":["Seeing Red","Havoc"],"picked":"Rampage","floor":8},{"not_picked":["Combust","Clash"],"picked":"Disarm","floor":14},{"not_picked":["Feed","Reaper"],"picked":"Bludgeon","floor":16},{"not_picked":["Perfected Strike","Blood for Blood","Heavy Blade"],"picked":"SKIP","floor":18},{"not_picked":["Twin Strike","Body Slam"],"picked":"True Grit+1","floor":20},{"not_picked":["Perfected Strike","Bludgeon","Clash"],"picked":"SKIP","floor":24},{"not_picked":["Body Slam","Reckless Charge+1"],"picked":"Dual Wield","floor":30}],"player_experience":2523676,"relics_obtained":[{"floor":6,"key":"HornCleat"},{"floor":8,"key":"Tiny Chest"},{"floor":21,"key":"Nilry\u0027s Codex"},{"floor":22,"key":"Dead Branch"},{"floor":24,"key":"MawBank"},{"floor":26,"key":"Bag of Marbles"}],"event_choices":[{"damage_healed":0,"gold_gain":0,"player_choice":"Trade","damage_taken":0,"relics_obtained":["GremlinMask"],"max_hp_gain":0,"max_hp_loss":0,"event_name":"FaceTrader","floor":2,"gold_loss":0},{"damage_healed":0,"gold_gain":0,"player_choice":"Entered Light","damage_taken":20,"max_hp_gain":0,"max_hp_loss":0,"event_name":"Shining Light","floor":11,"gold_loss":0,"cards_upgraded":["Strike_R","Barricade"]},{"damage_healed":0,"gold_gain":0,"player_choice":"Ignored","damage_taken":0,"max_hp_gain":0,"max_hp_loss":0,"event_name":"Liars Game","floor":12,"gold_loss":0},{"damage_healed":0,"gold_gain":0,"player_choice":"Obtained Book","damage_taken":21,"max_hp_gain":0,"max_hp_loss":0,"event_name":"Cursed Tome","floor":21,"gold_loss":0},{"damage_healed":0,"gold_gain":0,"cards_transformed":["Strike_R","Strike_R"],"player_choice":"Became Test Subject","damage_taken":0,"max_hp_gain":0,"max_hp_loss":0,"event_name":"Drug Dealer","floor":27,"gold_loss":0,"cards_obtained":["Shockwave","Twin Strike"]},{"cards_removed":["Strike_R"],"damage_healed":0,"gold_gain":0,"player_choice":"Elegance","damage_taken":0,"max_hp_gain":0,"max_hp_loss":0,"event_name":"Back to Basics","floor":28,"gold_loss":0},{"cards_removed":["Strike_R"],"damage_healed":0,"gold_gain":0,"player_choice":"Gave Gold","damage_taken":0,"max_hp_gain":0,"max_hp_loss":0,"event_name":"Beggar","floor":31,"gold_loss":75}],"is_beta":true,"boss_relics":[{"not_picked":["Coffee Dripper","Astrolabe"],"picked":"Sozu"}],"items_purged_floors":[19],"is_endless":false,"potions_floor_spawned":[3,4,6,14,20,30],"killed_by":"Collector","ascension_level":20}}