{"host":"ueef25wtkg2eer3h","time":1608029898,"event":{"mods":["AchievementEnabler","BaseMod","Colored Map","Colored Powertips","DeckTracker","Displayed Cursed Tome","Googly Eyes","Highlight Path","Minty Spire (QoL Compilation)","Slay the Relics Exporter","StSLib"],"gold_per_floor":[11,30,40,53,328,328,363,377,377,78,96,96,124,140,140,236,236,251,251,251,166,191,191,191,191],"floor_reached":24,"playtime":943,"items_purged":["Regret"],"score":319,"play_id":"25a304c6-1314-452d-8e61-58d081ca9f4a","local_time":"20201215115818","is_ascension_mode":true,"campfire_choices":[{"floor":6,"key":"REST"},{"floor":12,"key":"REST"},{"data":"Glacier","floor":15,"key":"SMITH"},{"floor":23,"key":"REST"}],"circlet_count":0,"master_deck":["AscendersBane","Strike_B","Strike_B","Strike_B","Strike_B","Defend_B","Defend_B","Defend_B","Defend_B","Zap","Dualcast","The Bomb","Conserve Battery","Creative AI","Ball Lightning","Doom and Gloom","Go for the Eyes","Conserve Battery","Self Repair","Chill","Coolheaded","Gash","Double Energy","Aggregate","Glacier+1","Echo Form","Streamline+1","J.A.X.","Gash"],"relics":["Cracked Core","Bronze Scales","Mummified Hand","Kunai","Inserter","Frozen Egg 2","Dream Catcher"],"acts_visited":["Exordium","TheCity"],"potions_floor_usage":[7,8,18,24],"damage_taken":[{"damage":8,"enemies":"Small Slimes","floor":1,"turns":3},{"damage":1,"enemies":"Cultist","floor":2,"turns":4},{"damage":8,"enemies":"2 Louse","floor":3,"turns":2},{"damage":12,"enemies":"Looter","floor":4,"turns":3},{"damage":18,"enemies":"3 Sentries","floor":7,"turns":5},{"damage":10,"enemies":"Exordium Thugs","floor":8,"turns":4},{"damage":0,"enemies":"2 Fungi Beasts","floor":11,"turns":2},{"damage":14,"enemies":"Lagavulin","floor":13,"turns":6},{"damage":10,"enemies":"Large Slime","floor":14,"turns":5},{"damage":43,"enemies":"Slime Boss","floor":16,"turns":10},{"damage":5,"enemies":"3 Byrds","floor":18,"turns":2},{"damage":73,"enemies":"Gremlin Leader","floor":24,"turns":8}],"seed_played":"-2984952029738035073","potions_obtained":[{"floor":2,"key":"Block Potion"},{"floor":4,"key":"Block Potion"},{"floor":13,"key":"SkillPotion"},{"floor":14,"key":"LiquidBronze"},{"floor":16,"key":"Energy Potion"}],"is_trial":false,"path_per_floor":["M","M","M","M","?","R","E","M","T","$","M","R","E","M","R","B",null,"M","?","?","?","T","R","E"],"character_chosen":"DEFECT","items_purchased":["Self Repair","Chill","Coolheaded","Gash"],"campfire_rested":3,"item_purchase_floors":[10,10,10,10],"current_hp_per_floor":[60,59,51,39,39,61,43,33,33,33,33,55,48,45,45,9,59,61,47,47,47,47,71,0,0],"gold":191,"neow_bonus":"RANDOM_COLORLESS_2","is_daily":false,"chose_seed":false,"campfire_upgraded":1,"win_rate":0.0,"timestamp":1608029898,"path_taken":["M","M","M","M","?","R","E","M","T","$","M","R","E","?","R","BOSS","M","?","?","?","?","R","E"],"items_purchased_type":["Card","Card","Card","Card"],"build_version":"2020-12-13","purchased_purges":1,"victory":false,"max_hp_per_floor":[75,75,75,75,75,75,75,75,75,75,75,75,75,75,75,75,75,75,80,80,80,80,80,80,80],"card_choices":[{"not_picked":["Chrysalis","Secret Technique"],"picked":"The Bomb","floor":0},{"not_picked":["Hologram","Stack"],"picked":"Conserve Battery","floor":1},{"not_picked":["Hello World","Rebound"],"picked":"Creative AI","floor":2},{"not_picked":["Blizzard","White Noise"],"picked":"Ball Lightning","floor":3},{"not_picked":["Go for the Eyes","Beam Cell"],"picked":"Doom and Gloom","floor":4},{"not_picked":["Recycle","Scrape"],"picked":"Go for the Eyes","floor":7},{"not_picked":["Scrape","Undo"],"picked":"Conserve Battery","floor":8},{"not_picked":["Hello World","Steam Power"],"picked":"Double Energy","floor":11},{"not_picked":["Turbo","Darkness"],"picked":"Aggregate","floor":13},{"not_picked":["Beam Cell","Melter"],"picked":"Glacier","floor":14},{"not_picked":["Meteor Strike","Core Surge"],"picked":"Echo Form","floor":16},{"not_picked":["Rebound","Leap"],"picked":"Streamline+1","floor":18},{"not_picked":["Skim+1","Coolheaded"],"picked":"Gash","floor":23}],"player_experience":259353,"relics_obtained":[{"floor":7,"key":"Bronze Scales"},{"floor":9,"key":"Mummified Hand"},{"floor":13,"key":"Kunai"},{"floor":22,"key":"Dream Catcher"}],"event_choices":[{"damage_healed":0,"gold_gain":275,"player_choice":"Desecrate","damage_taken":0,"max_hp_gain":0,"max_hp_loss":0,"event_name":"Golden Shrine","floor":5,"gold_loss":0,"cards_obtained":["Regret"]},{"damage_healed":0,"gold_gain":0,"player_choice":"Shed Blood","damage_taken":19,"max_hp_gain":5,"max_hp_loss":0,"event_name":"Forgotten Altar","floor":19,"gold_loss":0},{"damage_healed":0,"gold_gain":0,"player_choice":"Obtain J.A.X.","damage_taken":0,"max_hp_gain":0,"max_hp_loss":0,"event_name":"Drug Dealer","floor":20,"gold_loss":0,"cards_obtained":["J.A.X."]},{"damage_healed":0,"gold_gain":0,"player_choice":"Obtained Relic","damage_taken":0,"relics_obtained":["Frozen Egg 2"],"max_hp_gain":0,"max_hp_loss":0,"event_name":"Addict","floor":21,"gold_loss":85}],"is_beta":false,"boss_relics":[{"not_picked":["Nuclear Battery","Velvet Choker"],"picked":"Inserter"}],"items_purged_floors":[10],"is_endless":false,"potions_floor_spawned":[2,4,13,14,16],"killed_by":"Gremlin Leader","ascension_level":11}}