{"host":"auv68s8i97pkmhwr","time":1608029927,"event":{"mods":["AchievementEnabler","BaseMod","Best Route Mod","Bestiary","Better Altar","Better Match","Better Note","Better Sensory Stone","Better Skull","Better Third Choice","Better Vampires","BetterRewards","Block Reminder","Colored Map","Colored Powertips","Displayed Cursed Tome","Minty Spire (QoL Compilation)","StSLib","SuperFastMode","Uncapped","Unceasing Turn Reminder"],"gold_per_floor":[115,134,134,134,144,175,175,175,254,280,280,341,366,391,391,493,493,503,523,193,208,308,308,335,352,405,431,448,483,499,512,512,609,609,629,555,568,578,594,594,594,625,625,625,655,681,708,747,759,771,783,795,90,124,124,124],"floor_reached":55,"playtime":2994,"items_purged":["Strike_R","Strike_R","Strike_R","Strike_R"],"score":1633,"play_id":"47c962d8-41f1-41bb-94c3-7342ed871190","local_time":"20201215185847","is_ascension_mode":true,"campfire_choices":[{"data":"1","floor":8.0,"key":"LIFT"},{"data":"2","floor":11.0,"key":"LIFT"},{"data":"3","floor":15.0,"key":"LIFT"},{"data":"Barricade","floor":23.0,"key":"SMITH"},{"data":"Sword Boomerang","floor":32.0,"key":"SMITH"},{"data":"Whirlwind","floor":40.0,"key":"SMITH"},{"data":"Shrug It Off","floor":44.0,"key":"SMITH"},{"floor":49.0,"key":"RECALL"},{"data":"Shrug It Off","floor":52.0,"key":"SMITH"}],"circlet_count":0,"master_deck":["AscendersBane","Strike_R","Defend_R","Defend_R","Defend_R","Defend_R","Bash","Cleave","Inflame+1","Shrug It Off+1","Whirlwind+1","Shrug It Off+1","Thunderclap","Barricade+1","Sword Boomerang+1","Feel No Pain+1","Double Tap+1","Disarm+1","Dropkick","Feel No Pain+1","Metallicize+1","Master of Strategy+1","Panache+1","Entrench+1","Body Slam"],"relics":["Burning Blood","Paper Frog","Sling","WingedGreaves","Girya","Charon\u0027s Ashes","Champion Belt","Art of War","Toxic Egg 2","InkBottle","Boot","Sundial","Mummified Hand","Coffee Dripper","Frozen Egg 2","Kunai","Juzu Bracelet","Strawberry","Black Star","Potion Belt","Happy Flower","Pear","StrikeDummy","MawBank","Anchor","Lantern","Ginger","Nunchaku","Bronze Scales"],"acts_visited":["Exordium","TheCity","TheBeyond","TheEnding"],"potions_floor_usage":[54,55,55],"damage_taken":[{"damage":6.0,"enemies":"Cultist","floor":1.0,"turns":3.0},{"damage":0.0,"enemies":"2 Louse","floor":2.0,"turns":2.0},{"damage":0.0,"enemies":"Small Slimes","floor":5.0,"turns":2.0},{"damage":17.0,"enemies":"3 Sentries","floor":6.0,"turns":4.0},{"damage":22.0,"enemies":"Gremlin Nob","floor":10.0,"turns":4.0},{"damage":7.0,"enemies":"3 Sentries","floor":12.0,"turns":4.0},{"damage":22.0,"enemies":"Lagavulin","floor":13.0,"turns":6.0},{"damage":6.0,"enemies":"Gremlin Nob","floor":14.0,"turns":3.0},{"damage":18.0,"enemies":"The Guardian","floor":16.0,"turns":10.0},{"damage":3.0,"enemies":"Spheric Guardian","floor":18.0,"turns":4.0},{"damage":0.0,"enemies":"3 Byrds","floor":19.0,"turns":2.0},{"damage":8.0,"enemies":"Centurion and Healer","floor":21.0,"turns":3.0},{"damage":18.0,"enemies":"Slavers","floor":24.0,"turns":4.0},{"damage":0.0,"enemies":"Cultist and Chosen","floor":25.0,"turns":2.0},{"damage":18.0,"enemies":"Book of Stabbing","floor":27.0,"turns":4.0},{"damage":7.0,"enemies":"Chosen and Byrds","floor":28.0,"turns":3.0},{"damage":2.0,"enemies":"Slavers","floor":29.0,"turns":2.0},{"damage":11.0,"enemies":"Centurion and Healer","floor":30.0,"turns":6.0},{"damage":2.0,"enemies":"Cultist and Chosen","floor":31.0,"turns":3.0},{"damage":34.0,"enemies":"Collector","floor":33.0,"turns":5.0},{"damage":12.0,"enemies":"Orb Walker","floor":35.0,"turns":3.0},{"damage":24.0,"enemies":"3 Darklings","floor":37.0,"turns":3.0},{"damage":35.0,"enemies":"Jaw Worm Horde","floor":38.0,"turns":4.0},{"damage":0.0,"enemies":"Maw","floor":39.0,"turns":8.0},{"damage":15.0,"enemies":"Nemesis","floor":42.0,"turns":5.0},{"damage":0.0,"enemies":"Reptomancer","floor":45.0,"turns":3.0},{"damage":0.0,"enemies":"Transient","floor":46.0,"turns":5.0},{"damage":7.0,"enemies":"Jaw Worm Horde","floor":47.0,"turns":2.0},{"damage":2.0,"enemies":"Nemesis","floor":48.0,"turns":7.0},{"damage":37.0,"enemies":"Time Eater","floor":50.0,"turns":11.0},{"damage":12,"enemies":"Shield and Spear","floor":54,"turns":4},{"damage":80,"enemies":"The Heart","floor":55,"turns":5}],"seed_played":"-6366438753027490028","potions_obtained":[{"floor":1.0,"key":"ElixirPotion"},{"floor":6.0,"key":"SkillPotion"},{"floor":12.0,"key":"SteroidPotion"},{"floor":16.0,"key":"Weak Potion"},{"floor":18.0,"key":"EntropicBrew"},{"floor":21.0,"key":"SmokeBomb"},{"floor":28.0,"key":"FairyPotion"},{"floor":31.0,"key":"Strength Potion"},{"floor":37.0,"key":"ColorlessPotion"},{"floor":39.0,"key":"Weak Potion"},{"floor":42.0,"key":"Energy Potion"},{"floor":47.0,"key":"SteroidPotion"}],"is_trial":false,"path_per_floor":["M","M","?","?","M","E","?","R","T","E","R","?","E","E","R","B",null,"M","M","$","M","?","R","E","M","T","E","M","E","M","M","R","B",null,"M","$","M","M","M","R","?","E","T","R","E","M","M","E","R","B",null,"R","$","E","B"],"character_chosen":"IRONCLAD","items_purchased":["Paper Frog","Cleave","Sling","Girya","Inflame","Shrug It Off","Whirlwind","Frozen Egg 2","Feel No Pain+1","Feel No Pain+1","Body Slam","Fruit Juice","SteroidPotion","Ginger","AttackPotion"],"campfire_rested":0,"item_purchase_floors":[0,0,0,0,0,0,0,20,20,36,53,53,53,53,53],"current_hp_per_floor":[72,78,78,83,85,74,74,74,74,58,58,57,41,41,41,29,71,74,80,80,78,78,78,66,72,72,60,59,70,65,69,69,41,79,73,73,55,26,32,32,32,23,33,33,39,45,44,48,48,17,81,81,81,75,0,0],"gold":124,"neow_bonus":"","is_daily":false,"chose_seed":false,"campfire_upgraded":5,"win_rate":0.0,"timestamp":1608029927,"path_taken":["M","M","?","?","M","E","?","R","T","E","R","?","E","E","R","BOSS","M","M","$","M","?","R","E","M","T","E","M","E","M","M","R","BOSS","M","$","M","M","M","R","?","E","T","R","E","M","M","E","R","BOSS","R","$","E","BOSS"],"items_purchased_type":["Relic","Card","Relic","Relic","Card","Card","Card","Relic","Card","Card","Card","Potion","Potion","Relic","Potion"],"build_version":"2020-12-13","purchased_purges":4,"victory":false,"max_hp_per_floor":[80,80,80,85,85,85,85,85,85,85,85,85,85,85,85,85,85,85,85,85,85,85,85,85,85,85,85,85,92,92,92,92,92,92,92,92,92,92,92,92,92,92,102,102,102,102,102,102,102,102,102,102,102,102,107,107],"card_choices":[{"not_picked":["Flex","Iron Wave","Anger"],"picked":"SKIP","floor":1.0},{"not_picked":["Rupture","Twin Strike","Clash"],"picked":"SKIP","floor":2.0},{"not_picked":["Clothesline","Twin Strike"],"picked":"Shrug It Off","floor":5.0},{"not_picked":["Fire Breathing","Body Slam","Anger"],"picked":"SKIP","floor":6.0},{"not_picked":["Havoc+1","Headbutt","Anger"],"picked":"SKIP","floor":10.0},{"not_picked":["Wild Strike","Sentinel+1","Immolate"],"picked":"SKIP","floor":13.0},{"not_picked":["Iron Wave","Armaments+1"],"picked":"Thunderclap","floor":14.0},{"not_picked":["Offering+1","Immolate"],"picked":"Barricade","floor":16.0},{"not_picked":["Shrug It Off+1","Thunderclap"],"picked":"Sword Boomerang","floor":18.0},{"not_picked":["Bloodletting+1","Iron Wave+1","Havoc+1"],"picked":"SKIP","floor":19.0},{"not_picked":["Clash","Intimidate+1","Cleave"],"picked":"SKIP","floor":21.0},{"not_picked":["Feel No Pain+1","Demon Form+1"],"picked":"Double Tap+1","floor":24.0},{"not_picked":["Heavy Blade","Havoc+1","Shockwave+1"],"picked":"SKIP","floor":25.0},{"not_picked":["Bludgeon","Intimidate+1","Pommel Strike"],"picked":"SKIP","floor":27.0},{"not_picked":["Cleave+1","Uppercut","Intimidate+1"],"picked":"SKIP","floor":28.0},{"not_picked":["Warcry+1","Twin Strike+1"],"picked":"Disarm+1","floor":29.0},{"not_picked":["Heavy Blade+1","Blood for Blood+1"],"picked":"Dropkick","floor":30.0},{"not_picked":["Combust+1","Flex+1","Infernal Blade+1"],"picked":"SKIP","floor":31.0},{"not_picked":["Uppercut+1","Shrug It Off+1","Flex+1"],"picked":"SKIP","floor":35.0},{"not_picked":["Flex+1","Pommel Strike"],"picked":"Metallicize+1","floor":37.0},{"not_picked":["Headbutt","Twin Strike+1","Heavy Blade"],"picked":"SKIP","floor":38.0},{"not_picked":["Ghostly Armor+1","Rupture+1","Perfected Strike+1"],"picked":"SKIP","floor":39.0},{"not_picked":["Swift Strike","Finesse+1"],"picked":"Master of Strategy+1","floor":41.0},{"not_picked":["Magnetism+1","Blind+1"],"picked":"Panache+1","floor":41.0},{"not_picked":["Carnage+1","Uppercut","Rampage+1"],"picked":"SKIP","floor":42.0},{"not_picked":["Dual Wield+1","Headbutt+1","Cleave"],"picked":"SKIP","floor":45.0},{"not_picked":["Cleave+1","Warcry+1","Rage+1"],"picked":"SKIP","floor":46.0},{"not_picked":["Cleave+1","Warcry+1","Rage+1"],"picked":"SKIP","floor":46.0},{"not_picked":["Warcry+1","Clothesline+1","Cleave+1"],"picked":"SKIP","floor":47.0},{"not_picked":["Hemokinesis+1","Limit Break+1"],"picked":"Entrench+1","floor":48.0},{"not_picked":["Havoc+1","Heavy Blade","Flex+1"],"picked":"SKIP","floor":54}],"player_experience":1228705,"relics_obtained":[{"floor":6.0,"key":"Art of War"},{"floor":9.0,"key":"Toxic Egg 2"},{"floor":10.0,"key":"InkBottle"},{"floor":13.0,"key":"Sundial"},{"floor":14.0,"key":"Mummified Hand"},{"floor":24.0,"key":"Kunai"},{"floor":27.0,"key":"Juzu Bracelet"},{"floor":29.0,"key":"Strawberry"},{"floor":42.0,"key":"Potion Belt"},{"floor":42.0,"key":"Happy Flower"},{"floor":43.0,"key":"Pear"},{"floor":45.0,"key":"StrikeDummy"},{"floor":45.0,"key":"MawBank"},{"floor":48.0,"key":"Anchor"},{"floor":48.0,"key":"Lantern"},{"floor":54,"key":"Nunchaku"},{"floor":54,"key":"Bronze Scales"}],"event_choices":[{"damage_healed":0.0,"max_hp_gain":0.0,"max_hp_loss":0.0,"gold_gain":1.0,"event_name":"betterStone:BetterStone","player_choice":"1","floor":3.0,"gold_loss":0.0,"damage_taken":0.0},{"damage_healed":0.0,"max_hp_gain":5.0,"max_hp_loss":0.0,"gold_gain":0.0,"event_name":"Big Fish","player_choice":"Donut","floor":4.0,"gold_loss":0.0,"damage_taken":0.0},{"damage_healed":0.0,"max_hp_gain":0.0,"max_hp_loss":0.0,"gold_gain":0.0,"event_name":"Living Wall","player_choice":"Grow","floor":7.0,"gold_loss":0.0,"damage_taken":0.0,"cards_upgraded":["Inflame"]},{"damage_healed":0.0,"max_hp_gain":0.0,"max_hp_loss":0.0,"gold_gain":0.0,"event_name":"Dead Adventurer","player_choice":"Searched \u00272\u0027 times","floor":12.0,"gold_loss":0.0,"damage_taken":0.0,"relics_obtained":["Boot"]},{"damage_healed":0.0,"max_hp_gain":0.0,"max_hp_loss":0.0,"gold_gain":100.0,"event_name":"Golden Shrine","player_choice":"Pray","floor":22.0,"gold_loss":0.0,"damage_taken":0.0},{"damage_healed":0.0,"max_hp_gain":0.0,"max_hp_loss":0.0,"gold_gain":0.0,"event_name":"betterThird:BetterPortal","player_choice":"Random: Blue","floor":41.0,"gold_loss":0.0,"damage_taken":0.0},{"damage_healed":0.0,"max_hp_gain":0.0,"max_hp_loss":0.0,"gold_gain":3.0,"event_name":"betterStone:BetterStone","player_choice":"1","floor":41.0,"gold_loss":0.0,"damage_taken":0.0}],"is_beta":false,"boss_relics":[{"not_picked":["Runic Cube","SacredBark"],"picked":"Coffee Dripper"},{"not_picked":["Velvet Choker","Snecko Eye"],"picked":"Black Star"}],"items_purged_floors":[0,0,0,53],"is_endless":false,"potions_floor_spawned":[1,6,12,16,18,21,28,31,37,39,42,47],"killed_by":"The Heart","ascension_level":10}}