{"host":"u0f5uy314yz7olfc","time":1608060434,"event":{"mods":["AchievementEnabler","Aspiration","BaseMod","Bestiary","Better Altar","Better Match","Better Note","Better Sensory Stone","Better Skull","Better Synergies","Better Third Choice","Better Vampires","BetterRewards","Block Reminder","Colored Map","Colored Powertips","Dota2Spire","Emptier Cage","Energized Spire","Friendly Minions","GifTheSpireLib","Gold Saver","Highlight Path","Hubris","Infinite Spire","Ironclad Rager","Marked Mod","Minty Spire (QoL Compilation)","Permanent Neow","Quick Restart","Rare Cards Sparkle","Relic Stats","Replay The Spire","Retaliation","Shop Mod","StSLib","The Bladedancer","Watcher Patcher"],"gold_per_floor":[110,110,16,16,28,28,42,74,74,74,74],"floor_reached":10,"playtime":479,"items_purged":[],"score":66,"play_id":"dbe0c2b3-403f-467a-885d-90d9732b683e","local_time":"20201216022714","is_ascension_mode":false,"campfire_choices":[{"floor":6,"key":"RECALL"}],"circlet_count":0,"master_deck":["Strike_P","Strike_P","Strike_P","Strike_P","Defend_P","Defend_P","Defend_P","Defend_P","Eruption","Vigilance","Seeing Red","Rage","Storm","Fusion","Fusion","Crow Ritual","Swift Strike","MarkedMod:GracefulMovements","FollowUp","Heatsinks","FlurryOfBlows","Study"],"relics":["PureWater","aspiration:FrozenJewel","infinitespire:CheckeredPen","Pocketwatch"],"acts_visited":["Exordium"],"potions_floor_usage":[8,8],"damage_taken":[{"damage":0,"enemies":"2 Louse","floor":1,"turns":5},{"damage":0,"enemies":"Jaw Worm","floor":5,"turns":3},{"damage":0,"enemies":"Small Slimes","floor":7,"turns":3},{"damage":54,"enemies":"Lagavulin","floor":8,"turns":4},{"damage":0,"enemies":"3 Sentries","floor":10,"turns":2}],"seed_played":"6131202041562485633","potions_obtained":[{"floor":5,"key":"SneckoOil"},{"floor":7,"key":"PowerPotion"}],"is_trial":false,"path_per_floor":["M","?","$","?","M","R","M","E","T","E"],"character_chosen":"WATCHER","items_purchased":["Seeing Red","Rage","Storm","Fusion","Crow Ritual","aspiration:FrozenJewel","MarkedMod:GracefulMovements","FollowUp"],"campfire_rested":0,"item_purchase_floors":[0,0,0,0,0,0,3,3],"current_hp_per_floor":[40,64,64,64,64,64,64,10,10,10,10],"gold":74,"neow_bonus":"","is_daily":false,"chose_seed":false,"campfire_upgraded":0,"win_rate":0.0,"timestamp":1608060434,"path_taken":["M","?","$","?","M","R","M","E","T","E"],"items_purchased_type":["Card","Card","Card","Card","Card","Relic","Card","Card"],"build_version":"2020-12-13","purchased_purges":0,"victory":false,"max_hp_per_floor":[72,72,72,72,72,72,72,72,72,72,72],"relic_stats":{"counters":[43,170],"obtain_stats":[{"ReplayFunnel":30,"infinitespire:BottledMercury":2,"hubris:Metronome":26,"Lantern":0,"Calipers":12,"Gremlin Horn":25,"Dota2Spire:Vanguard":0,"Dota2Spire:RefresherOrb":17,"hubris:RunicObelisk":34,"hubris:EmptyBottle":39,"Boot":8,"Dota2Spire:LotusOrb":0,"aspiration:StickyExplosives_weak":0,"hubris:Icosahedron":36,"Mummified Hand":0,"Philosopher\u0027s Stone":17,"Runic Pyramid":17,"Potion Belt":8,"MerchantsRug":3,"Replay:M_StaffOfTheSnake":0,"Dota2Spire:UrnOfShadows":3,"Happy Flower":22,"aspiration:Nostalgia":0,"ReplayTheSpireMod:CursedCoin":3,"Counterbalance":0,"Replay:Grab Bag":17,"Damaru":22,"Dota2Spire:Bloodstone":39,"infinitespire:CheckeredPen":4,"hubris:Towel":2,"Medical Kit":5,"MawBank":12,"aspiration:FrozenJewel":0,"Du-Vu Doll":5,"Bronze Scales":6,"Orrery":0,"HolyWater":17,"Nloth\u0027s Gift":21,"Membership Card":2,"PureWater":0,"ReplayTheSpireMod:Lightbulb":9,"Pocketwatch":8},{"ReplayFunnel":26,"infinitespire:BottledMercury":32,"hubris:Metronome":23,"Lantern":31,"Calipers":19,"Gremlin Horn":23,"Dota2Spire:Vanguard":14,"Dota2Spire:RefresherOrb":20,"hubris:RunicObelisk":28,"hubris:EmptyBottle":30,"Boot":10,"Dota2Spire:LotusOrb":0,"aspiration:StickyExplosives_weak":11,"hubris:Icosahedron":29,"Mummified Hand":5,"Philosopher\u0027s Stone":20,"Runic Pyramid":20,"Potion Belt":18,"MerchantsRug":2,"Replay:M_StaffOfTheSnake":0,"Dota2Spire:UrnOfShadows":2,"Happy Flower":22,"aspiration:Nostalgia":0,"ReplayTheSpireMod:CursedCoin":2,"Counterbalance":0,"Replay:Grab Bag":20,"Damaru":22,"Dota2Spire:Bloodstone":30,"infinitespire:CheckeredPen":39,"hubris:Towel":12,"Medical Kit":33,"MawBank":36,"aspiration:FrozenJewel":38,"Du-Vu Doll":33,"Bronze Scales":34,"Orrery":11,"HolyWater":20,"Nloth\u0027s Gift":22,"Membership Card":32,"PureWater":0,"ReplayTheSpireMod:Lightbulb":2,"Pocketwatch":42},{"ReplayFunnel":105,"infinitespire:BottledMercury":133,"hubris:Metronome":91,"Lantern":131,"Calipers":68,"Gremlin Horn":91,"Dota2Spire:Vanguard":48,"Dota2Spire:RefresherOrb":79,"hubris:RunicObelisk":118,"hubris:EmptyBottle":129,"Boot":35,"Dota2Spire:LotusOrb":0,"aspiration:StickyExplosives_weak":37,"hubris:Icosahedron":126,"Mummified Hand":16,"Philosopher\u0027s Stone":79,"Runic Pyramid":79,"Potion Belt":63,"MerchantsRug":4,"Replay:M_StaffOfTheSnake":0,"Dota2Spire:UrnOfShadows":4,"Happy Flower":87,"aspiration:Nostalgia":0,"ReplayTheSpireMod:CursedCoin":4,"Counterbalance":0,"Replay:Grab Bag":79,"Damaru":87,"Dota2Spire:Bloodstone":129,"infinitespire:CheckeredPen":158,"hubris:Towel":42,"Medical Kit":136,"MawBank":147,"aspiration:FrozenJewel":153,"Du-Vu Doll":136,"Bronze Scales":139,"Orrery":37,"HolyWater":79,"Nloth\u0027s Gift":87,"Membership Card":133,"PureWater":0,"ReplayTheSpireMod:Lightbulb":4,"Pocketwatch":168}],"Pocketwatch":[0]},"card_choices":[{"not_picked":["ClearTheMind","EmptyFist"],"picked":"Swift Strike","floor":1},{"not_picked":["Vengeance","Outmaneuver"],"picked":"Heatsinks","floor":5},{"not_picked":["WreathOfFlame","Underhanded Strike"],"picked":"FlurryOfBlows","floor":7},{"not_picked":["Meditate","Replay:ManipulateFuture"],"picked":"Study","floor":8}],"player_experience":298211,"relics_obtained":[{"floor":8,"key":"Pocketwatch"}],"event_choices":[{"damage_healed":24,"gold_gain":0,"player_choice":"Banana","damage_taken":0,"max_hp_gain":0,"max_hp_loss":0,"event_name":"Big Fish","floor":2,"gold_loss":0}],"is_beta":false,"boss_relics":[],"items_purged_floors":[],"is_endless":false,"potions_floor_spawned":[5,7],"killed_by":"3 Sentries","ascension_level":0}}