{"host":"7krnriczr1b2ou5r","time":1608068550,"event":{"mods":["BaseMod","Keyboard Shortcuts","Minty Spire (QoL Compilation)","Relic Stats","StSLib","The Dragon Tamer","The Poker Player"],"gold_per_floor":[110,121,135,155,173,173,188,205,230,242,329,357,387,108,108,206,206,220,237,237,152,102,102,102,102,125,143,158,158,158],"floor_reached":29,"playtime":1519,"items_purged":["DTMod:Strike"],"score":271,"play_id":"99987ad8-814d-473b-a4d6-09a35278194c","local_time":"20201216064230","is_ascension_mode":false,"metric_token":479,"campfire_choices":[{"data":"DTMod:FlameSlash","floor":6.0,"key":"SMITH"},{"data":"DTMod:Training","floor":15.0,"key":"SMITH"},{"data":"DTMod:SealedStrike","floor":23.0,"key":"SMITH"},{"data":"DTMod:SealedStrike+1","floor":24.0,"key":"SMITH"},{"data":"DTMod:SealedStrike+2","floor":25.0,"key":"SMITH"}],"dtmod_dragon_data":[8,50,3,-1,10,0],"circlet_count":0,"master_deck":["DTMod:Strike","DTMod:DoubleHit","DTMod:TargetDefense","DTMod:TargetDefense","DTMod:SwitchingTactic","DTMod:WarmUp","DTMod:Cover","DTMod:FlameSlash+1","DTMod:BuildUp","DTMod:Training+1","DTMod:StarRain","DTMod:ComboAttack","DTMod:Harmonize","DTMod:SealedStrike+3","DTMod:CalculatedDefense+1","DTMod:Coolant+1","DTMod:MaximumCharge+1","DTMod:Training","DTMod:ShieldDrain"],"relics":["DTMod:PactStone","NeowsBlessing","MawBank","Astrolabe","WingedGreaves","Ginger","Centennial Puzzle","WingedGreaves"],"acts_visited":["Exordium","TheCity"],"potions_floor_usage":[29],"damage_taken":[{"damage":0.0,"enemies":"Cultist","floor":1.0,"turns":1.0},{"damage":0.0,"enemies":"Small Slimes","floor":2.0,"turns":1.0},{"damage":0.0,"enemies":"2 Louse","floor":3.0,"turns":1.0},{"damage":0.0,"enemies":"Red Slaver","floor":4.0,"turns":4.0},{"damage":0.0,"enemies":"Gremlin Gang","floor":5.0,"turns":2.0},{"damage":0.0,"enemies":"Blue Slaver","floor":7.0,"turns":3.0},{"damage":0.0,"enemies":"Red Slaver","floor":8.0,"turns":4.0},{"damage":0.0,"enemies":"Looter","floor":12.0,"turns":3.0},{"damage":0.0,"enemies":"Large Slime","floor":13.0,"turns":7.0},{"damage":0.0,"enemies":"Slime Boss","floor":16.0,"turns":7.0},{"damage":0.0,"enemies":"Spheric Guardian","floor":18.0,"turns":3.0},{"damage":0.0,"enemies":"Shell Parasite","floor":19.0,"turns":5.0},{"damage":0.0,"enemies":"Centurion and Healer","floor":27.0,"turns":4.0},{"damage":14.0,"enemies":"Chosen and Byrds","floor":28.0,"turns":6.0},{"damage":34,"enemies":"Gremlin Leader","floor":29,"turns":6}],"seed_played":"3232371159155690388","potions_obtained":[{"floor":1.0,"key":"AttackPotion"},{"floor":7.0,"key":"SteroidPotion"},{"floor":8.0,"key":"Dexterity Potion"},{"floor":12.0,"key":"ColorlessPotion"},{"floor":16.0,"key":"ColorlessPotion"},{"floor":18.0,"key":"Swift Potion"},{"floor":28,"key":"Weak Potion"}],"is_trial":false,"path_per_floor":["M","M","M","M","M","R","M","M","T","?","?","M","M","$","R","B",null,"M","M","?","?","?","R","R","R","T","M","M","E"],"character_chosen":"THE_DT","items_purchased":["DTMod:ComboAttack","DTMod:Harmonize"],"campfire_rested":0,"item_purchase_floors":[14,14],"current_hp_per_floor":[45,45,45,45,45,45,45,45,45,38,34,34,34,34,34,34,45,45,45,45,45,45,45,45,45,45,45,31,0,0],"gold":158,"neow_bonus":"THREE_ENEMY_KILL","is_daily":false,"chose_seed":false,"campfire_upgraded":5,"win_rate":0.0,"timestamp":1608068550,"path_taken":["M","M","M","M","M","R","M","M","T","?","?","?","M","$","R","BOSS","M","?","?","?","?","R","R","R","T","M","M","E"],"items_purchased_type":["Card","Card"],"build_version":"2020-12-13","purchased_purges":1,"victory":false,"max_hp_per_floor":[45,45,45,45,45,45,45,45,45,45,45,45,45,45,45,45,45,45,45,45,45,45,45,45,45,45,45,45,45,45],"relic_stats":{"Centennial Puzzle":[6],"counters":[15,57],"Astrolabe":["DTMod:CalculatedDefense","DTMod:Coolant","DTMod:MaximumCharge"],"Ginger":[0],"MawBank":60,"obtain_stats":[{"Centennial Puzzle":26,"DTMod:PactStone":0,"NeowsBlessing":0,"Astrolabe":17,"WingedGreaves":18,"Ginger":21,"MawBank":9},{"Centennial Puzzle":12,"DTMod:PactStone":0,"NeowsBlessing":0,"Astrolabe":10,"WingedGreaves":11,"Ginger":12,"MawBank":7},{"Centennial Puzzle":41,"DTMod:PactStone":0,"NeowsBlessing":0,"Astrolabe":33,"WingedGreaves":36,"Ginger":41,"MawBank":16}]},"card_choices":[{"not_picked":["DTMod:Coolant","DTMod:BreakAttack"],"picked":"DTMod:WarmUp","floor":1.0},{"not_picked":["DTMod:FlameSlash","DTMod:Hide"],"picked":"DTMod:Cover","floor":2.0},{"not_picked":["DTMod:Weaken","DTMod:MasterPlan"],"picked":"DTMod:FlameSlash","floor":3.0},{"not_picked":["DTMod:MasterPlan","DTMod:ExcessFootwork","DTMod:TauntingStrike"],"picked":"SKIP","floor":4.0},{"not_picked":["DTMod:Conduct","DTMod:RunningTactic","DTMod:GhostSkin"],"picked":"SKIP","floor":5.0},{"not_picked":["DTMod:QuickFly","DTMod:CalculatedDefense","DTMod:MaximumCharge"],"picked":"SKIP","floor":7.0},{"not_picked":["DTMod:Adaptation","DTMod:Punisher"],"picked":"DTMod:BuildUp","floor":8.0},{"not_picked":["DTMod:Hide","DTMod:CalculatedDefense"],"picked":"DTMod:Training","floor":12.0},{"not_picked":["DTMod:Observe","DTMod:ForkedFire"],"picked":"DTMod:StarRain","floor":13.0},{"not_picked":["DTMod:ResonanceForm","DTMod:Outburst"],"picked":"DTMod:SealedStrike","floor":16.0},{"not_picked":["DTMod:CleansingStrike","DTMod:Cover","DTMod:MagicField"],"picked":"SKIP","floor":18.0},{"not_picked":["DTMod:MasterPlan+1","DTMod:BlazingStrike"],"picked":"DTMod:Training","floor":19.0},{"not_picked":["DTMod:MasterPlan","DTMod:ShieldDrain","DTMod:HeatWave"],"picked":"SKIP","floor":27.0},{"not_picked":["DTMod:Conduct","DTMod:MagicField","DTMod:ShieldDrain"],"picked":"SKIP","floor":28}],"player_experience":1093659,"relics_obtained":[{"floor":9.0,"key":"MawBank"},{"floor":26.0,"key":"Centennial Puzzle"}],"event_choices":[{"cards_removed":["DTMod:Strike"],"damage_healed":0.0,"max_hp_gain":0.0,"max_hp_loss":0.0,"gold_gain":0.0,"event_name":"Golden Wing","player_choice":"Card Removal","floor":10.0,"gold_loss":0.0,"damage_taken":7.0},{"damage_healed":0.0,"max_hp_gain":0.0,"max_hp_loss":0.0,"gold_gain":75.0,"event_name":"FaceTrader","player_choice":"Touch","floor":11.0,"gold_loss":0.0,"damage_taken":4.0},{"damage_healed":0.0,"max_hp_gain":0.0,"max_hp_loss":0.0,"gold_gain":0.0,"event_name":"The Library","player_choice":"Read","floor":20.0,"gold_loss":0.0,"damage_taken":0.0,"cards_obtained":["DTMod:ShieldDrain"]},{"damage_healed":0.0,"max_hp_gain":0.0,"max_hp_loss":0.0,"gold_gain":0.0,"event_name":"Addict","player_choice":"Obtained Relic","floor":21.0,"gold_loss":85.0,"damage_taken":0.0,"relics_obtained":["Ginger"]},{"damage_healed":0.0,"max_hp_gain":0.0,"max_hp_loss":0.0,"gold_gain":0.0,"event_name":"The Joust","player_choice":"Bet on Owner","floor":22.0,"gold_loss":50.0,"damage_taken":0.0}],"is_beta":false,"boss_relics":[{"not_picked":["SlaversCollar","Cursed Key"],"picked":"Astrolabe"}],"items_purged_floors":[14],"is_endless":false,"potions_floor_spawned":[1,7,8,12,16,18,28],"killed_by":"Gremlin Leader","ascension_level":0}}