{"host":"o3b7ow6d1xe49css","time":1608007981,"event":{"mods":["2.2 Compatiblity","Act Like it!","Aspiration","BaseMod","Bestiary","Better Altar","Better Match","Better Note","Better Sensory Stone","Better Skull","Better Third Choice","Colored Powertips","Conspire","Downfall","Elementarium","Energized Spire","GifTheSpireLib","Halation","Hermit","Hubris","Infinite Spire","Minty Spire (QoL Compilation)","Quick Restart","Replay The Spire","Spicy Shops","Spikes Relics","StSLib","Stuff the Spire","The Blue Laboratory","The Jungle","Wandering Minibosses","vexMod"],"gold_per_floor":[119,129,145,220,230,230,230],"floor_reached":6,"playtime":196,"items_purged":[],"score":48,"play_id":"2024bfaa-c2c2-466a-bb9a-a6780675bd4d","local_time":"20201214195301","daily_mods":["Heirloom","Flight","Elite Swarm"],"is_ascension_mode":true,"campfire_choices":[],"circlet_count":0,"master_deck":["Strike_P","Strike_P","Strike_P","Strike_P","Defend_P","Defend_P","Defend_P","Defend_P","Eruption","Vigilance","Prostrate","Perseverance","MentalFortress"],"relics":["PureWater","Ring of Chaos","halation:SwordOfLegend"],"acts_visited":["Exordium"],"potions_floor_usage":[5],"damage_taken":[{"damage":0,"enemies":"2 Louse","floor":1,"turns":3},{"damage":0,"enemies":"Cultist","floor":2,"turns":3},{"damage":2,"enemies":"Small Slimes","floor":3,"turns":4},{"damage":24,"enemies":"Blue Slaver","floor":5,"turns":6},{"damage":64,"enemies":"Gremlin Nob","floor":6,"turns":3}],"seed_played":"-2168836477842750338","potions_obtained":[{"floor":3,"key":"BlessingOfTheForge"}],"is_trial":true,"path_per_floor":["M","M","M","?","M","E"],"character_chosen":"WATCHER","items_purchased":[],"campfire_rested":0,"item_purchase_floors":[],"current_hp_per_floor":[72,72,70,63,39,0,0],"gold":230,"neow_bonus":"","is_daily":false,"chose_seed":false,"campfire_upgraded":0,"win_rate":0.0,"timestamp":1608007981,"path_taken":["M","M","M","?","M","E"],"items_purchased_type":[],"build_version":"2020-12-13","purchased_purges":0,"victory":false,"max_hp_per_floor":[72,72,72,72,72,72,72],"card_choices":[{"not_picked":["Replay:ManipulateFuture","FollowUp"],"picked":"Prostrate","floor":1},{"not_picked":["Crescendo","Replay:ManipulateFuture"],"picked":"Perseverance","floor":2},{"not_picked":["Replay:Battleflow","Replay:AtTheReady"],"picked":"MentalFortress","floor":3},{"not_picked":["Replay:AtTheReady","ClearTheMind","JustLucky"],"picked":"SKIP","floor":5}],"player_experience":1704814,"relics_obtained":[],"event_choices":[{"damage_healed":0,"gold_gain":75,"player_choice":"Touch","damage_taken":7,"max_hp_gain":0,"max_hp_loss":0,"event_name":"FaceTrader","floor":4,"gold_loss":0}],"is_beta":false,"boss_relics":[],"items_purged_floors":[],"is_endless":false,"potions_floor_spawned":[3],"killed_by":"Gremlin Nob","ascension_level":5}}