{"host":"daa8jqyg4gqfaysm","time":1608032608,"event":{"mods":["BaseMod","Colored Powertips","Minty Spire (QoL Compilation)","StSLib"],"gold_per_floor":[18,31,31,48,60,60,60,85,85,85,102,102,114,139,139,139,139],"floor_reached":16,"playtime":558,"items_purged":[],"score":196,"play_id":"a630ec81-f552-4399-aa54-dfb881f26af3","local_time":"20201215194328","is_ascension_mode":true,"campfire_choices":[{"data":"All Out Attack","floor":6,"key":"SMITH"},{"data":"Caltrops","floor":10,"key":"SMITH"},{"data":"Deadly Poison","floor":12,"key":"SMITH"},{"data":"Backstab","floor":15,"key":"SMITH"}],"circlet_count":0,"master_deck":["AscendersBane","Strike_G","Strike_G","Strike_G","Strike_G","Strike_G","Defend_G","Defend_G","Defend_G","Defend_G","Defend_G","Survivor","Neutralize+1","Sadistic Nature","Dash","Slice","Caltrops+1","All Out Attack+1","Tools of the Trade","Deadly Poison+1","PiercingWail","Backstab+1"],"relics":["Ring of the Snake","Omamori","Potion Belt","Darkstone Periapt"],"acts_visited":["Exordium"],"potions_floor_usage":[8,16,16,16],"damage_taken":[{"damage":0,"enemies":"2 Louse","floor":1,"turns":4},{"damage":3,"enemies":"Jaw Worm","floor":2,"turns":4},{"damage":0,"enemies":"Cultist","floor":4,"turns":4},{"damage":0,"enemies":"Red Slaver","floor":5,"turns":5},{"damage":25,"enemies":"Gremlin Nob","floor":8,"turns":4},{"damage":1,"enemies":"2 Fungi Beasts","floor":11,"turns":3},{"damage":0,"enemies":"3 Louse","floor":13,"turns":3},{"damage":14,"enemies":"3 Sentries","floor":14,"turns":6},{"damage":15,"enemies":"The Guardian","floor":16,"turns":8}],"seed_played":"7781031158514208780","potions_obtained":[{"floor":2,"key":"DuplicationPotion"},{"floor":5,"key":"FearPotion"},{"floor":8,"key":"DistilledChaos"},{"floor":14,"key":"Dexterity Potion"}],"is_trial":false,"path_per_floor":["M","M","?","M","M","R","?","E","T","R","M","R","M","E","R","B"],"character_chosen":"THE_SILENT","items_purchased":[],"campfire_rested":0,"item_purchase_floors":[],"current_hp_per_floor":[59,56,56,56,56,56,56,31,31,31,30,30,30,16,16,1,1],"gold":139,"neow_bonus":"RANDOM_COLORLESS_2","is_daily":false,"chose_seed":false,"campfire_upgraded":4,"win_rate":0.0,"timestamp":1608032608,"path_taken":["M","M","?","M","M","R","?","E","T","R","M","R","?","E","R","BOSS"],"items_purchased_type":[],"build_version":"2020-12-13","purchased_purges":0,"victory":false,"max_hp_per_floor":[66,66,66,66,66,66,66,66,66,66,66,66,66,66,66,66,66],"card_choices":[{"not_picked":["The Bomb","Magnetism"],"picked":"Sadistic Nature","floor":0},{"not_picked":["Finisher","Bouncing Flask"],"picked":"Dash","floor":1},{"not_picked":["Concentrate","Acrobatics"],"picked":"Slice","floor":2},{"not_picked":["Deflect","Slice"],"picked":"Caltrops","floor":4},{"not_picked":["Dagger Spray","Sucker Punch"],"picked":"All Out Attack","floor":5},{"not_picked":["Flying Knee","All Out Attack"],"picked":"Tools of the Trade","floor":8},{"not_picked":["Flying Knee","Poisoned Stab"],"picked":"Deadly Poison","floor":11},{"not_picked":["Outmaneuver","Poisoned Stab"],"picked":"PiercingWail","floor":13},{"not_picked":["Underhanded Strike","Heel Hook"],"picked":"Backstab","floor":14}],"player_experience":676863,"relics_obtained":[{"floor":8,"key":"Omamori"},{"floor":9,"key":"Potion Belt"},{"floor":14,"key":"Darkstone Periapt"}],"event_choices":[{"damage_healed":0,"gold_gain":0,"player_choice":"Grow","damage_taken":0,"max_hp_gain":0,"max_hp_loss":0,"event_name":"Living Wall","floor":3,"gold_loss":0,"cards_upgraded":["Neutralize"]},{"damage_healed":0,"gold_gain":0,"player_choice":"0 cards matched","damage_taken":0,"max_hp_gain":0,"max_hp_loss":0,"event_name":"Match and Keep!","floor":7,"gold_loss":0,"cards_obtained":[]}],"is_beta":false,"boss_relics":[],"items_purged_floors":[],"is_endless":false,"potions_floor_spawned":[2,5,8,14],"killed_by":"The Guardian","ascension_level":15}}