{"host":"9d9dhukr2jywmy0f","time":1608053065,"event":{"mods":["2.2 Compatiblity","Alarm Clock","BaseMod","Bestiary","Block Reminder","Colored Map","Colored Powertips","Curses Come First","DeckTracker","Displayed Cursed Tome","Highlight Path","Key Reminder","Keyboard Shortcuts","Minty Spire (QoL Compilation)","MonsterHotkey","Potion Indicator Mod","Quick Restart","RNG Fix","Rare Cards Sparkle","Relic Sorter","Relic Stats","Spire Birthday Party","StSLib","Synergy Search","Unceasing Turn Reminder","Unknown Chances"],"gold_per_floor":[111,111,123,123,48,79,154,189,189,189,189],"floor_reached":10,"playtime":257,"items_purged":["Strike_R"],"score":198,"play_id":"fb095509-fa2a-4edd-85fd-e29b648adf53","local_time":"20201216012425","is_ascension_mode":true,"campfire_choices":[],"circlet_count":0,"master_deck":["AscendersBane","Strike_R","Strike_R","Strike_R","Defend_R","Defend_R","Defend_R","Defend_R","Bash","Shrug It Off","Whirlwind"],"relics":["Burning Blood","NeowsBlessing","The Courier","Girya","Smiling Mask"],"acts_visited":["Exordium"],"potions_floor_usage":[8],"damage_taken":[{"damage":0,"enemies":"Jaw Worm","floor":1,"turns":1},{"damage":0,"enemies":"2 Louse","floor":3,"turns":1},{"damage":0,"enemies":"Lagavulin","floor":6,"turns":1},{"damage":32,"enemies":"3 Sentries","floor":8,"turns":11},{"damage":27,"enemies":"Lagavulin","floor":10,"turns":6}],"seed_played":"7760416791744315927","potions_obtained":[{"floor":6,"key":"SkillPotion"}],"is_trial":false,"path_per_floor":["M","?","M","?","$","E","?","E","T","E"],"character_chosen":"IRONCLAD","items_purchased":[],"campfire_rested":0,"item_purchase_floors":[],"current_hp_per_floor":[74,74,75,75,75,75,64,38,38,11,11],"gold":189,"neow_bonus":"THREE_ENEMY_KILL","is_daily":false,"chose_seed":false,"campfire_upgraded":0,"win_rate":0.0,"timestamp":1608053065,"path_taken":["M","?","M","?","$","E","?","E","T","E"],"items_purchased_type":[],"build_version":"2020-11-30","purchased_purges":1,"victory":false,"max_hp_per_floor":[75,75,75,75,75,75,75,75,75,75,75],"relic_stats":{"counters":[5,20],"Smiling Mask":0,"obtain_stats":[{"Girya":8,"NeowsBlessing":0,"The Courier":6,"Smiling Mask":9,"Burning Blood":0},{"Girya":4,"NeowsBlessing":0,"The Courier":3,"Smiling Mask":4,"Burning Blood":0},{"Girya":14,"NeowsBlessing":0,"The Courier":3,"Smiling Mask":14,"Burning Blood":0}],"Burning Blood":13},"card_choices":[{"not_picked":["Reckless Charge","Havoc","Twin Strike"],"picked":"SKIP","floor":1},{"not_picked":["Sentinel","Thunderclap","True Grit"],"picked":"SKIP","floor":3},{"not_picked":["Anger","Inflame"],"picked":"Shrug It Off","floor":6},{"not_picked":["Pummel","Flex"],"picked":"Whirlwind","floor":8}],"player_experience":682033,"relics_obtained":[{"floor":6,"key":"The Courier"},{"floor":8,"key":"Girya"},{"floor":9,"key":"Smiling Mask"}],"event_choices":[{"damage_healed":0,"gold_gain":0,"player_choice":"Ignored","damage_taken":0,"max_hp_gain":0,"max_hp_loss":0,"event_name":"Liars Game","floor":2,"gold_loss":0},{"cards_removed":["Strike_R"],"damage_healed":0,"gold_gain":0,"player_choice":"Purged","damage_taken":0,"max_hp_gain":0,"max_hp_loss":0,"event_name":"Purifier","floor":4,"gold_loss":0},{"damage_healed":0,"gold_gain":75,"player_choice":"Gather Gold","damage_taken":11,"max_hp_gain":0,"max_hp_loss":0,"event_name":"World of Goop","floor":7,"gold_loss":0}],"is_beta":false,"boss_relics":[],"items_purged_floors":[5],"is_endless":false,"potions_floor_spawned":[6],"killed_by":"Lagavulin","ascension_level":20}}