{"host":"w01zow3jg16g8jdh","time":1608040531,"event":{"mods":["AchievementEnabler","BaseMod","DeckTracker","Keyboard Shortcuts","Minty Spire (QoL Compilation)","Permanent Neow","StSLib","SuperFastMode"],"gold_per_floor":[112,128,138,149,159,193,193,25,25,58,70,99,122,134,146,232,244,269,196,224,236,236],"floor_reached":21,"playtime":697,"items_purged":[],"score":386,"play_id":"ca035321-dbd3-4332-a8f9-7fad5b9e1be4","local_time":"20201215225531","is_ascension_mode":true,"campfire_choices":[{"floor":11.0,"key":"REST"},{"floor":15,"key":"REST"}],"circlet_count":0,"master_deck":["AscendersBane","Strike_B","Strike_B","Strike_B","Strike_B","Defend_B","Defend_B","Defend_B","Defend_B","Zap+1","Dualcast","Rebound","Darkness+1","Go for the Eyes","BootSequence","Doom and Gloom","Hologram+1","Recycle","Biased Cognition"],"relics":["Runic Pyramid","Ancient Tea Set","War Paint","Darkstone Periapt","MawBank","Nuclear Battery","Calipers"],"acts_visited":["Exordium","TheCity"],"potions_floor_usage":[13,16,21],"damage_taken":[{"damage":12.0,"enemies":"Small Slimes","floor":1.0,"turns":6.0},{"damage":1.0,"enemies":"Cultist","floor":2.0,"turns":3.0},{"damage":2.0,"enemies":"Jaw Worm","floor":3.0,"turns":3.0},{"damage":14.0,"enemies":"Exordium Thugs","floor":4.0,"turns":5.0},{"damage":1.0,"enemies":"2 Fungi Beasts","floor":5.0,"turns":3.0},{"damage":10.0,"enemies":"Lagavulin","floor":6.0,"turns":7.0},{"damage":31.0,"enemies":"Gremlin Nob","floor":10.0,"turns":4.0},{"damage":19,"enemies":"Lots of Slimes","floor":12,"turns":4},{"damage":6,"enemies":"Gremlin Gang","floor":13,"turns":3},{"damage":26,"enemies":"The Guardian","floor":16,"turns":8},{"damage":3,"enemies":"Chosen","floor":18,"turns":5},{"damage":38,"enemies":"Shell Parasite","floor":20,"turns":5},{"damage":8,"enemies":"Snake Plant","floor":21,"turns":3}],"seed_played":"9047106624627149034","potions_obtained":[{"floor":2.0,"key":"FocusPotion"},{"floor":3.0,"key":"Swift Potion"},{"floor":6.0,"key":"Regen Potion"},{"floor":12,"key":"Explosive Potion"},{"floor":13,"key":"SneckoOil"}],"is_trial":false,"path_per_floor":["M","M","M","M","M","E","?","$","T","E","R","M","M","?","R","B",null,"M","?","M","M"],"character_chosen":"DEFECT","items_purchased":["War Paint"],"campfire_rested":2,"item_purchase_floors":[8],"current_hp_per_floor":[52,51,49,35,34,24,24,24,24,5,26,7,1,24,45,19,58,55,55,17,9,9],"gold":236,"neow_bonus":"BOSS_RELIC","is_daily":false,"chose_seed":false,"campfire_upgraded":0,"win_rate":0.0,"timestamp":1608040531,"path_taken":["M","M","M","M","M","E","?","?","T","E","R","M","M","?","R","BOSS","M","?","M","M"],"items_purchased_type":["Relic"],"build_version":"2020-12-13","purchased_purges":0,"victory":false,"max_hp_per_floor":[71,71,71,71,71,71,71,71,71,71,71,71,71,71,71,71,71,71,71,71,71,71],"card_choices":[{"not_picked":["Chaos","Stack"],"picked":"Rebound","floor":1.0},{"not_picked":["Rebound","Beam Cell"],"picked":"Darkness","floor":2.0},{"not_picked":["Scrape","Stack"],"picked":"Go for the Eyes","floor":3.0},{"not_picked":["Gash","Sunder"],"picked":"BootSequence","floor":4.0},{"not_picked":["Redo","Reinforced Body"],"picked":"Doom and Gloom","floor":5.0},{"not_picked":["Lockon","Fission"],"picked":"Hologram","floor":6.0},{"not_picked":["Compile Driver","Stack","Cold Snap"],"picked":"SKIP","floor":10.0},{"not_picked":["Compile Driver","Gash","Rip and Tear"],"picked":"SKIP","floor":12},{"not_picked":["Rebound","Hello World"],"picked":"Recycle","floor":13},{"not_picked":["Seek","Reboot"],"picked":"Biased Cognition","floor":16},{"not_picked":["Force Field","Leap","Chill"],"picked":"SKIP","floor":18},{"not_picked":["Stack","Cold Snap","Gash"],"picked":"SKIP","floor":20}],"player_experience":283657,"relics_obtained":[{"floor":6.0,"key":"Ancient Tea Set"},{"floor":9.0,"key":"Darkstone Periapt"},{"floor":10.0,"key":"MawBank"}],"event_choices":[{"damage_healed":0.0,"max_hp_gain":0.0,"max_hp_loss":0.0,"gold_gain":0.0,"event_name":"Upgrade Shrine","player_choice":"Upgraded","floor":7.0,"gold_loss":0.0,"damage_taken":0.0,"cards_upgraded":["Darkness"]},{"damage_healed":23,"gold_gain":0,"player_choice":"Banana","damage_taken":0,"max_hp_gain":0,"max_hp_loss":0,"event_name":"Big Fish","floor":14,"gold_loss":0},{"damage_healed":0,"gold_gain":0,"player_choice":"Obtained Relic","damage_taken":0,"relics_obtained":["Calipers"],"max_hp_gain":0,"max_hp_loss":0,"event_name":"Addict","floor":19,"gold_loss":85}],"is_beta":false,"boss_relics":[{"not_picked":["Ectoplasm","Tiny House"],"picked":"Nuclear Battery"}],"items_purged_floors":[],"is_endless":false,"potions_floor_spawned":[2,3,5,6,12,13],"killed_by":"Snake Plant","ascension_level":20}}