{"host":"ctlqibkg0sskiu65","time":1608042613,"event":{"mods":["2.2 Compatiblity","AchievementEnabler","Aspiration","BaseMod","BetterRewards","Colored Map","Colored Powertips","Conspire","Downfall","Fiend Mod","Hermit","Infinite Spire","Minty Spire (QoL Compilation)","Quick Restart","Replay The Spire","Shop Mod","StSLib","The Bladedancer","The Cursed","The Hierophant","The Jungle","The Kombatant","The Servant 0.9.4","TheBandit"],"gold_per_floor":[116,116,116,116,130,146,146,165,165,12,12,31,50,50,50,155,155,141,141,16,16,28,28,43,43,94,94,113,113,128,140,140,242,242,254,254,266,76,76,76,102,120,120,132,147,166,179,192,192,192,192],"floor_reached":50,"playtime":2280,"items_purged":["Strike_G","Strike_G","Strike_G","Strike_G"],"score":806,"play_id":"a5aec7f4-4b70-44e8-8902-7afcbc809219","local_time":"20201215083013","is_ascension_mode":true,"campfire_choices":[{"data":"Poisoned Stab","floor":15.0,"key":"SMITH"},{"floor":23.0,"key":"REST"},{"data":"Noxious Fumes","floor":27.0,"key":"SMITH"},{"data":"Dodge and Roll","floor":32.0,"key":"SMITH"},{"data":"After Image","floor":40.0,"key":"SMITH"},{"floor":49.0,"key":"REST"}],"circlet_count":0,"master_deck":["Strike_G+1","Defend_G","Defend_G","Defend_G","Defend_G","Defend_G+1","Survivor","Neutralize+1","Poisoned Stab+1","Crippling Poison+1","Poisoned Stab+1","Deadly Poison","Prepared","Deadly Poison+1","Slice","infinitespire:Neurotoxin+1","Dodge and Roll+1","Noxious Fumes+1","Dash","Heel Hook","After Image+1","Footwork+1","Blade Dance","Blade Dance","Deadly Poison","Dodge and Roll+1"],"relics":["Ring of the Snake","Replay:Multitool","HandDrill","Pear","SlaversCollar","Anchor","aspiration:PoetsPen_weak","infinitespire:PuzzleCube"],"acts_visited":["Exordium","TheCity","TheBeyond"],"potions_floor_usage":[],"damage_taken":[{"damage":11.0,"enemies":"Small Slimes","floor":1.0,"turns":4.0},{"damage":0.0,"enemies":"conspire:RoseBush","floor":5.0,"turns":3.0},{"damage":0.0,"enemies":"Cultist","floor":6.0,"turns":4.0},{"damage":12.0,"enemies":"Gremlin Gang","floor":8.0,"turns":5.0},{"damage":12.0,"enemies":"Large Slime","floor":12.0,"turns":7.0},{"damage":4.0,"enemies":"3 Louse","floor":13.0,"turns":2.0},{"damage":26.0,"enemies":"Slime Boss","floor":16.0,"turns":10.0},{"damage":15.0,"enemies":"2 Thieves","floor":18.0,"turns":4.0},{"damage":10.0,"enemies":"Chosen","floor":22.0,"turns":6.0},{"damage":8.0,"enemies":"Centurion and Healer","floor":24.0,"turns":7.0},{"damage":24.0,"enemies":"Snake Plant","floor":28.0,"turns":4.0},{"damage":16.0,"enemies":"3 Cultists","floor":30.0,"turns":6.0},{"damage":6.0,"enemies":"Cultist and Chosen","floor":31.0,"turns":6.0},{"damage":55.0,"enemies":"conspire:MysteriousRune","floor":33.0,"turns":9.0},{"damage":0.0,"enemies":"Orb Walker","floor":35.0,"turns":4.0},{"damage":0.0,"enemies":"3 Darklings","floor":37.0,"turns":9.0},{"damage":0.0,"enemies":"Giant Head","floor":41.0,"turns":7.0},{"damage":20.0,"enemies":"Writhing Mass","floor":42.0,"turns":4.0},{"damage":7.0,"enemies":"Maw","floor":44.0,"turns":7.0},{"damage":23.0,"enemies":"Transient","floor":45.0,"turns":5.0},{"damage":3.0,"enemies":"4 Shapes","floor":46.0,"turns":7.0},{"damage":7.0,"enemies":"Spire Growth","floor":47.0,"turns":6.0},{"damage":0.0,"enemies":"Jaw Worm Horde","floor":48.0,"turns":3.0},{"damage":25,"enemies":"conspire:OrnateMirror","floor":50,"turns":5}],"seed_played":"-5163158762952878321","potions_obtained":[{"floor":5.0,"key":"Reflective Coating"},{"floor":12.0,"key":"Poison Potion"},{"floor":13.0,"key":"Explosive Potion"},{"floor":22.0,"key":"EssenceOfSteel"},{"floor":24.0,"key":"Regen Potion"},{"floor":28.0,"key":"Strength Potion"},{"floor":33.0,"key":"LifebloodPotion"},{"floor":35.0,"key":"Languid Potion"},{"floor":44.0,"key":"LiquidBronze"},{"floor":47.0,"key":"Cursed Concoction"}],"is_trial":false,"path_per_floor":["M","?","?","?","M","M","R","M","T","$","R","M","M","?","R","B",null,"M","?","$","?","M","R","M","R","T","R","M","R","M","M","R","B",null,"M","?","M","$","?","R","E","M","T","M","M","M","M","M","R","B"],"character_chosen":"THE_SILENT","items_purchased":["Poisoned Stab","HandDrill","Prepared","Blade Dance"],"campfire_rested":2,"item_purchase_floors":[0,0,10,38],"current_hp_per_floor":[59,59,45,45,45,45,66,54,64,64,80,68,64,64,64,38,70,55,55,55,55,45,69,61,80,80,80,65,80,64,58,58,3,61,61,61,61,61,61,61,61,41,41,34,11,8,1,1,23,0,0],"gold":192,"neow_bonus":"","is_daily":false,"chose_seed":false,"campfire_upgraded":4,"win_rate":0.0,"timestamp":1608042613,"path_taken":["M","?","?","?","M","?","R","M","T","$","R","M","?","?","R","BOSS","M","?","$","?","M","R","M","R","T","R","M","R","M","M","R","BOSS","M","?","M","$","?","R","E","M","T","M","M","M","M","M","R","BOSS"],"items_purchased_type":["Card","Relic","Card","Card"],"build_version":"2020-12-13","purchased_purges":4,"victory":false,"max_hp_per_floor":[70,70,70,70,70,70,70,70,80,80,80,80,80,80,80,80,80,80,80,80,80,80,80,80,80,80,80,80,80,80,80,80,80,80,80,76,76,76,76,76,76,76,76,76,76,76,76,76,76,76,76],"card_choices":[{"not_picked":["Riddle With Holes","PiercingWail"],"picked":"Crippling Poison","floor":1.0},{"not_picked":["Slice","Underhanded Strike"],"picked":"Poisoned Stab","floor":5.0},{"not_picked":["Dagger Spray","Sucker Punch"],"picked":"Deadly Poison","floor":6.0},{"not_picked":["Skewer","Flying Knee","Dagger Throw"],"picked":"SKIP","floor":8.0},{"not_picked":["Sucker Punch","Choke"],"picked":"Deadly Poison","floor":12.0},{"not_picked":["Flechettes","Prepared"],"picked":"Slice","floor":13.0},{"not_picked":["Corpse Explosion","Adrenaline"],"picked":"infinitespire:Neurotoxin","floor":16.0},{"not_picked":["conspire:DoublingDagger","Fluid Movement"],"picked":"Dodge and Roll","floor":18.0},{"not_picked":["Blur+1","Deadly Poison"],"picked":"Noxious Fumes","floor":22.0},{"not_picked":["Dagger Throw","Terror"],"picked":"Dash","floor":24.0},{"not_picked":["Backflip","ReplayTheSpireMod:Scrap Shanks+1"],"picked":"Heel Hook","floor":28.0},{"not_picked":["Backflip","Underhanded Strike","Dagger Spray"],"picked":"SKIP","floor":30.0},{"not_picked":["Outmaneuver","Draining Mist","Acrobatics"],"picked":"SKIP","floor":31.0},{"not_picked":["Bullet Time","Doppelganger"],"picked":"After Image","floor":33.0},{"not_picked":["Dagger Throw","Hidden Blade+1"],"picked":"Footwork+1","floor":35.0},{"not_picked":["Dodge and Roll","Acrobatics","Expertise+1"],"picked":"SKIP","floor":37.0},{"not_picked":["Accuracy","Finisher+1","Escape Plan"],"picked":"SKIP","floor":41.0},{"not_picked":["ReplayTheSpireMod:Exploit Weakness+1","Hidden Blade+1"],"picked":"Deadly Poison","floor":42.0},{"not_picked":["Accuracy+1","Distraction","Dagger Spray"],"picked":"SKIP","floor":44.0},{"not_picked":["Fluid Movement","Leg Sweep+1","Cloak And Dagger+1"],"picked":"SKIP","floor":45.0},{"not_picked":["Acrobatics","ReplayTheSpireMod:Necrosis","Dagger Throw+1"],"picked":"SKIP","floor":46.0},{"not_picked":["Fluid Movement","Slice","Accuracy+1"],"picked":"SKIP","floor":47.0},{"not_picked":["Deadly Poison+1","Glass Knife"],"picked":"Dodge and Roll+1","floor":48.0}],"player_experience":151141,"relics_obtained":[{"floor":9.0,"key":"Pear"},{"floor":26.0,"key":"Anchor"},{"floor":43.0,"key":"infinitespire:PuzzleCube"}],"event_choices":[{"damage_healed":0.0,"max_hp_gain":0.0,"max_hp_loss":0.0,"gold_gain":0.0,"event_name":"Shining Light","player_choice":"Entered Light","floor":3.0,"gold_loss":0.0,"damage_taken":14.0,"cards_upgraded":["Defend_G","Neutralize"]},{"damage_healed":0.0,"max_hp_gain":0.0,"max_hp_loss":0.0,"gold_gain":0.0,"event_name":"WeMeetAgain","player_choice":"Ignored","floor":4.0,"gold_loss":0.0,"damage_taken":0.0},{"damage_healed":0.0,"max_hp_gain":0.0,"max_hp_loss":4.0,"gold_gain":0.0,"event_name":"Winding Halls","player_choice":"Max HP","floor":36.0,"gold_loss":0.0,"damage_taken":0.0},{"damage_healed":0.0,"max_hp_gain":0.0,"max_hp_loss":0.0,"gold_gain":0.0,"event_name":"Mysterious Sphere","player_choice":"Ignored","floor":39.0,"gold_loss":0.0,"damage_taken":0.0}],"is_beta":false,"boss_relics":[{"not_picked":["Black Star","Replay:Drink Me"],"picked":"SlaversCollar"},{"not_picked":["Painkiller Herb","SacredBark"],"picked":"aspiration:PoetsPen_weak"}],"items_purged_floors":[0,10,20,38],"is_endless":false,"potions_floor_spawned":[5,12,13,22,24,28,30,33,35,44,47],"killed_by":"conspire:OrnateMirror","ascension_level":5}}