{"host":"mq7pyadb5kndcn8l","time":1608058637,"event":{"mods":["AchievementEnabler","Act Like it!","Aspiration","BaseMod","Better Altar","Better Match","Better Note","Better Sensory Stone","Better Skull","Better Third Choice","BetterRewards","Block Reminder","CCEM","Challenge The Spire","ChefMod","Colored Map","Colored Powertips","Conspire","Defuse TimeMaze Blight","Dio Mod","Displayed Cursed Tome","Dota2Spire","Downfall","Duelist Mod","Energized Spire","Friendly Minions","GifTheSpireLib","Gremlin Skip","Highlight Path","Hubris","Ironclad Rager","Jedi Mod","Mad Scientist","Marked Mod","Mimic Mod","Minty Spire (QoL Compilation)","Permanent Neow","QueenMod","Quick Restart","Random Character Button","Rare Cards Sparkle","Relic Filter","Relic Sorter","Replay The Spire","Reworked Bosses","Shade Mod","Shop Mod","Spicy Shops","Spikes Relics","StSLib","Stuff the Spire","SuperFastMode","The Blue Laboratory","The Death Knight","The Exalted","The Necromancer","The Poker Player","TheBandit","Thieving Mod","Thrall Mod","Trackpad","Transform Curses","Unceasing Turn Reminder","Wandering Minibosses","vexMod"],"gold_per_floor":[99,114,134,150,163,163,190,223,241,241,257,272,287,102,119,216,216,216,228,228,248,273,273,306,306,306],"floor_reached":25,"playtime":2026,"items_purged":["Slimebound:Strike_Slimebound"],"score":227,"play_id":"3fc3eec0-bfef-4379-bf33-ca9484575683","local_time":"20201215135717","is_ascension_mode":false,"campfire_choices":[{"floor":1,"key":"DIG"},{"data":"Slimebound:Split","floor":6,"key":"SMITH"},{"data":"Slimebound:GrowthPunch","floor":10,"key":"SMITH"},{"data":"Slimebound:GrowthPunch","floor":18,"key":"SMITH"},{"data":"Slimebound:RainOfGoop","floor":20,"key":"SMITH"},{"data":"Slimebound:LeadByExample","floor":23,"key":"SMITH"}],"circlet_count":0,"master_deck":["Slimebound:Strike_Slimebound","Slimebound:Strike_Slimebound","Slimebound:Tackle","Slimebound:Defend_Slimebound+1","Slimebound:Defend_Slimebound+1","Slimebound:Defend_Slimebound+1","Slimebound:Defend_Slimebound+1","Slimebound:Split+1","Slimebound:CorrosiveSpit","Slimebound:LeechLife","Slimebound:RainOfGoop+1","Slimebound:Recollect","Slimebound:LeechEnergy","Slimebound:AcidTongue","Slimebound:GrowthPunch+1","Slimebound:GrowthPunch+1","Slimebound:LeadByExample+1","Slimebound:Gluttony","PlatinumSkin","Slimebound:Overexert","Slimebound:OneTwoCombo","Slimebound:LeechingTouch"],"relics":["Slimebound:AbsorbEndCombat","StuffTheSpire:HeavyRock","hubris:OldNail","conspire:Flyswatter","aspiration:PoetsPen","CCEMRelics:OrganicArmor","Replay:Bottled Eggs"],"acts_visited":["Exordium","TheCity"],"potions_floor_usage":[19,22],"damage_taken":[{"damage":10,"enemies":"Cultist","floor":2,"turns":3},{"damage":9,"enemies":"conspire:RoseBush","floor":3,"turns":3},{"damage":5,"enemies":"2 Louse","floor":4,"turns":3},{"damage":21,"enemies":"Red Slaver","floor":5,"turns":4},{"damage":58,"enemies":"Gremlin Nob","floor":8,"turns":5},{"damage":15,"enemies":"3 Louse","floor":9,"turns":3},{"damage":15,"enemies":"Blue Slaver","floor":11,"turns":6},{"damage":21,"enemies":"Lots of Slimes","floor":12,"turns":5},{"damage":16,"enemies":"conspire:2 RoseBushes","floor":13,"turns":6},{"damage":10,"enemies":"downfall:FleeingMerchant","floor":14,"turns":4},{"damage":16,"enemies":"Red Slaver","floor":15,"turns":3},{"damage":38,"enemies":"downfall:Watcher","floor":16,"turns":7},{"damage":19,"enemies":"Chosen","floor":19,"turns":5},{"damage":29,"enemies":"Snecko","floor":21,"turns":5},{"damage":64,"enemies":"theDuelist:KaibaA2","floor":22,"turns":5},{"damage":25,"enemies":"Cultist and Chosen","floor":24,"turns":5},{"damage":64,"enemies":"Cultist and Chosen","floor":25,"turns":4}],"seed_played":"8803847435577789123","potions_obtained":[{"floor":4,"key":"blueLaboratory:HorrorPotion"},{"floor":5,"key":"sneckomod:MuddlingPotion"},{"floor":9,"key":"Strength Potion"},{"floor":12,"key":"Weak Potion"},{"floor":19,"key":"Dota2Spire:Clarity"},{"floor":21,"key":"blueLaboratory:FruitPunch"}],"is_trial":false,"path_per_floor":["R_BF","M","M","M","M","R","T","E","M","R","M","M","M","$","M","B",null,"R","M","R","M","E","R","MIM","M"],"character_chosen":"SLIMEBOUND","items_purchased":["PlatinumSkin"],"campfire_rested":0,"item_purchase_floors":[14],"current_hp_per_floor":[60,54,57,60,55,55,55,39,51,51,60,60,60,60,60,60,60,60,57,57,55,25,25,20,0,0],"gold":306,"neow_bonus":"ONE_RANDOM_RARE_CARD","is_daily":false,"chose_seed":false,"campfire_upgraded":5,"win_rate":0.0,"timestamp":1608058637,"path_taken":["R_BF","?","M","M","M","R","T","E","M","R","M","M","M","?","M","BOSS","R","M","R","M","E","R","MIM","M"],"items_purchased_type":["Card"],"build_version":"2020-12-13","purchased_purges":1,"victory":false,"max_hp_per_floor":[60,60,60,60,60,60,60,60,60,60,60,60,60,60,60,60,60,60,60,60,60,62,62,62,62,62],"card_choices":[{"not_picked":["Slimebound:FinishingTackle","Slimebound:DisruptingSlam"],"picked":"Slimebound:RainOfGoop","floor":2},{"not_picked":["Slimebound:FlameTackle","Slimebound:RejuvenatingLick"],"picked":"Slimebound:Recollect","floor":3},{"not_picked":["Slimebound:DivideAndConquer","Slimebound:Schlurp"],"picked":"Slimebound:LeechEnergy","floor":4},{"not_picked":["Slimebound:Replication","Slimebound:ComboTackle"],"picked":"Slimebound:AcidTongue","floor":5},{"not_picked":["Slimebound:Repurpose","Slimebound:LivingWall"],"picked":"Slimebound:GrowthPunch","floor":8},{"not_picked":["Slimebound:Gluttony","Slimebound:LeechingTouch"],"picked":"Slimebound:GrowthPunch","floor":9},{"not_picked":["Slimebound:ComboTackle","Slimebound:SplitBruiser","Slimebound:GoopTackle"],"picked":"SKIP","floor":11},{"not_picked":["Slimebound:LeechEnergy","Slimebound:Chomp"],"picked":"Slimebound:LeadByExample","floor":12},{"not_picked":["Slimebound:SplitLeeching","Slimebound:SplitBruiser","Slimebound:Dissolve"],"picked":"SKIP","floor":13},{"not_picked":["Slimebound:Replication","Slimebound:RollThrough"],"picked":"Slimebound:Gluttony","floor":14},{"not_picked":["Slimebound:MegaLick","Slimebound:HungryTackle"],"picked":"Slimebound:Overexert","floor":15},{"not_picked":["Slimebound:MassFeed","Slimebound:MinionMaster"],"picked":"Slimebound:OneTwoCombo","floor":16},{"not_picked":["Slimebound:DivideAndConquer+1","Slimebound:GoopSpray","Slimebound:GrowthPunch"],"picked":"SKIP","floor":19},{"not_picked":["Slimebound:ViciousTackle","Slimebound:FinishingTackle","Slimebound:MassRepurpose"],"picked":"SKIP","floor":21},{"not_picked":["Slimebound:SamplingLick","Slimebound:ProtectTheBoss","Slimebound:ItLooksTasty"],"picked":"SKIP","floor":22},{"not_picked":["Slimebound:ComboTackle","Slimebound:SlimeTap"],"picked":"Slimebound:LeechingTouch","floor":24}],"player_experience":858782,"relics_obtained":[{"floor":1,"key":"StuffTheSpire:HeavyRock"},{"floor":7,"key":"hubris:OldNail"},{"floor":8,"key":"conspire:Flyswatter"},{"floor":22,"key":"CCEMRelics:OrganicArmor"},{"floor":24,"key":"Replay:Bottled Eggs"}],"event_choices":[],"is_beta":false,"boss_relics":[{"not_picked":["hubris:Stopwatch","CCEMRelics:TransientCore"],"picked":"aspiration:PoetsPen"}],"items_purged_floors":[14],"is_endless":false,"potions_floor_spawned":[4,5,9,12,16,19,21],"killed_by":"Cultist and Chosen","ascension_level":0}}