{"host":"en3i0mvpfa3c1sbz","time":1608027974,"event":{"mods":["BaseMod","BetterRewards","Dota2Spire","Downfall","GifTheSpireLib","Hubris","Infinite Spire","Marisa£®ÏF”Í°°ƒß¿Ì…≥£©","Minty Spire (QoL Compilation)","READ ME - Guardian Mod","Replay The Spire","Shop Mod","StSLib","Stuff the Spire","The Administrix","The Factory","The Jungle"],"gold_per_floor":[114,114,114,132,145,145,177,177,177,177,177],"floor_reached":10,"playtime":605,"items_purged":[],"score":76,"play_id":"d0bf63fa-687f-4fa1-ae20-3dc1d41e213b","local_time":"20201215182614","is_ascension_mode":true,"campfire_choices":[{"data":"hubris:TrickCloak","floor":6,"key":"SMITH"},{"floor":8,"key":"RECALL"}],"circlet_count":0,"master_deck":["Strike_G","Strike_G","Strike_G","Strike_G","Strike_G","Defend_G","Defend_G","Defend_G","Defend_G","Defend_G","Survivor+1","Neutralize","StuffTheSpire:BumpUp","Pain","hubris:TrickCloak+1","Well Laid Plans","StuffTheSpire:ClusterCrunch"],"relics":["Ring of the Snake","WarpedTongs","Eternal Feather","hubris:Reverence"],"acts_visited":[],"potions_floor_usage":[7],"damage_taken":[{"damage":7,"enemies":"Small Slimes","floor":1,"turns":4},{"damage":3,"enemies":"2 Louse","floor":4,"turns":2},{"damage":10,"enemies":"Cultist","floor":5,"turns":4},{"damage":42,"enemies":"Gremlin Nob","floor":7,"turns":5},{"damage":23,"enemies":"Lagavulin","floor":10,"turns":9}],"seed_played":"411169909567162439","potions_obtained":[{"floor":4,"key":"CunningPotion"},{"floor":5,"key":"EssenceOfSteel"}],"is_trial":false,"path_per_floor":["M","?","?","M","M","R","E","R","T","E"],"character_chosen":"THE_SILENT","items_purchased":[],"campfire_rested":0,"item_purchase_floors":[],"current_hp_per_floor":[70,70,70,67,57,57,15,24,24,1,1],"gold":177,"neow_bonus":"TEN_PERCENT_HP_BONUS","is_daily":false,"chose_seed":false,"campfire_upgraded":1,"win_rate":0.0,"timestamp":1608027974,"path_taken":["M","?","?","?","M","R","E","R","T","E"],"items_purchased_type":[],"build_version":"2020-12-13","purchased_purges":0,"victory":false,"max_hp_per_floor":[77,77,77,77,77,77,77,77,77,77,77],"card_choices":[{"not_picked":["Blur","Acrobatics"],"picked":"StuffTheSpire:BumpUp","floor":1},{"not_picked":["Draining Mist","Heel Hook"],"picked":"hubris:TrickCloak","floor":4},{"not_picked":["Hidden Blade","Backflip"],"picked":"Well Laid Plans","floor":5},{"not_picked":["hubris:Sniper","Sucker Punch"],"picked":"StuffTheSpire:ClusterCrunch","floor":7}],"player_experience":282246,"relics_obtained":[{"floor":7,"key":"Eternal Feather"},{"floor":9,"key":"hubris:Reverence"}],"event_choices":[{"damage_healed":0,"gold_gain":0,"player_choice":"Rummage","damage_taken":0,"relics_obtained":["WarpedTongs"],"max_hp_gain":0,"max_hp_loss":0,"event_name":"Accursed Blacksmith","floor":3,"gold_loss":0,"cards_obtained":["Pain"]}],"is_beta":false,"boss_relics":[],"items_purged_floors":[],"is_endless":false,"potions_floor_spawned":[4,5],"killed_by":"Lagavulin","ascension_level":3}}