{"host":"bxn2em57qlx5u4i0","time":1608010972,"event":{"mods":["BaseMod","Colored Map","Colored Powertips","Highlight Path","Minty Spire (QoL Compilation)","Random Character Button","Relic Sorter","Relic Stats","StSLib","SuperFastMode"],"gold_per_floor":[116,130,130,130,180,180,206,206,206,206,219,254,254,254,254],"floor_reached":14,"playtime":156,"items_purged":[],"score":242,"play_id":"934ca06c-48a1-450a-a63c-f05e952fa892","local_time":"20201215004252","is_ascension_mode":true,"campfire_choices":[{"data":"Deadly Poison","floor":6.0,"key":"SMITH"},{"data":"Deadly Poison","floor":9.0,"key":"SMITH"},{"data":"Bouncing Flask","floor":13.0,"key":"SMITH"}],"circlet_count":0,"master_deck":["AscendersBane","Strike_G","Strike_G","Strike_G","Strike_G","Strike_G","Defend_G","Defend_G","Defend_G","Defend_G","Defend_G","Survivor","Neutralize","Deadly Poison+1","Deadly Poison+1","Flying Knee","Bouncing Flask+1"],"relics":["Ring of the Snake","NeowsBlessing","Strawberry","Paper Crane","Kunai","Juzu Bracelet"],"acts_visited":["Exordium"],"potions_floor_usage":[14],"damage_taken":[{"damage":0.0,"enemies":"2 Louse","floor":1.0,"turns":1.0},{"damage":0.0,"enemies":"Cultist","floor":2.0,"turns":1.0},{"damage":0.0,"enemies":"Lagavulin","floor":7.0,"turns":1.0},{"damage":0.0,"enemies":"Jaw Worm","floor":11.0,"turns":5.0},{"damage":36.0,"enemies":"Gremlin Nob","floor":12.0,"turns":5.0},{"damage":18,"enemies":"3 Sentries","floor":14,"turns":2}],"seed_played":"-3882347898896404241","potions_obtained":[{"floor":2.0,"key":"Block Potion"},{"floor":11.0,"key":"Weak Potion"}],"is_trial":false,"path_per_floor":["M","M","?","?","?","R","E","E","R","T","M","E","R","E"],"character_chosen":"THE_SILENT","items_purchased":[],"campfire_rested":0,"item_purchase_floors":[],"current_hp_per_floor":[59,59,48,48,48,48,48,48,48,48,48,12,12,0,0],"gold":254,"neow_bonus":"THREE_ENEMY_KILL","is_daily":false,"chose_seed":false,"campfire_upgraded":3,"win_rate":0.0,"timestamp":1608010972,"path_taken":["M","M","?","?","?","R","E","E","R","T","M","E","R","E"],"items_purchased_type":[],"build_version":"2020-12-13","purchased_purges":0,"victory":false,"max_hp_per_floor":[66,66,73,73,73,73,73,73,73,73,73,73,73,73,73],"relic_stats":{"counters":[6,15],"Juzu Bracelet":0,"Kunai":[4],"obtain_stats":[{"NeowsBlessing":0,"Strawberry":3,"Juzu Bracelet":12,"Kunai":10,"Paper Crane":7,"Ring of the Snake":0},{"NeowsBlessing":0,"Strawberry":2,"Juzu Bracelet":5,"Kunai":3,"Paper Crane":3,"Ring of the Snake":0},{"NeowsBlessing":0,"Strawberry":2,"Juzu Bracelet":13,"Kunai":3,"Paper Crane":3,"Ring of the Snake":0}],"Ring of the Snake":[12]},"card_choices":[{"not_picked":["Dagger Throw","Bane"],"picked":"Deadly Poison","floor":1.0},{"not_picked":["Outmaneuver","Dash"],"picked":"Deadly Poison","floor":2.0},{"not_picked":["Deflect","Prepared"],"picked":"Flying Knee","floor":7.0},{"not_picked":["Setup","Tactician","Dagger Spray"],"picked":"SKIP","floor":11.0},{"not_picked":["Terror","Backflip"],"picked":"Bouncing Flask","floor":12.0}],"player_experience":2779627,"relics_obtained":[{"floor":7.0,"key":"Paper Crane"},{"floor":10.0,"key":"Kunai"},{"floor":12.0,"key":"Juzu Bracelet"}],"event_choices":[{"damage_healed":0.0,"max_hp_gain":0.0,"max_hp_loss":0.0,"gold_gain":0.0,"event_name":"Scrap Ooze","player_choice":"Success","floor":3.0,"gold_loss":0.0,"damage_taken":18.0,"relics_obtained":["Strawberry"]},{"damage_healed":0.0,"max_hp_gain":0.0,"max_hp_loss":0.0,"gold_gain":0.0,"event_name":"Liars Game","player_choice":"Ignored","floor":4.0,"gold_loss":0.0,"damage_taken":0.0},{"damage_healed":0.0,"max_hp_gain":0.0,"max_hp_loss":0.0,"gold_gain":50.0,"event_name":"Golden Shrine","player_choice":"Pray","floor":5.0,"gold_loss":0.0,"damage_taken":0.0}],"is_beta":false,"boss_relics":[],"items_purged_floors":[],"is_endless":false,"potions_floor_spawned":[2,11],"killed_by":"3 Sentries","ascension_level":20}}