{"host":"2lo6hma6kymb0g9i","time":1608051381,"event":{"mods":["BaseMod","Colored Map","DeckTracker","Minty Spire (QoL Compilation)"],"gold_per_floor":[115,135,85,103,103,103,53,79,102,52,127,127,157,188,188,188,188],"floor_reached":16,"playtime":932,"items_purged":["Strike_G","Strike_G","Strike_G"],"score":189,"play_id":"77562392-55d6-46cd-9070-1c1316630bbc","local_time":"20201216015621","is_ascension_mode":true,"campfire_choices":[{"data":"Neutralize","floor":6,"key":"SMITH"},{"data":"Phantasmal Killer","floor":15,"key":"SMITH"}],"circlet_count":0,"master_deck":["AscendersBane","Strike_G","Defend_G","Defend_G","Defend_G","Defend_G","Defend_G","Survivor","Neutralize+1","Backstab","Quick Slash","Deflect","Slice","Phantasmal Killer+1","Heel Hook","Heel Hook"],"relics":["Ring of the Snake","Smiling Mask","PreservedInsect","Bronze Scales","Mango","Odd Mushroom","Darkstone Periapt"],"acts_visited":["Exordium"],"potions_floor_usage":[13,16],"damage_taken":[{"damage":0,"enemies":"Small Slimes","floor":1,"turns":4},{"damage":5,"enemies":"Jaw Worm","floor":2,"turns":5},{"damage":0,"enemies":"2 Louse","floor":4,"turns":3},{"damage":18,"enemies":"3 Sentries","floor":8,"turns":12},{"damage":16,"enemies":"The Mushroom Lair","floor":13,"turns":5},{"damage":10,"enemies":"Lagavulin","floor":14,"turns":4},{"damage":27,"enemies":"Hexaghost","floor":16,"turns":12}],"seed_played":"-6564536103854356076","potions_obtained":[{"floor":8,"key":"Energy Potion"},{"floor":13,"key":"Fruit Juice"}],"is_trial":false,"path_per_floor":["M","M","$","M","?","R","$","E","T","$","?","T","?","E","R","B"],"character_chosen":"THE_SILENT","items_purchased":[],"campfire_rested":0,"item_purchase_floors":[],"current_hp_per_floor":[63,58,58,58,58,58,58,40,40,40,29,43,32,22,22,0,0],"gold":188,"neow_bonus":"RANDOM_COMMON_RELIC","is_daily":false,"chose_seed":false,"campfire_upgraded":2,"win_rate":0.0,"timestamp":1608051381,"path_taken":["M","M","$","M","?","R","$","E","T","$","?","?","?","E","R","BOSS"],"items_purchased_type":[],"build_version":"2020-12-13","purchased_purges":3,"victory":false,"max_hp_per_floor":[70,70,70,70,70,70,70,70,70,70,70,84,89,89,89,89,89],"card_choices":[{"not_picked":["Backflip","Endless Agony"],"picked":"Backstab","floor":1},{"not_picked":["Eviscerate","Slice"],"picked":"Quick Slash","floor":2},{"not_picked":["Finisher","Setup"],"picked":"Deflect","floor":4},{"not_picked":["Flechettes","Wraith Form v2"],"picked":"Phantasmal Killer","floor":8},{"not_picked":["Outmaneuver","Accuracy"],"picked":"Heel Hook","floor":13},{"not_picked":["Doppelganger","Deflect"],"picked":"Heel Hook","floor":14}],"player_experience":797070,"relics_obtained":[{"floor":8,"key":"PreservedInsect"},{"floor":9,"key":"Bronze Scales"},{"floor":12,"key":"Mango"},{"floor":13,"key":"Odd Mushroom"},{"floor":14,"key":"Darkstone Periapt"}],"event_choices":[{"damage_healed":0,"gold_gain":0,"cards_transformed":["Strike_G"],"player_choice":"Change","damage_taken":0,"max_hp_gain":0,"max_hp_loss":0,"event_name":"Living Wall","floor":5,"gold_loss":0,"cards_obtained":["Slice"]},{"damage_healed":0,"gold_gain":75,"player_choice":"Gather Gold","damage_taken":11,"max_hp_gain":0,"max_hp_loss":0,"event_name":"World of Goop","floor":11,"gold_loss":0},{"damage_healed":0,"gold_gain":0,"player_choice":"Fought Mushrooms","damage_taken":0,"max_hp_gain":0,"max_hp_loss":0,"event_name":"Mushrooms","floor":13,"gold_loss":0}],"is_beta":false,"boss_relics":[],"items_purged_floors":[3,7,10],"is_endless":false,"potions_floor_spawned":[8,13],"killed_by":"Hexaghost","ascension_level":11}}