{"host":"Sumable","time":1608021175,"event":{"mods":["AchievementEnabler","BaseMod","Better Note","BetterRewards","Googly Eyes","Hermit","Minty Spire (QoL Compilation)","Quick Restart","Shop Mod","StSLib","The Cursed","everything is the same but u backflip on backflip","slay the spire mod where everything is the same but ironclad has a cowboy hat"],"gold_per_floor":[110,72,83,95,95,95,95,105,132,148,323,209,220,249,249,352,352,363,363,363,442,133,166,166,166,193,193,10,23,35,35,35,35,35],"floor_reached":33,"playtime":3903,"items_purged":["Demon Form"],"score":446,"play_id":"c5b88eb8-3a0a-4ff5-b4d2-3d8947fbc052","local_time":"20201215013255","is_ascension_mode":true,"campfire_choices":[{"data":"Fire Breathing","floor":6,"key":"SMITH"},{"floor":15,"key":"REST"},{"floor":24,"key":"REST"},{"floor":27,"key":"REST"},{"data":"Fire Breathing","floor":32,"key":"SMITH"}],"circlet_count":0,"master_deck":["AscendersBane","Strike_R","Strike_R","Strike_R","Strike_R","Strike_R","Defend_R","Defend_R","Defend_R","Defend_R","Bash","Disarm","Fire Breathing+1","Armaments","Twin Strike","Doubt","Fire Breathing+1","Wild Strike","Fire Breathing","Impervious","Thunderclap","Decay","Decay","Dark Shackles","Armaments","Fire Breathing+1","Evolve","Seeing Red"],"relics":["Black Blood","NeowsBlessing","MealTicket","Akabeko","MutagenicStrength","HornCleat","DollysMirror","Nunchaku","Bag of Preparation","Tiny Chest"],"acts_visited":["Exordium","TheCity"],"potions_floor_usage":[10,10,13,14,23,33],"damage_taken":[{"damage":0,"enemies":"Cultist","floor":1,"turns":1},{"damage":0,"enemies":"2 Louse","floor":3,"turns":2},{"damage":0,"enemies":"Jaw Worm","floor":4,"turns":1},{"damage":12,"enemies":"Looter","floor":8,"turns":4},{"damage":10,"enemies":"Blue Slaver","floor":10,"turns":4},{"damage":25,"enemies":"2 Fungi Beasts","floor":13,"turns":5},{"damage":22,"enemies":"3 Sentries","floor":14,"turns":5},{"damage":36,"enemies":"Slime Boss","floor":16,"turns":7},{"damage":42,"enemies":"3 Byrds","floor":18,"turns":6},{"damage":35,"enemies":"Book of Stabbing","floor":23,"turns":7},{"damage":31,"enemies":"Spheric Guardian","floor":29,"turns":6},{"damage":10,"enemies":"Cultist and Chosen","floor":30,"turns":5},{"damage":70,"enemies":"Champ","floor":33,"turns":9}],"seed_played":"6864568633820890456","potions_obtained":[{"floor":3,"key":"PowerPotion"},{"floor":4,"key":"PowerPotion"},{"floor":10,"key":"PowerPotion"},{"floor":13,"key":"Weak Potion"},{"floor":18,"key":"FearPotion"},{"floor":23,"key":"Fire Potion"}],"is_trial":false,"path_per_floor":["M","$","M","M","?","R","$","M","T","M","?","$","M","E","R","B",null,"M","?","?","T","$","E","R","?","T","R","$","M","M","?","R","B"],"character_chosen":"IRONCLAD","items_purchased":["Fire Breathing","Fire Breathing","Wild Strike","DollysMirror","Dark Shackles","Tiny Chest","Evolve"],"campfire_rested":3,"item_purchase_floors":[2,12,12,22,22,28,28],"current_hp_per_floor":[78,78,80,80,80,80,80,74,74,70,70,80,61,45,69,39,70,40,40,40,40,55,32,56,56,56,80,80,61,63,63,63,0,0],"gold":35,"neow_bonus":"THREE_ENEMY_KILL","is_daily":false,"chose_seed":false,"campfire_upgraded":2,"win_rate":0.0,"timestamp":1608021175,"path_taken":["M","$","M","M","?","R","?","M","T","M","?","$","M","E","R","BOSS","M","?","?","?","$","E","R","?","T","R","$","?","M","?","R","BOSS"],"items_purchased_type":["Card","Card","Card","Relic","Card","Relic","Card"],"build_version":"2020-12-07","purchased_purges":1,"victory":false,"max_hp_per_floor":[80,80,80,80,80,80,80,80,80,80,80,80,80,80,80,80,80,80,80,80,80,80,80,80,80,80,80,80,80,80,80,80,80,80],"card_choices":[{"not_picked":["Perfected Strike","Reckless Charge"],"picked":"Disarm","floor":1},{"not_picked":["Twin Strike","Perfected Strike"],"picked":"Armaments","floor":3},{"not_picked":["Dark Embrace","Sever Soul"],"picked":"Shrug It Off","floor":4},{"not_picked":["Sentinel","Sever Soul"],"picked":"Twin Strike","floor":8},{"not_picked":["Burning Pact","Body Slam"],"picked":"Demon Form","floor":10},{"not_picked":["Uppercut","Thunderclap","Infernal Blade"],"picked":"SKIP","floor":13},{"not_picked":["Offering","Twin Strike"],"picked":"Fire Breathing","floor":14},{"not_picked":["Bludgeon","Limit Break"],"picked":"Impervious","floor":16},{"not_picked":["Armaments","Anger"],"picked":"Thunderclap","floor":18},{"not_picked":["Pommel Strike","Perfected Strike"],"picked":"Armaments","floor":23},{"not_picked":["Thunderclap","Whirlwind+1","Twin Strike"],"picked":"SKIP","floor":29},{"not_picked":["True Grit","Flex+1"],"picked":"Seeing Red","floor":30}],"player_experience":975706,"relics_obtained":[{"floor":9,"key":"MealTicket"},{"floor":14,"key":"Akabeko"},{"floor":21,"key":"HornCleat"},{"floor":23,"key":"Nunchaku"},{"floor":26,"key":"Bag of Preparation"}],"event_choices":[{"cards_removed":["Shrug It Off"],"damage_healed":5,"gold_gain":0,"player_choice":"Offered Common","damage_taken":0,"max_hp_gain":0,"max_hp_loss":0,"event_name":"Bonfire Elementals","floor":5,"gold_loss":0},{"cards_removed":["Shrug It Off"],"damage_healed":5,"gold_gain":0,"player_choice":"Offered Special","damage_taken":0,"max_hp_gain":0,"max_hp_loss":0,"event_name":"Bonfire Elementals","floor":5,"gold_loss":0},{"damage_healed":0,"gold_gain":175,"player_choice":"AGREE","damage_taken":0,"max_hp_gain":0,"max_hp_loss":0,"event_name":"Liars Game","floor":11,"gold_loss":0,"cards_obtained":["Doubt"]},{"damage_healed":0,"gold_gain":0,"player_choice":"Smashed Altar","damage_taken":0,"max_hp_gain":0,"max_hp_loss":0,"event_name":"Forgotten Altar","floor":19,"gold_loss":0,"cards_obtained":["Decay"]},{"damage_healed":0,"gold_gain":0,"player_choice":"Inject Mutagens","damage_taken":0,"relics_obtained":["MutagenicStrength"],"max_hp_gain":0,"max_hp_loss":0,"event_name":"Drug Dealer","floor":20,"gold_loss":0},{"damage_healed":0,"gold_gain":0,"player_choice":"Copied","damage_taken":0,"max_hp_gain":0,"max_hp_loss":0,"event_name":"Duplicator","floor":25,"gold_loss":0,"cards_obtained":["Fire Breathing"]},{"damage_healed":0,"gold_gain":0,"player_choice":"Ignored","damage_taken":0,"max_hp_gain":0,"max_hp_loss":0,"event_name":"Ghosts","floor":31,"gold_loss":0}],"is_beta":true,"boss_relics":[{"not_picked":["Velvet Choker","Sozu"],"picked":"Black Blood"}],"items_purged_floors":[22],"is_endless":false,"potions_floor_spawned":[3,4,10,13,18,23],"killed_by":"Champ","ascension_level":12}}