{"host":"bxn2em57qlx5u4i0","time":1608013732,"event":{"mods":["BaseMod","Colored Map","Colored Powertips","Highlight Path","Minty Spire (QoL Compilation)","Random Character Button","Relic Sorter","Relic Stats","StSLib","SuperFastMode"],"gold_per_floor":[114,114,126,96,21,21,55,55,79,79,106,119,134,165,165,244,244,254,19,37,37,65,65,99,99,99,124,151,151,182,196,196,275,275,289,308,308,322,322,334,367,367,367,399,399,418,418,434,434,434,434,434,434,18,47,47],"floor_reached":57,"playtime":2676,"items_purged":["Strike_G","Strike_G"],"score":3097,"play_id":"5b0321de-96b6-4b3e-b015-10e4999afa44","local_time":"20201215012852","is_ascension_mode":true,"campfire_choices":[{"data":"Crippling Poison","floor":6.0,"key":"SMITH"},{"data":"Quick Slash","floor":8.0,"key":"SMITH"},{"data":"Neutralize","floor":10.0,"key":"SMITH"},{"data":"Noxious Fumes","floor":15.0,"key":"SMITH"},{"data":"Well Laid Plans","floor":23.0,"key":"SMITH"},{"floor":25.0,"key":"REST"},{"data":"Footwork","floor":29.0,"key":"SMITH"},{"data":"Footwork","floor":32.0,"key":"SMITH"},{"floor":42.0,"key":"REST"},{"floor":47.0,"key":"RECALL"},{"floor":49.0,"key":"REST"},{"data":"Footwork","floor":53.0,"key":"SMITH"}],"circlet_count":0,"master_deck":["AscendersBane","Defend_G","Defend_G","Defend_G","Defend_G","Survivor","Neutralize+1","Quick Slash+1","Crippling Poison+1","Well Laid Plans+1","Footwork+1","Noxious Fumes+1","Backflip","Corpse Explosion","Sucker Punch+1","Masterful Stab+1","Bullet Time+1","PiercingWail+1","Backflip","Footwork+1","Noxious Fumes","Footwork","Footwork+1","Dark Shackles","PiercingWail"],"relics":["Ring of the Snake","NeowsBlessing","Akabeko","Tiny Chest","Happy Flower","Mango","Astrolabe","Red Mask","CaptainsWheel","Sundial","Lantern","Whetstone","Blue Candle","Busted Crown","Blood Vial","Paper Crane","Membership Card","Oddly Smooth Stone","HornCleat","Kunai"],"acts_visited":["Exordium","TheCity","TheBeyond","TheEnding"],"potions_floor_usage":[55,56,56],"damage_taken":[{"damage":0.0,"enemies":"Jaw Worm","floor":1.0,"turns":1.0},{"damage":0.0,"enemies":"Cultist","floor":3.0,"turns":1.0},{"damage":0.0,"enemies":"Lagavulin","floor":7.0,"turns":1.0},{"damage":24.0,"enemies":"Gremlin Nob","floor":11.0,"turns":4.0},{"damage":0.0,"enemies":"2 Louse","floor":12.0,"turns":2.0},{"damage":0.0,"enemies":"Looter","floor":13.0,"turns":2.0},{"damage":1.0,"enemies":"Lagavulin","floor":14.0,"turns":6.0},{"damage":21.0,"enemies":"Hexaghost","floor":16.0,"turns":10.0},{"damage":0.0,"enemies":"3 Byrds","floor":18.0,"turns":3.0},{"damage":0.0,"enemies":"Spheric Guardian","floor":20.0,"turns":5.0},{"damage":18.0,"enemies":"Masked Bandits","floor":22.0,"turns":3.0},{"damage":26.0,"enemies":"Slavers","floor":24.0,"turns":4.0},{"damage":0.0,"enemies":"Book of Stabbing","floor":28.0,"turns":6.0},{"damage":0.0,"enemies":"Gremlin Leader","floor":30.0,"turns":5.0},{"damage":0.0,"enemies":"Centurion and Healer","floor":31.0,"turns":4.0},{"damage":0.0,"enemies":"Champ","floor":33.0,"turns":13.0},{"damage":18.0,"enemies":"3 Darklings","floor":35.0,"turns":5.0},{"damage":8.0,"enemies":"Orb Walker","floor":36.0,"turns":5.0},{"damage":0.0,"enemies":"Sphere and 2 Shapes","floor":38.0,"turns":4.0},{"damage":2.0,"enemies":"Spire Growth","floor":40.0,"turns":6.0},{"damage":11.0,"enemies":"Nemesis","floor":41.0,"turns":9.0},{"damage":20.0,"enemies":"Reptomancer","floor":44.0,"turns":8.0},{"damage":1.0,"enemies":"3 Darklings","floor":46.0,"turns":4.0},{"damage":0.0,"enemies":"Maw","floor":48.0,"turns":8.0},{"damage":14.0,"enemies":"Donu and Deca","floor":50.0,"turns":10.0},{"damage":21.0,"enemies":"Time Eater","floor":51.0,"turns":19.0},{"damage":0,"enemies":"Shield and Spear","floor":55,"turns":8},{"damage":55,"enemies":"The Heart","floor":56,"turns":15}],"seed_played":"-7837825041637133902","potions_obtained":[{"floor":4.0,"key":"Ancient Potion"},{"floor":4.0,"key":"BlessingOfTheForge"},{"floor":7.0,"key":"Explosive Potion"},{"floor":12.0,"key":"LiquidMemories"},{"floor":13.0,"key":"SkillPotion"},{"floor":22.0,"key":"ColorlessPotion"},{"floor":24.0,"key":"DistilledChaos"},{"floor":30.0,"key":"SteroidPotion"},{"floor":35.0,"key":"BlessingOfTheForge"},{"floor":36.0,"key":"GhostInAJar"},{"floor":38.0,"key":"EntropicBrew"},{"floor":41.0,"key":"Energy Potion"},{"floor":55,"key":"Block Potion"}],"is_trial":false,"path_per_floor":["M","?","M","?","$","R","E","R","T","R","E","M","M","E","R","B",null,"M","$","M","?","?","R","E","R","T","T","E","R","E","M","R","B",null,"M","M","?","M","?","M","E","R","T","E","?","M","R","M","R","B","B",null,"R","$","E","B",null],"character_chosen":"THE_SILENT","items_purchased":["Backflip","Footwork","Membership Card","Oddly Smooth Stone","HornCleat","AttackPotion"],"campfire_rested":3,"item_purchase_floors":[19,19,54,54,54,54],"current_hp_per_floor":[59,50,50,50,50,50,50,50,50,50,26,26,26,39,39,18,65,65,65,65,65,47,47,21,45,45,45,45,45,45,45,45,45,71,53,45,35,35,35,33,22,46,46,28,28,29,29,31,55,43,24,66,66,66,68,15],"gold":47,"neow_bonus":"THREE_ENEMY_KILL","is_daily":false,"chose_seed":false,"campfire_upgraded":8,"win_rate":0.0,"timestamp":1608013732,"path_taken":["M","?","?","?","?","R","E","R","T","R","E","?","M","E","R","BOSS","M","$","M","?","?","R","E","R","T","?","E","R","E","M","R","BOSS","M","M","?","M","?","M","E","R","T","E","?","M","R","M","R","BOSS","BOSS","R","$","E","BOSS"],"items_purchased_type":["Card","Card","Relic","Relic","Relic","Potion"],"build_version":"2020-12-13","purchased_purges":2,"victory":true,"max_hp_per_floor":[66,66,66,66,66,66,66,66,66,66,66,66,66,80,80,80,80,80,80,80,80,80,80,80,80,80,80,80,80,80,80,80,80,80,80,80,80,80,80,80,80,80,80,80,80,80,80,80,80,80,80,80,80,80,80,80],"relic_stats":{"Blood Vial":14,"Busted Crown":24,"Happy Flower":[54],"counters":[28,171],"Sundial":[30],"Astrolabe":["Sucker Punch","Masterful Stab","Bullet Time"],"Blue Candle":[0],"Tiny Chest":1,"Whetstone":["Unload"],"Kunai":[2],"obtain_stats":[{"Lantern":27,"NeowsBlessing":0,"Happy Flower":11,"Astrolabe":17,"Blue Candle":30,"Oddly Smooth Stone":54,"Mango":14,"Whetstone":28,"Paper Crane":44,"Akabeko":7,"Blood Vial":41,"CaptainsWheel":24,"Busted Crown":34,"HornCleat":54,"Sundial":26,"Tiny Chest":9,"Red Mask":22,"Membership Card":54,"Kunai":55,"Ring of the Snake":0},{"Lantern":12,"NeowsBlessing":0,"Happy Flower":4,"Astrolabe":8,"Blue Candle":14,"Oddly Smooth Stone":26,"Mango":7,"Whetstone":13,"Paper Crane":22,"Akabeko":3,"Blood Vial":21,"CaptainsWheel":12,"Busted Crown":16,"HornCleat":26,"Sundial":12,"Tiny Chest":3,"Red Mask":11,"Membership Card":26,"Kunai":27,"Ring of the Snake":0},{"Lantern":42,"NeowsBlessing":0,"Happy Flower":7,"Astrolabe":27,"Blue Candle":53,"Oddly Smooth Stone":148,"Mango":17,"Whetstone":48,"Paper Crane":107,"Akabeko":3,"Blood Vial":99,"CaptainsWheel":42,"Busted Crown":70,"HornCleat":148,"Sundial":42,"Tiny Chest":3,"Red Mask":38,"Membership Card":148,"Kunai":156,"Ring of the Snake":0}],"Ring of the Snake":[56]},"card_choices":[{"not_picked":["Cloak And Dagger","Infinite Blades"],"picked":"Quick Slash","floor":1.0},{"not_picked":["Endless Agony","Dagger Throw"],"picked":"Crippling Poison","floor":3.0},{"not_picked":["Backflip","Finisher"],"picked":"Well Laid Plans","floor":7.0},{"not_picked":["Dagger Spray","Quick Slash"],"picked":"Footwork","floor":11.0},{"not_picked":["Prepared","Deflect"],"picked":"Terror","floor":12.0},{"not_picked":["Expertise","Heel Hook"],"picked":"Noxious Fumes","floor":13.0},{"not_picked":["Cloak And Dagger","Blade Dance"],"picked":"Backflip","floor":14.0},{"not_picked":["Glass Knife","Envenom"],"picked":"Corpse Explosion","floor":16.0},{"not_picked":["Dodge and Roll","Blade Dance"],"picked":"PiercingWail+1","floor":18.0},{"not_picked":["Sucker Punch","Acrobatics","Underhanded Strike"],"picked":"SKIP","floor":20.0},{"not_picked":["Slice","Dodge and Roll","Dagger Throw"],"picked":"SKIP","floor":24.0},{"not_picked":["Distraction","Masterful Stab","Well Laid Plans"],"picked":"SKIP","floor":28.0},{"not_picked":["Underhanded Strike","Dagger Throw"],"picked":"Footwork","floor":30.0},{"not_picked":["Finisher","Deflect","Heel Hook"],"picked":"SKIP","floor":31.0},{"not_picked":[],"picked":"Footwork","floor":35.0},{"not_picked":["Heel Hook"],"picked":"SKIP","floor":36.0},{"not_picked":[],"picked":"Dark Shackles","floor":37.0},{"not_picked":["Prepared+1"],"picked":"SKIP","floor":38.0},{"not_picked":["Dagger Throw"],"picked":"SKIP","floor":40.0},{"not_picked":["Sucker Punch"],"picked":"SKIP","floor":41.0},{"not_picked":[],"picked":"PiercingWail","floor":44.0},{"not_picked":["Endless Agony"],"picked":"SKIP","floor":46.0},{"not_picked":["Acrobatics"],"picked":"SKIP","floor":48.0},{"not_picked":["Quick Slash+1"],"picked":"SKIP","floor":55}],"player_experience":2779789,"relics_obtained":[{"floor":7.0,"key":"Akabeko"},{"floor":9.0,"key":"Tiny Chest"},{"floor":11.0,"key":"Happy Flower"},{"floor":14.0,"key":"Mango"},{"floor":22.0,"key":"Red Mask"},{"floor":24.0,"key":"CaptainsWheel"},{"floor":26.0,"key":"Sundial"},{"floor":27.0,"key":"Lantern"},{"floor":28.0,"key":"Whetstone"},{"floor":30.0,"key":"Blue Candle"},{"floor":41.0,"key":"Blood Vial"},{"floor":44.0,"key":"Paper Crane"},{"floor":55,"key":"Kunai"}],"event_choices":[{"damage_healed":0.0,"max_hp_gain":0.0,"max_hp_loss":0.0,"gold_gain":0.0,"event_name":"Wheel of Change","player_choice":"Damaged","floor":2.0,"gold_loss":0.0,"damage_taken":9.0},{"damage_healed":0.0,"max_hp_gain":0.0,"max_hp_loss":0.0,"gold_gain":0.0,"event_name":"The Woman in Blue","player_choice":"Bought 2 Potions","floor":4.0,"gold_loss":0.0,"damage_taken":0.0},{"damage_healed":0.0,"max_hp_gain":0.0,"max_hp_loss":0.0,"gold_gain":0.0,"cards_transformed":["Defend_G","Terror"],"event_name":"Drug Dealer","player_choice":"Became Test Subject","floor":21.0,"gold_loss":0.0,"damage_taken":0.0,"cards_obtained":["Noxious Fumes","Unload"]},{"damage_healed":0.0,"max_hp_gain":0.0,"max_hp_loss":0.0,"gold_gain":0.0,"event_name":"Masked Bandits","player_choice":"Fought Bandits","floor":22.0,"gold_loss":0.0,"damage_taken":0.0},{"damage_healed":0.0,"max_hp_gain":0.0,"max_hp_loss":0.0,"gold_gain":0.0,"event_name":"SensoryStone","player_choice":"Memory 3","floor":37.0,"gold_loss":0.0,"damage_taken":10.0},{"cards_removed":["Unload"],"damage_healed":0.0,"max_hp_gain":0.0,"max_hp_loss":0.0,"gold_gain":0.0,"event_name":"Falling","player_choice":"Removed Attack","floor":39.0,"gold_loss":0.0,"damage_taken":0.0},{"damage_healed":0.0,"max_hp_gain":0.0,"max_hp_loss":0.0,"gold_gain":0.0,"event_name":"SecretPortal","player_choice":"Ignored","floor":45.0,"gold_loss":0.0,"damage_taken":0.0}],"is_beta":false,"boss_relics":[{"not_picked":["Tiny House","Runic Dome"],"picked":"Astrolabe"},{"not_picked":["SacredBark","Empty Cage"],"picked":"Busted Crown"}],"items_purged_floors":[5,19],"is_endless":false,"potions_floor_spawned":[7,12,13,22,24,30,35,36,38,41,55],"ascension_level":20}}