{"host":"1hv1kueuvc4r3rdp","time":1608068351,"event":{"mods":["AchievementEnabler","BaseMod","DeckTracker","Highlight Path","Minty Spire (QoL Compilation)","Permanent Neow","StSLib"],"gold_per_floor":[109,128,143,162,173,173,202,202,277,277,308,322,336,363,363,462,462,481,242,255,271,302,302,4,17,17,31,31,31,61,74,74,173,173,193,204,204,223,234,234,248,299,299,314,314,325,325,325,325,325],"floor_reached":51,"playtime":3853,"items_purged":["Strike_G"],"score":871,"play_id":"4d73a042-26d2-4e64-8011-ddd65ccf9ee5","local_time":"20201215153911","is_ascension_mode":true,"campfire_choices":[{"data":"Dagger Spray","floor":6,"key":"SMITH"},{"data":"Neutralize","floor":8,"key":"SMITH"},{"floor":15,"key":"REST"},{"data":"Storm of Steel","floor":23,"key":"SMITH"},{"data":"Leg Sweep","floor":28,"key":"SMITH"},{"floor":32,"key":"REST"},{"data":"Adrenaline","floor":40,"key":"SMITH"},{"data":"Accuracy","floor":45,"key":"SMITH"},{"data":"Terror","floor":47,"key":"SMITH"},{"floor":49,"key":"REST"}],"circlet_count":0,"master_deck":["Strike_G","Defend_G","Defend_G","Defend_G","Survivor","Neutralize+1","Dagger Spray+1","Dagger Throw","PiercingWail","Storm of Steel+1","Terror+1","Acrobatics","After Image","Poisoned Stab+1","Bane+1","Blade Dance+1","Leg Sweep+1","Footwork","Accuracy+1","PiercingWail","Adrenaline+1","Flash of Steel","Parasite","Corpse Explosion"],"relics":["Ring of the Snake","Vajra","Gremlin Horn","Matryoshka","Bird Faced Urn","Regal Pillow","Astrolabe","Shuriken","Red Mask","Happy Flower","Juzu Bracelet","Sundial","Akabeko","WristBlade","Du-Vu Doll","Nunchaku","Blue Candle"],"acts_visited":["Exordium","TheCity","TheBeyond"],"potions_floor_usage":[33,50,50],"damage_taken":[{"damage":1,"enemies":"2 Louse","floor":1,"turns":3},{"damage":0,"enemies":"Cultist","floor":2,"turns":4},{"damage":0,"enemies":"Small Slimes","floor":3,"turns":2},{"damage":0,"enemies":"2 Fungi Beasts","floor":4,"turns":3},{"damage":2,"enemies":"3 Louse","floor":5,"turns":2},{"damage":12,"enemies":"3 Sentries","floor":7,"turns":5},{"damage":30,"enemies":"Lagavulin","floor":11,"turns":7},{"damage":1,"enemies":"Blue Slaver","floor":12,"turns":3},{"damage":1,"enemies":"Large Slime","floor":13,"turns":4},{"damage":12,"enemies":"Gremlin Nob","floor":14,"turns":3},{"damage":37,"enemies":"Hexaghost","floor":16,"turns":10},{"damage":0,"enemies":"Chosen","floor":18,"turns":3},{"damage":0,"enemies":"3 Byrds","floor":20,"turns":2},{"damage":8,"enemies":"Centurion and Healer","floor":21,"turns":5},{"damage":0,"enemies":"Masked Bandits","floor":22,"turns":2},{"damage":12,"enemies":"Shelled Parasite and Fungi","floor":25,"turns":5},{"damage":0,"enemies":"Snecko","floor":27,"turns":3},{"damage":8,"enemies":"Book of Stabbing","floor":30,"turns":5},{"damage":9,"enemies":"Snake Plant","floor":31,"turns":3},{"damage":1,"enemies":"Collector","floor":33,"turns":5},{"damage":1,"enemies":"Orb Walker","floor":35,"turns":2},{"damage":4,"enemies":"3 Darklings","floor":36,"turns":4},{"damage":0,"enemies":"Sphere and 2 Shapes","floor":38,"turns":2},{"damage":20,"enemies":"Writhing Mass","floor":39,"turns":4},{"damage":0,"enemies":"4 Shapes","floor":41,"turns":3},{"damage":10,"enemies":"2 Orb Walkers","floor":42,"turns":2},{"damage":0,"enemies":"3 Darklings","floor":44,"turns":2},{"damage":7,"enemies":"Writhing Mass","floor":46,"turns":5},{"damage":52,"enemies":"Donu and Deca","floor":50,"turns":6}],"seed_played":"-4914102394886492075","potions_obtained":[{"floor":3,"key":"GhostInAJar"},{"floor":11,"key":"Swift Potion"},{"floor":13,"key":"Fire Potion"},{"floor":14,"key":"LiquidBronze"},{"floor":33,"key":"SteroidPotion"}],"is_trial":false,"path_per_floor":["M","M","M","M","M","R","E","R","T","?","E","M","M","E","R","B",null,"M","$","M","M","?","R","$","M","T","M","R","?","E","M","R","B",null,"M","M","?","M","M","R","M","?","T","M","R","M","R","?","R","B",null],"character_chosen":"THE_SILENT","items_purchased":["Shuriken","Accuracy","Happy Flower"],"campfire_rested":3,"item_purchase_floors":[19,24,24],"current_hp_per_floor":[62,62,62,62,60,60,48,48,48,48,18,17,16,4,40,3,53,55,55,57,51,55,55,55,49,49,55,55,55,51,46,70,70,70,70,66,66,70,50,50,56,46,46,50,50,49,49,49,70,20],"gold":325,"neow_bonus":"RANDOM_COMMON_RELIC","is_daily":false,"chose_seed":false,"campfire_upgraded":7,"win_rate":0.0,"timestamp":1608068351,"path_taken":["M","M","M","M","M","R","E","R","T","?","E","M","M","E","R","BOSS","M","$","M","M","?","R","$","M","T","M","R","?","E","M","R","BOSS","M","M","?","M","M","R","M","?","T","M","R","M","R","?","R","BOSS"],"items_purchased_type":["Relic","Card","Relic"],"build_version":"2020-12-13","purchased_purges":1,"victory":true,"max_hp_per_floor":[70,70,70,70,70,70,70,70,70,70,70,70,70,70,70,70,70,70,70,70,70,70,70,70,70,70,70,70,70,70,70,70,70,70,70,70,70,70,70,70,70,70,70,70,70,70,70,70,70,70],"card_choices":[{"not_picked":["Poisoned Stab","Dodge and Roll"],"picked":"Dagger Spray","floor":1},{"not_picked":["All Out Attack","Sucker Punch"],"picked":"Dagger Throw","floor":2},{"not_picked":["Masterful Stab","Endless Agony"],"picked":"PiercingWail","floor":3},{"not_picked":["Dodge and Roll","Dagger Throw","Deadly Poison"],"picked":"SKIP","floor":4},{"not_picked":["Outmaneuver","Reflex","Concentrate"],"picked":"SKIP","floor":5},{"not_picked":["Choke","Cloak And Dagger","Endless Agony"],"picked":"SKIP","floor":7},{"not_picked":["All Out Attack","Concentrate"],"picked":"Storm of Steel","floor":11},{"not_picked":["Quick Slash","Poisoned Stab","Endless Agony"],"picked":"SKIP","floor":12},{"not_picked":["Underhanded Strike","Sucker Punch"],"picked":"Terror","floor":13},{"not_picked":["Flying Knee","Terror"],"picked":"Acrobatics","floor":14},{"not_picked":["Night Terror","Corpse Explosion"],"picked":"After Image","floor":16},{"not_picked":["Cloak And Dagger","Dodge and Roll"],"picked":"Leg Sweep","floor":18},{"not_picked":["Concentrate","Acrobatics+1","Cloak And Dagger"],"picked":"SKIP","floor":20},{"not_picked":["Expertise","Deadly Poison+1"],"picked":"Footwork","floor":21},{"not_picked":["Terror","Blade Dance+1","PiercingWail"],"picked":"SKIP","floor":25},{"not_picked":["Prepared+1","Tools of the Trade"],"picked":"PiercingWail","floor":27},{"not_picked":["Acrobatics","Outmaneuver+1","Quick Slash"],"picked":"SKIP","floor":30},{"not_picked":["Cloak And Dagger","Poisoned Stab+1","Masterful Stab"],"picked":"SKIP","floor":31},{"not_picked":["Glass Knife","Burst"],"picked":"Adrenaline","floor":33},{"not_picked":["Outmaneuver","Deflect","Poisoned Stab+1"],"picked":"SKIP","floor":35},{"not_picked":["Endless Agony+1","Crippling Poison","Deadly Poison+1"],"picked":"SKIP","floor":36},{"not_picked":["Chrysalis","Finesse"],"picked":"Flash of Steel","floor":37},{"not_picked":["Eviscerate+1","Dash+1","Deflect+1"],"picked":"SKIP","floor":38},{"not_picked":["Poisoned Stab","Prepared+1","Riddle With Holes+1"],"picked":"SKIP","floor":39},{"not_picked":["Blur+1","Skewer+1"],"picked":"Corpse Explosion","floor":41},{"not_picked":["Masterful Stab+1","Eviscerate","Outmaneuver"],"picked":"SKIP","floor":44},{"not_picked":["Blade Dance+1","Underhanded Strike","Dodge and Roll"],"picked":"SKIP","floor":46}],"player_experience":1015417,"relics_obtained":[{"floor":7,"key":"Gremlin Horn"},{"floor":9,"key":"Matryoshka"},{"floor":11,"key":"Bird Faced Urn"},{"floor":14,"key":"Regal Pillow"},{"floor":22,"key":"Red Mask"},{"floor":26,"key":"Juzu Bracelet"},{"floor":26,"key":"Sundial"},{"floor":30,"key":"Akabeko"},{"floor":42,"key":"Du-Vu Doll"},{"floor":43,"key":"Nunchaku"},{"floor":43,"key":"Blue Candle"}],"event_choices":[{"cards_removed":["Defend_G"],"damage_healed":0,"gold_gain":0,"player_choice":"Purged","damage_taken":0,"max_hp_gain":0,"max_hp_loss":0,"event_name":"Purifier","floor":10,"gold_loss":0},{"damage_healed":0,"gold_gain":0,"player_choice":"Fought Bandits","damage_taken":0,"max_hp_gain":0,"max_hp_loss":0,"event_name":"Masked Bandits","floor":22,"gold_loss":0},{"cards_removed":["Strike_G"],"damage_healed":0,"gold_gain":0,"player_choice":"Elegance","damage_taken":0,"max_hp_gain":0,"max_hp_loss":0,"event_name":"Back to Basics","floor":29,"gold_loss":0},{"damage_healed":0,"gold_gain":0,"player_choice":"Memory 1","damage_taken":0,"max_hp_gain":0,"max_hp_loss":0,"event_name":"SensoryStone","floor":37,"gold_loss":0},{"damage_healed":0,"gold_gain":0,"player_choice":"Fight","damage_taken":0,"max_hp_gain":0,"max_hp_loss":0,"event_name":"Mysterious Sphere","floor":42,"gold_loss":0},{"damage_healed":0,"gold_gain":0,"player_choice":"Ignored","damage_taken":0,"max_hp_gain":0,"max_hp_loss":0,"event_name":"Tomb of Lord Red Mask","floor":48,"gold_loss":0}],"is_beta":false,"boss_relics":[{"not_picked":["Fusion Hammer","Ectoplasm"],"picked":"Astrolabe"},{"not_picked":["Pandora\u0027s Box","Ring of the Serpent"],"picked":"WristBlade"}],"items_purged_floors":[24],"is_endless":false,"potions_floor_spawned":[3,11,13,14,16,18,25,27,33,36,38,39],"ascension_level":6}}