{"host":"ztqjwusiwlngvd4e","time":1608000206,"event":{"mods":["BaseMod","BetterRewards","Downfall","Minty Spire (QoL Compilation)","Replay The Spire","StSLib","The Bug Knight"],"gold_per_floor":[115,190,228,228,244,244,257,257,257,85,85,85],"floor_reached":11,"playtime":663,"items_purged":[],"score":61,"play_id":"0d6a89f2-153d-49de-8330-5f0366f45d0a","local_time":"20201215134326","is_ascension_mode":false,"campfire_choices":[{"floor":6,"key":"REST"},{"floor":8,"key":"REST"}],"circlet_count":0,"master_deck":["Strike_R","Strike_R","Strike_R","Strike_R","Strike_R","Defend_R","Defend_R","Defend_R","Defend_R","Bash","Shrug It Off","Uppercut","Clothesline","Barricade","Perfected Strike","expansioncontent:Corrupt+1"],"relics":["Burning Blood","Shuriken","HollowMod:StagPassRelic","Golden Idol","Meat on the Bone"],"acts_visited":["Exordium"],"potions_floor_usage":[],"damage_taken":[{"damage":1,"enemies":"2 Louse","floor":1,"turns":3},{"damage":1,"enemies":"Jaw Worm","floor":5,"turns":4},{"damage":7,"enemies":"Small Slimes","floor":7,"turns":4},{"damage":80,"enemies":"Gremlin Nob","floor":11,"turns":6}],"seed_played":"8468252206353506276","potions_obtained":[{"floor":5,"key":"Doom Potion"}],"is_trial":false,"path_per_floor":["M","?","?","?","M","R","M","R","T","$","E"],"character_chosen":"IRONCLAD","items_purchased":["Shuriken","expansioncontent:Corrupt"],"campfire_rested":2,"item_purchase_floors":[0,10],"current_hp_per_floor":[76,65,33,33,38,60,59,74,74,74,0,0],"gold":85,"neow_bonus":"","is_daily":false,"chose_seed":false,"campfire_upgraded":0,"win_rate":0.0,"timestamp":1608000206,"path_taken":["M","?","?","?","M","R","M","R","T","$","E"],"items_purchased_type":["Relic","Card"],"build_version":"2020-12-13","purchased_purges":0,"victory":false,"max_hp_per_floor":[80,80,80,74,74,74,74,74,74,74,74,74],"card_choices":[{"not_picked":["Heavy Blade","Combust"],"picked":"Shrug It Off","floor":1},{"not_picked":["Clash","Bloodletting"],"picked":"Uppercut","floor":3},{"not_picked":["Clash","Pummel"],"picked":"Clothesline","floor":3},{"not_picked":["Pummel","Clothesline"],"picked":"Barricade","floor":5},{"not_picked":["Clothesline","Burning Pact"],"picked":"Perfected Strike","floor":7}],"player_experience":23069,"relics_obtained":[{"floor":3,"key":"HollowMod:StagPassRelic"},{"floor":9,"key":"Meat on the Bone"}],"event_choices":[{"damage_healed":0,"gold_gain":75,"player_choice":"Gather Gold","damage_taken":11,"max_hp_gain":0,"max_hp_loss":0,"event_name":"World of Goop","floor":2,"gold_loss":0},{"damage_healed":0,"gold_gain":0,"player_choice":"Lose Max HP","damage_taken":0,"relics_obtained":["Golden Idol"],"max_hp_gain":0,"max_hp_loss":6,"event_name":"Golden Idol","floor":4,"gold_loss":0}],"is_beta":false,"boss_relics":[],"items_purged_floors":[],"is_endless":false,"potions_floor_spawned":[5],"killed_by":"Gremlin Nob","ascension_level":0}}