{"host":"17xjy7b7ubl548g2","time":1608025488,"event":{"mods":["2.2 Compatiblity","Act Like it!","Aspiration","Astrologer","Bard","BaseMod","Bestiary","Challenge The Spire","ChefMod","Colored Map","Conspire","Elementarium","Energized Spire","GifTheSpireLib","Halation","Hallownest","Hermit","Hubris","Infinite Spire","Jedi Mod","Jorbs\u0027s Wanderer Trilogy","Marisa（霧雨　魔理沙）","Marked Mod","Minty Spire (QoL Compilation)","Pale of the Ancients","Permanent Neow","Puzzle Mod","Replay The Spire","Robot Space Explorer","Spicy Shops","StSLib","Stuff the Spire","The Blue Laboratory","The Bug Knight","The Construct","The Disciple","The Hayseed","The Hierophant","The Runesmith","The Sage"],"gold_per_floor":[117,128,7,7,20,51,51,83,83,99,99,99,114,144,144,216,216,234,245,335,353,369,369,383,411,436,436,436,462,496,33,33,111,111,127,143,143,154,154,154,170,200,246,246,246,246,262,262,262,262],"floor_reached":51,"playtime":4915,"items_purged":["Strike_B","Strike_B","Defend_B"],"score":1461,"play_id":"95f7f201-4c06-4454-9daf-b839324e0383","local_time":"20201215044448","is_ascension_mode":true,"campfire_choices":[{"data":"Go for the Eyes","floor":7.0,"key":"SMITH"},{"data":"StuffTheSpire:ForEach","floor":12.0,"key":"SMITH"},{"data":"BasicCrystalCard","floor":15.0,"key":"SMITH"},{"data":"StuffTheSpire:Synthwave","floor":23.0,"key":"SMITH"},{"data":"Electrodynamics","floor":28.0,"key":"SMITH"},{"floor":32.0,"key":"REST"},{"floor":40.0,"key":"REST"},{"data":"StuffTheSpire:Synthwave","floor":44.0,"key":"SMITH"},{"data":"jedi:readyaimfire","floor":49.0,"key":"SMITH"}],"circlet_count":0,"master_deck":["AscendersBane","Defend_B","Defend_B","Defend_B","Zap+1","Dualcast","Go for the Eyes+1","Coolheaded","Ball Lightning","Chill","StuffTheSpire:ForEach+1","Reinforced Body","BasicCrystalCard+1","Cold Snap","Conserve Battery","Electrodynamics+1","Sweeping Beam+1","StuffTheSpire:Synthwave+1","Dramatic Entrance","Conserve Battery","FIFO Queue","infinitespire:Collect","Steam+1","jedi:blockon","Compile Driver","Undo+1","StuffTheSpire:Synthwave+1","jedi:BurstLightning","infinitespire:Fortify","jedi:readyaimfire+1"],"relics":["Cracked Core","Omamori","Mummified Hand","conspire:BottledYoYo","DataDisk","Pet Ghost","energizedSpire:CursedPentagram","Mercury Hourglass","jedi:crownofsimplicity","Nuclear Battery","Replay:Antivirus Software","Pocketwatch","Runesmith:Nanobots","hubris:BallOfYels","Garlic","aspiration:Stellarator","hubris:Towel","Pantograph","halation:AfternoonTea"],"acts_visited":["Exordium","TheCity","TheBeyond"],"potions_floor_usage":[],"damage_taken":[{"damage":0.0,"enemies":"Jaw Worm","floor":1.0,"turns":3.0},{"damage":4.0,"enemies":"2 Louse","floor":2.0,"turns":2.0},{"damage":0.0,"enemies":"Cultist","floor":5.0,"turns":3.0},{"damage":0.0,"enemies":"Lagavulin","floor":6.0,"turns":5.0},{"damage":14.0,"enemies":"3 Sentries","floor":8.0,"turns":6.0},{"damage":0.0,"enemies":"3 Louse","floor":10.0,"turns":4.0},{"damage":0.0,"enemies":"Blue Slaver","floor":13.0,"turns":2.0},{"damage":0.0,"enemies":"Lagavulin","floor":14.0,"turns":6.0},{"damage":10.0,"enemies":"Fading Forest","floor":16.0,"turns":11.0},{"damage":0.0,"enemies":"3 Byrds","floor":18.0,"turns":1.0},{"damage":0.0,"enemies":"Chosen","floor":19.0,"turns":3.0},{"damage":4.0,"enemies":"Centurion and Healer","floor":21.0,"turns":2.0},{"damage":0.0,"enemies":"3 Cultists","floor":22.0,"turns":1.0},{"damage":22.0,"enemies":"Snake Plant","floor":24.0,"turns":3.0},{"damage":0.0,"enemies":"conspire:Head Lice","floor":25.0,"turns":5.0},{"damage":8.0,"enemies":"Replay:Snechameleon","floor":29.0,"turns":5.0},{"damage":7.0,"enemies":"conspire:MimicChest","floor":30.0,"turns":5.0},{"damage":16.0,"enemies":"hubris:MusketHawk","floor":33.0,"turns":6.0},{"damage":0.0,"enemies":"Orb Walker","floor":35.0,"turns":3.0},{"damage":11.0,"enemies":"3 Darklings","floor":36.0,"turns":3.0},{"damage":10.0,"enemies":"Spire Growth","floor":38.0,"turns":6.0},{"damage":15.0,"enemies":"4 Shapes","floor":41.0,"turns":3.0},{"damage":0.0,"enemies":"Giant Head","floor":42.0,"turns":7.0},{"damage":0.0,"enemies":"Maw","floor":47.0,"turns":5.0},{"damage":5,"enemies":"infinitespire:MassOfShapes","floor":50,"turns":9}],"seed_played":"1541822845552749223","potions_obtained":[{"floor":2.0,"key":"SkillPotion"},{"floor":6.0,"key":"SkillPotion"},{"floor":8.0,"key":"Toxic Potion"},{"floor":16.0,"key":"conspire:TimeTravelPotion"},{"floor":19.0,"key":"Milkshake"},{"floor":29.0,"key":"BlessingOfTheForge"},{"floor":36.0,"key":"blueLaboratory:SystemWipe"},{"floor":41.0,"key":"Toxic Potion"}],"is_trial":false,"path_per_floor":["M","M","$","?","M","E","R","E","T","M","T","R","M","E","R","B",null,"M","M","?","M","M","R","M","E","T","AVR","R","E","?","$","R","B",null,"M","M","?","M","?","R","M","E","T","R","?","AVR","M","?","R","B",null],"character_chosen":"DEFECT","items_purchased":["Ball Lightning","hubris:BallOfYels","Garlic","blueLaboratory:FruitPunch"],"campfire_rested":2,"item_purchase_floors":[3,31,31,31],"current_hp_per_floor":[64,60,60,60,60,60,60,46,46,46,46,46,46,46,46,44,64,64,64,46,42,42,42,24,24,24,24,24,16,9,9,30,16,59,59,48,48,38,41,63,48,48,48,48,48,48,48,52,52,71],"gold":262,"neow_bonus":"UPGRADE_CARD","is_daily":false,"chose_seed":false,"campfire_upgraded":7,"win_rate":0.0,"timestamp":1608025488,"path_taken":["M","M","$","?","M","E","R","E","T","M","?","R","M","E","R","BOSS","M","M","?","M","?","R","M","E","T","AVR","R","E","?","$","R","BOSS","M","?","?","M","?","R","M","E","T","R","?","AVR","?","?","R","BOSS"],"items_purchased_type":["Card","Relic","Relic","Potion"],"build_version":"2020-12-13","purchased_purges":3,"victory":true,"max_hp_per_floor":[71,71,71,71,71,71,71,71,71,71,71,71,71,71,71,71,71,71,71,71,71,71,71,71,71,71,71,71,71,71,71,71,73,73,73,73,73,73,76,76,76,76,76,76,76,76,76,76,76,76],"card_choices":[{"not_picked":["StuffTheSpire:LoadUp","Streamline"],"picked":"Go for the Eyes","floor":1.0},{"not_picked":["Beam Cell","Panic Button"],"picked":"Coolheaded","floor":2.0},{"not_picked":["StuffTheSpire:Plugnplay","Gash"],"picked":"Chill","floor":5.0},{"not_picked":["Beam Cell","Blizzard"],"picked":"StuffTheSpire:ForEach","floor":6.0},{"not_picked":["StuffTheSpire:Rend","Crystallizer"],"picked":"Reinforced Body","floor":8.0},{"not_picked":["Redo","Stack"],"picked":"BasicCrystalCard","floor":10.0},{"not_picked":["Compile Driver","Skim"],"picked":"Cold Snap","floor":13.0},{"not_picked":["jedi:BurstDark","jedi:BurstFrost"],"picked":"Conserve Battery","floor":14.0},{"not_picked":["Machine Learning","ReplayTheSpireMod:Omega Cannon"],"picked":"Electrodynamics","floor":16.0},{"not_picked":["Lockon","Steam Power"],"picked":"Sweeping Beam+1","floor":18.0},{"not_picked":["jedi:BurstLightning","Force Field"],"picked":"StuffTheSpire:Synthwave","floor":19.0},{"not_picked":["jedi:hex","Hologram"],"picked":"Conserve Battery","floor":21.0},{"not_picked":["Recycle+1","jedi:reiji","Gash"],"picked":"SKIP","floor":22.0},{"not_picked":["Lockon","Turbo","Chaos"],"picked":"SKIP","floor":24.0},{"not_picked":["ReplayTheSpireMod:Dual Polarity","Melter"],"picked":"FIFO Queue","floor":25.0},{"not_picked":["Barrage","Compile Driver"],"picked":"Steam+1","floor":29.0},{"not_picked":["Go for the Eyes","Gash"],"picked":"jedi:blockon","floor":35.0},{"not_picked":["Panic Button","Barrage"],"picked":"Compile Driver","floor":36.0},{"not_picked":["StuffTheSpire:Rend","Tempest","jedi:markofdeath"],"picked":"SKIP","floor":38.0},{"not_picked":["StuffTheSpire:Rend","Tempest","jedi:markofdeath"],"picked":"SKIP","floor":38.0},{"not_picked":["Chaos+1","BootSequence+1"],"picked":"Undo+1","floor":41.0},{"not_picked":["Redo","Thunder Strike"],"picked":"StuffTheSpire:Synthwave","floor":42.0},{"not_picked":["Undo+1","Panic Button"],"picked":"jedi:readyaimfire","floor":47.0}],"player_experience":1555780,"relics_obtained":[{"floor":6.0,"key":"Omamori"},{"floor":8.0,"key":"Mummified Hand"},{"floor":9.0,"key":"conspire:BottledYoYo"},{"floor":11.0,"key":"DataDisk"},{"floor":14.0,"key":"Pet Ghost"},{"floor":25.0,"key":"Mercury Hourglass"},{"floor":26.0,"key":"jedi:crownofsimplicity"},{"floor":29.0,"key":"Pocketwatch"},{"floor":30.0,"key":"Runesmith:Nanobots"},{"floor":42.0,"key":"Pantograph"},{"floor":43.0,"key":"halation:AfternoonTea"}],"event_choices":[{"damage_healed":0.0,"max_hp_gain":0.0,"max_hp_loss":0.0,"gold_gain":90.0,"event_name":"Knowing Skull","player_choice":"GOLD CARD ","floor":20.0,"potions_obtained":[],"gold_loss":0.0,"damage_taken":18.0,"cards_obtained":["Dramatic Entrance"]},{"damage_healed":0.0,"max_hp_gain":0.0,"max_hp_loss":0.0,"gold_gain":0.0,"cards_transformed":["Strike_B"],"event_name":"Transmorgrifier","player_choice":"Transformed","floor":45.0,"gold_loss":0.0,"damage_taken":0.0,"cards_obtained":["jedi:BurstLightning"]}],"is_beta":false,"boss_relics":[{"not_picked":["StuffTheSpire:ModemDavis","construct:ClawGrip"],"picked":"energizedSpire:CursedPentagram"},{"not_picked":["Busted Crown","aspiration:IroncladSkillbook"],"picked":"aspiration:Stellarator"}],"items_purged_floors":[3,27,46],"is_endless":false,"potions_floor_spawned":[2,6,8,16,19,21,29,36,41],"ascension_level":15}}