{"host":"8rwnpls8n88jrgbg","time":1608040384,"event":{"mods":["AchievementEnabler","BaseMod","Colored Map","Colored Powertips","DeckTracker","Keyboard Shortcuts","Minty Spire (QoL Compilation)","Relic Stats","StSLib","SuperFastMode"],"gold_per_floor":[111,52,72,90,15,15,31,31,109,109,137,162,176,189,189,189,189],"floor_reached":16,"playtime":669,"items_purged":["Strike_G"],"score":204,"play_id":"5f4f7fcc-8e77-4080-82e3-cb0657cf38d1","local_time":"20201215225304","is_ascension_mode":true,"campfire_choices":[{"data":"Noxious Fumes","floor":6,"key":"SMITH"},{"data":"Deadly Poison","floor":8,"key":"SMITH"},{"floor":10,"key":"REST"},{"floor":15,"key":"REST"}],"circlet_count":0,"master_deck":["AscendersBane","Strike_G","Strike_G","Strike_G","Strike_G","Defend_G","Defend_G","Defend_G","Defend_G","Defend_G","Survivor","Neutralize","Slice","Deadly Poison+1","Dagger Throw","Noxious Fumes+1","Terror","PiercingWail","Bane","Burst"],"relics":["Ring of the Snake","Ginger","Darkstone Periapt","Odd Mushroom","Centennial Puzzle"],"acts_visited":["Exordium"],"potions_floor_usage":[11,12,13,14],"damage_taken":[{"damage":7,"enemies":"Cultist","floor":1,"turns":5},{"damage":7,"enemies":"2 Louse","floor":3,"turns":3},{"damage":0,"enemies":"Small Slimes","floor":4,"turns":4},{"damage":4,"enemies":"Exordium Thugs","floor":7,"turns":5},{"damage":15,"enemies":"The Mushroom Lair","floor":11,"turns":4},{"damage":24,"enemies":"3 Sentries","floor":12,"turns":7},{"damage":0,"enemies":"Large Slime","floor":13,"turns":3},{"damage":4,"enemies":"3 Louse","floor":14,"turns":4},{"damage":26,"enemies":"The Guardian","floor":16,"turns":2}],"seed_played":"-958762619796947307","potions_obtained":[{"floor":1,"key":"Strength Potion"},{"floor":7,"key":"Fire Potion"},{"floor":12,"key":"DistilledChaos"},{"floor":13,"key":"ColorlessPotion"}],"is_trial":false,"path_per_floor":["M","$","M","M","$","R","M","R","T","R","?","E","M","M","R","B"],"character_chosen":"THE_SILENT","items_purchased":["Deadly Poison"],"campfire_rested":2,"item_purchase_floors":[2],"current_hp_per_floor":[37,37,30,30,30,30,26,26,26,45,30,6,6,2,21,0,0],"gold":189,"neow_bonus":"ONE_RARE_RELIC","is_daily":false,"chose_seed":false,"campfire_upgraded":2,"win_rate":0.0,"timestamp":1608040384,"path_taken":["M","$","M","M","$","R","M","R","T","R","?","E","M","M","R","BOSS"],"items_purchased_type":["Card"],"build_version":"2020-12-13","purchased_purges":1,"victory":false,"max_hp_per_floor":[66,66,66,66,66,66,66,66,66,66,66,66,66,66,66,66,66],"relic_stats":{"Darkstone Periapt":0,"Centennial Puzzle":[3],"counters":[9,37],"Ginger":[1],"obtain_stats":[{"Darkstone Periapt":9,"Centennial Puzzle":12,"Ginger":0,"Odd Mushroom":11,"Ring of the Snake":0},{"Darkstone Periapt":4,"Centennial Puzzle":6,"Ginger":0,"Odd Mushroom":5,"Ring of the Snake":0},{"Darkstone Periapt":17,"Centennial Puzzle":28,"Ginger":0,"Odd Mushroom":21,"Ring of the Snake":0}],"Ring of the Snake":[18]},"card_choices":[{"not_picked":["Riddle With Holes","Bane"],"picked":"Slice","floor":1},{"not_picked":["Backflip","Blur"],"picked":"Dagger Throw","floor":3},{"not_picked":["Prepared","Well Laid Plans"],"picked":"Noxious Fumes","floor":4},{"not_picked":["Prepared","Cloak And Dagger"],"picked":"Terror","floor":7},{"not_picked":["Acrobatics","Deadly Poison"],"picked":"PiercingWail","floor":11},{"not_picked":["Slice","Poisoned Stab"],"picked":"Bane","floor":12},{"not_picked":["Poisoned Stab","Prepared","PiercingWail"],"picked":"SKIP","floor":13},{"not_picked":["Dagger Throw","Backflip"],"picked":"Burst","floor":14}],"player_experience":1439127,"relics_obtained":[{"floor":9,"key":"Darkstone Periapt"},{"floor":11,"key":"Odd Mushroom"},{"floor":12,"key":"Centennial Puzzle"}],"event_choices":[{"damage_healed":0,"gold_gain":0,"player_choice":"Fought Mushrooms","damage_taken":0,"max_hp_gain":0,"max_hp_loss":0,"event_name":"Mushrooms","floor":11,"gold_loss":0}],"is_beta":false,"boss_relics":[],"items_purged_floors":[5],"is_endless":false,"potions_floor_spawned":[1,7,12,13],"killed_by":"The Guardian","ascension_level":20}}