{"host":"dvpvhz1t6etneyb3","time":1608049606,"event":{"mods":["AchievementEnabler","BaseMod","Colored Map","Highlight Path","Minty Spire (QoL Compilation)","Permanent Neow","Quick Restart"],"gold_per_floor":[209,209,21,39,53,53,79,79,102,139,170,217,229,3,3,77,77,96,96,107,125,39,74,74,86,110,110,141,141,166,91,91,165,165,176,176,176,176,193,227,227,227,250,250,49,102,102,133,133,133,133,133],"floor_reached":51,"playtime":2666,"items_purged":["Strike_B"],"score":1500,"play_id":"7750387d-5efb-4365-84ac-534b831b6991","local_time":"20201215112646","is_ascension_mode":true,"campfire_choices":[{"data":"Loop","floor":6.0,"key":"SMITH"},{"data":"Dualcast","floor":8.0,"key":"SMITH"},{"data":"Defragment","floor":13.0,"key":"SMITH"},{"data":"Capacitor","floor":15.0,"key":"SMITH"},{"floor":24.0,"key":"REST"},{"data":"Seek","floor":27.0,"key":"SMITH"},{"floor":32.0,"key":"REST"},{"data":"Defragment","floor":41.0,"key":"SMITH"},{"floor":44.0,"key":"REST"},{"floor":49.0,"key":"REST"}],"circlet_count":0,"master_deck":["AscendersBane","Defend_B","Defend_B","Defend_B","Defend_B","Zap+1","Dualcast+1","FTL","Cold Snap+1","Loop+1","Glacier","Ball Lightning","Defragment+1","Capacitor+1","Seek+1","Electrodynamics","Chaos","Undo","Self Repair","Consume","Hologram","Genetic Algorithm","RitualDagger","Biased Cognition","Defragment+1","Doom and Gloom","Purity","Barrage+1","Regret","Biased Cognition","Coolheaded"],"relics":["Cracked Core","Vajra","MawBank","Blue Candle","Whetstone","Velvet Choker","Bottled Lightning","Bag of Preparation","Question Card","Juzu Bracelet","Cursed Key","StrikeDummy","DataDisk","Dead Branch","Ancient Tea Set"],"acts_visited":["Exordium","TheCity","TheBeyond"],"potions_floor_usage":[],"damage_taken":[{"damage":4.0,"enemies":"2 Louse","floor":1.0,"turns":3.0},{"damage":4.0,"enemies":"Cultist","floor":4.0,"turns":3.0},{"damage":1.0,"enemies":"Jaw Worm","floor":5.0,"turns":3.0},{"damage":4.0,"enemies":"Lagavulin","floor":7.0,"turns":7.0},{"damage":11.0,"enemies":"3 Sentries","floor":10.0,"turns":12.0},{"damage":4.0,"enemies":"Looter","floor":11.0,"turns":2.0},{"damage":0.0,"enemies":"Gremlin Nob","floor":12.0,"turns":3.0},{"damage":15.0,"enemies":"Hexaghost","floor":16.0,"turns":8.0},{"damage":4.0,"enemies":"Spheric Guardian","floor":18.0,"turns":4.0},{"damage":7.0,"enemies":"3 Byrds","floor":20.0,"turns":3.0},{"damage":11.0,"enemies":"Cultist and Chosen","floor":21.0,"turns":7.0},{"damage":34.0,"enemies":"Book of Stabbing","floor":23.0,"turns":6.0},{"damage":4.0,"enemies":"Snake Plant","floor":25.0,"turns":4.0},{"damage":5.0,"enemies":"Gremlin Leader","floor":28.0,"turns":4.0},{"damage":10.0,"enemies":"Book of Stabbing","floor":30.0,"turns":7.0},{"damage":38.0,"enemies":"Automaton","floor":33.0,"turns":8.0},{"damage":12.0,"enemies":"3 Darklings","floor":35.0,"turns":3.0},{"damage":0.0,"enemies":"3 Shapes","floor":39.0,"turns":5.0},{"damage":22.0,"enemies":"Giant Head","floor":40.0,"turns":11.0},{"damage":14.0,"enemies":"2 Orb Walkers","floor":46.0,"turns":3.0},{"damage":17.0,"enemies":"Nemesis","floor":48.0,"turns":7.0},{"damage":23.0,"enemies":"Awakened One","floor":50.0,"turns":15.0},{"damage":44,"enemies":"Time Eater","floor":51,"turns":6}],"seed_played":"7667248026913397003","potions_obtained":[{"floor":1.0,"key":"DuplicationPotion"},{"floor":4.0,"key":"Explosive Potion"},{"floor":20.0,"key":"PotionOfCapacity"},{"floor":21.0,"key":"Block Potion"},{"floor":25.0,"key":"Strength Potion"},{"floor":39.0,"key":"ColorlessPotion"},{"floor":40.0,"key":"SpeedPotion"},{"floor":42.0,"key":"FocusPotion"},{"floor":46.0,"key":"Swift Potion"}],"is_trial":false,"path_per_floor":["M","?","$","M","M","R","E","R","T","E","M","E","R","$","R","B",null,"M","?","M","M","$","E","R","M","T","R","E","?","E","?","R","B",null,"M","?","?","?","M","E","R","?","T","R","$","?","?","E","R","B","B"],"character_chosen":"DEFECT","items_purchased":["Cold Snap","Loop","Capacitor","Seek","Self Repair","Biased Cognition","Coolheaded"],"campfire_rested":4,"item_purchase_floors":[3,3,14,14,22,45,45],"current_hp_per_floor":[60,60,60,56,55,55,51,51,51,40,36,36,36,36,36,21,59,55,55,48,37,37,10,31,34,34,34,36,30,27,27,48,17,58,46,46,46,46,53,38,38,38,38,59,59,45,45,35,56,33,0,0],"gold":133,"neow_bonus":"HUNDRED_GOLD","is_daily":false,"chose_seed":false,"campfire_upgraded":6,"win_rate":0.0,"timestamp":1608049606,"path_taken":["M","?","$","M","M","R","E","R","T","E","M","E","R","?","R","BOSS","M","?","M","M","$","E","R","M","T","R","E","?","E","?","R","BOSS","M","?","?","?","M","E","R","?","T","R","$","?","?","E","R","BOSS","BOSS"],"items_purchased_type":["Card","Card","Card","Card","Card","Card","Card"],"build_version":"2020-12-13","purchased_purges":1,"victory":false,"max_hp_per_floor":[71,71,71,71,71,71,71,71,71,71,71,71,71,71,71,71,71,71,71,71,71,71,71,71,71,71,71,71,71,71,71,71,71,71,71,71,71,71,71,71,71,71,71,71,71,71,71,71,71,71,71,71],"card_choices":[{"not_picked":["Blizzard","Redo"],"picked":"FTL","floor":1.0},{"not_picked":["Doom and Gloom","White Noise"],"picked":"Glacier","floor":4.0},{"not_picked":["Go for the Eyes","Auto Shields"],"picked":"Ball Lightning","floor":5.0},{"not_picked":["Beam Cell","Redo","Reboot"],"picked":"SKIP","floor":7.0},{"not_picked":["Coolheaded","Aggregate","Recycle"],"picked":"SKIP","floor":10.0},{"not_picked":["Darkness","Turbo","Hello World"],"picked":"SKIP","floor":11.0},{"not_picked":["Heatsinks","Beam Cell"],"picked":"Defragment","floor":12.0},{"not_picked":["Thunder Strike","Seek"],"picked":"Electrodynamics","floor":16.0},{"not_picked":["Auto Shields","Barrage"],"picked":"Chaos","floor":18.0},{"not_picked":["Sweeping Beam","Blizzard","Go for the Eyes"],"picked":"SKIP","floor":20.0},{"not_picked":["Steam","Rebound"],"picked":"Undo","floor":21.0},{"not_picked":["Stack+1","Electrodynamics"],"picked":"Consume","floor":23.0},{"not_picked":["Redo","Rip and Tear"],"picked":"Hologram","floor":25.0},{"not_picked":["Fusion","Streamline"],"picked":"Genetic Algorithm","floor":28.0},{"not_picked":["Compile Driver","Aggregate","Chaos","Leap"],"picked":"SKIP","floor":30.0},{"not_picked":["Creative AI","Core Surge","Multi-Cast"],"picked":"Biased Cognition","floor":33.0},{"not_picked":["Streamline","Steam+1","Turbo"],"picked":"Defragment","floor":35.0},{"not_picked":["Flash of Steel","Violence","Trip"],"picked":"Purity","floor":38.0},{"not_picked":["Turbo","Gash","Cold Snap","Static Discharge"],"picked":"SKIP","floor":39.0},{"not_picked":["Melter+1","Scrape+1","Steam Power"],"picked":"Barrage+1","floor":40.0},{"not_picked":["Coolheaded","Cold Snap","Ball Lightning","Loop"],"picked":"SKIP","floor":48.0}],"player_experience":1851835,"relics_obtained":[{"floor":7.0,"key":"Vajra"},{"floor":9.0,"key":"MawBank"},{"floor":10.0,"key":"Blue Candle"},{"floor":12.0,"key":"Whetstone"},{"floor":23.0,"key":"Bottled Lightning"},{"floor":26.0,"key":"Bag of Preparation"},{"floor":28.0,"key":"Question Card"},{"floor":30.0,"key":"Juzu Bracelet"},{"floor":40.0,"key":"StrikeDummy"},{"floor":43.0,"key":"DataDisk"},{"floor":46.0,"key":"Dead Branch"},{"floor":48.0,"key":"Ancient Tea Set"}],"event_choices":[{"damage_healed":0.0,"max_hp_gain":0.0,"max_hp_loss":0.0,"gold_gain":0.0,"event_name":"Upgrade Shrine","player_choice":"Upgraded","floor":2.0,"gold_loss":0.0,"damage_taken":0.0,"cards_upgraded":["Zap"]},{"damage_healed":0.0,"max_hp_gain":0.0,"max_hp_loss":0.0,"gold_gain":0.0,"event_name":"Vampires","player_choice":"Ignored","floor":19.0,"gold_loss":0.0,"damage_taken":0.0},{"damage_healed":0.0,"max_hp_gain":0.0,"max_hp_loss":0.0,"gold_gain":0.0,"event_name":"Nest","player_choice":"Joined the Cult","floor":29.0,"gold_loss":0.0,"damage_taken":6.0,"cards_obtained":["RitualDagger"]},{"cards_removed":["Strike_B"],"damage_healed":0.0,"max_hp_gain":0.0,"max_hp_loss":0.0,"gold_gain":0.0,"event_name":"Beggar","player_choice":"Gave Gold","floor":31.0,"gold_loss":75.0,"damage_taken":0.0},{"damage_healed":0.0,"max_hp_gain":0.0,"max_hp_loss":0.0,"gold_gain":0.0,"cards_transformed":["Strike_B"],"event_name":"Transmorgrifier","player_choice":"Transformed","floor":36.0,"gold_loss":0.0,"damage_taken":0.0,"cards_obtained":["Doom and Gloom"]},{"cards_removed":["Strike_B"],"damage_healed":0.0,"max_hp_gain":0.0,"max_hp_loss":0.0,"gold_gain":0.0,"event_name":"Falling","player_choice":"Removed Attack","floor":37.0,"gold_loss":0.0,"damage_taken":0.0},{"damage_healed":0.0,"max_hp_gain":0.0,"max_hp_loss":0.0,"gold_gain":0.0,"event_name":"SensoryStone","player_choice":"Memory 1","floor":38.0,"gold_loss":0.0,"damage_taken":0.0},{"damage_healed":0.0,"max_hp_gain":0.0,"max_hp_loss":0.0,"gold_gain":0.0,"event_name":"Lab","player_choice":"Got Potions","floor":42.0,"gold_loss":0.0,"damage_taken":0.0},{"damage_healed":0.0,"max_hp_gain":0.0,"max_hp_loss":0.0,"gold_gain":0.0,"event_name":"Mysterious Sphere","player_choice":"Fight","floor":46.0,"gold_loss":0.0,"damage_taken":0.0},{"damage_healed":0.0,"max_hp_gain":0.0,"max_hp_loss":0.0,"gold_gain":0.0,"event_name":"SecretPortal","player_choice":"Ignored","floor":47.0,"gold_loss":0.0,"damage_taken":0.0}],"is_beta":false,"boss_relics":[{"not_picked":["Ectoplasm","Calling Bell"],"picked":"Velvet Choker"},{"not_picked":["Nuclear Battery","Runic Dome"],"picked":"Cursed Key"}],"items_purged_floors":[3],"is_endless":false,"potions_floor_spawned":[1,4,10,11,20,21,25,39,40,46,48],"killed_by":"Time Eater","ascension_level":20}}