{"host":"i41n6wh529970c2c","time":1608071236,"event":{"mods":["Act Like it!","BaseMod","BetterRewards","Friendly Minions","Gold Saver","Hermit","Minty Spire (QoL Compilation)","Replay The Spire","Shop Mod","StSLib"],"gold_per_floor":[966,78,89,108,108,142,160,203,203,239,239,0,20,44,44,169,169,192,192,210,225,249,285,285,22,100,113,113,145,145,145],"floor_reached":30,"playtime":1588,"items_purged":["Strike_R","Defend_R"],"score":437,"play_id":"d37e9aeb-2b62-4ae1-9e05-183a7bfb14c6","local_time":"20201215172716","is_ascension_mode":true,"campfire_choices":[{"data":"Exhume","floor":15,"key":"SMITH"},{"data":"Heavy Blade","floor":28,"key":"SMITH"}],"circlet_count":0,"master_deck":["AscendersBane","Strike_R","Strike_R","Strike_R","Strike_R","Defend_R","Defend_R","Defend_R","Bash","True Grit","Exhume","Exhume+1","Fire Breathing","Heavy Blade+1","Inflame","Dual Wield","Feel No Pain","Exhume+1","Infernal Blade+1","Flex","Immolate+1","Feed+1","Rupture","Berserk+1","Headbutt+1"],"relics":["Burning Blood","NeowsBlessing","Snack Pack","Thread and Needle","Bloody Idol","Replay:WaspNest","Ice Cream","White Beast Statue","Golden Egg","King of Hearts","Sling","Velvet Choker","Spirit Poop","Incense Burner","Eternal Feather","Question Card"],"acts_visited":["Exordium","TheCity"],"potions_floor_usage":[6,8,14,16,16,20,21,22,23,27,29,30,30],"damage_taken":[{"damage":0,"enemies":"Jaw Worm","floor":1,"turns":1},{"damage":0,"enemies":"Small Slimes","floor":3,"turns":2},{"damage":0,"enemies":"Cultist","floor":4,"turns":1},{"damage":24,"enemies":"Lagavulin","floor":6,"turns":8},{"damage":9,"enemies":"Blue Slaver","floor":7,"turns":4},{"damage":11,"enemies":"Gremlin Nob","floor":8,"turns":5},{"damage":12,"enemies":"Lagavulin","floor":10,"turns":8},{"damage":5,"enemies":"Exordium Thugs","floor":13,"turns":3},{"damage":1,"enemies":"Looter","floor":14,"turns":2},{"damage":32,"enemies":"Slime Boss","floor":16,"turns":8},{"damage":15,"enemies":"2 Thieves","floor":18,"turns":3},{"damage":8,"enemies":"Spheric Guardian","floor":20,"turns":6},{"damage":18,"enemies":"Cultist and Chosen","floor":21,"turns":5},{"damage":33,"enemies":"Centurion and Healer","floor":22,"turns":7},{"damage":23,"enemies":"Gremlin Leader","floor":23,"turns":6},{"damage":25,"enemies":"Snecko","floor":27,"turns":3},{"damage":24,"enemies":"Book of Stabbing","floor":29,"turns":4},{"damage":36,"enemies":"Shelled Parasite and Fungi","floor":30,"turns":4}],"seed_played":"4488815604827365073","potions_obtained":[{"floor":4,"key":"CultistPotion"},{"floor":7,"key":"LifebloodPotion"},{"floor":10,"key":"AttackPotion"},{"floor":13,"key":"Adrenaline Potion"},{"floor":14,"key":"Dexterity Potion"},{"floor":16,"key":"LiquidBronze"},{"floor":18,"key":"ColorlessPotion"},{"floor":20,"key":"ColorlessPotion"},{"floor":21,"key":"BloodPotion"},{"floor":22,"key":"GamblersBrew"},{"floor":23,"key":"SpeedPotion"},{"floor":27,"key":"SteroidPotion"},{"floor":29,"key":"Weak Potion"}],"is_trial":false,"path_per_floor":["M","$","M","M","?","E","M","E","T","E","?","$","M","M","R","B",null,"M","?","M","M","M","E","?","$","T","M","R","E","M"],"character_chosen":"IRONCLAD","items_purchased":["Exhume","Fire Breathing","Snack Pack","Thread and Needle","Heavy Blade","Sling","Infernal Blade","Berserk","Headbutt"],"campfire_rested":0,"item_purchase_floors":[2,2,2,2,2,12,12,25,25],"current_hp_per_floor":[78,78,80,80,60,42,39,34,34,30,30,30,33,40,40,20,65,62,62,60,48,43,30,30,30,35,21,36,25,0,0],"gold":145,"neow_bonus":"THREE_ENEMY_KILL","is_daily":false,"chose_seed":false,"campfire_upgraded":2,"win_rate":0.0,"timestamp":1608071236,"path_taken":["M","$","M","M","?","E","M","E","T","E","?","?","?","M","R","BOSS","M","?","M","?","M","E","?","?","T","M","R","E","M"],"items_purchased_type":["Card","Card","Relic","Relic","Card","Relic","Card","Card","Card"],"build_version":"2020-12-13","purchased_purges":2,"victory":false,"max_hp_per_floor":[80,80,80,80,80,80,80,80,80,80,80,80,80,80,80,80,80,84,84,84,84,88,88,88,88,88,88,88,88,92,92],"card_choices":[{"not_picked":["Anger","Headbutt"],"picked":"True Grit","floor":1},{"not_picked":["Shrug It Off","Cleave"],"picked":"Inflame","floor":3},{"not_picked":["ReplayTheSpireMod:Corrosion Curse","ReplayTheSpireMod:Stacked"],"picked":"Dual Wield","floor":4},{"not_picked":["Havoc","Massacre","Replay:Undeath\u0027s Touch"],"picked":"SKIP","floor":6},{"not_picked":["Abandon","Sword Boomerang"],"picked":"Feel No Pain","floor":7},{"not_picked":["Cleave","Carnage","Brutality"],"picked":"SKIP","floor":8},{"not_picked":["Rage","ReplayTheSpireMod:LeadingStrike"],"picked":"Exhume","floor":10},{"not_picked":["Fire Breathing","Warcry"],"picked":"Flex","floor":13},{"not_picked":["Clothesline","Bloodletting"],"picked":"Immolate","floor":14},{"not_picked":["Offering","Fiend Fire"],"picked":"Feed","floor":16},{"not_picked":["Dropkick","Shrug It Off","Twin Strike"],"picked":"SKIP","floor":18},{"not_picked":["Rampage+1","Anger","Battle Trance"],"picked":"SKIP","floor":20},{"not_picked":["Rampage","Entrench+1"],"picked":"Rupture","floor":21},{"not_picked":["Sword Boomerang","Shrug It Off","Warcry"],"picked":"SKIP","floor":22},{"not_picked":["Havoc","ReplayTheSpireMod:LeadingStrike","Thunderclap"],"picked":"SKIP","floor":23},{"not_picked":["Dual Wield","Flex","Pommel Strike"],"picked":"SKIP","floor":27},{"not_picked":["True Grit+1","Thunderclap","Life Link"],"picked":"SKIP","floor":29}],"player_experience":766383,"relics_obtained":[{"floor":6,"key":"Replay:WaspNest"},{"floor":8,"key":"Ice Cream"},{"floor":9,"key":"White Beast Statue"},{"floor":10,"key":"Golden Egg"},{"floor":23,"key":"Incense Burner"},{"floor":26,"key":"Eternal Feather"},{"floor":29,"key":"Question Card"}],"event_choices":[{"damage_healed":0,"gold_gain":0,"player_choice":"Take Damage","damage_taken":20,"relics_obtained":["Golden Idol"],"max_hp_gain":0,"max_hp_loss":0,"event_name":"Golden Idol","floor":5,"gold_loss":0},{"damage_healed":0,"gold_gain":0,"player_choice":"Box","damage_taken":0,"relics_obtained":["King of Hearts"],"max_hp_gain":0,"max_hp_loss":0,"event_name":"Big Fish","floor":11,"gold_loss":0,"cards_obtained":["Regret"]},{"cards_removed":["Regret"],"damage_healed":0,"gold_gain":0,"player_choice":"Offered Curse","damage_taken":0,"relics_obtained":["Spirit Poop"],"max_hp_gain":0,"max_hp_loss":0,"event_name":"Bonfire Elementals","floor":19,"gold_loss":0},{"damage_healed":0,"gold_gain":0,"player_choice":"Gave Idol","damage_taken":0,"relics_obtained":["Bloody Idol"],"max_hp_gain":0,"max_hp_loss":0,"event_name":"Forgotten Altar","floor":24,"relics_lost":["Golden Idol"],"gold_loss":0}],"is_beta":false,"boss_relics":[{"not_picked":["Tiny House","Runic Dome"],"picked":"Velvet Choker"}],"items_purged_floors":[2,25],"is_endless":false,"potions_floor_spawned":[4,7,10,13,14,16,18,20,21,22,23,27,29],"killed_by":"Shelled Parasite and Fungi","ascension_level":10}}