{"host":"zksvs3x2ysy9npnz","time":1608038836,"event":{"mods":["Aspiration","BaseMod","Beaked The Cultist","BetterRewards","Clockwork Mod","Colored Map","Conspire","Duelist Mod","Ekko","Halation","Highlight Path","Hubris","Hunter ??","Infinite Spire","Jedi Mod","JesterMod","Minty Spire (QoL Compilation)","Permanent Neow","Quick Restart","Relic Stats","Replay The Spire","Retaliation","Shade Mod","Shop Mod","StSLib"],"gold_per_floor":[113,124,4,24,39,39,65,80,80,152,178,143,143,143,143,241,241,252,252,23,23,33,33,60,60,60,94,94,120,120,23,23,129,129,152,152,199,222,222,261,313,313,313,313,353,410,410,810,810,810,810,810,22,22,22],"floor_reached":56,"playtime":4258,"items_purged":["ekkoTheBoyWhoShatteredTime:PhaseDive"],"score":1270,"play_id":"df1504e9-0802-4b0b-8d25-6f13b2897f89","local_time":"20201215142716","is_ascension_mode":false,"campfire_choices":[{"data":"ekkoTheBoyWhoShatteredTime:Chronobreak","floor":6.0,"key":"SMITH"},{"data":"ekkoTheBoyWhoShatteredTime:AfterimageSetup","floor":23,"key":"SMITH"},{"data":"ekkoTheBoyWhoShatteredTime:CatchUpTime","floor":25,"key":"SMITH"},{"data":"ekkoTheBoyWhoShatteredTime:DuplicateTimelines","floor":30,"key":"SMITH"},{"data":"jedi:forcepush","floor":32,"key":"SMITH"},{"floor":42,"key":"REST"},{"floor":44,"key":"REST"},{"floor":49,"key":"RECALL"},{"data":"ekkoTheBoyWhoShatteredTime:ParallelConvergence","floor":52,"key":"SMITH"},{"data":"Apotheosis","floor":54,"key":"SMITH"}],"circlet_count":0,"master_deck":["ekkoTheBoyWhoShatteredTime:Strike","ekkoTheBoyWhoShatteredTime:Strike","ekkoTheBoyWhoShatteredTime:Strike","ekkoTheBoyWhoShatteredTime:Strike","ekkoTheBoyWhoShatteredTime:Strike","ekkoTheBoyWhoShatteredTime:Defend+1","ekkoTheBoyWhoShatteredTime:Defend+1","ekkoTheBoyWhoShatteredTime:Defend+1","ekkoTheBoyWhoShatteredTime:Defend+1","ekkoTheBoyWhoShatteredTime:TimeMaster","ekkoTheBoyWhoShatteredTime:Chronobreak+1","ekkoTheBoyWhoShatteredTime:HextechProtobelt","ekkoTheBoyWhoShatteredTime:PhaseDive","ekkoTheBoyWhoShatteredTime:NaggingBlow","ekkoTheBoyWhoShatteredTime:ComeAtMe+1","ekkoTheBoyWhoShatteredTime:AfterimageBait","ekkoTheBoyWhoShatteredTime:AfterimageSetup+1","ekkoTheBoyWhoShatteredTime:AfterimageDualStroke+1","hubris:DuctTapeCard","ekkoTheBoyWhoShatteredTime:DuplicateTimelines+1","jedi:forcepush+1","AbeCurse","ekkoTheBoyWhoShatteredTime:TrinityForce","ekkoTheBoyWhoShatteredTime:AfterimageHit","ekkoTheBoyWhoShatteredTime:KneeNSwordCombo","infinitespire:Collect","ekkoTheBoyWhoShatteredTime:ParallelConvergence+1","ekkoTheBoyWhoShatteredTime:Periocharge","infinitespire:Starlight","ekkoTheBoyWhoShatteredTime:HauntingGuise+1","Apotheosis+1"],"relics":["ekkoTheBoyWhoShatteredTime:zDriveResonance","Unceasing Top","Orichalcum","halation:QuantumPhysicsTextbook","Replay:Bottled Eggs","conspire:Dentures","Strawberry","aspiration:RunicSpoon","MutagenicStrength","Juzu Bracelet","hubris:BottledRain","infinitespire:Lychee Nut","hubris:DuctTape","halation:LettersToHer","infinitespire:EvilPickle","hubris:ScarierMask","conspire:TopHat","Replay:Bottled Flurry","Art of War","Omamori","Dream Catcher","Old Coin","Pantograph","Bag of Marbles","halation:Komachan"],"acts_visited":["Exordium","TheCity","TheBeyond","TheEnding"],"potions_floor_usage":[11,16,24,27,27,46,55],"damage_taken":[{"damage":10.0,"enemies":"Cultist","floor":1.0,"turns":4.0},{"damage":2.0,"enemies":"Small Slimes","floor":2.0,"turns":4.0},{"damage":6.0,"enemies":"Jaw Worm","floor":4.0,"turns":4.0},{"damage":5.0,"enemies":"Looter","floor":5.0,"turns":3.0},{"damage":25,"enemies":"Replay:BlueRogue","floor":7,"turns":9},{"damage":11,"enemies":"3 Louse","floor":8,"turns":4},{"damage":5,"enemies":"Gremlin Nob","floor":11,"turns":4},{"damage":25,"enemies":"Hexaghost","floor":16,"turns":11},{"damage":0,"enemies":"Shell Parasite","floor":18,"turns":7},{"damage":1,"enemies":"3 Byrds","floor":22,"turns":5},{"damage":19,"enemies":"Gremlin Leader","floor":24,"turns":7},{"damage":18,"enemies":"Book of Stabbing","floor":27,"turns":7},{"damage":0,"enemies":"Replay:Snechameleon","floor":29,"turns":5},{"damage":1,"enemies":"Pondfish","floor":33,"turns":12},{"damage":7,"enemies":"Orb Walker","floor":35,"turns":3},{"damage":0,"enemies":"3 Shapes","floor":38,"turns":3},{"damage":8,"enemies":"R_Hoarder","floor":40,"turns":8},{"damage":32,"enemies":"Nemesis","floor":41,"turns":11},{"damage":5,"enemies":"Jaw Worm Horde","floor":45,"turns":5},{"damage":0,"enemies":"Reptomancer","floor":46,"turns":5},{"damage":10,"enemies":"infinitespire:Three Voidlings","floor":48,"turns":3},{"damage":14,"enemies":"Nightmare_Alpha","floor":48,"turns":11},{"damage":54,"enemies":"Donu and Deca","floor":50,"turns":12},{"damage":7,"enemies":"The Heart","floor":55,"turns":10}],"seed_played":"6099074337266812301","potions_obtained":[{"floor":2.0,"key":"Energy Potion"},{"floor":11,"key":"Block Potion"},{"floor":16,"key":"Fire Potion"},{"floor":18,"key":"FearPotion"},{"floor":24,"key":"jedi:StrikingPotion"},{"floor":38,"key":"SteroidPotion"},{"floor":45,"key":"Flashbang"},{"floor":46,"key":"SpeedPotion"}],"is_trial":false,"path_per_floor":["M","M","?","M","M","R","E","M","T","T","E","?","?","?","R_BF","B",null,"M","?","$","T","M","R","E","R","T","E","?","E","R","$","R_BF","B",null,"M","?","T","M","?","E","E","R","T","R","M","E","?","?","R","B",null,"R","$","R","B",null],"character_chosen":"EKKO_THE_BOY_WHO_SHATTERED_TIME","items_purchased":["Juzu Bracelet","jedi:forcepush","Pantograph","Apotheosis","Bag of Marbles","halation:Komachan","Energy Potion"],"campfire_rested":2,"item_purchase_floors":[20,31,53,53,53,53,53],"current_hp_per_floor":[68,66,66,60,55,55,30,19,19,19,14,33,33,33,40,15,85,85,85,85,85,84,84,63,63,63,45,45,51,51,51,51,56,63,58,58,58,63,48,46,20,38,38,56,57,63,63,47,47,23,63,63,63,63,60],"gold":22,"neow_bonus":"ONE_RANDOM_RARE_CARD","is_daily":false,"chose_seed":false,"campfire_upgraded":7,"win_rate":0.0,"timestamp":1608038836,"path_taken":["M","?","?","?","M","R","E","M","T","?","E","?","?","?","R_BF","BOSS","M","?","$","?","M","R","E","R","T","E","?","E","R","?","R_BF","BOSS","M","?","?","M","?","E","E","R","T","R","M","E","?","?","R","BOSS","R","$","R","BOSS"],"items_purchased_type":["Relic","Card","Relic","Card","Relic","Relic","Potion"],"build_version":"2020-12-13","purchased_purges":1,"victory":true,"max_hp_per_floor":[78,78,78,78,78,78,78,78,78,78,78,78,78,78,85,85,85,85,85,85,85,85,85,63,63,63,63,63,63,63,63,63,63,63,63,63,63,63,63,63,63,63,63,63,63,63,63,63,63,63,63,63,63,63,63],"relic_stats":{"Dream Catcher":0,"counters":[24,155],"aspiration:RunicSpoon":[194],"Pantograph":0,"Juzu Bracelet":2,"Art of War":[6],"Orichalcum":[66],"obtain_stats":[{"Juzu Bracelet":20,"halation:Komachan":53,"conspire:TopHat":37,"Old Coin":48,"Dream Catcher":46,"Strawberry":15,"Pantograph":53,"hubris:ScarierMask":34,"Replay:Bottled Flurry":40,"Replay:Bottled Eggs":10,"ekkoTheBoyWhoShatteredTime:zDriveResonance":0,"halation:LettersToHer":29,"conspire:Dentures":11,"halation:QuantumPhysicsTextbook":9,"hubris:DuctTape":27,"aspiration:RunicSpoon":17,"Omamori":43,"Orichalcum":7,"infinitespire:EvilPickle":33,"infinitespire:Lychee Nut":24,"MutagenicStrength":19,"Art of War":41,"Bag of Marbles":53,"Unceasing Top":3,"hubris:BottledRain":21},{"Juzu Bracelet":9,"halation:Komachan":23,"conspire:TopHat":15,"Old Coin":22,"Dream Catcher":20,"Strawberry":7,"Pantograph":23,"hubris:ScarierMask":14,"Replay:Bottled Flurry":17,"Replay:Bottled Eggs":6,"ekkoTheBoyWhoShatteredTime:zDriveResonance":0,"halation:LettersToHer":13,"conspire:Dentures":7,"halation:QuantumPhysicsTextbook":6,"hubris:DuctTape":12,"aspiration:RunicSpoon":8,"Omamori":18,"Orichalcum":5,"infinitespire:EvilPickle":14,"infinitespire:Lychee Nut":11,"MutagenicStrength":9,"Art of War":18,"Bag of Marbles":23,"Unceasing Top":2,"hubris:BottledRain":9},{"Juzu Bracelet":50,"halation:Komachan":146,"conspire:TopHat":89,"Old Coin":134,"Dream Catcher":120,"Strawberry":32,"Pantograph":146,"hubris:ScarierMask":86,"Replay:Bottled Flurry":99,"Replay:Bottled Eggs":28,"ekkoTheBoyWhoShatteredTime:zDriveResonance":0,"halation:LettersToHer":74,"conspire:Dentures":32,"halation:QuantumPhysicsTextbook":28,"hubris:DuctTape":69,"aspiration:RunicSpoon":43,"Omamori":110,"Orichalcum":24,"infinitespire:EvilPickle":86,"infinitespire:Lychee Nut":62,"MutagenicStrength":50,"Art of War":110,"Bag of Marbles":146,"Unceasing Top":8,"hubris:BottledRain":50}],"Unceasing Top":[2]},"card_choices":[{"not_picked":["ekkoTheBoyWhoShatteredTime:FeelIt","ekkoTheBoyWhoShatteredTime:SpHit"],"picked":"ekkoTheBoyWhoShatteredTime:PhaseDive","floor":1.0},{"not_picked":["ekkoTheBoyWhoShatteredTime:SneakHit","ekkoTheBoyWhoShatteredTime:HauntedAfterimage"],"picked":"ekkoTheBoyWhoShatteredTime:HextechProtobelt","floor":2.0},{"not_picked":["ekkoTheBoyWhoShatteredTime:SpHit","ekkoTheBoyWhoShatteredTime:Greed"],"picked":"ekkoTheBoyWhoShatteredTime:PhaseDive","floor":4.0},{"not_picked":["ekkoTheBoyWhoShatteredTime:NeedlesslyLargeRod","ekkoTheBoyWhoShatteredTime:FeelIt"],"picked":"ekkoTheBoyWhoShatteredTime:NaggingBlow","floor":5.0},{"not_picked":["ekkoTheBoyWhoShatteredTime:HauntedAfterimage","ekkoTheBoyWhoShatteredTime:HextechProtobelt"],"picked":"ekkoTheBoyWhoShatteredTime:Powered","floor":7},{"not_picked":["ekkoTheBoyWhoShatteredTime:FeelIt","ekkoTheBoyWhoShatteredTime:AfterimageTease"],"picked":"ekkoTheBoyWhoShatteredTime:ComeAtMe","floor":8},{"not_picked":["ekkoTheBoyWhoShatteredTime:WaitForKeyTiming","ekkoTheBoyWhoShatteredTime:VelocityConsuming"],"picked":"ekkoTheBoyWhoShatteredTime:AfterimageBait","floor":11},{"not_picked":["ekkoTheBoyWhoShatteredTime:ZhonyasHourglass","ekkoTheBoyWhoShatteredTime:Unleashed"],"picked":"ekkoTheBoyWhoShatteredTime:CatchUpTime","floor":16},{"not_picked":["ekkoTheBoyWhoShatteredTime:DuplicateTimelines","ekkoTheBoyWhoShatteredTime:Leap"],"picked":"ekkoTheBoyWhoShatteredTime:AfterimageSetup","floor":18},{"not_picked":["ekkoTheBoyWhoShatteredTime:Vibin","ekkoTheBoyWhoShatteredTime:Dash"],"picked":"ekkoTheBoyWhoShatteredTime:AfterimageDualStroke+1","floor":22},{"not_picked":["ekkoTheBoyWhoShatteredTime:RecallingPunch","ekkoTheBoyWhoShatteredTime:GrandeFinale","ekkoTheBoyWhoShatteredTime:AfterimageSetup"],"picked":"SKIP","floor":24},{"not_picked":["ekkoTheBoyWhoShatteredTime:Process+1","ekkoTheBoyWhoShatteredTime:NeedlesslyLargeRod","ekkoTheBoyWhoShatteredTime:SpHit"],"picked":"SKIP","floor":27},{"not_picked":["ekkoTheBoyWhoShatteredTime:SpHit","ekkoTheBoyWhoShatteredTime:Vibin"],"picked":"ekkoTheBoyWhoShatteredTime:DuplicateTimelines","floor":29},{"not_picked":["ekkoTheBoyWhoShatteredTime:PulsefirePooling","ekkoTheBoyWhoShatteredTime:SandstormSympathy"],"picked":"ekkoTheBoyWhoShatteredTime:TrinityForce","floor":33},{"not_picked":["ekkoTheBoyWhoShatteredTime:LevelUp+1","ekkoTheBoyWhoShatteredTime:ItemsAfterimage+1"],"picked":"ekkoTheBoyWhoShatteredTime:AfterimageHit","floor":35},{"not_picked":["ekkoTheBoyWhoShatteredTime:LevelUp+1","ekkoTheBoyWhoShatteredTime:AfterimageDualStroke"],"picked":"ekkoTheBoyWhoShatteredTime:KneeNSwordCombo","floor":38},{"not_picked":["infinitespire:TheBestDefense","hubris:Fate"],"picked":"infinitespire:Collect","floor":39},{"not_picked":["ekkoTheBoyWhoShatteredTime:QuickBreak","ekkoTheBoyWhoShatteredTime:SneakHit"],"picked":"ekkoTheBoyWhoShatteredTime:ParallelConvergence","floor":40},{"not_picked":["ekkoTheBoyWhoShatteredTime:AfterimageBait","ekkoTheBoyWhoShatteredTime:TrinityForce"],"picked":"ekkoTheBoyWhoShatteredTime:Periocharge","floor":41},{"not_picked":["ekkoTheBoyWhoShatteredTime:TimeRecall","ekkoTheBoyWhoShatteredTime:Confident+1","ekkoTheBoyWhoShatteredTime:Leap+1"],"picked":"SKIP","floor":45},{"not_picked":["ekkoTheBoyWhoShatteredTime:Overflow","ekkoTheBoyWhoShatteredTime:HauntingGuise","ekkoTheBoyWhoShatteredTime:VelocityConsuming+1"],"picked":"SKIP","floor":46},{"not_picked":["infinitespire:DeathsTouch","infinitespire:NeuralNetwork"],"picked":"infinitespire:Starlight","floor":48},{"not_picked":["ekkoTheBoyWhoShatteredTime:PhaseDive","ekkoTheBoyWhoShatteredTime:HauntedAfterimage"],"picked":"ekkoTheBoyWhoShatteredTime:HauntingGuise+1","floor":48}],"player_experience":1484081,"relics_obtained":[{"floor":7,"key":"Orichalcum"},{"floor":9,"key":"halation:QuantumPhysicsTextbook"},{"floor":10,"key":"Replay:Bottled Eggs"},{"floor":11,"key":"conspire:Dentures"},{"floor":15,"key":"Strawberry"},{"floor":21,"key":"hubris:BottledRain"},{"floor":24,"key":"infinitespire:Lychee Nut"},{"floor":27,"key":"hubris:DuctTape"},{"floor":29,"key":"halation:LettersToHer"},{"floor":37,"key":"halation:LettersToHer"},{"floor":37,"key":"conspire:TopHat"},{"floor":40,"key":"Replay:Bottled Flurry"},{"floor":41,"key":"Art of War"},{"floor":43,"key":"halation:LettersToHer"},{"floor":43,"key":"Omamori"},{"floor":46,"key":"Dream Catcher"},{"floor":48,"key":"Old Coin"}],"event_choices":[{"damage_healed":0.0,"max_hp_gain":0.0,"max_hp_loss":0.0,"gold_gain":0.0,"event_name":"WeMeetAgain","player_choice":"Paid Gold","floor":3.0,"gold_loss":120.0,"damage_taken":0.0,"relics_obtained":["Unceasing Top"]},{"damage_healed":19,"gold_gain":0,"player_choice":"Healed","damage_taken":0,"max_hp_gain":0,"max_hp_loss":0,"event_name":"The Cleric","floor":12,"gold_loss":35},{"damage_healed":0,"gold_gain":0,"player_choice":"Upgraded","damage_taken":0,"max_hp_gain":0,"max_hp_loss":0,"event_name":"Upgrade Shrine","floor":14,"gold_loss":0,"cards_upgraded":["ekkoTheBoyWhoShatteredTime:Powered"]},{"damage_healed":0,"gold_gain":0,"player_choice":"Relic","damage_taken":0,"max_hp_gain":0,"max_hp_loss":0,"event_name":"Wheel of Change","floor":15,"gold_loss":0},{"damage_healed":0,"gold_gain":0,"player_choice":"Inject Mutagens","damage_taken":0,"relics_obtained":["MutagenicStrength"],"max_hp_gain":0,"max_hp_loss":0,"event_name":"Drug Dealer","floor":19,"gold_loss":0}],"is_beta":false,"boss_relics":[{"not_picked":["aspiration:RitualDagger","hubris:BlackHole"],"picked":"aspiration:RunicSpoon"},{"not_picked":["Sozu","Replay:Bronze Core"],"picked":"hubris:ScarierMask"}],"items_purged_floors":[20],"is_endless":false,"potions_floor_spawned":[2,11,16,18,24,38,45,46],"ascension_level":0}}