{"host":"x6tlfgqpy55vgxdn","time":1608017983,"event":{"mods":["AchievementEnabler","BaseMod","DeckTracker","Minty Spire (QoL Compilation)","Permanent Neow","StSLib","SuperFastMode"],"gold_per_floor":[113,263,276,276,276,276,287,301,301,336,347,374,374,391,391,466,466,476,489,489,57,69,102,17,46,71,71,88,420,368,384,384,463,463,481,500,510,510,526,560,570,570,649,649,649,684,694,721,721,721,721,721,721,154,183,183],"floor_reached":57,"playtime":1235,"items_purged":["Acrobatics+1"],"score":3903,"play_id":"18930dd3-7303-45ca-8b30-cf68a762df45","local_time":"20201215163943","is_ascension_mode":true,"campfire_choices":[{"floor":6.0,"key":"RECALL"},{"data":"Well Laid Plans","floor":13.0,"key":"SMITH"},{"data":"Acrobatics","floor":15.0,"key":"SMITH"},{"data":"Escape Plan","floor":27,"key":"SMITH"},{"data":"Backflip","floor":32,"key":"SMITH"},{"floor":45,"key":"REST"},{"floor":49,"key":"REST"},{"floor":53,"key":"REST"}],"circlet_count":0,"master_deck":["Grand Finale+1","Escape Plan+1","Well Laid Plans+1","Reflex+1","Backflip+1","Calculated Gamble+1"],"relics":["Ring of the Snake","Akabeko","Omamori","PreservedInsect","HoveringKite","WarpedTongs","Kunai","ClockworkSouvenir","Happy Flower","Meat on the Bone","Frozen Egg 2","MealTicket","Old Coin","Black Star","Lantern","Centennial Puzzle","Bottled Flame","Eternal Feather","Regal Pillow","Snake Skull","Potion Belt","Anchor","Art of War","TwistedFunnel","Oddly Smooth Stone","Blue Candle","Sundial"],"acts_visited":["Exordium","TheCity","TheBeyond","TheEnding"],"potions_floor_usage":[56,56,56],"damage_taken":[{"damage":0.0,"enemies":"2 Louse","floor":1.0,"turns":1.0},{"damage":0.0,"enemies":"Cultist","floor":3.0,"turns":1.0},{"damage":0.0,"enemies":"Jaw Worm","floor":7.0,"turns":1.0},{"damage":0.0,"enemies":"Red Slaver","floor":8.0,"turns":1.0},{"damage":0.0,"enemies":"Gremlin Nob","floor":10.0,"turns":1.0},{"damage":0.0,"enemies":"Large Slime","floor":11.0,"turns":1.0},{"damage":0.0,"enemies":"3 Sentries","floor":12.0,"turns":1.0},{"damage":0.0,"enemies":"Exordium Thugs","floor":14.0,"turns":1.0},{"damage":4.0,"enemies":"The Guardian","floor":16.0,"turns":2.0},{"damage":0.0,"enemies":"Chosen","floor":18.0,"turns":1.0},{"damage":0.0,"enemies":"Spheric Guardian","floor":19.0,"turns":1.0},{"damage":0,"enemies":"Shelled Parasite and Fungi","floor":22,"turns":1},{"damage":0,"enemies":"Slavers","floor":23,"turns":1},{"damage":0,"enemies":"Book of Stabbing","floor":25,"turns":1},{"damage":0,"enemies":"Centurion and Healer","floor":28,"turns":1},{"damage":0,"enemies":"Slavers","floor":29,"turns":1},{"damage":0,"enemies":"Cultist and Chosen","floor":31,"turns":1},{"damage":0,"enemies":"Automaton","floor":33,"turns":1},{"damage":0,"enemies":"Orb Walker","floor":35,"turns":1},{"damage":0,"enemies":"3 Darklings","floor":36,"turns":1},{"damage":7,"enemies":"Sphere and 2 Shapes","floor":37,"turns":1},{"damage":0,"enemies":"Maw","floor":39,"turns":1},{"damage":0,"enemies":"Reptomancer","floor":40,"turns":1},{"damage":0,"enemies":"4 Shapes","floor":41,"turns":1},{"damage":0,"enemies":"Nemesis","floor":46,"turns":1},{"damage":0,"enemies":"Transient","floor":47,"turns":1},{"damage":0,"enemies":"Giant Head","floor":48,"turns":1},{"damage":24,"enemies":"Time Eater","floor":50,"turns":2},{"damage":0,"enemies":"Donu and Deca","floor":51,"turns":1},{"damage":0,"enemies":"Shield and Spear","floor":55,"turns":1},{"damage":0,"enemies":"The Heart","floor":56,"turns":4}],"seed_played":"-2331005467084426757","potions_obtained":[{"floor":7.0,"key":"Swift Potion"},{"floor":8.0,"key":"Fire Potion"},{"floor":19.0,"key":"DuplicationPotion"},{"floor":47,"key":"Block Potion"}],"is_trial":false,"path_per_floor":["M","?","M","?","?","R","M","M","T","E","M","E","R","M","R","B",null,"M","M","?","$","M","E","?","E","T","R","M","E","$","M","R","B",null,"M","M","M","?","M","E","M","?","T","?","R","E","M","E","R","B","B",null,"R","$","E","B",null],"character_chosen":"THE_SILENT","items_purchased":["Kunai","ClockworkSouvenir","Backflip","Art of War","TwistedFunnel","SteroidPotion","FairyPotion"],"campfire_rested":3,"item_purchase_floors":[21,21,30,54,54,54,54],"current_hp_per_floor":[59,59,59,48,48,48,48,48,48,48,48,48,48,48,48,44,61,61,61,61,61,61,61,61,61,61,61,61,61,66,66,66,66,66,66,66,59,59,59,59,59,59,59,59,63,63,63,63,63,39,39,57,63,63,63,63],"gold":183,"neow_bonus":"TRANSFORM_TWO_CARDS","is_daily":false,"chose_seed":false,"campfire_upgraded":4,"win_rate":0.0,"timestamp":1608017983,"path_taken":["M","?","M","?","?","R","M","M","T","E","M","E","R","M","R","BOSS","M","?","?","$","?","E","?","E","T","R","M","E","?","M","R","BOSS","M","M","M","?","M","E","M","?","T","?","R","E","?","E","R","BOSS","BOSS","R","$","E","BOSS"],"items_purchased_type":["Relic","Relic","Card","Relic","Relic","Potion","Potion"],"build_version":"2020-12-13","purchased_purges":1,"victory":true,"max_hp_per_floor":[66,66,66,66,66,66,66,66,66,66,66,66,66,66,66,66,66,66,66,66,66,66,66,66,66,66,66,66,66,66,66,66,66,66,66,66,66,66,66,66,66,63,63,63,63,63,63,63,63,63,63,63,63,63,63,63],"card_choices":[{"not_picked":["Sucker Punch","Endless Agony","Cloak And Dagger"],"picked":"SKIP","floor":1.0},{"not_picked":["Deflect","Setup","Dagger Spray"],"picked":"SKIP","floor":3.0},{"not_picked":["Accuracy","Outmaneuver","Dodge and Roll"],"picked":"SKIP","floor":7.0},{"not_picked":["Crippling Poison","Deflect"],"picked":"Escape Plan","floor":8.0},{"not_picked":["PiercingWail","Predator","Blur"],"picked":"SKIP","floor":10.0},{"not_picked":["Infinite Blades","Well Laid Plans","Poisoned Stab"],"picked":"SKIP","floor":11.0},{"not_picked":["Infinite Blades","Poisoned Stab"],"picked":"Well Laid Plans","floor":11.0},{"not_picked":["Riddle With Holes","PiercingWail","Choke"],"picked":"SKIP","floor":12.0},{"not_picked":["Quick Slash","Backflip"],"picked":"Acrobatics","floor":14.0},{"not_picked":["Dagger Spray","Flying Knee","Outmaneuver"],"picked":"SKIP","floor":18.0},{"not_picked":["Dodge and Roll","Sucker Punch","Well Laid Plans"],"picked":"SKIP","floor":19.0},{"not_picked":["Heel Hook","Bane","Corpse Explosion"],"picked":"SKIP","floor":22},{"not_picked":["Bouncing Flask","Flying Knee"],"picked":"Reflex+1","floor":23},{"not_picked":["Slice","Escape Plan","Prepared"],"picked":"SKIP","floor":25},{"not_picked":["Setup","Distraction","Dagger Throw"],"picked":"SKIP","floor":28},{"not_picked":["Well Laid Plans+1","Outmaneuver","Poisoned Stab"],"picked":"SKIP","floor":29},{"not_picked":["Flying Knee","Deadly Poison","Sucker Punch"],"picked":"SKIP","floor":31},{"not_picked":["Accuracy+1","Dagger Spray","Acrobatics+1"],"picked":"SKIP","floor":35},{"not_picked":["Underhanded Strike","Bane+1","Well Laid Plans+1"],"picked":"SKIP","floor":36},{"not_picked":["Deadly Poison","Dagger Throw","Blade Dance+1"],"picked":"SKIP","floor":37},{"not_picked":["Prepared","Dagger Throw+1"],"picked":"Calculated Gamble+1","floor":39},{"not_picked":["Endless Agony","Bane","Cloak And Dagger+1"],"picked":"SKIP","floor":40},{"not_picked":["Dash","Acrobatics","Bullet Time"],"picked":"SKIP","floor":41},{"not_picked":["Dagger Spray","PiercingWail","Slice+1"],"picked":"SKIP","floor":46},{"not_picked":["Eviscerate","Finisher","Sucker Punch"],"picked":"SKIP","floor":47},{"not_picked":["Cloak And Dagger","Predator","Reflex"],"picked":"SKIP","floor":48},{"not_picked":["Flying Knee","Prepared","Cloak And Dagger+1"],"picked":"SKIP","floor":55}],"player_experience":175198,"relics_obtained":[{"floor":10.0,"key":"Omamori"},{"floor":12.0,"key":"PreservedInsect"},{"floor":23,"key":"Happy Flower"},{"floor":25,"key":"Frozen Egg 2"},{"floor":26,"key":"MealTicket"},{"floor":29,"key":"Old Coin"},{"floor":40,"key":"Lantern"},{"floor":40,"key":"Centennial Puzzle"},{"floor":43,"key":"Bottled Flame"},{"floor":44,"key":"Eternal Feather"},{"floor":46,"key":"Regal Pillow"},{"floor":46,"key":"Snake Skull"},{"floor":48,"key":"Potion Belt"},{"floor":48,"key":"Anchor"},{"floor":55,"key":"Oddly Smooth Stone"},{"floor":55,"key":"Blue Candle"}],"event_choices":[{"damage_healed":0.0,"max_hp_gain":0.0,"max_hp_loss":0.0,"gold_gain":150.0,"event_name":"Liars Game","player_choice":"AGREE","floor":2.0,"gold_loss":0.0,"damage_taken":0.0,"cards_obtained":["Doubt"]},{"damage_healed":0.0,"max_hp_gain":0.0,"max_hp_loss":0.0,"gold_gain":0.0,"event_name":"Scrap Ooze","player_choice":"Success","floor":4.0,"gold_loss":0.0,"damage_taken":11.0,"relics_obtained":["Akabeko"]},{"cards_removed":["Doubt"],"damage_healed":0.0,"max_hp_gain":0.0,"max_hp_loss":0.0,"gold_gain":0.0,"event_name":"Fountain of Cleansing","player_choice":"Removed Curses","floor":5.0,"gold_loss":0.0,"damage_taken":0.0},{"damage_healed":0,"gold_gain":0,"player_choice":"Rummage","damage_taken":0,"relics_obtained":["WarpedTongs"],"max_hp_gain":0,"max_hp_loss":0,"event_name":"Accursed Blacksmith","floor":20,"gold_loss":0,"cards_obtained":["Pain"]},{"damage_healed":0,"gold_gain":0,"player_choice":"Obtained Relic","damage_taken":0,"relics_obtained":["Meat on the Bone"],"max_hp_gain":0,"max_hp_loss":0,"event_name":"Addict","floor":24,"gold_loss":85},{"cards_removed":["Grand Finale"],"damage_healed":0,"gold_gain":0,"player_choice":"Removed Attack","damage_taken":0,"max_hp_gain":0,"max_hp_loss":0,"event_name":"Falling","floor":38,"gold_loss":0},{"damage_healed":0,"gold_gain":0,"player_choice":"Max HP","damage_taken":0,"max_hp_gain":0,"max_hp_loss":3,"event_name":"Winding Halls","floor":42,"gold_loss":0},{"damage_healed":0,"gold_gain":0,"player_choice":"Relic","damage_taken":0,"max_hp_gain":0,"max_hp_loss":0,"event_name":"Wheel of Change","floor":44,"gold_loss":0}],"is_beta":false,"boss_relics":[{"not_picked":["Astrolabe","Empty Cage"],"picked":"HoveringKite"},{"not_picked":["Philosopher\u0027s Stone","Sozu"],"picked":"Black Star"}],"items_purged_floors":[54],"is_endless":false,"potions_floor_spawned":[7,8,12,14,19,29,31,33,36,39,46,47],"ascension_level":20}}