{"host":"rwzz6mk6bpmb57ql","time":1608017511,"event":{"mods":["BaseMod","BetterRewards","Colored Map","Highlight Path","Hubris","Minty Spire (QoL Compilation)","Replay The Spire","StSLib"],"gold_per_floor":[5119,5119,5119,5135,5135,5135,5263,5263,5263,5263,5274,5286,5318,3965,3965,4062,4062,4081,4092,4110,3005,2930,2955,2955,2988,3014,3014,3032,3032,3060,3090,3090,3090,3090],"floor_reached":33,"playtime":1567,"items_purged":["Strike_R","Strike_R"],"score":528,"play_id":"058e3d81-f83b-4536-b373-e08427c14f3b","local_time":"20201215013151","is_ascension_mode":true,"campfire_choices":[{"floor":6,"key":"RECALL"},{"data":"Pommel Strike","floor":8,"key":"SMITH"},{"floor":15,"key":"REST"}],"circlet_count":0,"master_deck":["Strike_R+1","Strike_R","Strike_R+1","Defend_R","Defend_R","Defend_R","Bash+1","Warcry","Pommel Strike+1","Uppercut","Rampage","Seeing Red","Apotheosis","Shrug It Off","Offering","Demon Form","Hemokinesis","Offering","Demonic Infusion","Rage+1","Dropkick","Impervious","Entrench","Inflame","Rupture","Infernal Blade","Uppercut+1","hubris:NaturalOne"],"relics":["Burning Blood","hubris:Icosahedron","Strawberry","Replay:Bottled Steam","Replay:Ringing Soul","Chameleon Ring","hubris:BundleOfHerbs","DollysMirror","SacredBark","Toolbox","Pear","Nunchaku","Pantograph","hubris:IronBody","Juzu Bracelet","Peace Pipe","Red Mask"],"acts_visited":["Exordium","TheCity"],"potions_floor_usage":[16,20,23,23,25,25,28,28],"damage_taken":[{"damage":5,"enemies":"Small Slimes","floor":1,"turns":4},{"damage":11,"enemies":"2 Louse","floor":4,"turns":4},{"damage":41,"enemies":"Gremlin Nob","floor":7,"turns":5},{"damage":6,"enemies":"Cultist","floor":11,"turns":3},{"damage":31,"enemies":"Lots of Slimes","floor":12,"turns":4},{"damage":35,"enemies":"Lagavulin","floor":13,"turns":4},{"damage":48,"enemies":"Hexaghost","floor":16,"turns":5},{"damage":27,"enemies":"2 Thieves","floor":18,"turns":4},{"damage":36,"enemies":"Spheric Guardian","floor":19,"turns":4},{"damage":50,"enemies":"Snake Plant","floor":20,"turns":3},{"damage":33,"enemies":"Book of Stabbing","floor":23,"turns":4},{"damage":16,"enemies":"Slavers","floor":25,"turns":7},{"damage":14,"enemies":"3 Cultists","floor":28,"turns":4},{"damage":34,"enemies":"Book of Stabbing","floor":30,"turns":4},{"damage":39,"enemies":"Masked Bandits","floor":31,"turns":6},{"damage":38,"enemies":"Collector","floor":33,"turns":5}],"seed_played":"4865090387592197370","potions_obtained":[{"floor":7,"key":"BlessingOfTheForge"},{"floor":13,"key":"LifebloodPotion"},{"floor":19,"key":"Swift Potion"},{"floor":20,"key":"Swift Potion"},{"floor":23,"key":"HeartOfIron"},{"floor":24,"key":"Reflective Coating"},{"floor":25,"key":"SteroidPotion"},{"floor":27,"key":"AttackPotion"},{"floor":32,"key":"EssenceOfSteel"}],"is_trial":false,"path_per_floor":["M","?","?","M","?","R","E","R","T","T","M","M","E","$","R","B",null,"M","M","M","$","?","E","R","E","T","R","M","?","E","?","R","B"],"character_chosen":"IRONCLAD","items_purchased":["Chameleon Ring","Apotheosis","Shrug It Off","Offering","Demon Form","Hemokinesis","hubris:BundleOfHerbs","DollysMirror","Dropkick","Impervious","Entrench","Inflame","EssenceOfSteel","Toxic Potion","Toolbox","Pear","Nunchaku"],"campfire_rested":1,"item_purchase_floors":[14,14,14,14,14,14,14,14,21,21,21,21,21,21,21,21,21],"current_hp_per_floor":[160,128,128,123,123,123,95,95,95,95,95,70,44,47,98,59,176,164,134,93,106,106,79,79,69,69,69,64,64,39,129,129,119,119],"gold":3090,"neow_bonus":"THREE_CARDS","is_daily":false,"chose_seed":false,"campfire_upgraded":1,"win_rate":0.0,"timestamp":1608017511,"path_taken":["M","?","?","M","?","R","E","R","T","?","?","?","E","$","R","BOSS","M","M","M","$","?","E","R","E","T","R","M","?","E","?","R","BOSS"],"items_purchased_type":["Relic","Card","Card","Card","Card","Card","Relic","Relic","Card","Card","Card","Card","Potion","Potion","Relic","Relic","Relic"],"build_version":"2020-12-13","purchased_purges":2,"victory":false,"max_hp_per_floor":[160,160,160,160,160,160,167,167,167,167,167,167,170,173,173,176,176,176,176,179,192,192,192,192,192,192,192,195,195,198,201,201,204,204],"card_choices":[{"not_picked":["ReplayTheSpireMod:LeadingStrike","True Grit"],"picked":"Warcry","floor":0},{"not_picked":["Warcry","Sword Boomerang","Thunderclap"],"picked":"SKIP","floor":1},{"not_picked":["True Grit","Clothesline","Heavy Blade"],"picked":"SKIP","floor":4},{"not_picked":["Brutality","Warcry"],"picked":"Pommel Strike","floor":7},{"not_picked":["Sword Boomerang","Fire Breathing"],"picked":"Uppercut","floor":11},{"not_picked":["Anger","hubris:ReadiedAction"],"picked":"Rampage","floor":12},{"not_picked":["Havoc","Pommel Strike"],"picked":"Seeing Red","floor":13},{"not_picked":["Offering","Immolate"],"picked":"Demonic Infusion","floor":16},{"not_picked":["Dark Embrace","Run Through","Replay:Undeath\u0027s Touch"],"picked":"SKIP","floor":18},{"not_picked":["Perfected Strike","True Grit+1","Sword Boomerang"],"picked":"SKIP","floor":19},{"not_picked":["Dropkick","Whirlwind"],"picked":"Rage+1","floor":20},{"not_picked":["Life Link","True Grit+1","Armaments"],"picked":"SKIP","floor":23},{"not_picked":["Power Through","Clothesline","hubris:SharpeningStone"],"picked":"SKIP","floor":25},{"not_picked":["Uppercut","Iron Wave"],"picked":"Rupture","floor":28},{"not_picked":["Thunderclap","Eclipse"],"picked":"Infernal Blade","floor":30},{"not_picked":["Clash","Flex"],"picked":"Uppercut+1","floor":31}],"player_experience":23444,"relics_obtained":[{"floor":7,"key":"Strawberry"},{"floor":10,"key":"Replay:Bottled Steam"},{"floor":13,"key":"Replay:Ringing Soul"},{"floor":23,"key":"Pantograph"},{"floor":25,"key":"hubris:IronBody"},{"floor":26,"key":"Juzu Bracelet"},{"floor":30,"key":"Peace Pipe"},{"floor":31,"key":"Red Mask"}],"event_choices":[{"damage_healed":0,"gold_gain":0,"player_choice":"Entered Light","damage_taken":32,"max_hp_gain":0,"max_hp_loss":0,"event_name":"Shining Light","floor":2,"gold_loss":0,"cards_upgraded":["Strike_R","Strike_R"]},{"damage_healed":0,"gold_gain":0,"player_choice":"Grow","damage_taken":0,"max_hp_gain":0,"max_hp_loss":0,"event_name":"Living Wall","floor":5,"gold_loss":0,"cards_upgraded":["Bash"]},{"cards_removed":["Defend_R"],"damage_healed":0,"gold_gain":0,"player_choice":"Gave Gold","damage_taken":0,"max_hp_gain":0,"max_hp_loss":0,"event_name":"Beggar","floor":22,"gold_loss":75},{"damage_healed":0,"gold_gain":0,"player_choice":"Ignored","damage_taken":0,"max_hp_gain":0,"max_hp_loss":0,"event_name":"The Mausoleum","floor":29,"gold_loss":0},{"damage_healed":0,"gold_gain":0,"player_choice":"Fought Bandits","damage_taken":0,"max_hp_gain":0,"max_hp_loss":0,"event_name":"Masked Bandits","floor":31,"gold_loss":0}],"is_beta":false,"boss_relics":[{"not_picked":["Black Blood","Honey Jar"],"picked":"SacredBark"}],"items_purged_floors":[14,21],"is_endless":false,"potions_floor_spawned":[7,13,19,20,23,25],"killed_by":"Collector","ascension_level":4}}