{"host":"7l2t4psy44vpcd9q","time":1608056039,"event":{"mods":["AchievementEnabler","BaseMod","DeckTracker","Minty Spire (QoL Compilation)","SuperFastMode"],"gold_per_floor":[110,35,55,55,74,74,85,85,85,85,96,96,109,123,123,201,201,155,205,205,205,66,66,95,95,177,197,197,197],"floor_reached":28,"playtime":1136,"items_purged":["Strike_B"],"score":433,"play_id":"9096c35f-201a-42ce-9040-5ecd2e6c15bb","local_time":"20201216031359","is_ascension_mode":true,"campfire_choices":[{"data":"Gash","floor":6.0,"key":"SMITH"},{"floor":12.0,"key":"REST"},{"data":"Defragment","floor":15.0,"key":"SMITH"},{"floor":23.0,"key":"REST"},{"data":"Rainbow","floor":25.0,"key":"SMITH"}],"circlet_count":0,"master_deck":["AscendersBane","Strike_B","Strike_B","Defend_B","Defend_B","Zap","Dualcast","Gash+1","Defragment+1","Go for the Eyes","Cold Snap","Conserve Battery","Melter","Reboot","Seek","Glacier","Rainbow+1","Consume","Sunder","Sunder","Compile Driver"],"relics":["Cracked Core","NeowsBlessing","Eternal Feather","FaceOfCleric","Snecko Eye","White Beast Statue","Frozen Egg 2"],"acts_visited":["Exordium","TheCity"],"potions_floor_usage":[28],"damage_taken":[{"damage":0.0,"enemies":"2 Louse","floor":1.0,"turns":1.0},{"damage":0.0,"enemies":"Cultist","floor":3.0,"turns":1.0},{"damage":0.0,"enemies":"Jaw Worm","floor":5.0,"turns":1.0},{"damage":34.0,"enemies":"Exordium Thugs","floor":7.0,"turns":5.0},{"damage":19.0,"enemies":"Large Slime","floor":11.0,"turns":6.0},{"damage":5.0,"enemies":"2 Fungi Beasts","floor":13.0,"turns":3.0},{"damage":13.0,"enemies":"Lots of Slimes","floor":14.0,"turns":4.0},{"damage":22.0,"enemies":"Hexaghost","floor":16.0,"turns":12.0},{"damage":42.0,"enemies":"2 Thieves","floor":18.0,"turns":5.0},{"damage":19.0,"enemies":"Gremlin Leader","floor":24.0,"turns":7.0},{"damage":14.0,"enemies":"Shell Parasite","floor":27.0,"turns":5.0},{"damage":33,"enemies":"Book of Stabbing","floor":28,"turns":4}],"seed_played":"7693835145418138071","potions_obtained":[{"floor":7.0,"key":"Weak Potion"},{"floor":11.0,"key":"SpeedPotion"},{"floor":16.0,"key":"DuplicationPotion"},{"floor":18.0,"key":"Ancient Potion"},{"floor":24.0,"key":"Energy Potion"},{"floor":27.0,"key":"ColorlessPotion"}],"is_trial":false,"path_per_floor":["M","$","M","?","M","R","M","$","T","?","M","R","M","M","R","B",null,"M","?","$","?","$","R","E","R","T","M","E"],"character_chosen":"DEFECT","items_purchased":["Sunder","SpeedPotion"],"campfire_rested":2,"item_purchase_floors":[22,22],"current_hp_per_floor":[64,64,64,64,64,64,30,30,30,30,12,39,35,23,32,11,59,18,18,18,18,18,49,31,43,43,30,0,0],"gold":197,"neow_bonus":"THREE_ENEMY_KILL","is_daily":false,"chose_seed":false,"campfire_upgraded":3,"win_rate":0.0,"timestamp":1608056039,"path_taken":["M","$","M","?","?","R","M","?","T","?","M","R","M","?","R","BOSS","M","?","$","?","$","R","E","R","T","M","E"],"items_purchased_type":["Card","Potion"],"build_version":"2020-12-13","purchased_purges":1,"victory":false,"max_hp_per_floor":[71,71,71,71,71,71,71,71,71,71,72,72,73,74,74,75,75,76,76,76,76,76,76,77,77,77,78,78,78],"card_choices":[{"not_picked":["Stack","Steam"],"picked":"Gash","floor":1.0},{"not_picked":["Redo","Steam"],"picked":"Defragment","floor":3.0},{"not_picked":["Tempest","Leap"],"picked":"Go for the Eyes","floor":5.0},{"not_picked":["Genetic Algorithm","Rebound"],"picked":"Cold Snap","floor":7.0},{"not_picked":["Turbo","Gash"],"picked":"Conserve Battery","floor":11.0},{"not_picked":["Cold Snap","Consume"],"picked":"Melter","floor":13.0},{"not_picked":["Leap","Force Field"],"picked":"Reboot","floor":14.0},{"not_picked":["Thunder Strike","Amplify"],"picked":"Seek","floor":16.0},{"not_picked":["Barrage","Aggregate"],"picked":"Glacier","floor":18.0},{"not_picked":["Cold Snap","Hello World"],"picked":"Sunder","floor":24.0},{"not_picked":["Ball Lightning","Streamline"],"picked":"Compile Driver","floor":27.0}],"player_experience":1092897,"relics_obtained":[{"floor":9.0,"key":"Eternal Feather"},{"floor":24.0,"key":"White Beast Statue"},{"floor":26.0,"key":"Frozen Egg 2"}],"event_choices":[{"cards_removed":["Defend_B"],"damage_healed":0.0,"max_hp_gain":0.0,"max_hp_loss":0.0,"gold_gain":0.0,"event_name":"Purifier","player_choice":"Purged","floor":4.0,"gold_loss":0.0,"damage_taken":0.0},{"damage_healed":0.0,"max_hp_gain":0.0,"max_hp_loss":0.0,"gold_gain":0.0,"event_name":"FaceTrader","player_choice":"Trade","floor":10.0,"gold_loss":0.0,"damage_taken":0.0,"relics_obtained":["FaceOfCleric"]},{"damage_healed":0.0,"max_hp_gain":0.0,"max_hp_loss":0.0,"gold_gain":50.0,"event_name":"Nest","player_choice":"Stole From Cult","floor":19.0,"gold_loss":0.0,"damage_taken":0.0},{"damage_healed":0.0,"max_hp_gain":0.0,"max_hp_loss":0.0,"gold_gain":0.0,"cards_transformed":["Strike_B","Defend_B"],"event_name":"Drug Dealer","player_choice":"Became Test Subject","floor":21.0,"gold_loss":0.0,"damage_taken":0.0,"cards_obtained":["Rainbow","Consume"]}],"is_beta":false,"boss_relics":[{"not_picked":["Inserter","Velvet Choker"],"picked":"Snecko Eye"}],"items_purged_floors":[2],"is_endless":false,"potions_floor_spawned":[7,11,16,18,24,27],"killed_by":"Book of Stabbing","ascension_level":18}}