{"host":"11728qvdvolffudn","time":1608047814,"event":{"mods":["BaseMod","Block Reminder","Colored Powertips","Custom Start","Displayed Cursed Tome","Highlight Path","Minty Spire (QoL Compilation)","Permanent Neow","Quick Restart","Rare Cards Sparkle","Relic Stats"],"gold_per_floor":[111,125,125,125,137,150,150,70,149,160,160,160,179,194,194,291,291,305,315,335,349,279,279,292,292,362,392,410,426,426,453,465,477,477],"floor_reached":33,"playtime":1262,"items_purged":[],"score":333,"play_id":"63a451fc-70b5-4859-877f-f7871c62c6e8","local_time":"20201215155654","is_ascension_mode":false,"campfire_choices":[{"data":"Flex","floor":7.0,"key":"SMITH"},{"data":"Whirlwind","floor":11.0,"key":"SMITH"},{"data":"Flex","floor":15.0,"key":"SMITH"},{"floor":23.0,"key":"REST"},{"floor":25.0,"key":"REST"},{"floor":30.0,"key":"REST"},{"floor":32.0,"key":"REST"}],"circlet_count":0,"master_deck":["Strike_R","Strike_R","Strike_R","Strike_R","Strike_R","Defend_R","Defend_R","Defend_R","Defend_R","Bash","Flex","Flex+1","Flex+1","Whirlwind+1","Spot Weakness+1","Limit Break+1","Inflame","Flex+1","Shrug It Off+1","Dropkick"],"relics":["Burning Blood","Boot","Mummified Hand","Toxic Egg 2","Velvet Choker","Bottled Tornado","Juzu Bracelet","MawBank"],"acts_visited":["Exordium","TheCity"],"potions_floor_usage":[33],"damage_taken":[{"damage":11.0,"enemies":"Jaw Worm","floor":1.0,"turns":3.0},{"damage":12.0,"enemies":"Small Slimes","floor":2.0,"turns":3.0},{"damage":1.0,"enemies":"Cultist","floor":5.0,"turns":3.0},{"damage":15.0,"enemies":"3 Louse","floor":6.0,"turns":5.0},{"damage":0.0,"enemies":"Looter","floor":10.0,"turns":2.0},{"damage":13.0,"enemies":"Exordium Wildlife","floor":13.0,"turns":3.0},{"damage":0.0,"enemies":"3 Louse","floor":14.0,"turns":1.0},{"damage":62.0,"enemies":"Hexaghost","floor":16.0,"turns":9.0},{"damage":5.0,"enemies":"Chosen","floor":18.0,"turns":3.0},{"damage":43.0,"enemies":"Spheric Guardian","floor":19.0,"turns":6.0},{"damage":32.0,"enemies":"Snake Plant","floor":20.0,"turns":3.0},{"damage":15.0,"enemies":"Chosen and Byrds","floor":21.0,"turns":4.0},{"damage":17.0,"enemies":"Sentry and Sphere","floor":24.0,"turns":4.0},{"damage":31.0,"enemies":"Book of Stabbing","floor":27.0,"turns":4.0},{"damage":42.0,"enemies":"Shelled Parasite and Fungi","floor":28.0,"turns":5.0},{"damage":24.0,"enemies":"Cultist and Chosen","floor":29.0,"turns":5.0},{"damage":0.0,"enemies":"Slavers","floor":31.0,"turns":1.0},{"damage":66,"enemies":"Automaton","floor":33,"turns":6}],"seed_played":"-7983212088146256629","potions_obtained":[{"floor":1.0,"key":"EntropicBrew"},{"floor":2.0,"key":"SkillPotion"},{"floor":5.0,"key":"DuplicationPotion"},{"floor":10.0,"key":"Strength Potion"},{"floor":14.0,"key":"Fruit Juice"},{"floor":18.0,"key":"Swift Potion"},{"floor":24.0,"key":"FairyPotion"},{"floor":28.0,"key":"SpeedPotion"}],"is_trial":false,"path_per_floor":["M","M","?","?","M","M","R","$","T","M","R","?","M","M","R","B",null,"M","M","M","M","$","R","M","R","T","E","M","M","R","E","R","B"],"character_chosen":"IRONCLAD","items_purchased":["Whirlwind","Inflame"],"campfire_rested":4,"item_purchase_floors":[8,22],"current_hp_per_floor":[75,69,57,57,62,53,53,53,53,59,59,59,52,63,63,7,85,85,48,22,13,13,38,27,52,52,27,25,7,32,38,63,0,0],"gold":477,"neow_bonus":"THREE_CARDS","is_daily":false,"chose_seed":false,"campfire_upgraded":3,"win_rate":0.0,"timestamp":1608047814,"path_taken":["M","M","?","?","?","M","R","$","T","M","R","?","M","M","R","BOSS","M","M","M","M","$","R","M","R","T","E","M","M","R","E","R","BOSS"],"items_purchased_type":["Card","Card"],"build_version":"2020-12-13","purchased_purges":0,"victory":false,"max_hp_per_floor":[80,80,80,80,80,80,80,80,80,80,80,80,80,85,85,85,85,85,85,85,85,85,85,85,85,85,85,85,85,85,85,85,85,85],"relic_stats":{"counters":[18,70],"Mummified Hand":[7],"Juzu Bracelet":0,"Boot":[10],"MawBank":24,"obtain_stats":[{"Mummified Hand":4,"Velvet Choker":17,"Juzu Bracelet":27,"Toxic Egg 2":9,"Bottled Tornado":26,"Boot":3,"MawBank":31,"Burning Blood":0},{"Mummified Hand":2,"Velvet Choker":8,"Juzu Bracelet":14,"Toxic Egg 2":4,"Bottled Tornado":13,"Boot":2,"MawBank":17,"Burning Blood":0},{"Mummified Hand":6,"Velvet Choker":29,"Juzu Bracelet":53,"Toxic Egg 2":14,"Bottled Tornado":49,"Boot":6,"MawBank":64,"Burning Blood":0}],"Burning Blood":101},"card_choices":[{"not_picked":["Rage","Armaments"],"picked":"Flex","floor":0.0},{"not_picked":["Flame Barrier","Disarm","True Grit"],"picked":"SKIP","floor":1.0},{"not_picked":["Burning Pact","Feel No Pain"],"picked":"Flex","floor":2.0},{"not_picked":["Flame Barrier","Combust","Power Through"],"picked":"SKIP","floor":5.0},{"not_picked":["Shrug It Off","Hemokinesis"],"picked":"Flex","floor":6.0},{"not_picked":["Clothesline","Rupture","Anger"],"picked":"SKIP","floor":10.0},{"not_picked":["Headbutt","Power Through+1","Burning Pact+1"],"picked":"SKIP","floor":13.0},{"not_picked":["Blood for Blood","Warcry+1"],"picked":"Spot Weakness+1","floor":14.0},{"not_picked":["Body Slam+1","Dark Embrace","Pommel Strike"],"picked":"SKIP","floor":18.0},{"not_picked":["Rage+1","Warcry+1","Dual Wield+1"],"picked":"SKIP","floor":19.0},{"not_picked":["Spot Weakness+1","Cleave"],"picked":"Limit Break+1","floor":20.0},{"not_picked":["Wild Strike","Warcry+1","Perfected Strike"],"picked":"SKIP","floor":21.0},{"not_picked":["Second Wind+1","Pommel Strike","Demon Form"],"picked":"SKIP","floor":24.0},{"not_picked":["Headbutt","Evolve+1"],"picked":"Flex+1","floor":27.0},{"not_picked":["Feel No Pain+1","Wild Strike","Havoc+1"],"picked":"SKIP","floor":28.0},{"not_picked":["Warcry+1","Burning Pact+1"],"picked":"Shrug It Off+1","floor":29.0},{"not_picked":["Carnage","Sword Boomerang"],"picked":"Dropkick","floor":31.0}],"player_experience":125256,"relics_obtained":[{"floor":9.0,"key":"Toxic Egg 2"},{"floor":26.0,"key":"Bottled Tornado"},{"floor":27.0,"key":"Juzu Bracelet"},{"floor":31.0,"key":"MawBank"}],"event_choices":[{"damage_healed":0.0,"max_hp_gain":0.0,"max_hp_loss":0.0,"gold_gain":0.0,"event_name":"Scrap Ooze","player_choice":"Success","floor":3.0,"gold_loss":0.0,"damage_taken":12.0,"relics_obtained":["Boot"]},{"damage_healed":0.0,"max_hp_gain":0.0,"max_hp_loss":0.0,"gold_gain":0.0,"event_name":"WeMeetAgain","player_choice":"Gave Potion","floor":4.0,"gold_loss":0.0,"damage_taken":0.0,"relics_obtained":["Mummified Hand"]},{"damage_healed":0.0,"max_hp_gain":0.0,"max_hp_loss":0.0,"gold_gain":0.0,"event_name":"Liars Game","player_choice":"Ignored","floor":12.0,"gold_loss":0.0,"damage_taken":0.0}],"is_beta":false,"boss_relics":[{"not_picked":["Philosopher\u0027s Stone","Fusion Hammer"],"picked":"Velvet Choker"}],"items_purged_floors":[],"is_endless":false,"potions_floor_spawned":[1,2,5,10,14,18,24,27,28,29],"killed_by":"Automaton","ascension_level":0}}