{"host":"jak4ncvfzor9mys0","time":1608074404,"event":{"mods":["2.2 Compatiblity","AchievementEnabler","BaseMod","Better Altar","Better Match","Better Note","Better Sensory Stone","Better Skull","Better Third Choice","BetterRewards","Block Reminder","Colored Map","Colored Powertips","Energized Spire","Gold Saver","Hubris","Infinite Spire","Key Reminder","Minty Spire (QoL Compilation)","Rare Cards Sparkle","Red Circlet Mod","Relic Sorter","Relic Stats","Replay The Spire","Retaliation","StSLib","SuperFastMode","The Blue Laboratory"],"gold_per_floor":[407,437,450,114,128,128,130,167,214,114,130,130,130,130,130,246,246,267,303,303,319,319],"floor_reached":21,"playtime":634,"items_purged":["Strike_R","Strike_R"],"score":279,"play_id":"11fb6ae7-aa5e-4363-a762-fd26261b9925","local_time":"20201215152004","is_ascension_mode":false,"campfire_choices":[{"data":"ReplayTheSpireMod:LeadingStrike","floor":6,"key":"SMITH"},{"floor":12,"key":"REST"},{"floor":15,"key":"REST"}],"circlet_count":0,"master_deck":["Strike_R","Strike_R","Defend_R","Defend_R","Defend_R","Defend_R","Bash","ReplayTheSpireMod:LeadingStrike+1","Thunderclap","Thunderclap","Flex","Shrug It Off","hubris:ReadiedAction"],"relics":["Burning Blood","Pocketwatch","ReplayTheSpireMod:Spearhead","infinitespire:Midas Blood","ReplayTheSpireMod:Lightbulb","infinitespire:Lucky Rock"],"acts_visited":["Exordium","TheCity"],"potions_floor_usage":[8,16,20],"damage_taken":[{"damage":1,"enemies":"2 Louse","floor":1,"turns":3},{"damage":9,"enemies":"Jaw Worm","floor":3,"turns":4},{"damage":0,"enemies":"Small Slimes","floor":5,"turns":2},{"damage":29,"enemies":"Gremlin Nob","floor":8,"turns":4},{"damage":12,"enemies":"Looter","floor":11,"turns":4},{"damage":55,"enemies":"Hexaghost","floor":16,"turns":11},{"damage":10,"enemies":"3 Byrds","floor":18,"turns":5},{"damage":32,"enemies":"Shell Parasite","floor":19,"turns":11},{"damage":0,"enemies":"Snake Plant","floor":20,"turns":2},{"damage":66,"enemies":"Cultist and Chosen","floor":21,"turns":8}],"seed_played":"394295396747957316","potions_obtained":[{"floor":3,"key":"Dexterity Potion"},{"floor":5,"key":"AttackPotion"},{"floor":8,"key":"blueLaboratory:LimitlessPotion"},{"floor":11,"key":"SmokeBomb"}],"is_trial":false,"path_per_floor":["M","?","M","$","M","R","?","E","T","$","M","R","?","$","R","B",null,"M","M","M","M"],"character_chosen":"IRONCLAD","items_purchased":["ReplayTheSpireMod:Spearhead","ReplayTheSpireMod:LeadingStrike","infinitespire:Midas Blood"],"campfire_rested":2,"item_purchase_floors":[0,0,4],"current_hp_per_floor":[80,48,45,45,51,51,44,21,21,21,15,39,39,39,63,14,80,76,50,56,0,0],"gold":319,"neow_bonus":"","is_daily":false,"chose_seed":false,"campfire_upgraded":1,"win_rate":0.0,"timestamp":1608074404,"path_taken":["M","?","M","$","M","R","?","E","T","$","M","R","?","?","R","BOSS","M","M","M","M"],"items_purchased_type":["Relic","Card","Relic"],"build_version":"2020-12-13","purchased_purges":2,"victory":false,"max_hp_per_floor":[80,80,80,80,80,80,80,80,80,80,80,80,80,80,80,80,80,80,80,80,80,80],"relic_stats":{"counters":[47,256],"obtain_stats":[{"hubris:Metronome":9,"hubris:CrystalStatue":19,"Blue Doll":5,"Bottled Tornado":28,"Burning Blood":0,"ClockworkSouvenir":3,"Shovel":13,"hubris:Stopwatch":17,"hubris:ScarierMask":17,"Tiny Chest":9,"Replay:Bottled Eggs":26,"energizedSpire:DecayingSkull":17,"Red Skull":3,"hubris:DisguiseKit":11,"NeowsBlessing":0,"infinitespire:CursedDice":7,"Golden Idol":5,"Ring of Chaos":25,"Replay:WaspNest":0,"PreservedInsect":9,"infinitespire:Lucky Rock":7,"Akabeko":5,"Cauldron":25,"ReplayTheSpireMod:Spearhead":0,"DDmod:StuhbiRelic":10,"betterThird:SlimedRelic":2,"hubris:ToyBattleship":24,"Membership Card":0,"Champion Belt":6,"DDmod:BarbedSlagRelic":11,"ReplayTheSpireMod:Lightbulb":8,"Pocketwatch":2,"infinitespire:Midas Blood":4},{"hubris:Metronome":3,"hubris:CrystalStatue":8,"Blue Doll":16,"Bottled Tornado":12,"Burning Blood":0,"ClockworkSouvenir":15,"Shovel":30,"hubris:Stopwatch":7,"hubris:ScarierMask":32,"Tiny Chest":17,"Replay:Bottled Eggs":11,"energizedSpire:DecayingSkull":20,"Red Skull":25,"hubris:DisguiseKit":4,"NeowsBlessing":0,"infinitespire:CursedDice":17,"Golden Idol":26,"Ring of Chaos":11,"Replay:WaspNest":24,"PreservedInsect":29,"infinitespire:Lucky Rock":3,"Akabeko":2,"Cauldron":11,"ReplayTheSpireMod:Spearhead":37,"DDmod:StuhbiRelic":29,"betterThird:SlimedRelic":1,"hubris:ToyBattleship":11,"Membership Card":14,"Champion Belt":27,"DDmod:BarbedSlagRelic":29,"ReplayTheSpireMod:Lightbulb":41,"Pocketwatch":38,"infinitespire:Midas Blood":39},{"hubris:Metronome":3,"hubris:CrystalStatue":35,"Blue Doll":82,"Bottled Tornado":59,"Burning Blood":0,"ClockworkSouvenir":78,"Shovel":159,"hubris:Stopwatch":26,"hubris:ScarierMask":174,"Tiny Chest":89,"Replay:Bottled Eggs":55,"energizedSpire:DecayingSkull":106,"Red Skull":134,"hubris:DisguiseKit":5,"NeowsBlessing":0,"infinitespire:CursedDice":89,"Golden Idol":137,"Ring of Chaos":55,"Replay:WaspNest":132,"PreservedInsect":152,"infinitespire:Lucky Rock":3,"Akabeko":2,"Cauldron":55,"ReplayTheSpireMod:Spearhead":202,"DDmod:StuhbiRelic":152,"betterThird:SlimedRelic":1,"hubris:ToyBattleship":55,"Membership Card":75,"Champion Belt":144,"DDmod:BarbedSlagRelic":152,"ReplayTheSpireMod:Lightbulb":215,"Pocketwatch":205,"infinitespire:Midas Blood":209}],"Burning Blood":223,"Pocketwatch":[54]},"card_choices":[{"not_picked":["Flame Barrier","Headbutt","Clothesline"],"picked":"SKIP","floor":1},{"not_picked":["Defy Death","True Grit"],"picked":"Thunderclap","floor":2},{"not_picked":["Warcry","Clash"],"picked":"Thunderclap","floor":3},{"not_picked":["Wild Strike","Sword Boomerang"],"picked":"Flex","floor":5},{"not_picked":["DDmod:GrandUltimatumAttack","Rampage","Brutality"],"picked":"SKIP","floor":8},{"not_picked":["ReplayTheSpireMod:Strike From Hell","DDmod:EasePowerCard"],"picked":"Shrug It Off","floor":11},{"not_picked":["Wild Strike+1","Blood for Blood","Carnage"],"picked":"SKIP","floor":18},{"not_picked":["Havoc","Abandon"],"picked":"hubris:ReadiedAction","floor":19}],"player_experience":2612088,"relics_obtained":[{"floor":2,"key":"Pocketwatch"},{"floor":8,"key":"ReplayTheSpireMod:Lightbulb"},{"floor":9,"key":"infinitespire:Lucky Rock"}],"event_choices":[{"cards_removed":["Strike_R"],"damage_healed":0,"gold_gain":0,"player_choice":"Card Removal","damage_taken":7,"max_hp_gain":0,"max_hp_loss":0,"event_name":"Golden Wing","floor":7,"gold_loss":0},{"damage_healed":0,"gold_gain":1,"player_choice":"1","damage_taken":0,"max_hp_gain":0,"max_hp_loss":0,"event_name":"betterStone:BetterStone","floor":13,"gold_loss":0}],"is_beta":false,"boss_relics":[{"not_picked":["Fusion Hammer","energizedSpire:NeverEndingSparkler","energizedSpire:MagnifyingGlass"]}],"items_purged_floors":[4,10],"is_endless":false,"potions_floor_spawned":[3,5,8,11],"killed_by":"Cultist and Chosen","ascension_level":0}}