{"host":"nox","time":1608009648,"event":{"mods":["BaseMod","Colored Powertips","Minty Spire (QoL Compilation)","Quick Restart","Replay The Spire","StSLib"],"gold_per_floor":[119,139,139,153,177,177,208,227,227,227,261,510,535,560,560,689,689,704,616,666,685,704,747,767,767,767,767,782,806,845,864,864,990,990,1005,358,378,103,16,49,73,73,73],"floor_reached":42,"playtime":1656,"items_purged":["CommonCold"],"score":561,"play_id":"f95197af-fb34-4315-b803-cc282608ce5d","local_time":"20201215122048","is_ascension_mode":false,"campfire_choices":[{"data":"Streamline","floor":6.0,"key":"SMITH"},{"floor":10.0,"key":"REST"},{"floor":25.0,"key":"REST"},{"data":"ReplayTheSpireMod:Faulty Equipment","floor":27.0,"key":"SMITH"}],"circlet_count":0,"master_deck":["Defend_B","Defend_B","Defend_B","Defend_B","Zap","Dualcast","Rebound","Streamline+1","Capacitor+1","Double Energy","FIFO Queue","Ball Lightning","Buffer","Chaos","ReplayTheSpireMod:Calculation Training","Electrodynamics","Lockon","Lockon+1","Conserve Battery","Glacier","Double Energy+1","Bite","Bite","Bite","Bite","Bite","Thunder Strike","Writhe","Cold Snap+1","Mayhem","Hologram+1","White Noise","BasicCrystalCard","Consume+1","Double Energy+1"],"relics":["Cracked Core","Golden Idol","Carrot","Anchor","ChewingGum","ReplayTheSpireMod:CursedCoin","White Beast Statue","Question Card","Symbiotic Virus","FossilizedHelix","Replay:Ancient Bell","Blue Doll","Solar Panel","StoneCalendar","Medical Kit","Bottled Tornado","Eternal Feather","Replay:Bottled Flurry"],"acts_visited":["Exordium","TheCity","TheBeyond"],"potions_floor_usage":[42],"damage_taken":[{"damage":1.0,"enemies":"2 Louse","floor":1.0,"turns":2.0},{"damage":1.0,"enemies":"Jaw Worm","floor":2.0,"turns":3.0},{"damage":0.0,"enemies":"Small Slimes","floor":4.0,"turns":2.0},{"damage":16.0,"enemies":"Exordium Thugs","floor":5.0,"turns":5.0},{"damage":28.0,"enemies":"Gremlin Nob","floor":7.0,"turns":4.0},{"damage":0.0,"enemies":"Large Slime","floor":8.0,"turns":2.0},{"damage":1.0,"enemies":"Replay:BlueRogue","floor":11.0,"turns":4.0},{"damage":9.0,"enemies":"Gremlin Gang","floor":13.0,"turns":3.0},{"damage":0.0,"enemies":"3 Louse","floor":14.0,"turns":3.0},{"damage":38.0,"enemies":"Hexaghost","floor":16.0,"turns":8.0},{"damage":26.0,"enemies":"Shell Parasite","floor":18.0,"turns":6.0},{"damage":0.0,"enemies":"Spheric Guardian","floor":21.0,"turns":3.0},{"damage":17.0,"enemies":"Shelled Parasite and Fungi","floor":22.0,"turns":4.0},{"damage":20.0,"enemies":"Gremlin Leader","floor":23.0,"turns":5.0},{"damage":21.0,"enemies":"Centurion and Healer","floor":24.0,"turns":5.0},{"damage":1.0,"enemies":"Cultist and Chosen","floor":28.0,"turns":4.0},{"damage":0.0,"enemies":"Snake Plant","floor":29.0,"turns":3.0},{"damage":26.0,"enemies":"Replay:Snechameleon","floor":30.0,"turns":4.0},{"damage":0.0,"enemies":"Snecko","floor":31.0,"turns":4.0},{"damage":56.0,"enemies":"Pondfish","floor":33.0,"turns":13.0},{"damage":0.0,"enemies":"Orb Walker","floor":35.0,"turns":3.0},{"damage":0.0,"enemies":"3 Shapes","floor":37.0,"turns":3.0},{"damage":11.0,"enemies":"Writhing Mass","floor":39.0,"turns":4.0},{"damage":38.0,"enemies":"Giant Head","floor":40.0,"turns":7.0},{"damage":9.0,"enemies":"4 Shapes","floor":41.0,"turns":2.0},{"damage":69,"enemies":"Nemesis","floor":42,"turns":3}],"seed_played":"-355152117076536599","potions_obtained":[{"floor":2.0,"key":"ColorlessPotion"},{"floor":7.0,"key":"Weak Potion"},{"floor":8.0,"key":"PotionOfCapacity"},{"floor":21.0,"key":"Adrenaline Potion"},{"floor":22.0,"key":"AttackPotion"},{"floor":23.0,"key":"FocusPotion"},{"floor":24.0,"key":"Energy Potion"},{"floor":29.0,"key":"FairyPotion"},{"floor":30.0,"key":"Regen Potion"},{"floor":33.0,"key":"DuplicationPotion"},{"floor":35.0,"key":"EntropicBrew"},{"floor":40.0,"key":"Death Potion"},{"floor":41.0,"key":"PotionOfCapacity"}],"is_trial":false,"path_per_floor":["M","M","?","M","M","R","E","M","T","R","E","?","M","M","R","B",null,"M","$","?","M","M","E","M","R","T","R","M","M","E","M","R","B",null,"M","$","M","$","M","E","M","E"],"character_chosen":"DEFECT","items_purchased":["ReplayTheSpireMod:CursedCoin","White Beast Statue","Medical Kit","Bottled Tornado","Mayhem","Eternal Feather","White Noise"],"campfire_rested":2,"item_purchase_floors":[19,19,36,36,36,38,38],"current_hp_per_floor":[81,80,60,60,44,44,16,16,16,40,41,21,14,16,40,4,82,56,56,56,58,43,25,6,30,30,30,31,33,9,11,11,21,82,82,82,82,82,73,51,44,0,0],"gold":73,"neow_bonus":"TEN_PERCENT_HP_BONUS","is_daily":false,"chose_seed":false,"campfire_upgraded":2,"win_rate":0.0,"timestamp":1608009648,"path_taken":["M","M","?","M","M","R","E","M","T","R","E","?","M","?","R","BOSS","M","$","?","M","M","E","M","R","T","R","M","?","E","M","R","BOSS","M","$","?","$","?","E","M","E"],"items_purchased_type":["Relic","Relic","Relic","Relic","Card","Relic","Card"],"build_version":"2020-11-17","purchased_purges":1,"victory":false,"max_hp_per_floor":[82,82,82,82,82,82,82,82,82,82,82,82,82,82,82,82,82,82,82,82,82,82,82,82,82,82,82,82,82,82,82,82,82,82,82,82,82,82,82,82,82,82,82],"card_choices":[{"not_picked":["ReplayTheSpireMod:GoodbyeWorld","Cold Snap"],"picked":"Rebound","floor":1.0},{"not_picked":["Leap","Redo"],"picked":"Streamline","floor":2.0},{"not_picked":["ReplayTheSpireMod:GoodbyeWorld","Sweeping Beam"],"picked":"Capacitor","floor":4.0},{"not_picked":["Barrage","Go for the Eyes"],"picked":"Double Energy","floor":5.0},{"not_picked":["Time Bomb","Melter","ReplaySort"],"picked":"SKIP","floor":7.0},{"not_picked":["ReplayTheSpireMod:Repulse","Crystallizer"],"picked":"FIFO Queue","floor":8.0},{"not_picked":["Capacitor","Auto Shields"],"picked":"Ball Lightning","floor":11.0},{"not_picked":["Compile Driver","Crystallizer"],"picked":"Buffer","floor":12.0},{"not_picked":["Cold Snap","Gash"],"picked":"Chaos","floor":13.0},{"not_picked":["Time Bomb","Beam Cell"],"picked":"ReplayTheSpireMod:Calculation Training","floor":14.0},{"not_picked":["Reboot","Core Surge"],"picked":"Electrodynamics","floor":16.0},{"not_picked":["Rip and Tear+1","Doom and Gloom"],"picked":"Lockon","floor":18.0},{"not_picked":["Turbo","Recycle+1","ReplayTheSpireMod:Reroute Power+1"],"picked":"SKIP","floor":21.0},{"not_picked":["Coolheaded+1","Rebound"],"picked":"Lockon+1","floor":22.0},{"not_picked":["Gash","Sweeping Beam","Beam Cell"],"picked":"SKIP","floor":23.0},{"not_picked":["Go for the Eyes","Leap","ReplaySort"],"picked":"Conserve Battery","floor":24.0},{"not_picked":["FIFO Queue","Storm","Undo"],"picked":"Glacier","floor":28.0},{"not_picked":["Gash","Beam Cell","Skim","All For One"],"picked":"SKIP","floor":29.0},{"not_picked":["ReplaySolidLightProjector","Gash","Go for the Eyes"],"picked":"Double Energy+1","floor":30.0},{"not_picked":["BasicCrystalCard","Gash","Sunder","ReplaySort+1"],"picked":"SKIP","floor":31.0},{"not_picked":["Meteor Strike","Electrodynamics","Machine Learning"],"picked":"Thunder Strike","floor":33.0},{"not_picked":["AbeCurse","Voices","Overencumbered"],"picked":"ReplayTheSpireMod:IOU","floor":34.0},{"not_picked":["ReplayTheSpireMod:Restless Dread","Sickly","Hallucinations"],"picked":"Writhe","floor":34.0},{"not_picked":["Shame","ReplayTheSpireMod:Faulty Equipment","Delirium"],"picked":"CommonCold","floor":34.0},{"not_picked":["Meteor Strike","Turbo","Hologram"],"picked":"Cold Snap+1","floor":35.0},{"not_picked":["Chill+1","Streamline","Recycle"],"picked":"Hologram+1","floor":37.0},{"not_picked":["Skim+1","Rebound","Reinforced Body+1"],"picked":"BasicCrystalCard","floor":39.0},{"not_picked":["Chill+1","ReplayTheSpireMod:GoodbyeWorld+1","Streamline+1"],"picked":"Consume+1","floor":40.0},{"not_picked":["Self Repair","Redo","Turbo+1"],"picked":"Double Energy+1","floor":41.0}],"player_experience":109316,"relics_obtained":[{"floor":7.0,"key":"Carrot"},{"floor":9.0,"key":"Blood Vial"},{"floor":11.0,"key":"Anchor"},{"floor":23.0,"key":"Question Card"},{"floor":26.0,"key":"Symbiotic Virus"},{"floor":30.0,"key":"FossilizedHelix"},{"floor":40.0,"key":"Replay:Bottled Flurry"}],"event_choices":[{"damage_healed":0.0,"max_hp_gain":0.0,"max_hp_loss":0.0,"gold_gain":0.0,"event_name":"Golden Idol","player_choice":"Take Damage","floor":3.0,"gold_loss":0.0,"damage_taken":20.0,"relics_obtained":["Golden Idol"]},{"damage_healed":0.0,"max_hp_gain":0.0,"max_hp_loss":0.0,"gold_gain":100.0,"event_name":"The Joust","player_choice":"Bet on Murderer","floor":20.0,"gold_loss":50.0,"damage_taken":0.0},{"damage_healed":0.0,"max_hp_gain":0.0,"max_hp_loss":0.0,"gold_gain":0.0,"event_name":"Vampires","player_choice":"Became a vampire (Vial)","floor":32.0,"relics_lost":["Blood Vial"],"gold_loss":0.0,"damage_taken":0.0,"cards_obtained":["Bite","Bite","Bite","Bite","Bite"]}],"is_beta":true,"boss_relics":[{"not_picked":["FrozenCore","Ectoplasm"],"picked":"ChewingGum"},{"not_picked":["ReplayTheSpireMod:DimensionalGlitch","Black Star"],"picked":"Replay:Ancient Bell"},{"not_picked":["Bronze Scales","Replay:Antivirus Software"],"picked":"Blue Doll"},{"not_picked":["Quantum Egg","Kunai"],"picked":"Solar Panel"},{"not_picked":["Calipers","Replay:Kaleidoscope"],"picked":"StoneCalendar"}],"items_purged_floors":[36],"is_endless":false,"potions_floor_spawned":[2,7,8,13,21,22,23,24,28,29,30,31,33,35,37,39,40,41],"killed_by":"Nemesis","ascension_level":0}}