{"host":"wshh0nphwn6jv7vj","time":1608026969,"event":{"mods":["BaseMod","Bestiary","Minty Spire (QoL Compilation)"],"gold_per_floor":[20,33,33,33,58,58,79,122,145,169,212,212,0,0,0,89,89,114,138,157,175,196,240,240,273,298,323,361,380,78,122,122,213,213,233,249,249,249],"floor_reached":37,"playtime":2676,"items_purged":["Strike_G"],"score":942,"play_id":"53345698-304d-463f-b785-2eb9af57511c","local_time":"20201215050929","is_ascension_mode":true,"campfire_choices":[{"data":"Neutralize","floor":6,"key":"SMITH"},{"floor":12,"key":"REST"},{"floor":15,"key":"REST"},{"floor":24,"key":"REST"},{"data":"Night Terror","floor":32,"key":"SMITH"}],"circlet_count":0,"master_deck":["AscendersBane","Survivor","Neutralize+1","Glass Knife","Blade Dance+1","Terror","Calculated Gamble","Heel Hook+1","After Image","Adrenaline","Outmaneuver","Sucker Punch+1","Night Terror+1","Cloak And Dagger","Leg Sweep","Infinite Blades","Adrenaline","Night Terror","Deadly Poison","Heel Hook","Deflect","Caltrops+1","PiercingWail","Calculated Gamble","A Thousand Cuts","Acrobatics","Caltrops+1"],"relics":["Ring of the Snake","Golden Idol","War Paint","Happy Flower","Nunchaku","Pandora\u0027s Box","Sundial","Whetstone","Lantern","Toy Ornithopter","Lizard Tail","Molten Egg 2","Runic Pyramid"],"acts_visited":["Exordium","TheCity","TheBeyond"],"potions_floor_usage":[2,8,11,16,16,16,16,25,25,28,33,33,35],"damage_taken":[{"damage":2,"enemies":"Jaw Worm","floor":1,"turns":3},{"damage":1,"enemies":"Small Slimes","floor":2,"turns":3},{"damage":0,"enemies":"Cultist","floor":5,"turns":4},{"damage":5,"enemies":"Lots of Slimes","floor":7,"turns":4},{"damage":5,"enemies":"Gremlin Nob","floor":8,"turns":3},{"damage":14,"enemies":"Exordium Wildlife","floor":10,"turns":4},{"damage":5,"enemies":"Lagavulin","floor":11,"turns":5},{"damage":0,"enemies":"Slime Boss","floor":16,"turns":6},{"damage":2,"enemies":"Shell Parasite","floor":18,"turns":3},{"damage":0,"enemies":"3 Byrds","floor":19,"turns":4},{"damage":0,"enemies":"Sentry and Sphere","floor":20,"turns":5},{"damage":0,"enemies":"Snake Plant","floor":21,"turns":5},{"damage":0,"enemies":"Centurion and Healer","floor":22,"turns":4},{"damage":22,"enemies":"Gremlin Leader","floor":23,"turns":5},{"damage":25,"enemies":"Slavers","floor":25,"turns":5},{"damage":0,"enemies":"Chosen and Byrds","floor":27,"turns":5},{"damage":13,"enemies":"Gremlin Leader","floor":28,"turns":6},{"damage":7,"enemies":"Sentry and Sphere","floor":29,"turns":5},{"damage":11,"enemies":"Book of Stabbing","floor":31,"turns":4},{"damage":26,"enemies":"Automaton","floor":33,"turns":9},{"damage":27,"enemies":"3 Shapes","floor":35,"turns":4},{"damage":16,"enemies":"Orb Walker","floor":36,"turns":5},{"damage":23,"enemies":"4 Shapes","floor":37,"turns":1}],"seed_played":"-1700165312770417929","potions_obtained":[{"floor":1,"key":"BlessingOfTheForge"},{"floor":2,"key":"SteroidPotion"},{"floor":8,"key":"FearPotion"},{"floor":10,"key":"DistilledChaos"},{"floor":14,"key":"EntropicBrew"},{"floor":14,"key":"LiquidBronze"},{"floor":20,"key":"SneckoOil"},{"floor":23,"key":"BlessingOfTheForge"},{"floor":27,"key":"DistilledChaos"},{"floor":28,"key":"BlessingOfTheForge"},{"floor":31,"key":"ColorlessPotion"},{"floor":33,"key":"DistilledChaos"}],"is_trial":false,"path_per_floor":["M","M","?","?","M","R","M","E","T","M","E","R","$","?","R","B",null,"M","M","M","M","M","E","R","E","T","M","E","M","$","E","R","B",null,"M","M","M"],"character_chosen":"THE_SILENT","items_purchased":["After Image","Lizard Tail"],"campfire_rested":3,"item_purchase_floors":[13,30],"current_hp_per_floor":[57,56,33,33,33,33,28,23,23,9,4,23,23,23,42,42,60,58,58,58,58,58,36,55,30,30,30,17,10,10,33,33,17,54,32,16,0,0],"gold":249,"neow_bonus":"THREE_RARE_CARDS","is_daily":false,"chose_seed":false,"campfire_upgraded":2,"win_rate":0.0,"timestamp":1608026969,"path_taken":["M","M","?","?","M","R","M","E","T","M","E","R","$","?","R","BOSS","M","M","?","M","?","E","R","E","T","M","E","M","$","E","R","BOSS","M","M","?"],"items_purchased_type":["Card","Relic"],"build_version":"2020-12-13","purchased_purges":1,"victory":false,"max_hp_per_floor":[66,66,66,66,66,66,66,66,66,66,66,66,66,66,66,66,66,66,66,66,66,66,66,66,66,66,66,66,66,66,66,66,66,66,66,66,66,66],"card_choices":[{"not_picked":["Unload","Burst"],"picked":"Glass Knife","floor":0},{"not_picked":["PiercingWail","Distraction"],"picked":"Blade Dance","floor":1},{"not_picked":["Eviscerate","Sucker Punch"],"picked":"Terror","floor":2},{"not_picked":["Catalyst","Sucker Punch","Cloak And Dagger"],"picked":"SKIP","floor":5},{"not_picked":["Prepared","Concentrate","Eviscerate"],"picked":"SKIP","floor":7},{"not_picked":["Skewer","Flying Knee"],"picked":"Calculated Gamble","floor":8},{"not_picked":["Eviscerate","Prepared"],"picked":"Heel Hook","floor":10},{"not_picked":["Skewer","Eviscerate","Outmaneuver"],"picked":"SKIP","floor":11},{"not_picked":["Glass Knife","Malaise"],"picked":"Adrenaline","floor":16},{"not_picked":["Acrobatics","Flying Knee"],"picked":"Heel Hook","floor":18},{"not_picked":["Blade Dance","Reflex"],"picked":"Deflect","floor":19},{"not_picked":["Cloak And Dagger","Outmaneuver","Dagger Throw"],"picked":"SKIP","floor":20},{"not_picked":["Riddle With Holes","Cloak And Dagger"],"picked":"Caltrops+1","floor":21},{"not_picked":["Bullet Time","Blur"],"picked":"PiercingWail","floor":22},{"not_picked":["All Out Attack","Dagger Spray","Underhanded Strike"],"picked":"SKIP","floor":23},{"not_picked":["Endless Agony","Dagger Throw"],"picked":"Calculated Gamble","floor":25},{"not_picked":["Sucker Punch","Slice","Outmaneuver"],"picked":"SKIP","floor":27},{"not_picked":["Glass Knife","Flying Knee","Blade Dance"],"picked":"SKIP","floor":28},{"not_picked":["Blur","Flying Knee","Masterful Stab"],"picked":"SKIP","floor":29},{"not_picked":["All Out Attack+1","Underhanded Strike+1","Terror"],"picked":"SKIP","floor":31},{"not_picked":["Phantasmal Killer","Glass Knife+1"],"picked":"A Thousand Cuts","floor":33},{"not_picked":["Underhanded Strike+1","Bane+1"],"picked":"Acrobatics","floor":35},{"not_picked":["Deflect","Masterful Stab+1"],"picked":"Caltrops+1","floor":36}],"player_experience":1407942,"relics_obtained":[{"floor":8,"key":"War Paint"},{"floor":9,"key":"Happy Flower"},{"floor":11,"key":"Nunchaku"},{"floor":23,"key":"Sundial"},{"floor":25,"key":"Whetstone"},{"floor":26,"key":"Lantern"},{"floor":28,"key":"Toy Ornithopter"},{"floor":31,"key":"Molten Egg 2"}],"event_choices":[{"damage_healed":0,"gold_gain":0,"player_choice":"Take Damage","damage_taken":23,"relics_obtained":["Golden Idol"],"max_hp_gain":0,"max_hp_loss":0,"event_name":"Golden Idol","floor":3,"gold_loss":0},{"damage_healed":0,"gold_gain":0,"player_choice":"Ignored","damage_taken":0,"max_hp_gain":0,"max_hp_loss":0,"event_name":"Liars Game","floor":4,"gold_loss":0},{"damage_healed":0,"gold_gain":0,"player_choice":"Got Potions","damage_taken":0,"max_hp_gain":0,"max_hp_loss":0,"event_name":"Lab","floor":14,"gold_loss":0}],"is_beta":false,"boss_relics":[{"not_picked":["Velvet Choker","SacredBark"],"picked":"Pandora\u0027s Box"},{"not_picked":["HoveringKite","Ring of the Serpent"],"picked":"Runic Pyramid"}],"items_purged_floors":[13],"is_endless":false,"potions_floor_spawned":[1,2,8,10,20,23,27,28,31,33],"killed_by":"4 Shapes","ascension_level":15}}