{"host":"pkysykycfg9bua8p","time":1608035748,"event":{"mods":["AchievementEnabler","BaseMod","Better Third Choice","Filter the Spire","Minty Spire (QoL Compilation)","StSLib"],"gold_per_floor":[117,42,55,67,67,67,67,87,87,87,87,114,41,41,41,139,139,152,152,172,172,190,190,202,235,286,286,286,305,305,324,324,324,324],"floor_reached":33,"playtime":1994,"items_purged":[],"score":315,"play_id":"c0545d8a-b3a8-47fd-b968-459f9c883642","local_time":"20201216013548","is_ascension_mode":false,"campfire_choices":[{"data":"Infinite Blades","floor":7,"key":"SMITH"},{"data":"Blade Dance","floor":11,"key":"SMITH"},{"data":"Panache","floor":15,"key":"SMITH"},{"data":"Blade Dance","floor":23,"key":"SMITH"},{"floor":28,"key":"REST"},{"floor":30,"key":"REST"},{"data":"Finisher","floor":32,"key":"SMITH"}],"circlet_count":0,"master_deck":["Strike_G","Strike_G","Strike_G","Strike_G","Strike_G","Defend_G","Defend_G","Defend_G","Defend_G","Defend_G","Survivor","Neutralize","Panache+1","Blade Dance+1","Infinite Blades+1","All Out Attack","All Out Attack","Unload","Quick Slash+1","Blade Dance+1","Dagger Spray+1","Caltrops+1","Finisher+1"],"relics":["Ring of the Snake","Bottled Lightning","Ninja Scroll","Meat on the Bone","HoveringKite","MutagenicStrength","Bag of Preparation","Omamori","Nilry\u0027s Codex"],"acts_visited":["Exordium","TheCity"],"potions_floor_usage":[8,12,16,24,25,29,29,33],"damage_taken":[{"damage":1,"enemies":"2 Louse","floor":1,"turns":3},{"damage":2,"enemies":"Jaw Worm","floor":3,"turns":3},{"damage":0,"enemies":"Small Slimes","floor":4,"turns":3},{"damage":1,"enemies":"Exordium Wildlife","floor":8,"turns":4},{"damage":4,"enemies":"Gremlin Nob","floor":12,"turns":4},{"damage":0,"enemies":"Slime Boss","floor":16,"turns":7},{"damage":0,"enemies":"3 Byrds","floor":18,"turns":3},{"damage":8,"enemies":"Shell Parasite","floor":20,"turns":3},{"damage":26,"enemies":"3 Cultists","floor":22,"turns":5},{"damage":2,"enemies":"Centurion and Healer","floor":24,"turns":3},{"damage":19,"enemies":"Slavers","floor":25,"turns":3},{"damage":17,"enemies":"Snecko","floor":29,"turns":3},{"damage":0,"enemies":"Chosen and Byrds","floor":31,"turns":3},{"damage":76,"enemies":"Automaton","floor":33,"turns":6}],"seed_played":"4595555854506505933","potions_obtained":[{"floor":3,"key":"Block Potion"},{"floor":4,"key":"Swift Potion"},{"floor":8,"key":"Block Potion"},{"floor":12,"key":"DistilledChaos"},{"floor":22,"key":"Regen Potion"},{"floor":24,"key":"SkillPotion"},{"floor":25,"key":"Poison Potion"},{"floor":31,"key":"DuplicationPotion"}],"is_trial":false,"path_per_floor":["M","$","M","M","$","?","R","M","T","?","R","E","$","T","R","B",null,"M","$","M","?","M","R","M","E","T","?","R","M","R","M","R","B"],"character_chosen":"THE_SILENT","items_purchased":["Infinite Blades","All Out Attack"],"campfire_rested":2,"item_purchase_floors":[2,13],"current_hp_per_floor":[69,69,67,67,67,72,72,71,71,71,71,67,67,67,67,67,75,75,75,67,67,41,41,48,41,41,25,47,42,64,64,64,0,0],"gold":324,"neow_bonus":"RANDOM_COLORLESS_2","is_daily":false,"chose_seed":false,"campfire_upgraded":5,"win_rate":0.0,"timestamp":1608035748,"path_taken":["M","$","M","M","$","?","R","M","T","?","R","E","$","?","R","BOSS","M","$","M","?","M","R","M","E","T","?","R","M","R","M","R","BOSS"],"items_purchased_type":["Card","Card"],"build_version":"2020-12-13","purchased_purges":0,"victory":false,"max_hp_per_floor":[70,70,70,70,70,75,75,75,75,75,75,75,75,75,75,75,75,75,75,75,75,75,75,75,75,75,75,75,75,75,75,75,75,75],"card_choices":[{"not_picked":["Sadistic Nature","Apotheosis"],"picked":"Panache","floor":0},{"not_picked":["Deflect","Slice"],"picked":"Blade Dance","floor":1},{"not_picked":["Terror","Masterful Stab","Bouncing Flask"],"picked":"SKIP","floor":3},{"not_picked":["Eviscerate","Backflip"],"picked":"All Out Attack","floor":4},{"not_picked":["Bane","Footwork","Outmaneuver"],"picked":"SKIP","floor":8},{"not_picked":["Blur","Leg Sweep","Venomology"],"picked":"SKIP","floor":12},{"not_picked":["Venomology","Malaise"],"picked":"Unload","floor":16},{"not_picked":["All Out Attack","Bouncing Flask"],"picked":"Quick Slash+1","floor":18},{"not_picked":["Bane","Deadly Poison","Footwork"],"picked":"SKIP","floor":20},{"not_picked":["Noxious Fumes","Choke"],"picked":"Blade Dance","floor":22},{"not_picked":["Caltrops","Bane"],"picked":"Dagger Spray+1","floor":24},{"not_picked":["Wraith Form v2","Flying Knee+1"],"picked":"Caltrops+1","floor":25},{"not_picked":["Terror","Poisoned Stab","Bouncing Flask"],"picked":"SKIP","floor":29},{"not_picked":["Deadly Poison+1","Endless Agony"],"picked":"Finisher","floor":31}],"player_experience":46198,"relics_obtained":[{"floor":9,"key":"Bottled Lightning"},{"floor":12,"key":"Ninja Scroll"},{"floor":14,"key":"Meat on the Bone"},{"floor":25,"key":"Bag of Preparation"},{"floor":26,"key":"Omamori"},{"floor":27,"key":"Nilry\u0027s Codex"}],"event_choices":[{"damage_healed":0,"gold_gain":0,"player_choice":"Donut","damage_taken":0,"max_hp_gain":5,"max_hp_loss":0,"event_name":"Big Fish","floor":6,"gold_loss":0},{"cards_removed":["Writhe"],"damage_healed":0,"gold_gain":0,"player_choice":"Forget","damage_taken":0,"max_hp_gain":0,"max_hp_loss":0,"event_name":"Living Wall","floor":10,"gold_loss":0},{"damage_healed":0,"gold_gain":0,"player_choice":"Inject Mutagens","damage_taken":0,"relics_obtained":["MutagenicStrength"],"max_hp_gain":0,"max_hp_loss":0,"event_name":"Drug Dealer","floor":21,"gold_loss":0},{"damage_healed":0,"gold_gain":0,"player_choice":"Obtained Book","damage_taken":16,"max_hp_gain":0,"max_hp_loss":0,"event_name":"Cursed Tome","floor":27,"gold_loss":0}],"is_beta":false,"boss_relics":[{"not_picked":["SacredBark","Ring of the Serpent"],"picked":"HoveringKite"}],"items_purged_floors":[],"is_endless":false,"potions_floor_spawned":[3,4,8,12,22,24,25,31],"killed_by":"Automaton","ascension_level":0}}