{"host":"jak4ncvfzor9mys0","time":1608020315,"event":{"mods":["2.2 Compatiblity","AchievementEnabler","BaseMod","Better Altar","Better Match","Better Note","Better Sensory Stone","Better Skull","Better Third Choice","BetterRewards","Block Reminder","Colored Map","Colored Powertips","Energized Spire","Gold Saver","Hubris","Infinite Spire","Key Reminder","Minty Spire (QoL Compilation)","Rare Cards Sparkle","Red Circlet Mod","Relic Sorter","Relic Stats","Replay The Spire","Retaliation","StSLib","SuperFastMode","The Blue Laboratory"],"gold_per_floor":[393,37,57,73,73,73,108,8,33,33,33,33,33,47,47,176,176,144,104,123,136,136,148,160,193,229,241,253,253],"floor_reached":28,"playtime":994,"items_purged":["Strike_R","Strike_R","Strike_R"],"score":316,"play_id":"d0f78168-260c-41a6-8632-5108dccf7afb","local_time":"20201215001835","is_ascension_mode":false,"campfire_choices":[{"data":"Body Slam","floor":6,"key":"SMITH"},{"data":"Body Slam","floor":11,"key":"SMITH"},{"floor":13,"key":"REST"},{"data":"DDmod:UnstoppableAttack","floor":15,"key":"SMITH"},{"floor":24,"key":"REST"}],"circlet_count":0,"master_deck":["Strike_R","Strike_R","Defend_R","Defend_R","Defend_R","Defend_R","Ghostly Armor","Body Slam+1","DDmod:UnstoppableAttack+1","Iron Wave","Survivor","Neutralize","Body Slam+1","Impervious+1","DDmod:SpikedSkill+1","Inflame+1","DDmod:SpikedSkill"],"relics":["Burning Blood","Thread and Needle","Potion Belt","Golden Idol","MawBank","Sozu","Pondfish Scales","hubris:TenFootPole"],"acts_visited":["Exordium","TheCity"],"potions_floor_usage":[7,16,16,28],"damage_taken":[{"damage":1,"enemies":"Jaw Worm","floor":1,"turns":6},{"damage":0,"enemies":"Small Slimes","floor":3,"turns":4},{"damage":0,"enemies":"2 Louse","floor":4,"turns":3},{"damage":31,"enemies":"Lagavulin","floor":7,"turns":12},{"damage":4,"enemies":"Exordium Thugs","floor":14,"turns":7},{"damage":13,"enemies":"Fading Forest","floor":16,"turns":11},{"damage":2,"enemies":"2 Thieves","floor":18,"turns":5},{"damage":0,"enemies":"Shell Parasite","floor":20,"turns":2},{"damage":72,"enemies":"Cultist and Chosen","floor":21,"turns":13},{"damage":2,"enemies":"Centurion and Healer","floor":25,"turns":7},{"damage":60,"enemies":"Nightmare","floor":28,"turns":8}],"seed_played":"-1080633797140336527","potions_obtained":[{"floor":4,"key":"blueLaboratory:HorrorPotion"},{"floor":7,"key":"blueLaboratory:PhilterOfMotion"},{"floor":12,"key":"DuplicationPotion"},{"floor":12,"key":"CultistPotion"},{"floor":12,"key":"BlessingOfTheForge"},{"floor":18,"key":"blueLaboratory:StoneskinPotion"},{"floor":20,"key":"Doom Potion"}],"is_trial":false,"path_per_floor":["M","$","M","M","?","R","E","$","T","?","R","?","R","M","R","B",null,"M","?","M","M","?","AVR","R","M","T","$","NM"],"character_chosen":"IRONCLAD","items_purchased":["Ghostly Armor","Body Slam","Thread and Needle","DDmod:UnstoppableAttack"],"campfire_rested":2,"item_purchase_floors":[0,0,2,2],"current_hp_per_floor":[80,80,80,80,80,80,58,58,58,38,38,38,62,68,68,73,80,80,80,80,17,17,17,41,53,53,53,0,0],"gold":253,"neow_bonus":"","is_daily":false,"chose_seed":false,"campfire_upgraded":3,"win_rate":0.0,"timestamp":1608020315,"path_taken":["M","$","M","M","?","R","E","$","T","?","R","?","R","M","R","BOSS","M","?","M","M","?","AVR","R","M","T","$","NM"],"items_purchased_type":["Card","Card","Relic","Card"],"build_version":"2020-12-13","purchased_purges":3,"victory":false,"max_hp_per_floor":[80,80,80,80,80,80,80,80,80,80,80,80,80,80,80,80,80,80,80,80,80,80,80,80,80,80,80,80,80],"relic_stats":{"Sozu":0,"counters":[50,258],"Golden Idol":43,"MawBank":72,"obtain_stats":[{"Potion Belt":9,"Calipers":27,"Golden Idol":10,"CeramicFish":25,"Thread and Needle":2,"infinitespire:Joker Card":40,"infinitespire:Beetle Shell":0,"Replay:Kaleidoscope":24,"War Paint":5,"Odd Mushroom":10,"MawBank":22,"Burning Blood":0,"Akabeko":26,"Sozu":23,"Nunchaku":14,"Pondfish Scales":23,"ChewingGum":17,"MealTicket":47,"hubris:BundleOfHerbs":13,"Bag of Marbles":30,"hubris:TenFootPole":7,"Toxic Egg 2":26,"Abe\u0027s Treasure":17},{"Potion Belt":43,"Calipers":12,"Golden Idol":43,"CeramicFish":11,"Thread and Needle":40,"infinitespire:Joker Card":18,"infinitespire:Beetle Shell":24,"Replay:Kaleidoscope":38,"War Paint":3,"Odd Mushroom":30,"MawBank":48,"Burning Blood":0,"Akabeko":11,"Sozu":48,"Nunchaku":33,"Pondfish Scales":48,"ChewingGum":6,"MealTicket":22,"hubris:BundleOfHerbs":32,"Bag of Marbles":13,"hubris:TenFootPole":29,"Toxic Egg 2":38,"Abe\u0027s Treasure":34},{"Potion Belt":205,"Calipers":60,"Golden Idol":205,"CeramicFish":54,"Thread and Needle":186,"infinitespire:Joker Card":88,"infinitespire:Beetle Shell":116,"Replay:Kaleidoscope":175,"War Paint":11,"Odd Mushroom":140,"MawBank":243,"Burning Blood":0,"Akabeko":54,"Sozu":243,"Nunchaku":149,"Pondfish Scales":243,"ChewingGum":34,"MealTicket":104,"hubris:BundleOfHerbs":145,"Bag of Marbles":64,"hubris:TenFootPole":136,"Toxic Egg 2":175,"Abe\u0027s Treasure":160}],"Burning Blood":241},"card_choices":[{"not_picked":["Sentinel","Sword Boomerang","Twin Strike"],"picked":"SKIP","floor":1},{"not_picked":["Ghostly Armor","Cleave","Perfected Strike"],"picked":"SKIP","floor":3},{"not_picked":["Ghostly Armor","Headbutt"],"picked":"Iron Wave","floor":4},{"not_picked":["Shrug It Off","Heavy Blade"],"picked":"Body Slam","floor":7},{"not_picked":["Burning Pact","DDmod:EasePowerCard","Replay:Undeath\u0027s Touch"],"picked":"SKIP","floor":14},{"not_picked":["Reaper","Hemogenesis"],"picked":"Impervious","floor":16},{"not_picked":["Headbutt","Power Through","Second Wind"],"picked":"SKIP","floor":18},{"not_picked":["Heavy Blade","True Grit+1"],"picked":"DDmod:SpikedSkill+1","floor":20},{"not_picked":["Feel No Pain","Sever Soul"],"picked":"Inflame+1","floor":21},{"not_picked":["Bloodletting","ReplayTheSpireMod:Limb From Limb"],"picked":"DDmod:SpikedSkill","floor":25}],"player_experience":2606802,"relics_obtained":[{"floor":9,"key":"Potion Belt"},{"floor":26,"key":"hubris:TenFootPole"}],"event_choices":[{"damage_healed":0,"gold_gain":0,"player_choice":"Take Damage","damage_taken":20,"relics_obtained":["Golden Idol"],"max_hp_gain":0,"max_hp_loss":0,"event_name":"Golden Idol","floor":10,"gold_loss":0},{"damage_healed":0,"gold_gain":0,"player_choice":"Got Potions","damage_taken":0,"max_hp_gain":0,"max_hp_loss":0,"event_name":"Lab","floor":12,"gold_loss":0},{"damage_healed":0,"gold_gain":0,"player_choice":"Upgrade","damage_taken":0,"max_hp_gain":0,"max_hp_loss":0,"event_name":"Designer","floor":19,"gold_loss":40,"cards_upgraded":["Impervious"]},{"damage_healed":0,"gold_gain":0,"player_choice":"Gave Potion","damage_taken":0,"relics_obtained":["MawBank"],"max_hp_gain":0,"max_hp_loss":0,"event_name":"WeMeetAgain","floor":22,"gold_loss":0}],"is_beta":false,"boss_relics":[{"not_picked":["Ectoplasm","Astrolabe","energizedSpire:NeverEndingSparkler"]}],"items_purged_floors":[0,8,23],"is_endless":false,"potions_floor_spawned":[4,7,18,20],"killed_by":"Nightmare","ascension_level":0}}