{"host":"tfkz8stxzb1up54p","time":1608043258,"event":{"mods":["AchievementEnabler","BaseMod","Block Reminder","Colored Powertips","Disable Question Mark Monsters","Emptier Cage","Gold Saver","Gremlin Skip","Highlight Path","Minty Spire (QoL Compilation)","Permanent Neow","StSLib"],"gold_per_floor":[646,341,377,552,13,40,40,71,71,71,146,146,146,146,146,244,244,258,258,258,258,275,275,310,310,310],"floor_reached":25,"playtime":1686,"items_purged":["Doubt"],"score":301,"play_id":"30cfaf2b-4621-4416-bed8-400e720adc2f","local_time":"20201215144058","is_ascension_mode":true,"campfire_choices":[{"data":"Envenom","floor":7,"key":"SMITH"},{"floor":13,"key":"REST"},{"floor":15,"key":"REST"},{"floor":23,"key":"REST"}],"circlet_count":0,"master_deck":["Strike_G","Strike_G","Strike_G","Strike_G","Strike_G","Defend_G","Defend_G","Defend_G","Defend_G","Survivor","Neutralize","Bouncing Flask","Catalyst","Footwork","Poisoned Stab","Envenom+1","Backflip","Corpse Explosion","Blur+1","Escape Plan","Backflip"],"relics":["Ring of the Snake","Toolbox","Gremlin Horn","Sling","Bottled Tornado","StrikeDummy","Pen Nib","WristBlade","Enchiridion","Tiny Chest"],"acts_visited":["Exordium","TheCity"],"potions_floor_usage":[3,16,22],"damage_taken":[{"damage":4,"enemies":"Cultist","floor":1,"turns":4},{"damage":0,"enemies":"Small Slimes","floor":3,"turns":4},{"damage":19,"enemies":"3 Sentries","floor":6,"turns":9},{"damage":27,"enemies":"Gremlin Nob","floor":8,"turns":4},{"damage":31,"enemies":"Slime Boss","floor":16,"turns":10},{"damage":27,"enemies":"2 Thieves","floor":18,"turns":4},{"damage":25,"enemies":"3 Byrds","floor":22,"turns":6},{"damage":23,"enemies":"Slavers","floor":24,"turns":8},{"damage":9,"enemies":"Centurion and Healer","floor":25,"turns":2}],"seed_played":"8859250530934460636","potions_obtained":[{"floor":1,"key":"SpeedPotion"},{"floor":8,"key":"Explosive Potion"},{"floor":16,"key":"SteroidPotion"}],"is_trial":false,"path_per_floor":["M","$","M","?","$","E","R","E","T","$","?","$","R","?","R","B",null,"M","?","?","?","M","R","E","M"],"character_chosen":"THE_SILENT","items_purchased":["Toolbox","Catalyst","Footwork","Gremlin Horn","Sling","Envenom"],"campfire_rested":3,"item_purchase_floors":[2,2,2,5,5,5],"current_hp_per_floor":[59,59,59,59,59,40,40,13,13,13,2,2,23,16,37,6,54,27,50,50,34,9,30,7,0,0],"gold":310,"neow_bonus":"HUNDRED_GOLD","is_daily":false,"chose_seed":false,"campfire_upgraded":1,"win_rate":0.0,"timestamp":1608043258,"path_taken":["M","?","M","?","$","E","R","E","T","?","?","$","R","?","R","BOSS","M","?","?","?","M","R","E","M"],"items_purchased_type":["Relic","Card","Card","Relic","Relic","Card"],"build_version":"2020-12-13","purchased_purges":1,"victory":false,"max_hp_per_floor":[70,70,70,70,70,70,70,70,70,70,70,70,70,70,70,70,70,70,70,70,70,70,70,70,70,70],"card_choices":[{"not_picked":["Accuracy","Poisoned Stab"],"picked":"Bouncing Flask","floor":1},{"not_picked":["Outmaneuver","Distraction"],"picked":"Poisoned Stab","floor":3},{"not_picked":["Flying Knee","Distraction","Phantasmal Killer"],"picked":"SKIP","floor":6},{"not_picked":["Choke","Dagger Spray"],"picked":"Backflip","floor":8},{"not_picked":["A Thousand Cuts","Phantasmal Killer"],"picked":"Corpse Explosion","floor":16},{"not_picked":["Eviscerate+1","Bane"],"picked":"Blur+1","floor":18},{"not_picked":["Dagger Throw","Leg Sweep"],"picked":"Escape Plan","floor":22},{"not_picked":["Flying Knee","Glass Knife"],"picked":"Backflip","floor":24}],"player_experience":1216630,"relics_obtained":[{"floor":6,"key":"Bottled Tornado"},{"floor":8,"key":"StrikeDummy"},{"floor":9,"key":"Pen Nib"},{"floor":21,"key":"Enchiridion"},{"floor":24,"key":"Tiny Chest"}],"event_choices":[{"damage_healed":0,"gold_gain":175,"player_choice":"AGREE","damage_taken":0,"max_hp_gain":0,"max_hp_loss":0,"event_name":"Liars Game","floor":4,"gold_loss":0,"cards_obtained":["Doubt"]},{"damage_healed":0,"gold_gain":75,"player_choice":"Gather Gold","damage_taken":11,"max_hp_gain":0,"max_hp_loss":0,"event_name":"World of Goop","floor":11,"gold_loss":0},{"cards_removed":["Defend_G"],"damage_healed":0,"gold_gain":0,"player_choice":"Card Removal","damage_taken":7,"max_hp_gain":0,"max_hp_loss":0,"event_name":"Golden Wing","floor":14,"gold_loss":0},{"damage_healed":23,"gold_gain":0,"player_choice":"Heal","damage_taken":0,"max_hp_gain":0,"max_hp_loss":0,"event_name":"The Library","floor":19,"gold_loss":0},{"damage_healed":0,"gold_gain":0,"player_choice":"Ignored","damage_taken":0,"max_hp_gain":0,"max_hp_loss":0,"event_name":"Vampires","floor":20,"gold_loss":0},{"damage_healed":0,"gold_gain":0,"player_choice":"Obtained Book","damage_taken":16,"max_hp_gain":0,"max_hp_loss":0,"event_name":"Cursed Tome","floor":21,"gold_loss":0}],"is_beta":false,"boss_relics":[{"not_picked":["Philosopher\u0027s Stone","Runic Dome"],"picked":"WristBlade"}],"items_purged_floors":[5],"is_endless":false,"potions_floor_spawned":[1,8,16],"killed_by":"Centurion and Healer","ascension_level":7}}