{"host":"qwttrqaysb380yri","time":1608068290,"event":{"mods":["BaseMod","Custom Start","Minty Spire (QoL Compilation)","Puzzle Mod","Relic Stats","StSLib","The Cursed","The Hierophant"],"gold_per_floor":[110,122,397,407,432,426,426,382,382],"floor_reached":8,"playtime":353,"items_purged":[],"score":102,"play_id":"a34af351-e9f2-410d-a6da-12877eb770ad","local_time":"20201215223810","is_ascension_mode":true,"campfire_choices":[],"circlet_count":0,"master_deck":["AscendersBane","hierophant:Strike_Hierophant","hierophant:Strike_Hierophant","hierophant:Punish","hierophant:Defend_Hierophant","hierophant:Defend_Hierophant","hierophant:Defend_Hierophant","hierophant:ChurchCoffers","hierophant:Community+1","hierophant:ArchangelShield+1","hierophant:Blessing+1","hierophant:SealAway","hierophant:PassingBell","Regret","hierophant:Doubloon","hierophant:Dazzle","hierophant:HammerAndAnvil","hierophant:Smite"],"relics":["Astrolabe","hierophant:DonationBoxRelic"],"acts_visited":["Exordium"],"potions_floor_usage":[8],"damage_taken":[{"damage":4,"enemies":"Small Slimes","floor":1,"turns":5},{"damage":0,"enemies":"Cultist","floor":2,"turns":4},{"damage":11,"enemies":"Jaw Worm","floor":4,"turns":4},{"damage":13,"enemies":"3 Louse","floor":5,"turns":3},{"damage":23,"enemies":"Lagavulin","floor":6,"turns":9},{"damage":83,"enemies":"Gremlin Nob","floor":8,"turns":5}],"seed_played":"-7942862990425628796","potions_obtained":[{"floor":2,"key":"SteroidPotion"},{"floor":6,"key":"FairyPotion"}],"is_trial":false,"path_per_floor":["M","M","?","M","M","E","?","E"],"character_chosen":"HIEROPHANT","items_purchased":[],"campfire_rested":0,"item_purchase_floors":[],"current_hp_per_floor":[74,74,74,63,60,47,47,0,0],"gold":382,"neow_bonus":"BOSS_RELIC","is_daily":false,"chose_seed":false,"campfire_upgraded":0,"win_rate":0.0,"timestamp":1608068290,"path_taken":["M","M","?","?","M","E","?","E"],"items_purchased_type":[],"build_version":"2020-12-13","purchased_purges":0,"victory":false,"max_hp_per_floor":[75,75,75,75,75,75,75,75,75],"relic_stats":{"counters":[6,30],"Astrolabe":["hierophant:Community","hierophant:ArchangelShield","hierophant:Blessing"],"obtain_stats":[{"hierophant:PropheticMaskRelic":0,"Astrolabe":0,"hierophant:DonationBoxRelic":6},{"hierophant:PropheticMaskRelic":0,"Astrolabe":0,"hierophant:DonationBoxRelic":5},{"hierophant:PropheticMaskRelic":0,"Astrolabe":0,"hierophant:DonationBoxRelic":25}]},"card_choices":[{"not_picked":["hierophant:OrnateBuckler","hierophant:Doubloon"],"picked":"hierophant:SealAway","floor":1},{"not_picked":["hierophant:Levitation","hierophant:Empathy"],"picked":"hierophant:PassingBell","floor":2},{"not_picked":["hierophant:HolyVerse","hierophant:Glossolalia"],"picked":"hierophant:Dazzle","floor":4},{"not_picked":["hierophant:Zeal","hierophant:MirrorShield"],"picked":"hierophant:HammerAndAnvil","floor":5},{"not_picked":["hierophant:PassingBell","hierophant:PristineSoul"],"picked":"hierophant:Smite","floor":6}],"player_experience":1862843,"relics_obtained":[{"floor":6,"key":"hierophant:DonationBoxRelic"}],"event_choices":[{"damage_healed":0,"gold_gain":275,"player_choice":"Desecrate","damage_taken":0,"max_hp_gain":0,"max_hp_loss":0,"event_name":"Golden Shrine","floor":3,"gold_loss":0,"cards_obtained":["Regret"]},{"damage_healed":0,"gold_gain":0,"player_choice":"Got Potions","damage_taken":0,"max_hp_gain":0,"max_hp_loss":0,"event_name":"Lab","floor":7,"gold_loss":0}],"is_beta":false,"boss_relics":[],"items_purged_floors":[],"is_endless":false,"potions_floor_spawned":[2,6],"killed_by":"Gremlin Nob","ascension_level":15}}