{"host":"3mdjmozz5rahgtdc","time":1608030536,"event":{"mods":["AchievementEnabler","BaseMod","Better Silent Start","Better-Laid Plans","Colored Map","Colored Powertips","Custom Start","DeckTracker","Emptier Cage","KOR Keyword Fix","Keyboard Shortcuts","Minty Spire (QoL Compilation)","Permanent Neow","Quick Restart","StSLib","SuperFastMode"],"gold_per_floor":[118,131,143,153,165,165,191,191,269,283,293,323,323,348,348,348,348],"floor_reached":16,"playtime":476,"items_purged":[],"score":155,"play_id":"62a5067f-3cae-41d7-bec4-b8eb64cf5f58","local_time":"20201215200856","is_ascension_mode":true,"campfire_choices":[{"data":"Dualcast","floor":6.0,"key":"SMITH"},{"data":"Genetic Algorithm","floor":8.0,"key":"SMITH"},{"data":"Strike_B","floor":15,"key":"PURGE"}],"circlet_count":0,"master_deck":["Strike_B","Strike_B","Strike_B","Defend_B","Defend_B","Defend_B","Defend_B","Zap","Dualcast+1","Ball Lightning+1","BootSequence","Cold Snap","Compile Driver","Genetic Algorithm+1","Hologram","Lockon"],"relics":["Cracked Core","PreservedInsect","Singing Bowl","Frozen Egg 2","Peace Pipe","Orichalcum"],"acts_visited":["Exordium"],"potions_floor_usage":[14],"damage_taken":[{"damage":0.0,"enemies":"Small Slimes","floor":1.0,"turns":3.0},{"damage":1.0,"enemies":"Cultist","floor":2.0,"turns":4.0},{"damage":0.0,"enemies":"2 Louse","floor":3.0,"turns":2.0},{"damage":4.0,"enemies":"2 Fungi Beasts","floor":4.0,"turns":3.0},{"damage":4.0,"enemies":"Exordium Thugs","floor":5.0,"turns":4.0},{"damage":19.0,"enemies":"3 Sentries","floor":7.0,"turns":5.0},{"damage":1.0,"enemies":"Blue Slaver","floor":10.0,"turns":3.0},{"damage":5.0,"enemies":"Gremlin Gang","floor":11.0,"turns":5.0},{"damage":13,"enemies":"Gremlin Nob","floor":12,"turns":3},{"damage":16,"enemies":"3 Sentries","floor":14,"turns":5},{"damage":20,"enemies":"Hexaghost","floor":16,"turns":8}],"seed_played":"-3315611032837958763","potions_obtained":[{"floor":2.0,"key":"EssenceOfDarkness"},{"floor":3.0,"key":"Dexterity Potion"},{"floor":5.0,"key":"Swift Potion"},{"floor":7.0,"key":"ColorlessPotion"},{"floor":14,"key":"SpeedPotion"}],"is_trial":false,"path_per_floor":["M","M","M","M","M","R","E","R","T","M","M","E","?","E","R","B"],"character_chosen":"DEFECT","items_purchased":[],"campfire_rested":0,"item_purchase_floors":[],"current_hp_per_floor":[75,74,74,70,66,66,49,49,49,48,45,34,34,18,18,0,0],"gold":348,"neow_bonus":"RANDOM_COMMON_RELIC","is_daily":false,"chose_seed":false,"campfire_upgraded":2,"win_rate":0.0,"timestamp":1608030536,"path_taken":["M","M","M","M","M","R","E","R","T","M","M","E","?","E","R","BOSS"],"items_purchased_type":[],"build_version":"2020-12-13","purchased_purges":0,"victory":false,"max_hp_per_floor":[75,75,75,75,75,75,77,77,77,77,79,81,81,81,81,81,81],"card_choices":[{"not_picked":["Leap","Chaos"],"picked":"Ball Lightning","floor":1.0},{"not_picked":["Rip and Tear","Reprogram"],"picked":"BootSequence","floor":2.0},{"not_picked":["Gash","Loop"],"picked":"Cold Snap","floor":3.0},{"not_picked":["Heatsinks","Redo"],"picked":"Compile Driver","floor":4.0},{"not_picked":["Stack","Chaos"],"picked":"Genetic Algorithm","floor":5.0},{"not_picked":["Force Field","Gash","Compile Driver"],"picked":"Singing Bowl","floor":7.0},{"not_picked":["Turbo","Doom and Gloom"],"picked":"Hologram","floor":10.0},{"not_picked":["Stack","Chaos","Go for the Eyes"],"picked":"Singing Bowl","floor":11.0},{"not_picked":["Chaos","Meteor Strike","Go for the Eyes"],"picked":"Singing Bowl","floor":12},{"not_picked":["Darkness","Turbo"],"picked":"Lockon","floor":14}],"player_experience":294035,"relics_obtained":[{"floor":7.0,"key":"Singing Bowl"},{"floor":9.0,"key":"Frozen Egg 2"},{"floor":12,"key":"Peace Pipe"},{"floor":14,"key":"Orichalcum"}],"event_choices":[{"damage_healed":0,"gold_gain":0,"player_choice":"Forge","damage_taken":0,"max_hp_gain":0,"max_hp_loss":0,"event_name":"Accursed Blacksmith","floor":13,"gold_loss":0,"cards_upgraded":["Ball Lightning"]}],"is_beta":false,"boss_relics":[],"items_purged_floors":[],"is_endless":false,"potions_floor_spawned":[2,3,5,7,14],"killed_by":"Hexaghost","ascension_level":5}}