{"host":"c5zi7xii2asw1e3y","time":1608074155,"event":{"mods":["AchievementEnabler","BaseMod","Block Reminder","Colored Powertips","Downfall","Highlight Path","Hubris","Infinite Spire","Jorbs\u0027s Wanderer Trilogy","Minty Spire (QoL Compilation)","Permanent Neow","Quick Restart","Random Character Button","Replay The Spire","StSLib","The Blue Laboratory","The Cursed","The Jungle"],"gold_per_floor":[99,207,70,70,87,102,125,29,29,29,14,14,27,75,92,197,197,47,47,147,147,167,167,167,201,215,140,155,168,168,186,196,296,296,296,310,310,310,320,347,347,347,367,387,397,397,497,16,36,140,140,140],"floor_reached":51,"playtime":6552,"items_purged":["Slimebound:Strike_Slimebound"],"score":832,"play_id":"9c1f72cd-91dc-48e3-8036-f5bfea5308cf","local_time":"20201216001555","is_ascension_mode":false,"campfire_choices":[{"floor":1.0,"key":"RECALL"},{"data":"Slimebound:Overexert","floor":4.0,"key":"SMITH"},{"data":"Slimebound:Split","floor":10.0,"key":"SMITH"},{"floor":18.0,"key":"DIG"},{"floor":21.0,"key":"DIG"},{"floor":23,"key":"DIG"},{"floor":27,"key":"DIG"},{"floor":35,"key":"DIG"},{"floor":38,"key":"DIG"},{"floor":42,"key":"DIG"}],"circlet_count":0,"master_deck":["Slimebound:Strike_Slimebound","Slimebound:Tackle","Slimebound:Defend_Slimebound","Slimebound:Defend_Slimebound","Slimebound:Defend_Slimebound","Slimebound:Defend_Slimebound","Slimebound:Split+1","Slimebound:CorrosiveSpit","hubris:Wrath","Slimebound:PressTheAttack","Slimebound:SamplingLick","Slimebound:Repurpose","Slimebound:Overexert+1","Slimebound:SplitMire","Slimebound:GrowthPunch","Slimebound:SplitMire","Slimebound:LevelUp","Slimebound:SpikyOuterGoop","Slimebound:Gluttony","Slimebound:LeechEnergy","Slimebound:SlimeSpikes","Slimebound:SelfFormingGoo","Languid","hubris:Despair","stsjorbsmod:PollutedStrike","Slimebound:GoopSpray","Slimebound:MegaLick","Slimebound:HauntingLick","Slimebound:SlimeSpikes+1","Slimebound:PressTheAttack+1","Slimebound:SplitBruiser+1","Slimebound:SamplingLick","Slimebound:ProtectTheBoss+1","Slimebound:OozeBath","Doubt","sneckomod:Unknown","Slimebound:MassRepurpose","expansioncontent:Collect+1","infinitespire:Fortify","Slimebound:Teamwork","Slimebound:LivingWall+1","Pot Of Greed","Pot Of Greed","Pot Of Greed","Pot Of Greed","Slimebound:LeadByExample+1","Slimebound:SplitBruiser","Slimebound:SplitLeeching+1","infinitespire:Oblivion","Slimebound:Prepare","Slimebound:OneTwoCombo","Pot Of Greed"],"relics":["Slimebound:AbsorbEndCombat","hubris:CuriousFeather","PreservedInsect","Boot","Replay:Ancient Bell","Blood Vial","Replay:Ringing Soul","Shovel","downfall:HeartBlessingRed","downfall:HeartBlessingBlue","Du-Vu Doll","StoneCalendar","Replay:Bottled Flurry","Frozen Egg 2","Pen Nib","TungstenRod","infinitespire:Lucky Rock","downfall:HeartBlessingGreen","infinitespire:Joker Card","ReplayTheSpireMod:SealedPack","Replay:Mystery Machine","infinitespire:ShieldingShard","Grinning Jar","Ornamental Fan","hubris:ToyBattleship","hubris:Icosahedron","Calipers","Runic Pyramid"],"acts_visited":["Exordium","TheCity","TheBeyond","Exordium"],"potions_floor_usage":[25,33,47,47],"damage_taken":[{"damage":4.0,"enemies":"downfall:FleeingMerchant","floor":3.0,"turns":4.0},{"damage":10.0,"enemies":"Jaw Worm","floor":5.0,"turns":3.0},{"damage":8.0,"enemies":"2 Louse","floor":6.0,"turns":3.0},{"damage":22.0,"enemies":"downfall:FleeingMerchant","floor":8.0,"turns":4.0},{"damage":17.0,"enemies":"downfall:FleeingMerchant","floor":11.0,"turns":4.0},{"damage":14.0,"enemies":"Small Slimes","floor":13.0,"turns":3.0},{"damage":14.0,"enemies":"2 Fungi Beasts","floor":15.0,"turns":3.0},{"damage":64.0,"enemies":"downfall:Defect","floor":16.0,"turns":6.0},{"damage":31.0,"enemies":"Colosseum Nobs","floor":20.0,"turns":4.0},{"damage":45.0,"enemies":"Spheric Guardian","floor":22.0,"turns":5.0},{"damage":36,"enemies":"Slavers","floor":25,"turns":4},{"damage":18,"enemies":"Shell Parasite","floor":26,"turns":3},{"damage":18,"enemies":"Shelled Parasite and Fungi","floor":28,"turns":3},{"damage":16,"enemies":"Snecko","floor":29,"turns":4},{"damage":31,"enemies":"Centurion and Healer","floor":31,"turns":4},{"damage":19,"enemies":"Cultist and Chosen","floor":32,"turns":3},{"damage":45,"enemies":"downfall:Ironclad","floor":33,"turns":7},{"damage":24,"enemies":"3 Darklings","floor":36,"turns":5},{"damage":6,"enemies":"3 Shapes","floor":39,"turns":3},{"damage":59,"enemies":"Jaw Worm Horde","floor":43,"turns":5},{"damage":12,"enemies":"Maw","floor":44,"turns":6},{"damage":6,"enemies":"Spire Growth","floor":45,"turns":3},{"damage":70,"enemies":"infinitespire:Three Voidlings","floor":47,"turns":7},{"damage":162,"enemies":"Nightmare_Alpha","floor":47,"turns":14},{"damage":3,"enemies":"Writhing Mass","floor":49,"turns":2},{"damage":18,"enemies":"downfall:Watcher","floor":50,"turns":8}],"seed_played":"-4340347945413798837","potions_obtained":[{"floor":5.0,"key":"Fire Potion"},{"floor":6.0,"key":"Fire Potion"},{"floor":13.0,"key":"blueLaboratory:AbyssPotion"},{"floor":25,"key":"FairyPotion"},{"floor":28,"key":"Dexterity Potion"},{"floor":29,"key":"AttackPotion"},{"floor":36,"key":"GamblersBrew"},{"floor":39,"key":"blueLaboratory:TrueEctoplasm"}],"is_trial":false,"path_per_floor":["R","?","$","R","M","M","T","$","?","R","$","?","M","T","M","B",null,"R","?","?","R","M","R","T","E","M","R","M","M","?","M","M","B",null,"R","M","?","R","M","?","T","R","M","M","M","?","?","?","M","B",null],"character_chosen":"SLIMEBOUND","items_purchased":["Slimebound:SplitMire","Slimebound:SpikyOuterGoop"],"campfire_rested":0,"item_purchase_floors":[3,8],"current_hp_per_floor":[60,36,52,52,54,60,60,60,42,42,53,53,51,51,53,37,63,73,73,65,65,45,45,45,46,61,61,68,77,77,81,97,85,103,103,106,106,106,109,112,112,112,92,115,118,118,13,16,30,89,130,130],"gold":140,"neow_bonus":"ONE_RARE_RELIC","is_daily":false,"chose_seed":false,"campfire_upgraded":2,"win_rate":0.0,"timestamp":1608074155,"path_taken":["R","?","$","R","M","M","T","$","?","R","$","?","?","?","M","BOSS","R","?","?","R","M","R","T","E","M","R","M","?","?","M","M","BOSS","R","M","?","R","M","?","T","R","M","M","M","?","?","?","M","BOSS"],"items_purchased_type":["Card","Card"],"build_version":"2020-12-13","purchased_purges":1,"victory":false,"max_hp_per_floor":[60,60,60,60,60,60,60,60,60,60,60,60,60,60,60,60,63,73,73,76,76,79,79,79,82,85,85,88,91,91,94,97,100,103,103,106,106,106,109,112,112,112,115,115,118,118,121,124,127,130,130,130],"card_choices":[{"not_picked":["Slimebound:FormOfPuddle","Slimebound:LeechingTouch"],"picked":"Slimebound:PressTheAttack","floor":2.0},{"not_picked":["Slimebound:PressTheAttack","Slimebound:GrowthPunch"],"picked":"Slimebound:SamplingLick","floor":2.0},{"not_picked":["Slimebound:BestDefense","Slimebound:SplitBruiser"],"picked":"Slimebound:Repurpose","floor":2.0},{"not_picked":["Slimebound:SplitMire","Slimebound:PressTheAttack"],"picked":"Slimebound:Overexert","floor":3.0},{"not_picked":["Slimebound:FinishingTackle","Slimebound:ComboTackle"],"picked":"Slimebound:GrowthPunch","floor":5.0},{"not_picked":["Slimebound:ViciousTackle","Slimebound:FinishingTackle"],"picked":"Slimebound:SplitMire","floor":6.0},{"not_picked":["Slimebound:SlimeSpikes","Slimebound:Prepare"],"picked":"Slimebound:LevelUp","floor":8.0},{"not_picked":["Slimebound:SplitMire","Slimebound:GrowthPunch"],"picked":"Slimebound:Gluttony","floor":11.0},{"not_picked":["Slimebound:SplitBruiser","Slimebound:SplitAcid"],"picked":"Slimebound:LeechEnergy","floor":13.0},{"not_picked":["Slimebound:ComboTackle","Slimebound:LeechEnergy"],"picked":"Slimebound:SlimeSpikes","floor":15.0},{"not_picked":["Slimebound:RallyTheTroops","Slimebound:SlimeSlap"],"picked":"Slimebound:SelfFormingGoo","floor":16.0},{"not_picked":["Normality","hubris:Envy"],"picked":"Languid","floor":17.0},{"not_picked":["stsjorbsmod:Amnesia","Voices"],"picked":"hubris:Despair","floor":17.0},{"not_picked":["Hallucinations","Normality"],"picked":"stsjorbsmod:PollutedStrike","floor":17.0},{"not_picked":["Slimebound:ForwardTackle","Slimebound:RollThrough+1"],"picked":"Slimebound:GoopSpray","floor":20.0},{"not_picked":["Slimebound:ViciousTackle","Slimebound:SamplingLick+1"],"picked":"Slimebound:MegaLick","floor":22.0},{"not_picked":["Slimebound:GrowthPunch","Slimebound:RollThrough"],"picked":"Slimebound:HauntingLick","floor":25},{"not_picked":["Slimebound:SplitAcid","Slimebound:SplitLeeching"],"picked":"Slimebound:SlimeSpikes+1","floor":26},{"not_picked":["Slimebound:DisruptingSlam","Slimebound:Dissolve"],"picked":"Slimebound:PressTheAttack+1","floor":28},{"not_picked":["Slimebound:Prepare","Slimebound:GoopSpray"],"picked":"Slimebound:SplitBruiser+1","floor":29},{"not_picked":["Slimebound:Prepare","Slimebound:Schlurp"],"picked":"Slimebound:SamplingLick","floor":31},{"not_picked":["Slimebound:Chomp","Slimebound:SlimeSpikes+1"],"picked":"Slimebound:ProtectTheBoss+1","floor":32},{"not_picked":["Slimebound:MassFeed","Slimebound:SlimeSlap"],"picked":"Slimebound:OozeBath","floor":33},{"not_picked":["stsjorbsmod:Withering","Survivor"],"picked":"sneckomod:Unknown","floor":34},{"not_picked":["Slimebound:RallyTheTroops","Slimebound:MassFeed"],"picked":"Slimebound:MassRepurpose","floor":34},{"not_picked":["expansioncontent:AwakenDeath","Replay:SS_forest_5"],"picked":"expansioncontent:Collect","floor":34},{"not_picked":["infinitespire:Execution","infinitespire:DeathsTouch"],"picked":"infinitespire:Fortify","floor":34},{"not_picked":["Slimebound:Prepare+1","Slimebound:SlimeSpikes"],"picked":"Slimebound:Teamwork","floor":36},{"not_picked":["Slimebound:ComboTackle","Slimebound:Chomp"],"picked":"Slimebound:LivingWall+1","floor":39},{"not_picked":["Slimebound:SplitMire","Slimebound:Grow+1"],"picked":"Slimebound:LeadByExample+1","floor":43},{"not_picked":["Slimebound:RollThrough","Slimebound:SlimeSpikes","Slimebound:WasteNot"],"picked":"SKIP","floor":44},{"not_picked":["Slimebound:BestDefense+1","Slimebound:FinishingTackle+1"],"picked":"Slimebound:SplitBruiser","floor":45},{"not_picked":["ReplayTheSpireMod:Book of Names","ReplayTheSpireMod:??????????????????????"],"picked":"infinitespire:SealOfDarkness+","floor":47},{"not_picked":["Slimebound:GoopSpray","Slimebound:LivingWall"],"picked":"Slimebound:SplitLeeching+1","floor":47},{"not_picked":["infinitespire:UltimateForm","infinitespire:FinalStrike"],"picked":"infinitespire:Oblivion","floor":48},{"not_picked":["Slimebound:LeechingTouch","Slimebound:DisruptingSlam"],"picked":"Slimebound:Prepare","floor":49},{"not_picked":["Slimebound:WasteNot","Slimebound:OozeBath"],"picked":"Slimebound:OneTwoCombo","floor":50}],"player_experience":49976,"relics_obtained":[{"floor":14.0,"key":"Boot"},{"floor":18.0,"key":"Du-Vu Doll"},{"floor":20.0,"key":"StoneCalendar"},{"floor":20.0,"key":"Replay:Bottled Flurry"},{"floor":21.0,"key":"Frozen Egg 2"},{"floor":23,"key":"Pen Nib"},{"floor":24,"key":"TungstenRod"},{"floor":25,"key":"infinitespire:Lucky Rock"},{"floor":27,"key":"infinitespire:Joker Card"},{"floor":35,"key":"Replay:Mystery Machine"},{"floor":38,"key":"infinitespire:ShieldingShard"},{"floor":40,"key":"Grinning Jar"},{"floor":41,"key":"Ornamental Fan"},{"floor":42,"key":"hubris:ToyBattleship"},{"floor":47,"key":"Calipers"}],"event_choices":[{"damage_healed":0.0,"max_hp_gain":0.0,"max_hp_loss":0.0,"gold_gain":0.0,"event_name":"Scrap Ooze","player_choice":"Success","floor":9.0,"gold_loss":0.0,"damage_taken":18.0,"relics_obtained":["PreservedInsect"]},{"cards_removed":["Slimebound:Strike_Slimebound"],"damage_healed":0.0,"max_hp_gain":0.0,"max_hp_loss":0.0,"gold_gain":0.0,"event_name":"Bonfire Elementals","player_choice":"Offered Basic","floor":12.0,"gold_loss":0.0,"damage_taken":0.0},{"damage_healed":0.0,"max_hp_gain":0.0,"max_hp_loss":0.0,"gold_gain":0.0,"event_name":"Ghosts","player_choice":"Ignored","floor":19.0,"gold_loss":0.0,"damage_taken":0.0}],"is_beta":false,"boss_relics":[{"not_picked":["Velvet Choker","hubris:VirtuousBlindfold"],"picked":"Replay:Ancient Bell"},{"not_picked":["hubris:TenFootPole","Dream Catcher"],"picked":"Blood Vial"},{"not_picked":["infinitespire:BottledMercury","Meat on the Bone"],"picked":"Replay:Ringing Soul"},{"not_picked":["Turnip","Durian"],"picked":"Shovel"},{"not_picked":["hubris:Backtick","Snecko Eye"],"picked":"ReplayTheSpireMod:SealedPack"},{"not_picked":["Ring of Chaos","hubris:RunicObelisk"],"picked":"Runic Pyramid"}],"items_purged_floors":[3],"is_endless":true,"potions_floor_spawned":[5,6,13,25,28,29,31,36,39,44,45],"ascension_level":0}}