{"host":"milnbpnt8q6cnpmr","time":1608004774,"event":{"mods":["BaseMod","Marisa????????","Minty Spire (QoL Compilation)"],"gold_per_floor":[115,127,52,62,72,72,91,116,116,116,116,135,167,187,187,264,264,278,278,18,18,30,30,30],"floor_reached":23,"playtime":1427,"items_purged":["Strike_MRS"],"score":396,"play_id":"7fc9f84c-a2db-4c8b-a34d-3aac3a6b726a","local_time":"20201214195934","is_ascension_mode":true,"campfire_choices":[{"data":"CasketOfStar","floor":6.0,"key":"SMITH"},{"floor":10.0,"key":"REST"},{"data":"PulseMagic","floor":15.0,"key":"SMITH"}],"circlet_count":0,"master_deck":["AscendersBane","Strike_MRS","Strike_MRS","Defend_MRS","Defend_MRS","Defend_MRS","MasterSpark","UpSweep","CasketOfStar+1","MilkyWay","SporeBomb","AsteroidBelt","Acceleration","Acceleration","NonDirectionalLaser","GalacticHalo","PulseMagic+1","EscapeVelocity","CurseOfTheBell","RefractionSpark","OneTimeOff","CasketOfStar+1","OrrerysSun"],"relics":["MiniHakkero","TungstenRod","Bottled Lightning","Blue Candle","Calling Bell","Pen Nib","Pantograph","Shovel","DollysMirror"],"acts_visited":["Exordium","TheCity"],"potions_floor_usage":[23],"damage_taken":[{"damage":1.0,"enemies":"Cultist","floor":1.0,"turns":3.0},{"damage":0.0,"enemies":"2 Louse","floor":2.0,"turns":2.0},{"damage":1.0,"enemies":"Small Slimes","floor":4.0,"turns":3.0},{"damage":7.0,"enemies":"Looter","floor":5.0,"turns":4.0},{"damage":9.0,"enemies":"Exordium Thugs","floor":7.0,"turns":4.0},{"damage":35.0,"enemies":"3 Sentries","floor":8.0,"turns":7.0},{"damage":0.0,"enemies":"Large Slime","floor":12.0,"turns":6.0},{"damage":2.0,"enemies":"Lagavulin","floor":13.0,"turns":5.0},{"damage":0.0,"enemies":"Lots of Slimes","floor":14.0,"turns":3.0},{"damage":5.0,"enemies":"The Guardian","floor":16.0,"turns":9.0},{"damage":15.0,"enemies":"3 Byrds","floor":18.0,"turns":5.0},{"damage":35,"enemies":"2 Thieves","floor":22,"turns":3},{"damage":20,"enemies":"Gremlin Leader","floor":23,"turns":2}],"seed_played":"9220539273666440530","potions_obtained":[{"floor":2.0,"key":"Block Potion"},{"floor":5.0,"key":"SteroidPotion"},{"floor":8.0,"key":"Dexterity Potion"},{"floor":22,"key":"Energy Potion"}],"is_trial":false,"path_per_floor":["M","M","$","M","M","R","M","E","T","R","?","M","E","M","R","B",null,"M","?","$","?","M","E"],"character_chosen":"MARISA","items_purchased":["DollysMirror","OrrerysSun"],"campfire_rested":1,"item_purchase_floors":[20,20],"current_hp_per_floor":[62,62,62,61,54,54,45,10,10,31,54,54,52,52,52,47,64,49,49,49,49,14,0,0],"gold":30,"neow_bonus":"ONE_RANDOM_RARE_CARD","is_daily":false,"chose_seed":false,"campfire_upgraded":2,"win_rate":0.0,"timestamp":1608004774,"path_taken":["M","M","?","M","M","R","M","E","T","R","?","M","E","M","R","BOSS","M","?","$","?","M","E"],"items_purchased_type":["Relic","Card"],"build_version":"2020-12-13","purchased_purges":1,"victory":false,"max_hp_per_floor":[70,70,70,70,70,70,70,70,70,70,70,70,70,70,70,70,70,70,70,70,70,70,70,70],"card_choices":[{"not_picked":["MysteriousBeam","ChargingUp"],"picked":"MilkyWay","floor":1.0},{"not_picked":["PowerUp","GalacticHalo"],"picked":"SporeBomb","floor":2.0},{"not_picked":["ManaRampage","IllusionStar"],"picked":"AsteroidBelt","floor":4.0},{"not_picked":["UnstableBomb","BlazeAway"],"picked":"Acceleration","floor":5.0},{"not_picked":["AlicesGift","DC"],"picked":"Acceleration","floor":7.0},{"not_picked":["DoubleSpark","AlicesGift"],"picked":"NonDirectionalLaser","floor":8.0},{"not_picked":["EventHorizon","LuminesStrike"],"picked":"GalacticHalo","floor":12.0},{"not_picked":["Singularity","IllusionStar"],"picked":"PulseMagic","floor":13.0},{"not_picked":["OpenUniverse","NonDirectionalLaser","ChargeUpSpray"],"picked":"SKIP","floor":14.0},{"not_picked":["BigCrunch","ManaRampage"],"picked":"EscapeVelocity","floor":16.0},{"not_picked":["ChargeUpSpray","SuperPerseids","DoubleSpark+1"],"picked":"SKIP","floor":18.0},{"not_picked":["UnstableBomb","IllusionStar+1","WitchOfGreed"],"picked":"SKIP","floor":22}],"player_experience":1149856,"relics_obtained":[{"floor":8.0,"key":"TungstenRod"},{"floor":9.0,"key":"Bottled Lightning"},{"floor":13.0,"key":"Blue Candle"},{"floor":17.0,"key":"Pen Nib"},{"floor":17.0,"key":"Pantograph"},{"floor":17.0,"key":"Shovel"}],"event_choices":[{"damage_healed":23.0,"max_hp_gain":0.0,"max_hp_loss":0.0,"gold_gain":0.0,"event_name":"Big Fish","player_choice":"Banana","floor":11.0,"gold_loss":0.0,"damage_taken":0.0},{"damage_healed":0.0,"max_hp_gain":0.0,"max_hp_loss":0.0,"gold_gain":0.0,"cards_transformed":["Strike_MRS","Defend_MRS"],"event_name":"Drug Dealer","player_choice":"Became Test Subject","floor":19.0,"gold_loss":0.0,"damage_taken":0.0,"cards_obtained":["RefractionSpark","OneTimeOff"]},{"damage_healed":0,"gold_gain":0,"player_choice":"Ignored","damage_taken":0,"max_hp_gain":0,"max_hp_loss":0,"event_name":"Vampires","floor":21,"gold_loss":0}],"is_beta":false,"boss_relics":[{"not_picked":["ExperimentalFamiliar","Busted Crown"],"picked":"Calling Bell"}],"items_purged_floors":[3],"is_endless":false,"potions_floor_spawned":[2,5,8,22],"killed_by":"Gremlin Leader","ascension_level":19}}