{"host":"7skpg3w6spfq7de9","time":1608021277,"event":{"mods":["AchievementEnabler","BaseMod","Bestiary","Better Third Choice","Block Reminder","Colored Powertips","DeckTracker","Downfall","Duelist Mod","Highlight Path","JesterMod","Marisa????????","Minty Spire (QoL Compilation)","Permanent Neow","Relic Stats","StSLib","The Blue Laboratory","The Bug Knight","The Necromancer"],"gold_per_floor":[99,109,109,109,127,60,84,84,84,84,101,201,216,236,247,347,347,347,347,347,359,376,401,449,461,503,515,547,571,262,273,285,285,285],"floor_reached":33,"playtime":2785,"items_purged":[],"score":304,"play_id":"9fa98729-9267-4760-9b70-485c0e7f3df0","local_time":"20201215003437","is_ascension_mode":false,"campfire_choices":[{"data":"hexamod:Sear","floor":1,"key":"SMITH"},{"data":"hexamod:NightmareGuise","floor":8,"key":"SMITH"},{"data":"hexamod:BurningTouch","floor":10,"key":"SMITH"},{"data":"hexamod:HexaLevel","floor":18,"key":"SMITH"},{"data":"hexamod:HeatCrush","floor":20,"key":"SMITH"},{"floor":27,"key":"REST"}],"circlet_count":0,"master_deck":["hexamod:Strike","hexamod:Strike","hexamod:Strike","hexamod:Sear+1","hexamod:Float","hexamod:DynamicBlow","hexamod:FourthSeal","hexamod:BurningTouch+1","hexamod:HeatMetal","hexamod:NightmareGuise+1","hexamod:PhantomFireball","hexamod:HauntingEcho","hexamod:Hexaguard","hexamod:HeatCrush+1","hexamod:HexaLevel+1","CurseOfTheBell","hexamod:RainOfEmbers","hexamod:SoulSteal","hexamod:HeatCrush+1","Ghostly","Ghostly","Ghostly","hexamod:SpectersWail","hexamod:FirstSeal","hexamod:NightmareGuise","hexamod:SearingWound","hexamod:Hexaguard+1","hexamod:HeatCrush","hexamod:Firestarter","hexamod:BurningTouch"],"relics":["hexamod:SpiritBrand","downfall:ShatteredFragment","Nunchaku","Calling Bell","Bag of Preparation","Letter Opener","CaptainsWheel","HollowMod:LifeEnderRelic","Ancient Tea Set","MawBank","Happy Flower","Orrery","Strawberry"],"acts_visited":["Exordium","TheCity"],"potions_floor_usage":[14,16,23,23,31,31,31,32,33],"damage_taken":[{"damage":0,"enemies":"Cultist","floor":2,"turns":3},{"damage":7,"enemies":"Small Slimes","floor":5,"turns":3},{"damage":10,"enemies":"downfall:FleeingMerchant","floor":6,"turns":4},{"damage":0,"enemies":"2 Louse","floor":11,"turns":3},{"damage":5,"enemies":"Large Slime","floor":13,"turns":2},{"damage":0,"enemies":"Exordium Wildlife","floor":14,"turns":5},{"damage":0,"enemies":"Lots of Slimes","floor":15,"turns":5},{"damage":69,"enemies":"downfall:Defect","floor":16,"turns":7},{"damage":0,"enemies":"Spheric Guardian","floor":21,"turns":4},{"damage":10,"enemies":"Cultist and Chosen","floor":22,"turns":5},{"damage":33,"enemies":"Book of Stabbing","floor":23,"turns":6},{"damage":9,"enemies":"theDuelist:KaibaA2","floor":26,"turns":8},{"damage":0,"enemies":"Snake Plant","floor":28,"turns":3},{"damage":0,"enemies":"3 Cultists","floor":29,"turns":4},{"damage":0,"enemies":"downfall:FleeingMerchant","floor":30,"turns":4},{"damage":1,"enemies":"Centurion and Healer","floor":31,"turns":4},{"damage":3,"enemies":"Cultist and Chosen","floor":32,"turns":3},{"damage":50,"enemies":"downfall:Ironclad","floor":33,"turns":4}],"seed_played":"2090812846286425890","potions_obtained":[{"floor":2,"key":"blueLaboratory:FrostheartPotion"},{"floor":5,"key":"FairyPotion"},{"floor":6,"key":"blueLaboratory:BottledHope"},{"floor":11,"key":"blueLaboratory:EmptyBottle"},{"floor":14,"key":"SkillPotion"},{"floor":22,"key":"blueLaboratory:SavagePotion"},{"floor":23,"key":"Dexterity Potion"},{"floor":26,"key":"GamblersBrew"},{"floor":26,"key":"PowerPotion"},{"floor":28,"key":"Dexterity Potion"},{"floor":29,"key":"blueLaboratory:HummingbirdPotion"},{"floor":31,"key":"blueLaboratory:RecallPotion"},{"floor":32,"key":"blueLaboratory:PyrophylliteBrew"}],"is_trial":false,"path_per_floor":["R","M","?","?","M","$","T","R","?","R","M","?","M","M","M","B",null,"R","T","R","M","M","E","T","?","E","R","M","M","$","M","M","B"],"character_chosen":"THE_SPIRIT","items_purchased":["hexamod:NightmareGuise","Orrery","Strawberry"],"campfire_rested":1,"item_purchase_floors":[6,30,30],"current_hp_per_floor":[70,70,70,49,42,32,32,32,55,55,55,55,50,50,50,2,70,70,70,70,70,60,27,27,27,18,28,28,35,42,41,42,0,0],"gold":285,"neow_bonus":"REMOVE_CARD","is_daily":false,"chose_seed":false,"campfire_upgraded":5,"win_rate":0.0,"timestamp":1608021277,"path_taken":["R","?","?","?","M","$","T","R","?","R","?","?","M","M","M","BOSS","R","?","R","M","?","E","T","?","E","R","M","M","?","M","M","BOSS"],"items_purchased_type":["Card","Relic","Relic"],"build_version":"2020-12-13","purchased_purges":0,"victory":false,"max_hp_per_floor":[70,70,70,70,70,70,70,70,70,70,70,70,70,70,70,70,70,70,70,70,70,70,70,70,35,35,35,35,35,42,42,42,42,42],"relic_stats":{"Nunchaku":[14],"Happy Flower":[7],"counters":[18,77],"Bag of Preparation":[20],"Letter Opener":[34],"MawBank":72,"obtain_stats":[{"downfall:ShatteredFragment":4,"HollowMod:LifeEnderRelic":19,"Happy Flower":26,"Bag of Preparation":17,"Letter Opener":17,"Ancient Tea Set":23,"MawBank":24,"Calling Bell":17,"Nunchaku":7,"CaptainsWheel":17,"Strawberry":30,"Orrery":30,"hexamod:SpiritBrand":0},{"downfall:ShatteredFragment":1,"HollowMod:LifeEnderRelic":8,"Happy Flower":12,"Bag of Preparation":8,"Letter Opener":8,"Ancient Tea Set":11,"MawBank":11,"Calling Bell":8,"Nunchaku":3,"CaptainsWheel":8,"Strawberry":15,"Orrery":15,"hexamod:SpiritBrand":0},{"downfall:ShatteredFragment":3,"HollowMod:LifeEnderRelic":32,"Happy Flower":55,"Bag of Preparation":32,"Letter Opener":32,"Ancient Tea Set":47,"MawBank":47,"Calling Bell":32,"Nunchaku":10,"CaptainsWheel":32,"Strawberry":66,"Orrery":66,"hexamod:SpiritBrand":0}]},"card_choices":[{"not_picked":["hexamod:ThirdSeal","hexamod:SpectersWail"],"picked":"hexamod:DynamicBlow","floor":2},{"not_picked":["hexamod:Firestarter","hexamod:CatchUp"],"picked":"hexamod:BurningTouch","floor":5},{"not_picked":["hexamod:GhostLash","hexamod:BacktrackSmack"],"picked":"hexamod:HeatMetal","floor":6},{"not_picked":["hexamod:ShieldOfDarkness","hexamod:FourthSeal"],"picked":"hexamod:PhantomFireball","floor":11},{"not_picked":["hexamod:SpectralAdrenaline","hexamod:ShieldOfDarkness"],"picked":"hexamod:HauntingEcho","floor":13},{"not_picked":["hexamod:DynamicBlow","hexamod:FourthSeal"],"picked":"hexamod:Hexaguard","floor":14},{"not_picked":["hexamod:BurningTouch","hexamod:EmpoweredFlame"],"picked":"hexamod:HeatCrush","floor":15},{"not_picked":["hexamod:WildfireWeapon","hexamod:CrushingStance"],"picked":"hexamod:HexaLevel","floor":16},{"not_picked":["hexamod:CatchUp+1","hexamod:PhantomFireball"],"picked":"hexamod:RainOfEmbers","floor":21},{"not_picked":["hexamod:Incineration","hexamod:StepThrough+1"],"picked":"hexamod:SoulSteal","floor":22},{"not_picked":["hexamod:WildfireWeapon","hexamod:PhantomCloak+1"],"picked":"hexamod:HeatCrush+1","floor":23},{"not_picked":["hexamod:Firestarter+1","hexamod:NightmareStrike"],"picked":"hexamod:SpectersWail","floor":26},{"not_picked":["hexamod:ChargedBarrage+1","hexamod:FastForward"],"picked":"hexamod:FirstSeal","floor":28},{"not_picked":["hexamod:GhostOfSpirePast+1","hexamod:RadiantFlame"],"picked":"hexamod:NightmareGuise","floor":29},{"not_picked":["hexamod:BacktrackSmack","hexamod:SwordOfDarkness","hexamod:NecessarySacrifice"],"picked":"SKIP","floor":30},{"not_picked":["hexamod:SpectersWail","hexamod:HauntingEcho"],"picked":"hexamod:SearingWound","floor":30},{"not_picked":["hexamod:GhostShield","hexamod:Rewind+1"],"picked":"hexamod:Hexaguard+1","floor":30},{"not_picked":["hexamod:SwordOfDarkness","hexamod:SecondSeal"],"picked":"hexamod:HeatCrush","floor":30},{"not_picked":["hexamod:ThermalTransfer","hexamod:BacktrackSmack"],"picked":"hexamod:Firestarter","floor":30},{"not_picked":["hexamod:GhostLash","hexamod:GhostShield"],"picked":"hexamod:BurningTouch","floor":31},{"not_picked":["hexamod:HauntingEcho","hexamod:ShieldOfDarkness","hexamod:NecessarySacrifice+1"],"picked":"SKIP","floor":32}],"player_experience":59632,"relics_obtained":[{"floor":7,"key":"Nunchaku"},{"floor":17,"key":"Bag of Preparation"},{"floor":17,"key":"Letter Opener"},{"floor":17,"key":"CaptainsWheel"},{"floor":19,"key":"HollowMod:LifeEnderRelic"},{"floor":23,"key":"Ancient Tea Set"},{"floor":24,"key":"MawBank"},{"floor":26,"key":"Happy Flower"}],"event_choices":[{"damage_healed":23,"gold_gain":0,"player_choice":"Banana","damage_taken":0,"max_hp_gain":0,"max_hp_loss":0,"event_name":"Big Fish","floor":9,"gold_loss":0},{"damage_healed":0,"gold_gain":100,"player_choice":"Gold","damage_taken":0,"max_hp_gain":0,"max_hp_loss":0,"event_name":"Wheel of Change","floor":12,"gold_loss":0}],"is_beta":false,"boss_relics":[{"not_picked":["Runic Pyramid","Runic Dome"],"picked":"Calling Bell"}],"items_purged_floors":[],"is_endless":false,"potions_floor_spawned":[2,13,22,26,31,32],"killed_by":"downfall:Ironclad","ascension_level":0}}