{"host":"by3dnjj711vo194a","time":1608031462,"event":{"mods":["2.2 Compatiblity","AchievementEnabler","BaseMod","Colored Map","DeckTracker","KOR Keyword Fix","Keyboard Shortcuts","Minty Spire (QoL Compilation)","Permanent Neow","Quick Restart","StSLib","SuperFastMode","everything is the same but u backflip on backflip"],"gold_per_floor":[112,112,127,139,155,182,195,195,220,145,220,70,81,113,113,113,113],"floor_reached":16,"playtime":465,"items_purged":["Strike_G"],"score":148,"play_id":"038954a1-ab72-4ef9-91a8-69c4fdd18531","local_time":"20201215202422","is_ascension_mode":true,"campfire_choices":[{"data":"Neutralize","floor":8.0,"key":"SMITH"},{"floor":15.0,"key":"REST"}],"circlet_count":0,"master_deck":["Strike_G","Strike_G","Strike_G","Strike_G","Defend_G","Defend_G","Defend_G+1","Defend_G","Defend_G","Survivor","Neutralize+1","Deadly Poison+1","Backflip","Backstab","Well Laid Plans","Footwork","Dagger Spray","Crippling Poison"],"relics":["Ring of the Snake","Pear","PreservedInsect","Snake Skull","Smiling Mask"],"acts_visited":["Exordium"],"potions_floor_usage":[16],"damage_taken":[{"damage":4.0,"enemies":"Jaw Worm","floor":1.0,"turns":4.0},{"damage":0.0,"enemies":"Cultist","floor":3.0,"turns":3.0},{"damage":0.0,"enemies":"Small Slimes","floor":4.0,"turns":3.0},{"damage":12.0,"enemies":"Exordium Wildlife","floor":5.0,"turns":5.0},{"damage":8.0,"enemies":"Lagavulin","floor":6.0,"turns":7.0},{"damage":3.0,"enemies":"Blue Slaver","floor":7.0,"turns":5.0},{"damage":3.0,"enemies":"Looter","floor":13.0,"turns":3.0},{"damage":16.0,"enemies":"3 Sentries","floor":14.0,"turns":6.0},{"damage":0,"enemies":"Slime Boss","floor":16,"turns":3}],"seed_played":"-7367444752670042766","potions_obtained":[{"floor":4.0,"key":"Weak Potion"},{"floor":5.0,"key":"BlessingOfTheForge"},{"floor":7.0,"key":"SmokeBomb"}],"is_trial":false,"path_per_floor":["M","?","M","M","M","E","M","R","T","$","?","$","M","E","R","B"],"character_chosen":"THE_SILENT","items_purchased":["Snake Skull"],"campfire_rested":1,"item_purchase_floors":[12],"current_hp_per_floor":[73,58,58,58,46,48,45,45,45,45,34,34,31,15,41,41,41],"gold":113,"neow_bonus":"TEN_PERCENT_HP_BONUS","is_daily":false,"chose_seed":false,"campfire_upgraded":1,"win_rate":0.0,"timestamp":1608031462,"path_taken":["M","?","M","M","M","E","M","R","T","$","?","?","?","E","R","BOSS"],"items_purchased_type":["Relic"],"build_version":"2020-12-13","purchased_purges":1,"victory":false,"max_hp_per_floor":[77,77,77,77,77,87,87,87,87,87,87,87,87,87,87,87,87],"card_choices":[{"not_picked":["Flying Knee","Blade Dance"],"picked":"Deadly Poison","floor":1.0},{"not_picked":["Bane","Slice"],"picked":"Backflip","floor":3.0},{"not_picked":["Cloak And Dagger","Quick Slash"],"picked":"Backstab","floor":4.0},{"not_picked":["Slice","Expertise"],"picked":"Well Laid Plans","floor":5.0},{"not_picked":["Quick Slash","Slice"],"picked":"Footwork","floor":6.0},{"not_picked":["Glass Knife","Flying Knee","Dagger Throw"],"picked":"SKIP","floor":7.0},{"not_picked":["Flying Knee","Bane"],"picked":"Dagger Spray","floor":13.0},{"not_picked":["Cloak And Dagger","Deflect"],"picked":"Crippling Poison","floor":14.0}],"player_experience":120880,"relics_obtained":[{"floor":6.0,"key":"Pear"},{"floor":9.0,"key":"PreservedInsect"},{"floor":14.0,"key":"Smiling Mask"}],"event_choices":[{"damage_healed":0.0,"max_hp_gain":0.0,"max_hp_loss":0.0,"gold_gain":0.0,"event_name":"Shining Light","player_choice":"Entered Light","floor":2.0,"gold_loss":0.0,"damage_taken":15.0,"cards_upgraded":["Deadly Poison","Defend_G"]},{"damage_healed":0.0,"max_hp_gain":0.0,"max_hp_loss":0.0,"gold_gain":75.0,"event_name":"World of Goop","player_choice":"Gather Gold","floor":11.0,"gold_loss":0.0,"damage_taken":11.0}],"is_beta":false,"boss_relics":[],"items_purged_floors":[10],"is_endless":false,"potions_floor_spawned":[4,5,7,13],"killed_by":"Slime Boss","ascension_level":2}}