{"host":"zr590xw2unlz0wv7","time":1608045341,"event":{"mods":["BaseMod","Minty Spire (QoL Compilation)","READ ME - Guardian Mod","StSLib"],"gold_per_floor":[117,129,28,303,72,106,117,117,170,184,184,2,2,62,62,163,163,180,192,192,117,117,169,9,9,63,63,63,24,24,58,58,162,162,172,172,184,216,216,216,236,249,249,287,313,313,313],"floor_reached":46,"playtime":1645,"items_purged":["Shame","Regret"],"score":595,"play_id":"581087be-db34-4d99-910a-c7548d9991f0","local_time":"20201215231541","is_ascension_mode":true,"campfire_choices":[{"data":"Combust","floor":8,"key":"SMITH"},{"data":"Searing Blow","floor":11,"key":"SMITH"},{"data":"Armaments","floor":13,"key":"SMITH"},{"data":"Searing Blow+1","floor":15,"key":"SMITH"},{"floor":25,"key":"REST"},{"data":"Brutality","floor":27,"key":"SMITH"},{"floor":32,"key":"REST"},{"floor":40,"key":"REST"}],"circlet_count":0,"master_deck":["Strike_R+1","Strike_R+1","Strike_R+1","Strike_R+1","Defend_R+1","Defend_R+1","Defend_R+1","Defend_R+1","Bash","Combust+1","Thunderclap","Armaments+1","Searing Blow+2","Dramatic Entrance","Ghostly Armor","Bloodletting","HandOfGreed","Brutality+1","Double Tap","RitualDagger","Shrug It Off","Impervious","Hemokinesis","Shame","Limit Break","Demon Form","Armaments+1","Metallicize+1","Pummel","Combust","Ghostly Armor"],"relics":["Burning Blood","TungstenRod","Red Skull","Oddly Smooth Stone","Philosopher\u0027s Stone","Bronze Scales","Eternal Feather","Happy Flower","Art of War","Blood Vial","Sozu","Pocketwatch","Vajra"],"acts_visited":["Exordium","TheCity","TheBeyond"],"potions_floor_usage":[6,14,19,23,23],"damage_taken":[{"damage":5,"enemies":"Cultist","floor":1,"turns":3},{"damage":9,"enemies":"Small Slimes","floor":2,"turns":2},{"damage":38,"enemies":"Lagavulin","floor":6,"turns":7},{"damage":2,"enemies":"2 Louse","floor":7,"turns":2},{"damage":11,"enemies":"Large Slime","floor":10,"turns":5},{"damage":9,"enemies":"3 Louse","floor":14,"turns":6},{"damage":36,"enemies":"Hexaghost","floor":16,"turns":10},{"damage":22,"enemies":"2 Thieves","floor":18,"turns":3},{"damage":27,"enemies":"Shell Parasite","floor":19,"turns":4},{"damage":29,"enemies":"Slavers","floor":23,"turns":4},{"damage":41,"enemies":"Book of Stabbing","floor":31,"turns":4},{"damage":59,"enemies":"Collector","floor":33,"turns":8},{"damage":16,"enemies":"Orb Walker","floor":35,"turns":3},{"damage":42,"enemies":"3 Darklings","floor":37,"turns":4},{"damage":6,"enemies":"4 Shapes","floor":38,"turns":4},{"damage":30,"enemies":"Transient","floor":41,"turns":5},{"damage":26,"enemies":"Maw","floor":42,"turns":7},{"damage":25,"enemies":"Sphere and 2 Shapes","floor":44,"turns":5},{"damage":31,"enemies":"Writhing Mass","floor":46,"turns":2}],"seed_played":"-5915545142266715421","potions_obtained":[{"floor":2,"key":"Dexterity Potion"},{"floor":6,"key":"BloodPotion"},{"floor":7,"key":"Regen Potion"},{"floor":16,"key":"PowerPotion"},{"floor":19,"key":"ColorlessPotion"}],"is_trial":false,"path_per_floor":["M","M","$","?","$","E","M","R","T","M","R","$","R","M","R","B",null,"M","M","?","?","?","E","$","R","T","R","?","$","?","E","R","B",null,"M","?","M","M","?","R","M","M","T","M","T","M"],"character_chosen":"IRONCLAD","items_purchased":["Armaments","Searing Blow","Dramatic Entrance","HandOfGreed","Impervious","Hemokinesis"],"campfire_rested":3,"item_purchase_floors":[3,5,5,12,24,29],"current_hp_per_floor":[80,77,77,77,77,45,49,49,49,44,44,44,44,53,53,23,66,50,45,40,40,40,17,17,53,53,65,65,65,65,30,69,18,65,57,57,23,25,25,64,42,24,24,7,7,0,0],"gold":313,"neow_bonus":"ONE_RARE_RELIC","is_daily":false,"chose_seed":false,"campfire_upgraded":5,"win_rate":0.0,"timestamp":1608045341,"path_taken":["M","?","$","?","$","E","M","R","T","M","R","?","R","M","R","BOSS","M","M","?","?","?","E","$","R","T","R","?","?","?","E","R","BOSS","M","?","M","M","?","R","M","?","T","M","?","M"],"items_purchased_type":["Card","Card","Card","Card","Card","Card"],"build_version":"2020-12-13","purchased_purges":2,"victory":false,"max_hp_per_floor":[80,80,80,80,80,80,80,80,80,80,80,80,80,80,80,80,80,80,80,80,80,80,80,80,80,80,80,80,80,80,80,80,80,80,80,80,80,80,80,80,80,80,80,80,80,80,80],"card_choices":[{"not_picked":["Power Through","Flex"],"picked":"Combust","floor":1},{"not_picked":["Warcry","Body Slam"],"picked":"Thunderclap","floor":2},{"not_picked":["Body Slam","True Grit"],"picked":"Ghostly Armor","floor":6},{"not_picked":["Power Through","Flex"],"picked":"Rupture","floor":7},{"not_picked":["Havoc","Feel No Pain"],"picked":"Bloodletting","floor":10},{"not_picked":["Shrug It Off","Clothesline"],"picked":"Brutality","floor":14},{"not_picked":["Fiend Fire","Exhume"],"picked":"Double Tap","floor":16},{"not_picked":["Warcry","Shrug It Off","Thunderclap"],"picked":"SKIP","floor":18},{"not_picked":["Rage","Body Slam","Whirlwind"],"picked":"SKIP","floor":19},{"not_picked":["Feel No Pain+1","Rupture"],"picked":"Shrug It Off","floor":23},{"not_picked":["Warcry+1","Sentinel"],"picked":"Limit Break","floor":31},{"not_picked":["Impervious","Juggernaut"],"picked":"Demon Form","floor":33},{"not_picked":["Intimidate","Whirlwind+1"],"picked":"Armaments+1","floor":35},{"not_picked":["Armaments","Reckless Charge","Iron Wave"],"picked":"SKIP","floor":37},{"not_picked":["Sword Boomerang","Iron Wave+1"],"picked":"Metallicize+1","floor":38},{"not_picked":["Spot Weakness","Clash+1"],"picked":"Combust","floor":41},{"not_picked":["Clash","Wild Strike","Anger+1"],"picked":"SKIP","floor":42},{"not_picked":["Entrench+1","Armaments+1"],"picked":"Ghostly Armor","floor":44}],"player_experience":485128,"relics_obtained":[{"floor":6,"key":"Red Skull"},{"floor":9,"key":"Oddly Smooth Stone"},{"floor":23,"key":"Eternal Feather"},{"floor":26,"key":"Happy Flower"},{"floor":31,"key":"Blood Vial"},{"floor":43,"key":"Pocketwatch"},{"floor":45,"key":"Vajra"}],"event_choices":[{"damage_healed":0,"gold_gain":275,"player_choice":"Desecrate","damage_taken":0,"max_hp_gain":0,"max_hp_loss":0,"event_name":"Golden Shrine","floor":4,"gold_loss":0,"cards_obtained":["Regret"]},{"damage_healed":0,"gold_gain":0,"player_choice":"Joined the Cult","damage_taken":6,"max_hp_gain":0,"max_hp_loss":0,"event_name":"Nest","floor":20,"gold_loss":0,"cards_obtained":["RitualDagger"]},{"cards_removed":["Strike_R"],"damage_healed":0,"gold_gain":0,"player_choice":"Gave Gold","damage_taken":0,"max_hp_gain":0,"max_hp_loss":0,"event_name":"Beggar","floor":21,"gold_loss":75},{"damage_healed":0,"gold_gain":0,"player_choice":"Opened","damage_taken":0,"relics_obtained":["Bronze Scales"],"max_hp_gain":0,"max_hp_loss":0,"event_name":"The Mausoleum","floor":22,"gold_loss":0},{"damage_healed":0,"gold_gain":0,"player_choice":"Simplicity","damage_taken":0,"max_hp_gain":0,"max_hp_loss":0,"event_name":"Back to Basics","floor":28,"gold_loss":0,"cards_upgraded":["Strike_R","Strike_R","Strike_R","Strike_R","Defend_R","Defend_R","Defend_R","Defend_R"]},{"damage_healed":0,"gold_gain":0,"player_choice":"Stole Relic","damage_taken":0,"relics_obtained":["Art of War"],"max_hp_gain":0,"max_hp_loss":0,"event_name":"Addict","floor":30,"gold_loss":0,"cards_obtained":["Shame"]},{"damage_healed":0,"gold_gain":0,"player_choice":"Ignored","damage_taken":0,"max_hp_gain":0,"max_hp_loss":0,"event_name":"Mysterious Sphere","floor":36,"gold_loss":0},{"damage_healed":0,"gold_gain":0,"cards_transformed":["Rupture"],"player_choice":"Transformed","damage_taken":0,"max_hp_gain":0,"max_hp_loss":0,"event_name":"Transmorgrifier","floor":39,"gold_loss":0,"cards_obtained":["Pummel"]}],"is_beta":false,"boss_relics":[{"not_picked":["Cursed Key","Ectoplasm"],"picked":"Philosopher\u0027s Stone"},{"not_picked":["Astrolabe","Runic Dome"],"picked":"Sozu"}],"items_purged_floors":[3,5],"is_endless":false,"potions_floor_spawned":[2,6,7,16,19,35,41,42],"killed_by":"Writhing Mass","ascension_level":5}}