{"host":"3t6uby4o5waaq95r","time":1608005104,"event":{"mods":["AchievementEnabler","BaseMod","Bestiary","Colored Map","Highlight Path","Minty Spire (QoL Compilation)","Permanent Neow","Quick Restart","Random Character Button","SuperFastMode"],"gold_per_floor":[109,59,59,75,85,85,97,110,157,170,170,186,205,236,236,339,339,358,370,370,295,305,305,333,233,233,233,280,37,37,37,37,37,37],"floor_reached":33,"playtime":1416,"items_purged":["Strike_R","Strike_R"],"score":267,"play_id":"30c506e5-a244-4474-94cc-8cec740037f6","local_time":"20201214220504","is_ascension_mode":false,"campfire_choices":[{"data":"Pummel","floor":6.0,"key":"SMITH"},{"data":"Double Tap","floor":15.0,"key":"SMITH"},{"data":"Feed","floor":23.0,"key":"SMITH"},{"floor":30.0,"key":"REST"},{"data":"Finesse","floor":32.0,"key":"SMITH"}],"circlet_count":0,"master_deck":["Strike_R","Strike_R","Strike_R","Defend_R","Defend_R","Bash","Demon Form","Shrug It Off+1","Pummel+1","Flex","Heavy Blade","Metallicize","Impervious","Double Tap+1","Pummel","Inflame","Uppercut","Feed+1","Iron Wave","True Grit","Deep Breath","Pommel Strike","Heavy Blade+1","Feed","Finesse+1","Pummel"],"relics":["Burning Blood"],"acts_visited":["Exordium","TheCity"],"potions_floor_usage":[33],"damage_taken":[{"damage":13.0,"enemies":"Jaw Worm","floor":1.0,"turns":3.0},{"damage":6.0,"enemies":"Cultist","floor":4.0,"turns":3.0},{"damage":0.0,"enemies":"2 Louse","floor":5.0,"turns":3.0},{"damage":24.0,"enemies":"Gremlin Gang","floor":7.0,"turns":5.0},{"damage":10.0,"enemies":"Lots of Slimes","floor":8.0,"turns":4.0},{"damage":13.0,"enemies":"Blue Slaver","floor":10.0,"turns":3.0},{"damage":17.0,"enemies":"Exordium Thugs","floor":12.0,"turns":3.0},{"damage":4.0,"enemies":"2 Fungi Beasts","floor":13.0,"turns":3.0},{"damage":11.0,"enemies":"Gremlin Nob","floor":14.0,"turns":5.0},{"damage":3.0,"enemies":"Hexaghost","floor":16.0,"turns":7.0},{"damage":20.0,"enemies":"Shell Parasite","floor":18.0,"turns":3.0},{"damage":5.0,"enemies":"3 Byrds","floor":19.0,"turns":4.0},{"damage":2.0,"enemies":"Snecko","floor":22.0,"turns":4.0},{"damage":68.0,"enemies":"Slavers","floor":24.0,"turns":11.0},{"damage":48,"enemies":"Collector","floor":33,"turns":6}],"seed_played":"-5793858912880457261","potions_obtained":[{"floor":5.0,"key":"Block Potion"},{"floor":8.0,"key":"Explosive Potion"},{"floor":10.0,"key":"Block Potion"},{"floor":16.0,"key":"BlessingOfTheForge"},{"floor":18.0,"key":"AttackPotion"},{"floor":24.0,"key":"AttackPotion"}],"is_trial":false,"path_per_floor":["M","?","?","M","M","R","M","M","T","M","?","M","M","E","R","B",null,"M","M","?","$","M","R","E","$","T","?","T","$","R","?","R","B"],"character_chosen":"IRONCLAD","items_purchased":["Feed","Finesse"],"campfire_rested":1,"item_purchase_floors":[29,29],"current_hp_per_floor":[73,73,73,73,79,79,61,57,57,50,50,39,41,36,36,39,80,66,70,70,70,74,74,16,16,16,16,16,16,42,42,42,0,0],"gold":37,"neow_bonus":"ONE_RANDOM_RARE_CARD","is_daily":false,"chose_seed":false,"campfire_upgraded":4,"win_rate":0.0,"timestamp":1608005104,"path_taken":["M","?","?","M","M","R","M","?","T","M","?","?","?","E","R","BOSS","M","M","?","$","M","R","E","?","T","?","?","$","R","?","R","BOSS"],"items_purchased_type":["Card","Card"],"build_version":"2020-12-13","purchased_purges":2,"victory":false,"max_hp_per_floor":[80,80,80,80,80,80,80,80,80,80,80,80,80,80,80,80,80,80,83,83,83,83,83,87,87,87,87,87,87,87,87,87,87,87],"card_choices":[{"not_picked":["Armaments","Perfected Strike"],"picked":"Shrug It Off","floor":1.0},{"not_picked":["Ghostly Armor","Iron Wave"],"picked":"Pummel","floor":4.0},{"not_picked":["Hemokinesis","Blood for Blood"],"picked":"Flex","floor":5.0},{"not_picked":["Perfected Strike","Anger"],"picked":"Heavy Blade","floor":7.0},{"not_picked":["Armaments","Thunderclap"],"picked":"Metallicize","floor":8.0},{"not_picked":["Whirlwind","Wild Strike"],"picked":"Impervious","floor":10.0},{"not_picked":["Hemokinesis","Rage"],"picked":"Pummel","floor":12.0},{"not_picked":["Perfected Strike","Flame Barrier"],"picked":"Inflame","floor":13.0},{"not_picked":["Clothesline","Flex"],"picked":"Uppercut","floor":14.0},{"not_picked":["Demon Form","Brutality"],"picked":"Feed","floor":16.0},{"not_picked":["Sever Soul","Clothesline"],"picked":"Iron Wave","floor":18.0},{"not_picked":["Clothesline","Anger"],"picked":"True Grit","floor":19.0},{"not_picked":["Blood for Blood+1","Rupture"],"picked":"Pommel Strike","floor":22.0},{"not_picked":["Battle Trance","Reckless Charge"],"picked":"Heavy Blade+1","floor":24.0}],"player_experience":745480,"relics_obtained":[],"event_choices":[{"cards_removed":["Defend_R"],"damage_healed":0.0,"max_hp_gain":0.0,"max_hp_loss":0.0,"gold_gain":0.0,"event_name":"The Cleric","player_choice":"Card Removal","floor":2.0,"gold_loss":50.0,"damage_taken":0.0},{"damage_healed":0.0,"max_hp_gain":0.0,"max_hp_loss":0.0,"gold_gain":0.0,"event_name":"Upgrade Shrine","player_choice":"Upgraded","floor":3.0,"gold_loss":0.0,"damage_taken":0.0,"cards_upgraded":["Shrug It Off"]},{"damage_healed":0.0,"max_hp_gain":0.0,"max_hp_loss":0.0,"gold_gain":0.0,"cards_transformed":["Defend_R"],"event_name":"Transmorgrifier","player_choice":"Transformed","floor":11.0,"gold_loss":0.0,"damage_taken":0.0,"cards_obtained":["Double Tap"]},{"damage_healed":0.0,"max_hp_gain":0.0,"max_hp_loss":0.0,"gold_gain":0.0,"event_name":"Match and Keep!","player_choice":"1 cards matched","floor":20.0,"gold_loss":0.0,"damage_taken":0.0,"cards_obtained":["Deep Breath"]},{"damage_healed":0.0,"max_hp_gain":0.0,"max_hp_loss":0.0,"gold_gain":0.0,"event_name":"The Mausoleum","player_choice":"Ignored","floor":27.0,"gold_loss":0.0,"damage_taken":0.0},{"damage_healed":0.0,"max_hp_gain":0.0,"max_hp_loss":0.0,"gold_gain":0.0,"event_name":"The Library","player_choice":"Read","floor":31.0,"gold_loss":0.0,"damage_taken":0.0,"cards_obtained":["Pummel"]}],"is_beta":false,"boss_relics":[{"not_picked":["Fusion Hammer","Velvet Choker","SacredBark"]}],"items_purged_floors":[21,25],"is_endless":false,"potions_floor_spawned":[5,8,10,16,18,24],"killed_by":"Collector","ascension_level":0}}