{"host":"J","time":1608059620,"event":{"mods":["AchievementEnabler","BaseMod","Block Reminder","Highlight Path","Minty Spire (QoL Compilation)","Permanent Neow","Quick Restart","Relic Stats","UnlockEverythingMod"],"gold_per_floor":[119,44,95,106,106,106,118,148,148,161,161,49,84,84,84,84,84],"floor_reached":16,"playtime":982,"items_purged":["Strike_B"],"score":216,"play_id":"7377c97b-102f-478f-82e8-83b61f2e607c","local_time":"20201215201340","is_ascension_mode":true,"campfire_choices":[{"data":"Tempest","floor":6,"key":"SMITH"},{"data":"Zap","floor":11,"key":"SMITH"},{"data":"Defragment","floor":15,"key":"SMITH"}],"circlet_count":0,"master_deck":["AscendersBane","Strike_B","Defend_B","Defend_B","Defend_B","Defend_B","Zap+1","Dualcast","Tempest+1","Stack","Stack","Ball Lightning","Cold Snap","Defragment+1","Loop"],"relics":["Sozu","Strawberry","Bird Faced Urn","Meat on the Bone","Blue Candle"],"acts_visited":["Exordium"],"potions_floor_usage":[],"damage_taken":[{"damage":0.0,"enemies":"2 Louse","floor":1.0,"turns":2.0},{"damage":2,"enemies":"Jaw Worm","floor":4,"turns":3},{"damage":0,"enemies":"Cultist","floor":7,"turns":2},{"damage":17,"enemies":"3 Sentries","floor":8,"turns":8},{"damage":0,"enemies":"Exordium Wildlife","floor":10,"turns":3},{"damage":14,"enemies":"Lagavulin","floor":13,"turns":5},{"damage":41,"enemies":"Slime Boss","floor":16,"turns":6}],"seed_played":"8480117685818683500","potions_obtained":[],"is_trial":false,"path_per_floor":["M","?","T","M","?","R","M","E","T","M","R","$","E","T","R","B"],"character_chosen":"DEFECT","items_purchased":["Defragment"],"campfire_rested":0,"item_purchase_floors":[12],"current_hp_per_floor":[64,64,64,62,55,55,55,45,45,45,45,45,33,33,33,0,0],"gold":84,"neow_bonus":"BOSS_RELIC","is_daily":false,"chose_seed":false,"campfire_upgraded":3,"win_rate":0.0,"timestamp":1608059620,"path_taken":["M","?","?","M","?","R","M","E","T","M","R","$","E","?","R","BOSS"],"items_purchased_type":["Card"],"build_version":"2020-12-07","purchased_purges":1,"victory":false,"max_hp_per_floor":[71,71,71,71,71,71,71,78,78,78,78,78,78,78,78,78,78],"relic_stats":{"Sozu":3,"counters":[7,29],"Bird Faced Urn":[6],"Blue Candle":[0],"obtain_stats":[{"Sozu":0,"Strawberry":8,"Bird Faced Urn":9,"Blue Candle":14,"Cracked Core":0,"Meat on the Bone":13},{"Sozu":0,"Strawberry":4,"Bird Faced Urn":4,"Blue Candle":6,"Cracked Core":0,"Meat on the Bone":6},{"Sozu":0,"Strawberry":15,"Bird Faced Urn":15,"Blue Candle":23,"Cracked Core":0,"Meat on the Bone":23}],"Meat on the Bone":0},"card_choices":[{"not_picked":["Beam Cell","Rebound"],"picked":"Tempest","floor":1.0},{"not_picked":["Go for the Eyes","Hello World"],"picked":"Stack","floor":4},{"not_picked":["Chill","Beam Cell"],"picked":"Stack","floor":7},{"not_picked":["Barrage","Electrodynamics"],"picked":"Ball Lightning","floor":8},{"not_picked":["Go for the Eyes","Turbo"],"picked":"Cold Snap","floor":10},{"not_picked":["Sunder","Streamline"],"picked":"Loop","floor":13}],"player_experience":167975,"relics_obtained":[{"floor":8,"key":"Strawberry"},{"floor":9,"key":"Bird Faced Urn"},{"floor":13,"key":"Meat on the Bone"},{"floor":14,"key":"Blue Candle"}],"event_choices":[{"cards_removed":["Strike_B"],"damage_healed":0.0,"max_hp_gain":0.0,"max_hp_loss":0.0,"gold_gain":0.0,"event_name":"The Cleric","player_choice":"Card Removal","floor":2.0,"gold_loss":75.0,"damage_taken":0.0},{"cards_removed":["Strike_B"],"damage_healed":0,"gold_gain":0,"player_choice":"Card Removal","damage_taken":7,"max_hp_gain":0,"max_hp_loss":0,"event_name":"Golden Wing","floor":5,"gold_loss":0}],"is_beta":true,"boss_relics":[],"items_purged_floors":[12],"is_endless":false,"potions_floor_spawned":[7,8,13],"killed_by":"Slime Boss","ascension_level":20}}