{"host":"6115i7kcvmx8jari","time":1608071681,"event":{"mods":["AchievementEnabler","Act Like it!","Aspiration","Bard","BaseMod","Beaked The Cultist","BetterRewards","Challenge The Spire","Colored Map","Colored Powertips","Conspire","Downfall","Glutton Mod","Halation","Hermit","Highlight Path","Hubris","Infinite Spire","Jedi Mod","Jorbs\u0027s Wanderer Trilogy","Lobotomy","Mad Scientist","Marisa????????","Mimic Mod","Minty Spire (QoL Compilation)","Quick Restart","Rare Cards Sparkle","Relic Sorter","Replay The Spire","Shop Mod","StSLib","The Animator","The Construct","The Cursed","The Disciple","The Hierophant","The Jungle","The Mystic","The Necromancer","The Runesmith","vexMod"],"gold_per_floor":[118,43,62,62,62,97,97,97,146,164,183,215,215,227,227,327,327,343,362,362,375,375,403,403,421,421,421,421,12,30,45,45,146,146,156,81,97,97,117,117,117,117,142,142,142,156,168,178,178,282,282,294,294,294,307,307,307,10,10,58,78,78,85,100,107,107,97,97],"floor_reached":67,"playtime":3663,"items_purged":[],"score":696,"play_id":"09b2fdbc-2ae0-414f-9ae8-c1f614dc4981","local_time":"20201215223441","is_ascension_mode":false,"campfire_choices":[{"data":"Summon_Undead_Army","floor":8,"key":"SMITH"},{"floor":15,"key":"REST"},{"floor":24,"key":"REST"},{"data":"Summon_Undead","floor":28,"key":"SMITH"},{"floor":32,"key":"REST"},{"data":"Skeleton_Dragon","floor":40,"key":"SMITH"},{"floor":42,"key":"REST"},{"floor":45,"key":"REST"},{"floor":49,"key":"REST"},{"floor":57,"key":"REST"},{"floor":59,"key":"REST"},{"floor":62,"key":"RECALL"},{"data":"ReplayUltimateDefense","floor":66,"key":"SMITH"}],"circlet_count":0,"master_deck":["Strike_W","Defend_W","Defend_W","Defend_W+1","Defend_W","Negative_Energy_Arrows","Bone_Wall","Plague_Bolt","Bone_Armory","Bone_Armory","Strike_from_Beyond","Strike_from_Beyond","Bone_Bullets","Summon_Undead_Army+1","Blood_Is_Power+1","Spreading Infection","Bone_Spikes","Whirlwind_of_Bones","Bone_Shift","Necromantic_Selection","Finger_Of_Death","Grasp_Heart","Consume_Illness","Dagger Spray","Neutralize","aspiration:Lunge","Grasp_Heart","Summon_Undead+1","Bone_Spikes+1","Blood_for_Blood+1","Cloudkill","expansioncontent:TimeRipple","Bone_Shift","Bones_to_Steel","Stop_Heart","Skeleton_Dragon+1","Finger_Of_Death+1","Whirlwind_of_Bones","Blood_Shield+1","Pandemic","Necromantic_Selection+1","hubris:Fate","Death_March_Dance+1","Summon_Undead+1","Parasite","Negative_Energy_Bomb","Detonate_Bones","Blood_Magic","Shade_Step","infinitespire:UltimateForm","Blood_Curse","infinitespire:FinalStrike","ReplayUltimateDefense+1","Vampiric_Strike","expansioncontent:Sear","Vampiric_Strike","Negative_Energy_Burst","Whirlwind_of_Bones","Blood_Is_Power"],"relics":["Vampire_Amulet","halation:NonexistentMirror","Anchor","Ring of Panic","Ring of Searing","War Paint","Replay:Baseball","Replay:Mystery Machine","construct:ClawGrip","theJungle:WildStrawberry","MealTicket","Potion Belt","halation:LostSnail","vexMod:BigBerry","Bottled Flame","jedi:crownofsimplicity","halation:PinkSoulGem","beaked:SacredDeck","Golden Idol","StoneCalendar","hubris:KleinBottle","hubris:FruitBowl","PreservedInsect"],"acts_visited":["Exordium","Exordium","TheBeyond","Exordium"],"potions_floor_usage":[6,12,21,23,25,37,37,39,63],"damage_taken":[{"damage":5,"enemies":"Small Slimes","floor":1,"turns":5},{"damage":6,"enemies":"Jaw Worm","floor":3,"turns":3},{"damage":34,"enemies":"Gremlin Nob","floor":6,"turns":5},{"damage":5,"enemies":"2 Louse","floor":10,"turns":2},{"damage":19,"enemies":"2 Fungi Beasts","floor":11,"turns":4},{"damage":13,"enemies":"3 Sentries","floor":12,"turns":4},{"damage":22,"enemies":"Lots of Slimes","floor":14,"turns":4},{"damage":53,"enemies":"The Guardian","floor":16,"turns":6},{"damage":32,"enemies":"Shell Parasite","floor":18,"turns":5},{"damage":9,"enemies":"theJungle:5_Spyders","floor":19,"turns":6},{"damage":0,"enemies":"theJungle:Snecko_Cultist_And_Trap","floor":21,"turns":2},{"damage":35,"enemies":"Nightmare","floor":23,"turns":5},{"damage":30,"enemies":"theJungle:JungleHuntersEncounter","floor":25,"turns":4},{"damage":14,"enemies":"theJungle:Lyon","floor":30,"turns":3},{"damage":4,"enemies":"theJungle:2_Snecko_Cultists","floor":31,"turns":3},{"damage":13,"enemies":"theJungle:QueenSpyder","floor":33,"turns":6},{"damage":23,"enemies":"Orb Walker","floor":35,"turns":3},{"damage":51,"enemies":"3 Darklings","floor":37,"turns":4},{"damage":35,"enemies":"Writhing Mass","floor":39,"turns":4},{"damage":10,"enemies":"Jaw Worm Horde","floor":46,"turns":3},{"damage":38,"enemies":"Maw","floor":47,"turns":6},{"damage":15,"enemies":"Writhing Mass","floor":48,"turns":3},{"damage":41,"enemies":"hubris:GrandSnecko","floor":50,"turns":5},{"damage":9,"enemies":"2 Louse","floor":52,"turns":2},{"damage":0,"enemies":"Small Slimes","floor":55,"turns":1},{"damage":0,"enemies":"Jaw Worm","floor":61,"turns":1},{"damage":5,"enemies":"Blue Slaver","floor":63,"turns":2},{"damage":6,"enemies":"Gremlin Gang","floor":64,"turns":2},{"damage":5,"enemies":"Looter","floor":65,"turns":2},{"damage":122,"enemies":"Hexaghost","floor":67,"turns":2}],"seed_played":"-2942558421878317335","potions_obtained":[{"floor":3,"key":"jedi:StrikingPotion"},{"floor":6,"key":"Elixir"},{"floor":19,"key":"SkillPotion"},{"floor":21,"key":"ColorlessPotion"},{"floor":23,"key":"SneckoOil"},{"floor":33,"key":"LiquidBronze"},{"floor":35,"key":"SteroidPotion"},{"floor":37,"key":"BlessingOfTheForge"},{"floor":47,"key":"SpeedPotion"},{"floor":61,"key":"Explosive Potion"},{"floor":64,"key":"Energy Potion"}],"is_trial":false,"path_per_floor":["M","$","M","?","$","E","?","R","T","M","M","E","?","M","R","B",null,"M","M","?","M","?","NM","R","M","T","T","R","$","M","M","R","B",null,"M","$","M","?","M","R","AVR","R","T","?","R","M","M","M","R","B",null,"M","?","AVR","M","$","R","$","R","T","M","R","M","M","M","R","B"],"character_chosen":"NECROMANCER","items_purchased":["Cloudkill","Plague_Bolt","halation:NonexistentMirror","Anchor","Bone_Armory","Strike_from_Beyond","Summon_Undead_Army","Blood_for_Blood+1","Cloudkill","expansioncontent:TimeRipple","halation:LostSnail","Bone_Shift","Whirlwind_of_Bones","StoneCalendar","hubris:KleinBottle","hubris:FruitBowl","ReplayUltimateDefense","Vampiric_Strike","expansioncontent:Sear"],"campfire_rested":8,"item_purchase_floors":[0,0,0,0,0,0,2,29,29,29,29,29,36,56,56,56,58,58,58],"current_hp_per_floor":[58,58,54,54,54,22,85,85,85,84,69,62,85,69,85,34,85,55,56,56,60,53,20,47,21,21,21,21,36,27,27,54,52,122,101,116,67,67,34,34,34,70,70,70,106,105,69,56,92,51,122,115,85,85,89,31,67,82,118,118,120,120,117,118,115,115,0,0],"gold":97,"neow_bonus":"","is_daily":false,"chose_seed":false,"campfire_upgraded":4,"win_rate":0.0,"timestamp":1608071681,"path_taken":["M","$","M","?","?","E","?","R","T","?","M","E","?","M","R","BOSS","M","M","?","M","?","NM","R","M","T","?","R","$","M","?","R","BOSS","M","$","M","?","?","R","AVR","R","T","?","R","M","M","M","R","BOSS","M","?","AVR","M","?","R","$","R","T","M","R","M","M","M","R","BOSS"],"items_purchased_type":["Card","Card","Relic","Relic","Card","Card","Card","Card","Card","Card","Relic","Card","Card","Relic","Relic","Relic","Card","Card","Card"],"build_version":"2020-12-13","purchased_purges":0,"victory":false,"max_hp_per_floor":[75,75,75,75,75,75,85,85,85,85,85,85,85,85,85,85,85,85,85,85,85,92,92,92,92,92,92,92,92,92,92,92,92,122,122,122,122,122,122,122,122,122,122,122,122,122,122,122,122,122,122,122,122,122,122,122,122,122,122,122,122,122,122,122,122,122,122,122],"card_choices":[{"not_picked":["Blood_Whip","Death_March_Dance"],"picked":"Bone_Bullets","floor":1},{"not_picked":["Blood_Whip","Violent_Necrosis"],"picked":"Blood_Is_Power","floor":3},{"not_picked":["Scare","Plague_Bolt"],"picked":"Bone_Spikes","floor":6},{"not_picked":["Strike_from_Beyond","Vampiric_Strike"],"picked":"Whirlwind_of_Bones","floor":10},{"not_picked":["Bone_Spikes","Consume_Illness"],"picked":"Bone_Shift","floor":11},{"not_picked":["Negative_Energy_Shield","Plague_Bolt"],"picked":"Necromantic_Selection","floor":12},{"not_picked":["Negative_Energy_Burst","Bone_Spikes"],"picked":"Finger_Of_Death","floor":14},{"not_picked":["Blood_Wake","Detonate_Bones"],"picked":"Grasp_Heart","floor":16},{"not_picked":["Death_Coil+1","Blood_Whip"],"picked":"Negative_Energy_Sphere","floor":18},{"not_picked":["Negative_Energy_Sphere","Negative_Energy_Javelin"],"picked":"Consume_Illness","floor":19},{"not_picked":["Bone_Bullets","Necrotic_Claws"],"picked":"Grasp_Heart","floor":21},{"not_picked":["Acid_Javelin","Blood_Whip"],"picked":"Summon_Undead","floor":23},{"not_picked":["Death_March_Dance","Bone_Bullets"],"picked":"Bone_Spikes+1","floor":25},{"not_picked":["Negative_Energy_Mist+1","Bone_Shift"],"picked":"Bones_to_Steel","floor":30},{"not_picked":["Corrupt","Exploit"],"picked":"Stop_Heart","floor":31},{"not_picked":["Requiem","Blood_Magic"],"picked":"Skeleton_Dragon","floor":33},{"not_picked":["Negative_Energy_Mist+1","Corrupt+1"],"picked":"Finger_Of_Death+1","floor":35},{"not_picked":["Bone_Bullets","Death_Coil+1"],"picked":"Blood_Shield+1","floor":37},{"not_picked":["Exploit","Bone_Shift+1"],"picked":"Necromantic_Selection+1","floor":39},{"not_picked":["Consume_Illness","Bone_Bullets"],"picked":"Death_March_Dance+1","floor":46},{"not_picked":["Slay_Living+1","Shade_Step+1"],"picked":"Summon_Undead+1","floor":47},{"not_picked":["Blood_Curse","Summon_Undead+1"],"picked":"Negative_Energy_Bomb","floor":48},{"not_picked":["Requiem","Skeleton_Dragon"],"picked":"Detonate_Bones","floor":50},{"not_picked":["Chill_Blood","Death_Coil"],"picked":"Shade_Step","floor":52},{"not_picked":["Thousand_Bone_Knives","Plague_Bolt"],"picked":"Blood_Curse","floor":55},{"not_picked":["infinitespire:NeuralNetwork","infinitespire:SealOfDarkness+"],"picked":"infinitespire:FinalStrike","floor":56},{"not_picked":["Shackles_Of_Pain","Exploit"],"picked":"Vampiric_Strike","floor":61},{"not_picked":["Slay_Living","Death_March_Dance"],"picked":"Negative_Energy_Burst","floor":63},{"not_picked":["Negative_Energy_Sphere","Vampiric_Strike"],"picked":"Whirlwind_of_Bones","floor":64},{"not_picked":["Siphon_Strength","Negative_Energy_Sphere"],"picked":"Blood_Is_Power","floor":65}],"player_experience":53242,"relics_obtained":[{"floor":4,"key":"Ring of Panic"},{"floor":4,"key":"Ring of Searing"},{"floor":6,"key":"War Paint"},{"floor":9,"key":"Replay:Baseball"},{"floor":12,"key":"Replay:Mystery Machine"},{"floor":23,"key":"MealTicket"},{"floor":27,"key":"Potion Belt"},{"floor":43,"key":"jedi:crownofsimplicity"},{"floor":60,"key":"PreservedInsect"}],"event_choices":[{"cards_removed":["Cloudkill"],"damage_healed":53,"gold_gain":0,"player_choice":"Offered Rare","damage_taken":0,"max_hp_gain":10,"max_hp_loss":0,"event_name":"Bonfire Elementals","floor":7,"gold_loss":0},{"damage_healed":28,"gold_gain":0,"player_choice":"Banana","damage_taken":0,"max_hp_gain":0,"max_hp_loss":0,"event_name":"Big Fish","floor":13,"gold_loss":0},{"damage_healed":0,"gold_gain":0,"cards_transformed":["Negative_Energy_Sphere"],"player_choice":"Transformed","damage_taken":0,"max_hp_gain":0,"max_hp_loss":0,"event_name":"Transmorgrifier","floor":38,"gold_loss":0,"cards_obtained":["Pandemic"]},{"damage_healed":0,"gold_gain":0,"player_choice":"Take Damage","damage_taken":30,"relics_obtained":["Golden Idol"],"max_hp_gain":0,"max_hp_loss":0,"event_name":"Golden Idol","floor":53,"gold_loss":0}],"is_beta":false,"boss_relics":[{"not_picked":["Runesmith:UraniumAnvil","vexMod:NewClearReactor"],"picked":"construct:ClawGrip"},{"not_picked":["jedi:paperlyon","halation:SmartPhone"],"picked":"vexMod:BigBerry"},{"not_picked":["halation:MonkeysPaw","Fusion Hammer"],"picked":"beaked:SacredDeck"}],"items_purged_floors":[],"is_endless":true,"potions_floor_spawned":[3,6,19,21,23,33,35,37,47,61,64],"killed_by":"Hexaghost","ascension_level":0}}