{"host":"ks12kfi5c4d9hdxy","time":1608042869,"event":{"mods":["Act Like it!","BaseMod","Conspire","Gensokyo","GifTheSpireLib","Koishi","LagranYue(拉格朗・月)","Marisa（F雨　魔理沙）","Minty Spire (QoL Compilation)","Quick Restart","Reimu（博丽灵梦）","Remilia（蕾米莉亚）","Replay The Spire","RumiaBox-露米娅的神秘盒子","Shop Mod","StSLib","SuperFastMode","The Administrix","The Servant 0.9.4","Youmu（魂魄妖梦）","Yuyuko","【东方二次创作】八云紫mod","【功能Mod】混沌之环修复补丁","【功能Mod】聪明的最终Boss","篝火指南"],"gold_per_floor":[114,114,148,171,193,230,242,279,291,337,360,392,273,303,303,381,381,399,42,42,42,42,73,23,23,23],"floor_reached":25,"playtime":794,"items_purged":["Strike_MRS"],"score":520,"play_id":"4e1adf0a-24ce-4244-a6d5-ecfc1df0e748","local_time":"20201215223429","is_ascension_mode":true,"campfire_choices":[{"data":"EscapeVelocity","floor":15,"key":"SMITH"}],"circlet_count":0,"master_deck":["AscendersBane","Strike_MRS","Strike_MRS","Strike_MRS","Defend_MRS","Defend_MRS","Defend_MRS","Defend_MRS","MasterSpark","UpSweep","UnstableBomb","CasketOfStar","MilkyWay","EscapeVelocity+1","OortCloud","ShootingEcho","EarthLightRay","TreasureHunter","FairyDestructionRay","Acceleration","FinalSpark","conspire:SpireCoStock"],"relics":["MiniHakkero","LagranYue:RandomDrawCardRelic","NeowsBlessing","MawBank","HornCleat","Garlic","RuthlessExorcism:ReiMu","Lizard Tail","conspire:GiftBox","Replay:WaspNest","Runic Pyramid","Bag of Preparation","Potion Belt","ReplayFunnel","Counterbalance"],"acts_visited":["Exordium","Gensokyo:Gensokyo"],"potions_floor_usage":[6,6,8,16,18],"damage_taken":[{"damage":0,"enemies":"Gensokyo:2_Kodama","floor":1,"turns":1},{"damage":0,"enemies":"Gensokyo:Aya","floor":3,"turns":1},{"damage":0,"enemies":"Gensokyo:3_Fairies","floor":4,"turns":1},{"damage":9,"enemies":"Gensokyo:Gryphon","floor":5,"turns":4},{"damage":35,"enemies":"Gensokyo:Cirno","floor":6,"turns":6},{"damage":5,"enemies":"Gensokyo:Mamizou","floor":8,"turns":7},{"damage":18,"enemies":"Gensokyo:Cirno","floor":10,"turns":5},{"damage":0,"enemies":"Gensokyo:Kitsune","floor":11,"turns":4},{"damage":0,"enemies":"Gensokyo:Python_and_Kodama","floor":12,"turns":3},{"damage":0,"enemies":"Gensokyo:Mamizou","floor":14,"turns":7},{"damage":32,"enemies":"Gensokyo:Kokoro","floor":16,"turns":11},{"damage":0,"enemies":"Gensokyo:Chomper","floor":18,"turns":3},{"damage":57,"enemies":"Gensokyo:Tenshi","floor":23,"turns":5},{"damage":7,"enemies":"Gensokyo:AngelMirror","floor":25,"turns":1}],"seed_played":"96839435572349182","potions_obtained":[{"floor":3,"key":"SkillPotion"},{"floor":5,"key":"ShroomBrew"},{"floor":6,"key":"BottledSpark"},{"floor":12,"key":"AttackPotion"},{"floor":16,"key":"GrandPatriotsElixir:ReiMu"},{"floor":23,"key":"DistilledChaos"}],"is_trial":false,"path_per_floor":["M","?","?","M","M","E","T","E","T","E","M","M","$","E","R","B",null,"M","$","$","?","$","E","?","M"],"character_chosen":"MARISA","items_purchased":["ShootingEcho","Bag of Preparation","Potion Belt","Acceleration"],"campfire_rested":0,"item_purchase_floors":[13,19,19,19],"current_hp_per_floor":[63,63,63,63,54,19,19,14,14,35,35,35,35,35,35,7,54,58,58,58,58,58,5,5,0,0],"gold":23,"neow_bonus":"THREE_ENEMY_KILL","is_daily":false,"chose_seed":false,"campfire_upgraded":1,"win_rate":0.0,"timestamp":1608042869,"path_taken":["M","?","?","M","M","E","?","E","T","E","M","M","$","E","R","BOSS","M","?","$","?","$","E","?","?"],"items_purchased_type":["Card","Relic","Relic","Card"],"build_version":"2020-12-13","purchased_purges":1,"victory":false,"max_hp_per_floor":[70,70,70,70,70,70,70,70,70,70,70,70,70,70,70,70,70,70,70,70,63,63,63,63,63,63],"card_choices":[{"not_picked":["ChargeUpSpray","IllusionStar"],"picked":"UnstableBomb","floor":1},{"not_picked":["AsteroidBelt","WitchOfGreed"],"picked":"CasketOfStar","floor":3},{"not_picked":["6A","DarkSpark"],"picked":"MilkyWay","floor":4},{"not_picked":["DarkMatter","EnergyFlow","DragonMeteor"],"picked":"SKIP","floor":5},{"not_picked":["WitchOfGreed","GrandCross","DragonMeteor"],"picked":"SKIP","floor":6},{"not_picked":["Occultation","ChargeUpSpray","GrandCross"],"picked":"SKIP","floor":8},{"not_picked":["BinaryStars","StarDustReverie"],"picked":"EscapeVelocity","floor":10},{"not_picked":["NonDirectionalLaser","SporeBomb"],"picked":"OortCloud","floor":10},{"not_picked":["6A","NonDirectionalLaser","OpenUniverse"],"picked":"SKIP","floor":11},{"not_picked":["LuminesStrike","GrandCross","DeepEcoloBomb"],"picked":"SKIP","floor":12},{"not_picked":["MeteoricShower","Robbery"],"picked":"EarthLightRay","floor":14},{"not_picked":["ManaRampage","BigCrunch"],"picked":"TreasureHunter","floor":16},{"not_picked":["PowerUp","DC"],"picked":"FairyDestructionRay","floor":18},{"not_picked":["DarkMatter","IllusionStar"],"picked":"FinalSpark","floor":23}],"player_experience":505565,"relics_obtained":[{"floor":3,"key":"MawBank"},{"floor":6,"key":"HornCleat"},{"floor":7,"key":"Garlic"},{"floor":8,"key":"RuthlessExorcism:ReiMu"},{"floor":9,"key":"Lizard Tail"},{"floor":10,"key":"conspire:GiftBox"},{"floor":14,"key":"Replay:WaspNest"},{"floor":23,"key":"Counterbalance"}],"event_choices":[{"damage_healed":0,"gold_gain":0,"player_choice":"Invest 1","damage_taken":0,"max_hp_gain":0,"max_hp_loss":0,"event_name":"conspire:Investor","floor":24,"gold_loss":0}],"is_beta":false,"boss_relics":[{"not_picked":["conspire:SeveredTorchhead","Ectoplasm"],"picked":"Runic Pyramid"}],"items_purged_floors":[13],"is_endless":false,"potions_floor_spawned":[3,5,6,12,16,23],"killed_by":"Gensokyo:AngelMirror","ascension_level":18}}