{"host":"newqdrzxfhh2im9e","time":1608019013,"event":{"mods":["AchievementEnabler","BaseMod","BetterRewards","Block Reminder","Colored Map","Jorbs\u0027s Wanderer Trilogy","Minty Spire (QoL Compilation)","Rare Cards Sparkle","Shop Mod","StSLib"],"gold_per_floor":[112,124,135,50,64,77,109,7,32,32,107,107,118,149,149,254,254,270,270,324,344,360,360,391,391,391,423,423,456,531,549,549,549,549],"floor_reached":33,"playtime":1312,"items_purged":[],"score":484,"play_id":"d82f8d6d-2518-4551-a5ff-78bf4a90189c","local_time":"20201214235653","is_ascension_mode":true,"campfire_choices":[{"floor":10,"key":"REST"},{"data":"Dramatic Entrance","floor":12,"key":"SMITH"},{"data":"Limit Break","floor":15,"key":"SMITH"},{"floor":23,"key":"REST"},{"floor":25,"key":"REST"},{"data":"Fiend Fire","floor":28,"key":"SMITH"},{"floor":32,"key":"REST"}],"circlet_count":0,"master_deck":["Strike_R+1","Strike_R+1","Strike_R+1","Strike_R+1","Defend_R+1","Defend_R+1","Bash","Pommel Strike","Armaments","Clash","Dramatic Entrance+1","Heavy Blade","Intimidate","Limit Break+1","Fiend Fire+1","Berserk+1","Twin Strike+1","Uppercut+1","Cleave","Infernal Blade","Thunderclap","Fire Breathing+1","Metallicize+1"],"relics":["Burning Blood","Red Skull","PreservedInsect","Regal Pillow","Pen Nib","Astrolabe","Potion Belt","Centennial Puzzle","Pear","Bag of Marbles","Smiling Mask"],"acts_visited":["Exordium","TheCity"],"potions_floor_usage":[9,13,14,14,14,16,27,27],"damage_taken":[{"damage":10,"enemies":"Small Slimes","floor":1,"turns":3},{"damage":2,"enemies":"2 Louse","floor":2,"turns":2},{"damage":2,"enemies":"Jaw Worm","floor":3,"turns":3},{"damage":13,"enemies":"Large Slime","floor":5,"turns":4},{"damage":12,"enemies":"Exordium Thugs","floor":6,"turns":3},{"damage":35,"enemies":"Lagavulin","floor":7,"turns":5},{"damage":0,"enemies":"2 Fungi Beasts","floor":13,"turns":2},{"damage":0,"enemies":"3 Sentries","floor":14,"turns":4},{"damage":82,"enemies":"Hexaghost","floor":16,"turns":10},{"damage":49,"enemies":"3 Byrds","floor":18,"turns":5},{"damage":0,"enemies":"Spheric Guardian","floor":21,"turns":1},{"damage":9,"enemies":"Cultist and Chosen","floor":22,"turns":3},{"damage":32,"enemies":"Book of Stabbing","floor":24,"turns":3},{"damage":36,"enemies":"Slavers","floor":27,"turns":3},{"damage":14,"enemies":"Book of Stabbing","floor":29,"turns":2},{"damage":18,"enemies":"Centurion and Healer","floor":31,"turns":2},{"damage":104,"enemies":"Automaton","floor":33,"turns":8}],"seed_played":"-5221627267477038300","potions_obtained":[{"floor":2,"key":"DistilledChaos"},{"floor":3,"key":"Explosive Potion"},{"floor":5,"key":"EntropicBrew"},{"floor":7,"key":"DuplicationPotion"},{"floor":21,"key":"BloodPotion"},{"floor":24,"key":"EssenceOfSteel"}],"is_trial":false,"path_per_floor":["M","M","M","$","M","M","E","$","T","R","?","R","M","E","R","B",null,"M","?","T","M","M","R","E","R","T","E","R","E","?","M","R","B"],"character_chosen":"IRONCLAD","items_purchased":["Dramatic Entrance","Fruit Juice"],"campfire_rested":4,"item_purchase_floors":[4,8],"current_hp_per_floor":[68,72,76,76,69,63,34,34,39,79,68,68,74,85,85,9,66,23,23,23,29,26,66,40,80,90,79,79,71,62,50,93,0,0],"gold":549,"neow_bonus":"RANDOM_COMMON_RELIC","is_daily":false,"chose_seed":false,"campfire_upgraded":3,"win_rate":0.0,"timestamp":1608019013,"path_taken":["M","M","M","$","M","M","E","$","T","R","?","R","M","E","R","BOSS","M","?","?","M","M","R","E","R","T","E","R","E","?","?","R","BOSS"],"items_purchased_type":["Card","Potion"],"build_version":"2020-12-13","purchased_purges":0,"victory":false,"max_hp_per_floor":[80,80,80,80,80,80,80,80,85,85,85,85,85,85,85,85,85,85,85,85,85,85,85,85,85,95,95,95,95,95,95,95,95,95],"card_choices":[{"not_picked":["True Grit","Bloodletting"],"picked":"Pommel Strike","floor":1},{"not_picked":["Perfected Strike","Reckless Charge"],"picked":"Armaments","floor":2},{"not_picked":["Sword Boomerang","Heavy Blade"],"picked":"Clash","floor":3},{"not_picked":["Headbutt","Flex","Sword Boomerang"],"picked":"SKIP","floor":5},{"not_picked":["Warcry","Pommel Strike"],"picked":"Heavy Blade","floor":6},{"not_picked":["Rupture","Shrug It Off"],"picked":"Intimidate","floor":7},{"not_picked":["Headbutt","Flex","Twin Strike"],"picked":"SKIP","floor":13},{"not_picked":["Rampage","Body Slam"],"picked":"Limit Break","floor":14},{"not_picked":["Impervious","Offering"],"picked":"Fiend Fire","floor":16},{"not_picked":["Searing Blow","Wild Strike"],"picked":"Cleave","floor":18},{"not_picked":["Whirlwind","Wild Strike","True Grit"],"picked":"SKIP","floor":21},{"not_picked":["Shrug It Off","True Grit+1"],"picked":"Infernal Blade","floor":22},{"not_picked":["Impervious","Shrug It Off"],"picked":"Thunderclap","floor":24},{"not_picked":["True Grit","Searing Blow"],"picked":"Fire Breathing+1","floor":27},{"not_picked":["Pummel","Pommel Strike"],"picked":"Metallicize+1","floor":29},{"not_picked":["Havoc","True Grit","Anger"],"picked":"SKIP","floor":31}],"player_experience":598538,"relics_obtained":[{"floor":7,"key":"PreservedInsect"},{"floor":9,"key":"Regal Pillow"},{"floor":14,"key":"Pen Nib"},{"floor":20,"key":"Potion Belt"},{"floor":24,"key":"Centennial Puzzle"},{"floor":26,"key":"Pear"},{"floor":27,"key":"Bag of Marbles"},{"floor":29,"key":"Smiling Mask"}],"event_choices":[{"damage_healed":0,"gold_gain":75,"player_choice":"Gather Gold","damage_taken":11,"max_hp_gain":0,"max_hp_loss":0,"event_name":"World of Goop","floor":11,"gold_loss":0},{"damage_healed":0,"gold_gain":0,"player_choice":"Simplicity","damage_taken":0,"max_hp_gain":0,"max_hp_loss":0,"event_name":"Back to Basics","floor":19,"gold_loss":0,"cards_upgraded":["Strike_R","Strike_R","Strike_R","Strike_R","Defend_R","Defend_R"]},{"damage_healed":0,"gold_gain":75,"player_choice":"Touch","damage_taken":9,"max_hp_gain":0,"max_hp_loss":0,"event_name":"FaceTrader","floor":30,"gold_loss":0}],"is_beta":false,"boss_relics":[{"not_picked":["Pandora\u0027s Box","Cursed Key"],"picked":"Astrolabe"}],"items_purged_floors":[],"is_endless":false,"potions_floor_spawned":[2,3,5,7,21,24],"killed_by":"Automaton","ascension_level":7}}