{"host":"wukocnei7dgudpva","time":1608013235,"event":{"mods":["AchievementEnabler","BaseMod","Colored Map","Minty Spire (QoL Compilation)","StSLib","SuperFastMode"],"gold_per_floor":[118,138,148,148,148,178,143,143,214,69,89,89,89,109,109,109,109],"floor_reached":16,"playtime":538,"items_purged":[],"score":100,"play_id":"74bbe6bb-cc98-4ca5-85c1-9ed3d57792a4","local_time":"20201215152035","is_ascension_mode":false,"campfire_choices":[{"floor":8,"key":"REST"},{"data":"Double Energy","floor":12,"key":"SMITH"},{"floor":15,"key":"REST"}],"circlet_count":0,"master_deck":["Strike_B","Strike_B","Strike_B","Defend_B","Defend_B","Defend_B","Defend_B","Zap","Dualcast","Defragment","Capacitor","Redo","Double Energy+1","Cold Snap","Cold Snap","Double Energy"],"relics":["Cracked Core","Dream Catcher","The Courier","Tiny Chest"],"acts_visited":["Exordium"],"potions_floor_usage":[11],"damage_taken":[{"damage":6,"enemies":"Jaw Worm","floor":1,"turns":4},{"damage":1,"enemies":"2 Louse","floor":2,"turns":2},{"damage":0,"enemies":"Small Slimes","floor":3,"turns":3},{"damage":37,"enemies":"Gremlin Nob","floor":6,"turns":4},{"damage":17,"enemies":"Exordium Thugs","floor":11,"turns":6},{"damage":5,"enemies":"Blue Slaver","floor":14,"turns":4},{"damage":88,"enemies":"Slime Boss","floor":16,"turns":19}],"seed_played":"-4792724176457964942","potions_obtained":[{"floor":1,"key":"EssenceOfSteel"},{"floor":14,"key":"Dexterity Potion"}],"is_trial":false,"path_per_floor":["M","M","M","?","?","E","?","R","T","$","M","R","$","M","R","B"],"character_chosen":"DEFECT","items_purchased":["Cold Snap","Tiny Chest"],"campfire_rested":2,"item_purchase_floors":[10,10],"current_hp_per_floor":[76,75,75,80,73,36,57,83,83,83,66,66,66,61,87,0,0],"gold":109,"neow_bonus":"TEN_PERCENT_HP_BONUS","is_daily":false,"chose_seed":false,"campfire_upgraded":1,"win_rate":0.0,"timestamp":1608013235,"path_taken":["M","M","M","?","?","E","?","R","T","?","?","R","$","M","R","BOSS"],"items_purchased_type":["Card","Relic"],"build_version":"2020-12-13","purchased_purges":0,"victory":false,"max_hp_per_floor":[82,82,82,87,87,87,87,87,87,87,87,87,87,87,87,87,87],"card_choices":[{"not_picked":["Gash","Barrage"],"picked":"Defragment","floor":1},{"not_picked":["Redo","Stack"],"picked":"Capacitor","floor":2},{"not_picked":["Tempest","Gash","Recycle"],"picked":"SKIP","floor":3},{"not_picked":["Reprogram","Thunder Strike"],"picked":"Redo","floor":6},{"not_picked":["Chaos","Stack"],"picked":"Double Energy","floor":8},{"not_picked":["White Noise","Redo"],"picked":"Cold Snap","floor":11},{"not_picked":["Beam Cell","Heatsinks"],"picked":"Double Energy","floor":14}],"player_experience":227469,"relics_obtained":[{"floor":6,"key":"Dream Catcher"},{"floor":9,"key":"The Courier"}],"event_choices":[{"damage_healed":0,"gold_gain":0,"player_choice":"Donut","damage_taken":0,"max_hp_gain":5,"max_hp_loss":0,"event_name":"Big Fish","floor":4,"gold_loss":0},{"cards_removed":["Strike_B"],"damage_healed":0,"gold_gain":0,"player_choice":"Card Removal","damage_taken":7,"max_hp_gain":0,"max_hp_loss":0,"event_name":"Golden Wing","floor":5,"gold_loss":0},{"damage_healed":21,"gold_gain":0,"player_choice":"Healed","damage_taken":0,"max_hp_gain":0,"max_hp_loss":0,"event_name":"The Cleric","floor":7,"gold_loss":35}],"is_beta":false,"boss_relics":[],"items_purged_floors":[],"is_endless":false,"potions_floor_spawned":[1,14],"killed_by":"Slime Boss","ascension_level":0}}