{"host":"wbdldanbffix1hn8","time":1608023704,"event":{"mods":["Act Like it!","BaseMod","BetterRewards","Colored Map","Colored Powertips","Downfall","Hallownest","Hermit","Infinite Spire","Mad Scientist","Minty Spire (QoL Compilation)","Rare Cards Sparkle","Replay The Spire","Shop Mod","Somnambulant","StSLib","The Bug Knight","The Cursed","The Forsaken","The Hierophant","The Necromancer","The Poker Player","The Runesmith"],"gold_per_floor":[99,133,133,133,133,133,133,133,133,159,159,159,159,170,182,182,182],"floor_reached":16,"playtime":750,"items_purged":[],"score":129,"play_id":"2343bcc3-4acb-426e-9ec6-ef203b223ad1","local_time":"20201215041504","is_ascension_mode":false,"campfire_choices":[{"floor":1,"key":"DIG"},{"data":"Guardian:Repulse","floor":3,"key":"SMITH"},{"data":"Guardian:RefractedBeam","floor":8,"key":"SMITH"}],"circlet_count":0,"master_deck":["Guardian:Strike_Guardian","Guardian:Strike_Guardian","Guardian:Strike_Guardian","Guardian:Strike_Guardian","Guardian:Defend_Guardian","Guardian:Defend_Guardian","Guardian:Defend_Guardian","Guardian:Defend_Guardian","Guardian:CurlUp","Guardian:TwinSlam","Guardian:Repulse+1","Guardian:RefractedBeam+1","Guardian:EvasiveProtocol","Guardian:Gem_Fragmented","Guardian:ShieldCharger+1","Guardian:WalkerClaw","Guardian:GuardianWhirl"],"relics":["Guardian:ModeShifter","downfall:HeartsMalice","Ginger","Omamori","Toxic Egg 2","Eternal Feather","Anchor","SsserpentHead"],"acts_visited":["Exordium"],"potions_floor_usage":[16,16],"damage_taken":[{"damage":0,"enemies":"Lagavulin","floor":2,"turns":1},{"damage":0,"enemies":"Small Slimes","floor":4,"turns":1},{"damage":0,"enemies":"Jaw Worm","floor":9,"turns":1},{"damage":61,"enemies":"3 Sentries","floor":10,"turns":15},{"damage":0,"enemies":"Cultist","floor":13,"turns":1},{"damage":2,"enemies":"2 Fungi Beasts","floor":14,"turns":4},{"damage":5,"enemies":"Exordium Thugs","floor":15,"turns":5},{"damage":38,"enemies":"downfall:Watcher","floor":16,"turns":13}],"seed_played":"690895427583084134","potions_obtained":[{"floor":2,"key":"Weak Potion"},{"floor":14,"key":"AttackPotion"}],"is_trial":false,"path_per_floor":["R_BF","E","R","M","?","T","T","R","M","E","?","?","M","M","M","B"],"character_chosen":"GUARDIAN","items_purchased":[],"campfire_rested":0,"item_purchase_floors":[],"current_hp_per_floor":[80,80,80,80,80,80,80,80,80,19,43,43,43,41,36,0,0],"gold":182,"neow_bonus":"THREE_ENEMY_KILL","is_daily":false,"chose_seed":false,"campfire_upgraded":2,"win_rate":0.0,"timestamp":1608023704,"path_taken":["R_BF","E","R","M","?","?","T","R","?","E","?","?","M","M","M","BOSS"],"items_purchased_type":[],"build_version":"2020-12-13","purchased_purges":0,"victory":false,"max_hp_per_floor":[80,80,80,80,80,80,80,80,80,80,80,80,80,80,80,80,80],"card_choices":[{"not_picked":["Guardian:TemporalStrike","Guardian:Suspension"],"picked":"Guardian:Repulse","floor":2},{"not_picked":["Guardian:PrimingBeam","Guardian:GuardianWhirl"],"picked":"Guardian:RefractedBeam","floor":4},{"not_picked":["Guardian:RollAttack","Guardian:Gem_Red"],"picked":"Guardian:EvasiveProtocol","floor":9},{"not_picked":["Guardian:TemporalStrike","Guardian:TemporalShield+1"],"picked":"Guardian:Gem_Fragmented","floor":10},{"not_picked":["Guardian:PolyBeam","Guardian:Gem_Crimson"],"picked":"Guardian:ShieldCharger+1","floor":13},{"not_picked":["Guardian:TemporalStrike","Guardian:RefractedBeam"],"picked":"Guardian:WalkerClaw","floor":14},{"not_picked":["Guardian:TimeBomb+1","Guardian:BronzeOrb"],"picked":"Guardian:GuardianWhirl","floor":15}],"player_experience":142963,"relics_obtained":[{"floor":1,"key":"Ginger"},{"floor":2,"key":"Omamori"},{"floor":6,"key":"Toxic Egg 2"},{"floor":7,"key":"Eternal Feather"},{"floor":10,"key":"Anchor"}],"event_choices":[{"damage_healed":0,"gold_gain":0,"player_choice":"Trade","damage_taken":0,"relics_obtained":["SsserpentHead"],"max_hp_gain":0,"max_hp_loss":0,"event_name":"FaceTrader","floor":12,"gold_loss":0}],"is_beta":false,"boss_relics":[],"items_purged_floors":[],"is_endless":false,"potions_floor_spawned":[2,14],"killed_by":"downfall:Watcher","ascension_level":0}}