{"host":"mi0eibewekhugwl1","time":1608046303,"event":{"mods":["AchievementEnabler","BaseMod","Colored Map","Colored Powertips","DeckTracker","Keyboard Shortcuts","Minty Spire (QoL Compilation)","Quick Restart","Rare Cards Sparkle","Relic Stats","StSLib","SuperFastMode","everything is the same but u backflip on backflip"],"gold_per_floor":[118,118,136,136,146,146,146,146],"floor_reached":7,"playtime":96,"items_purged":[],"score":82,"play_id":"3b53e39c-bb57-4b8c-9fb6-08709e441ca4","local_time":"20201216003143","is_ascension_mode":true,"campfire_choices":[{"data":"Dash","floor":6,"key":"SMITH"}],"circlet_count":0,"master_deck":["AscendersBane","Strike_G","Strike_G","Strike_G","Strike_G","Strike_G","Defend_G","Defend_G","Defend_G","Defend_G","Defend_G","Survivor","Neutralize","Pain","Dash+1"],"relics":["Ring of the Snake","Art of War","Bag of Preparation","WarpedTongs"],"acts_visited":["Exordium"],"potions_floor_usage":[],"damage_taken":[{"damage":8,"enemies":"2 Louse","floor":1,"turns":3},{"damage":4,"enemies":"Small Slimes","floor":3,"turns":5},{"damage":1,"enemies":"Cultist","floor":5,"turns":3},{"damage":32,"enemies":"Gremlin Nob","floor":7,"turns":4}],"seed_played":"8831270656043000100","potions_obtained":[],"is_trial":false,"path_per_floor":["M","?","M","?","M","R","E"],"character_chosen":"THE_SILENT","items_purchased":[],"campfire_rested":0,"item_purchase_floors":[],"current_hp_per_floor":[51,46,42,42,41,41,9,9],"gold":146,"neow_bonus":"RANDOM_COMMON_RELIC","is_daily":false,"chose_seed":false,"campfire_upgraded":1,"win_rate":0.0,"timestamp":1608046303,"path_taken":["M","?","M","?","?","R","E"],"items_purchased_type":[],"build_version":"2020-12-13","purchased_purges":0,"victory":false,"max_hp_per_floor":[66,66,66,66,66,66,66,66],"relic_stats":{"counters":[4,15],"Art of War":[1],"Bag of Preparation":[6],"obtain_stats":[{"Art of War":0,"Bag of Preparation":2,"Ring of the Snake":0,"WarpedTongs":4},{"Art of War":0,"Bag of Preparation":1,"Ring of the Snake":0,"WarpedTongs":2},{"Art of War":0,"Bag of Preparation":3,"Ring of the Snake":0,"WarpedTongs":8}],"Ring of the Snake":[8],"WarpedTongs":[7]},"card_choices":[{"not_picked":["Flying Knee","Acrobatics","Terror"],"picked":"SKIP","floor":1},{"not_picked":["Outmaneuver","Quick Slash","Bane"],"picked":"SKIP","floor":3},{"not_picked":["Outmaneuver","Bane"],"picked":"Dash","floor":5}],"player_experience":1670129,"relics_obtained":[],"event_choices":[{"damage_healed":0,"gold_gain":0,"player_choice":"Success","damage_taken":5,"relics_obtained":["Bag of Preparation"],"max_hp_gain":0,"max_hp_loss":0,"event_name":"Scrap Ooze","floor":2,"gold_loss":0},{"damage_healed":0,"gold_gain":0,"player_choice":"Rummage","damage_taken":0,"relics_obtained":["WarpedTongs"],"max_hp_gain":0,"max_hp_loss":0,"event_name":"Accursed Blacksmith","floor":4,"gold_loss":0,"cards_obtained":["Pain"]}],"is_beta":false,"boss_relics":[],"items_purged_floors":[],"is_endless":false,"potions_floor_spawned":[],"killed_by":"Gremlin Nob","ascension_level":20}}