{"host":"7j96kgp47d19w6vo","time":1608000133,"event":{"mods":["BaseMod","BetterRewards","Custom Start","Friendly Minions","Gold Saver","Minty Spire (QoL Compilation)","Remove Card Discount Mod","StSLib","UnlockEverythingMod"],"gold_per_floor":[648,660,718,905,952,1054,1066,1121,1133,1145,1157,1211,1237,1282,1294,1493,1505,1563,1575,1630,1767,1790,1802,1909,1921,1933,1945,2103,2115,2154,2166,2178,2498,2510,2563,2710,2740,2792,2804,2902,2962,2974,3011,3047,3059,3120,3175,3292,3304,3376],"floor_reached":51,"playtime":6226,"items_purged":[],"score":1399,"play_id":"a61b51b7-55c9-4c7b-956e-6aa2e96b02fe","local_time":"20201215114213","is_ascension_mode":false,"campfire_choices":[{"data":"Apotheosis","floor":7,"key":"SMITH"},{"data":"LiveForever","floor":10,"key":"SMITH"},{"data":"Panacea","floor":15,"key":"SMITH"},{"data":"Flash of Steel","floor":23,"key":"SMITH"},{"data":"Insight","floor":25,"key":"SMITH"},{"data":"FameAndFortune","floor":27,"key":"SMITH"},{"data":"Insight","floor":32,"key":"SMITH"},{"data":"Insight","floor":42,"key":"SMITH"},{"data":"Panacea","floor":45,"key":"SMITH"},{"data":"FameAndFortune","floor":49,"key":"SMITH"}],"circlet_count":0,"master_deck":["Flash of Steel+1","Insight+1","Insight+1","Insight+1","FameAndFortune+1","FameAndFortune+1","FameAndFortune","FameAndFortune","FameAndFortune","FameAndFortune","FameAndFortune","FameAndFortune","FameAndFortune","FameAndFortune","Panacea","Panacea","Panacea","Panacea+1","Panacea+1","Enlightenment","Enlightenment","Good Instincts","Good Instincts","Good Instincts","Forethought","Forethought","Bandage Up","Bandage Up","Bandage Up","Madness","Madness","Madness","Apotheosis+1","LiveForever+1","Mayhem","A Thousand Cuts","Envenom","After Image","Tools of the Trade","Tools of the Trade","Caltrops","Well Laid Plans","Noxious Fumes","Infinite Blades","Accuracy","Corpse Explosion","Corpse Explosion","Bullet Time","Bullet Time","Footwork","Footwork","Footwork","Footwork","Footwork","Adrenaline","Adrenaline","Adrenaline","Adrenaline","Adrenaline","Venomology","Venomology","Malaise","Leg Sweep","Leg Sweep","Bouncing Flask","Blur","Blur","Expertise","Setup","Setup","Terror","Terror","Reflex","Tactician","Tactician","Cloak And Dagger","Deadly Poison","Outmaneuver","Outmaneuver","Backflip","Backflip","Backflip","Backflip","Dodge and Roll","Dodge and Roll","Dodge and Roll","Dodge and Roll","Dodge and Roll","Dodge and Roll","Dash","Dash","Dash","Dash","Dash","Choke","Heel Hook","Heel Hook","Heel Hook","Heel Hook","Heel Hook","Poisoned Stab","Poisoned Stab","Flying Knee","Slice","Flying Knee","Neutralize","Neutralize","Neutralize","Shrug It Off","Seeing Red","Evolve","Fire Breathing","Feel No Pain","Dark Embrace","Juggernaut","Demon Form","Barricade","Metallicize","Creative AI","Echo Form","Buffer","Electrodynamics","Machine Learning","Machine Learning","Storm","Capacitor","Loop","Self Repair","Self Repair","Static Discharge","Heatsinks","Defragment","Hologram","Conserve Battery","Conserve Battery","Conserve Battery","Conserve Battery","Conserve Battery","Zap","Scrape","Scrape","Ball Lightning","Gash","Gash","Gash","Gash","Gash","BattleHymn","FollowUp","Doubt","Establishment+1","ThirdEye","ThirdEye","SandsOfTime","DevaForm+1","DeceiveReality","FlurryOfBlows","Wireheading+1","DevaForm+1","DevaForm+1","CurseOfTheBell","Nirvana+1","Protect+1","DevaForm+1","Prostrate+1","Evaluate+1","PathToVictory+1","FollowUp","Study+1"],"relics":["PureWater","MealTicket","Oddly Smooth Stone","Ice Cream","Cracked Core","Eternal Feather","Orichalcum","OrangePellets","Gremlin Horn","Kunai","Snake Skull","SlaversCollar","Lizard Tail","Black Star","Burning Blood","Mummified Hand","MawBank","Lantern","Membership Card","The Courier","Incense Burner","Blood Vial","Ring of the Snake","Bottled Lightning","Singing Bowl","Frozen Egg 2","Pantograph","Pear","Smiling Mask","Akabeko","SlaversCollar","Toxic Egg 2","GoldenEye","Shuriken","TungstenRod","HornCleat","MutagenicStrength","Damaru","Turnip","Enchiridion","Calling Bell","Art of War","White Beast Statue","Dead Branch","Thread and Needle","TeardropLocket","Bag of Preparation","Juzu Bracelet","Centennial Puzzle"],"acts_visited":["Exordium","TheCity","TheBeyond"],"potions_floor_usage":[21,24,47,47],"damage_taken":[{"damage":0,"enemies":"Jaw Worm","floor":1,"turns":2},{"damage":0,"enemies":"Cultist","floor":3,"turns":2},{"damage":0,"enemies":"Small Slimes","floor":5,"turns":3},{"damage":0,"enemies":"3 Sentries","floor":6,"turns":1},{"damage":0,"enemies":"Exordium Thugs","floor":8,"turns":3},{"damage":0,"enemies":"Looter","floor":12,"turns":2},{"damage":0,"enemies":"Large Slime","floor":13,"turns":3},{"damage":0,"enemies":"Gremlin Nob","floor":14,"turns":2},{"damage":24,"enemies":"Hexaghost","floor":16,"turns":4},{"damage":0,"enemies":"Spheric Guardian","floor":18,"turns":2},{"damage":3,"enemies":"2 Thieves","floor":20,"turns":3},{"damage":4,"enemies":"Cultist and Chosen","floor":21,"turns":4},{"damage":0,"enemies":"Chosen and Byrds","floor":22,"turns":3},{"damage":8,"enemies":"Slavers","floor":24,"turns":3},{"damage":3,"enemies":"Book of Stabbing","floor":28,"turns":4},{"damage":0,"enemies":"Gremlin Leader","floor":30,"turns":2},{"damage":0,"enemies":"Automaton","floor":33,"turns":7},{"damage":0,"enemies":"3 Shapes","floor":35,"turns":2},{"damage":0,"enemies":"2 Orb Walkers","floor":36,"turns":4},{"damage":0,"enemies":"Orb Walker","floor":37,"turns":4},{"damage":0,"enemies":"Sphere and 2 Shapes","floor":38,"turns":5},{"damage":0,"enemies":"Reptomancer","floor":40,"turns":5},{"damage":0,"enemies":"Maw","floor":41,"turns":5},{"damage":0,"enemies":"4 Shapes","floor":46,"turns":2},{"damage":0,"enemies":"Jaw Worm Horde","floor":47,"turns":4},{"damage":0,"enemies":"Writhing Mass","floor":48,"turns":4},{"damage":0,"enemies":"Time Eater","floor":50,"turns":8}],"seed_played":"8908613611350424397","potions_obtained":[{"floor":6,"key":"Strength Potion"},{"floor":8,"key":"LiquidBronze"},{"floor":24,"key":"EssenceOfSteel"},{"floor":38,"key":"EntropicBrew"},{"floor":47,"key":"Explosive Potion"},{"floor":48,"key":"Fire Potion"}],"is_trial":true,"path_per_floor":["M","?","M","?","M","E","R","M","T","R","$","M","M","E","R","B",null,"M","?","M","M","M","R","E","R","T","R","E","?","E","?","R","B",null,"M","?","M","M","$","E","M","R","T","T","R","M","M","M","R","B",null],"character_chosen":"WATCHER","items_purchased":[],"campfire_rested":0,"item_purchase_floors":[],"current_hp_per_floor":[72,72,72,72,74,74,74,76,86,86,86,86,86,86,86,78,86,88,88,88,90,90,90,90,90,90,90,92,92,92,80,92,92,92,92,92,92,92,92,92,92,92,92,92,92,92,94,94,94,94],"gold":3388,"neow_bonus":"","is_daily":false,"chose_seed":false,"campfire_upgraded":10,"win_rate":0.0,"timestamp":1608000133,"path_taken":["M","?","?","?","M","E","R","M","T","R","?","M","M","E","R","BOSS","M","?","M","M","M","R","E","R","T","R","E","?","E","?","R","BOSS","M","?","M","M","$","E","M","R","T","?","R","M","M","M","R","BOSS"],"items_purchased_type":[],"build_version":"2020-12-13","purchased_purges":0,"victory":true,"max_hp_per_floor":[72,72,72,72,74,74,74,76,86,86,86,86,86,86,86,86,86,88,88,88,90,90,90,90,90,90,90,92,92,92,92,92,92,92,92,92,92,92,92,92,92,92,92,92,92,92,94,94,94,94],"card_choices":[{"not_picked":["Consecrate","DeceiveReality"],"picked":"BattleHymn","floor":1},{"not_picked":["CutThroughFate","SashWhip"],"picked":"FollowUp","floor":3},{"not_picked":["EmptyFist","FollowUp","FlyingSleeves"],"picked":"Singing Bowl","floor":5},{"not_picked":["MentalFortress+1","ReachHeaven"],"picked":"Establishment+1","floor":6},{"not_picked":["EmptyBody","Prostrate","FlyingSleeves"],"picked":"Singing Bowl","floor":8},{"not_picked":["Evaluate","EmptyFist"],"picked":"ThirdEye","floor":12},{"not_picked":["Fasting2+1","Crescendo"],"picked":"ThirdEye","floor":13},{"not_picked":["Prostrate","Fasting2+1"],"picked":"SandsOfTime","floor":14},{"not_picked":["Ragnarok","Vault"],"picked":"DevaForm+1","floor":16},{"not_picked":["EmptyBody","Protect","ThirdEye+1"],"picked":"Singing Bowl","floor":18},{"not_picked":["Consecrate","JustLucky"],"picked":"DeceiveReality","floor":20},{"not_picked":["Adaptation+1","EmptyFist","BowlingBash+1"],"picked":"Singing Bowl","floor":21},{"not_picked":["PathToVictory","ClearTheMind"],"picked":"FlurryOfBlows","floor":22},{"not_picked":["CutThroughFate","EmptyFist"],"picked":"Wireheading+1","floor":24},{"not_picked":["CrushJoints","ThirdEye+1","Tantrum"],"picked":"Singing Bowl","floor":28},{"not_picked":["Sanctity+1","EmptyFist"],"picked":"DevaForm+1","floor":30},{"not_picked":["Establishment+1","Omniscience+1"],"picked":"DevaForm+1","floor":33},{"not_picked":["FlyingSleeves+1","CutThroughFate+1"],"picked":"Nirvana+1","floor":35},{"not_picked":["Consecrate+1","ReachHeaven"],"picked":"Protect+1","floor":36},{"not_picked":["Nirvana+1","ReachHeaven+1"],"picked":"DevaForm+1","floor":37},{"not_picked":["Weave","Consecrate"],"picked":"Prostrate+1","floor":38},{"not_picked":["WindmillStrike+1","Consecrate"],"picked":"Evaluate+1","floor":40},{"not_picked":["ReachHeaven","EmptyBody+1"],"picked":"PathToVictory+1","floor":41},{"not_picked":["Prostrate+1","Tantrum"],"picked":"FollowUp","floor":46},{"not_picked":["EmptyFist+1","WreathOfFlame+1","ThirdEye+1"],"picked":"Singing Bowl","floor":47},{"not_picked":["FollowUp","EmptyBody+1"],"picked":"Study+1","floor":48}],"player_experience":863565,"relics_obtained":[{"floor":6,"key":"Frozen Egg 2"},{"floor":6,"key":"Pantograph"},{"floor":9,"key":"Pear"},{"floor":14,"key":"Smiling Mask"},{"floor":14,"key":"Akabeko"},{"floor":24,"key":"Toxic Egg 2"},{"floor":24,"key":"GoldenEye"},{"floor":26,"key":"Shuriken"},{"floor":28,"key":"TungstenRod"},{"floor":28,"key":"HornCleat"},{"floor":30,"key":"Damaru"},{"floor":30,"key":"Turnip"},{"floor":31,"key":"Enchiridion"},{"floor":34,"key":"Art of War"},{"floor":34,"key":"White Beast Statue"},{"floor":34,"key":"Dead Branch"},{"floor":36,"key":"Thread and Needle"},{"floor":40,"key":"TeardropLocket"},{"floor":40,"key":"Bag of Preparation"},{"floor":43,"key":"Juzu Bracelet"},{"floor":44,"key":"Centennial Puzzle"}],"event_choices":[{"cards_removed":["Flash of Steel"],"damage_healed":0,"gold_gain":0,"player_choice":"Gave Card","damage_taken":0,"relics_obtained":["Singing Bowl"],"max_hp_gain":0,"max_hp_loss":0,"event_name":"WeMeetAgain","floor":2,"gold_loss":0},{"damage_healed":0,"gold_gain":175,"player_choice":"AGREE","damage_taken":0,"max_hp_gain":0,"max_hp_loss":0,"event_name":"Liars Game","floor":4,"gold_loss":0,"cards_obtained":["Doubt"]},{"damage_healed":0,"gold_gain":0,"player_choice":"Ignored","damage_taken":0,"max_hp_gain":0,"max_hp_loss":0,"event_name":"Vampires","floor":19,"gold_loss":0},{"damage_healed":0,"gold_gain":0,"player_choice":"Inject Mutagens","damage_taken":0,"relics_obtained":["MutagenicStrength"],"max_hp_gain":0,"max_hp_loss":0,"event_name":"Drug Dealer","floor":29,"gold_loss":0},{"damage_healed":0,"gold_gain":0,"player_choice":"Obtained Book","damage_taken":16,"max_hp_gain":0,"max_hp_loss":0,"event_name":"Cursed Tome","floor":31,"gold_loss":0},{"damage_healed":0,"gold_gain":0,"player_choice":"Fight","damage_taken":0,"max_hp_gain":0,"max_hp_loss":0,"event_name":"Mysterious Sphere","floor":36,"gold_loss":0}],"is_beta":false,"boss_relics":[{"not_picked":["Black Star","Velvet Choker"],"picked":"SlaversCollar"},{"not_picked":["Snecko Eye","Coffee Dripper"],"picked":"Calling Bell"}],"items_purged_floors":[],"is_endless":false,"potions_floor_spawned":[6,8,13,14,22,24,28,35,36,37,38,40,41,46,47,48],"ascension_level":0}}