{"host":"nsakvi1lye6fk9l5","time":1608064305,"event":{"mods":["AchievementEnabler","BaseMod","Colored Map","Colored Powertips","Highlight Path","Hubris","Infinite Spire","Minty Spire (QoL Compilation)","Quick Restart","Rare Cards Sparkle","Replay The Spire","Shop Mod","StSLib"],"gold_per_floor":[115,115,115,115,115,127,146,146,146,146,157,176,189,206,206,278,278,292,292,373,384,384,384],"floor_reached":22,"playtime":1539,"items_purged":[],"score":303,"play_id":"bd683868-4909-472c-95e7-62c272118470","local_time":"20201215153145","is_ascension_mode":true,"campfire_choices":[{"data":"Dark Embrace","floor":8.0,"key":"SMITH"},{"data":"Whirlwind","floor":10.0,"key":"SMITH"},{"floor":15.0,"key":"REST"}],"circlet_count":0,"master_deck":["AscendersBane","Strike_R","Strike_R","Strike_R","Strike_R","Strike_R","Defend_R","Defend_R","Defend_R","Defend_R","Bash","Life Link","Whirlwind+1","Dark Embrace+1","Havoc","Demonic Infusion","True Grit","Corruption","Spot Weakness"],"relics":["Runic Pyramid","Akabeko","SlaversCollar","Matryoshka"],"acts_visited":["Exordium","TheCity"],"potions_floor_usage":[22,22],"damage_taken":[{"damage":16.0,"enemies":"Cultist","floor":1.0,"turns":7.0},{"damage":10.0,"enemies":"2 Louse","floor":6.0,"turns":3.0},{"damage":6.0,"enemies":"Jaw Worm","floor":7.0,"turns":6.0},{"damage":0.0,"enemies":"2 Fungi Beasts","floor":11.0,"turns":2.0},{"damage":13.0,"enemies":"Large Slime","floor":12.0,"turns":7.0},{"damage":11.0,"enemies":"Blue Slaver","floor":13.0,"turns":3.0},{"damage":20.0,"enemies":"Exordium Thugs","floor":14.0,"turns":5.0},{"damage":16.0,"enemies":"Fading Forest","floor":16.0,"turns":11.0},{"damage":26.0,"enemies":"3 Byrds","floor":18.0,"turns":4.0},{"damage":22.0,"enemies":"Spheric Guardian","floor":21.0,"turns":5.0},{"damage":36,"enemies":"Snake Plant","floor":22,"turns":4}],"seed_played":"784437778879022010","potions_obtained":[{"floor":6.0,"key":"BlessingOfTheForge"},{"floor":13.0,"key":"Regen Potion"},{"floor":16.0,"key":"BloodPotion"},{"floor":18.0,"key":"SkillPotion"}],"is_trial":false,"path_per_floor":["M","$","?","?","?","M","M","R","T","R","M","M","M","M","R","B",null,"M","?","T","M","M"],"character_chosen":"IRONCLAD","items_purchased":[],"campfire_rested":1,"item_purchase_floors":[],"current_hp_per_floor":[52,52,52,57,57,47,41,41,41,41,41,28,17,9,33,31,68,42,42,42,20,0,0],"gold":384,"neow_bonus":"BOSS_RELIC","is_daily":false,"chose_seed":false,"campfire_upgraded":2,"win_rate":0.0,"timestamp":1608064305,"path_taken":["M","?","?","?","?","M","M","R","T","R","M","M","M","M","R","BOSS","M","?","?","?","M"],"items_purchased_type":[],"build_version":"2020-12-13","purchased_purges":0,"victory":false,"max_hp_per_floor":[75,75,75,80,80,80,80,80,80,80,80,80,80,80,80,80,80,80,80,80,80,80,80],"card_choices":[{"not_picked":["Run Through","Heavy Blade"],"picked":"Headbutt","floor":1.0},{"not_picked":["ReplayReversal","ReplayTheSpireMod:Strike From Hell"],"picked":"Whirlwind","floor":6.0},{"not_picked":["Anger","Armaments"],"picked":"Dark Embrace","floor":7.0},{"not_picked":["hubris:SharpeningStone","Flame Barrier"],"picked":"Havoc","floor":11.0},{"not_picked":["Twin Strike","Battle Trance"],"picked":"Demonic Infusion","floor":12.0},{"not_picked":["Fire Breathing","Perfected Strike","Armaments"],"picked":"SKIP","floor":13.0},{"not_picked":["Infernal Blade","Reckless Charge"],"picked":"True Grit","floor":14.0},{"not_picked":["Double Tap","Brutality"],"picked":"Corruption","floor":16.0},{"not_picked":["ReplayTheSpireMod:Strike From Hell","Heavy Blade"],"picked":"Spot Weakness","floor":18.0},{"not_picked":["Shockwave","Perfected Strike","Clothesline"],"picked":"SKIP","floor":21.0}],"player_experience":563743,"relics_obtained":[{"floor":9.0,"key":"Akabeko"},{"floor":20.0,"key":"Matryoshka"}],"event_choices":[{"damage_healed":0.0,"max_hp_gain":0.0,"max_hp_loss":0.0,"gold_gain":0.0,"cards_transformed":["Headbutt"],"event_name":"Living Wall","player_choice":"Change","floor":3.0,"gold_loss":0.0,"damage_taken":0.0,"cards_obtained":["Life Link"]},{"damage_healed":0.0,"max_hp_gain":5.0,"max_hp_loss":0.0,"gold_gain":0.0,"event_name":"Big Fish","player_choice":"Donut","floor":4.0,"gold_loss":0.0,"damage_taken":0.0},{"damage_healed":0.0,"max_hp_gain":0.0,"max_hp_loss":0.0,"gold_gain":0.0,"event_name":"Golden Wing","player_choice":"Ignored","floor":5.0,"gold_loss":0.0,"damage_taken":0.0}],"is_beta":false,"boss_relics":[{"not_picked":["hubris:ScarierMask","hubris:HollowSoul"],"picked":"SlaversCollar"}],"items_purged_floors":[],"is_endless":false,"potions_floor_spawned":[6,13,16,18],"killed_by":"Snake Plant","ascension_level":14}}