{"host":"1tl36azeqm6yhdgj","time":1608053744,"event":{"mods":["AchievementEnabler","BaseMod","Minty Spire (QoL Compilation)","StSLib","The IronCluck","everything is the same but u backflip on backflip"],"gold_per_floor":[119,194,194,206,226,253,253,253,334,28,62,79,96,127,127,127,127],"floor_reached":16,"playtime":490,"items_purged":[],"score":225,"play_id":"87c07630-c229-42ae-b02c-12623ad49d03","local_time":"20201215123544","is_ascension_mode":true,"campfire_choices":[{"floor":8.0,"key":"REST"},{"data":"Cleave","floor":15.0,"key":"SMITH"}],"circlet_count":0,"master_deck":["AscendersBane","Strike_R+1","Strike_R","Strike_R","Defend_R","Defend_R","Defend_R","Defend_R","Bash","Impervious","Body Slam","Anger","Metallicize","Shockwave+1","Dramatic Entrance","Flame Barrier","Iron Wave","Spot Weakness","Cleave+1"],"relics":["Burning Blood","Lantern","Paper Frog","Orichalcum","Torii","Centennial Puzzle"],"acts_visited":["Exordium"],"potions_floor_usage":[],"damage_taken":[{"damage":10.0,"enemies":"Small Slimes","floor":1.0,"turns":4.0},{"damage":0.0,"enemies":"2 Louse","floor":4.0,"turns":3.0},{"damage":0.0,"enemies":"Cultist","floor":5.0,"turns":4.0},{"damage":43.0,"enemies":"Lagavulin","floor":6.0,"turns":7.0},{"damage":18.0,"enemies":"Gremlin Nob","floor":11.0,"turns":4.0},{"damage":0.0,"enemies":"2 Fungi Beasts","floor":12.0,"turns":4.0},{"damage":0.0,"enemies":"Large Slime","floor":13.0,"turns":7.0},{"damage":0.0,"enemies":"Lagavulin","floor":14.0,"turns":4.0},{"damage":47,"enemies":"Slime Boss","floor":16,"turns":6}],"seed_played":"-9000433351173281780","potions_obtained":[{"floor":1.0,"key":"Weak Potion"},{"floor":6.0,"key":"Fruit Juice"},{"floor":12.0,"key":"ColorlessPotion"}],"is_trial":false,"path_per_floor":["M","?","?","M","M","E","?","R","T","$","E","M","M","E","R","B"],"character_chosen":"IRONCLAD","items_purchased":["Orichalcum","Dramatic Entrance","Flame Barrier"],"campfire_rested":1,"item_purchase_floors":[10,10,10],"current_hp_per_floor":[68,57,50,56,62,25,9,33,33,33,21,27,33,39,39,0,0],"gold":127,"neow_bonus":"TRANSFORM_CARD","is_daily":false,"chose_seed":false,"campfire_upgraded":1,"win_rate":0.0,"timestamp":1608053744,"path_taken":["M","?","?","M","M","E","?","R","T","$","E","M","M","E","R","BOSS"],"items_purchased_type":["Relic","Card","Card"],"build_version":"2020-12-13","purchased_purges":0,"victory":false,"max_hp_per_floor":[80,80,80,80,80,80,80,80,80,80,80,80,80,80,80,80,80],"card_choices":[{"not_picked":["Iron Wave","Shrug It Off"],"picked":"Body Slam","floor":1.0},{"not_picked":["Clothesline","True Grit"],"picked":"Anger","floor":4.0},{"not_picked":["Feel No Pain","Warcry"],"picked":"Metallicize","floor":5.0},{"not_picked":["Heavy Blade","Feel No Pain"],"picked":"Shockwave","floor":6.0},{"not_picked":["True Grit","Iron Wave","Perfected Strike"],"picked":"SKIP","floor":11.0},{"not_picked":["True Grit","Perfected Strike"],"picked":"Iron Wave","floor":11.0},{"not_picked":["Power Through","Bloodletting","Flame Barrier"],"picked":"SKIP","floor":12.0},{"not_picked":["Sword Boomerang","Power Through"],"picked":"Spot Weakness","floor":13.0},{"not_picked":["Havoc","Battle Trance"],"picked":"Cleave","floor":14.0}],"player_experience":1937458,"relics_obtained":[{"floor":6.0,"key":"Lantern"},{"floor":9.0,"key":"Paper Frog"},{"floor":11.0,"key":"Torii"},{"floor":14.0,"key":"Centennial Puzzle"}],"event_choices":[{"damage_healed":0.0,"max_hp_gain":0.0,"max_hp_loss":0.0,"gold_gain":75.0,"event_name":"World of Goop","player_choice":"Gather Gold","floor":2.0,"gold_loss":0.0,"damage_taken":11.0},{"cards_removed":["Strike_R"],"damage_healed":0.0,"max_hp_gain":0.0,"max_hp_loss":0.0,"gold_gain":0.0,"event_name":"Golden Wing","player_choice":"Card Removal","floor":3.0,"gold_loss":0.0,"damage_taken":7.0},{"damage_healed":0.0,"max_hp_gain":0.0,"max_hp_loss":0.0,"gold_gain":0.0,"event_name":"Shining Light","player_choice":"Entered Light","floor":7.0,"gold_loss":0.0,"damage_taken":16.0,"cards_upgraded":["Strike_R","Shockwave"]}],"is_beta":false,"boss_relics":[],"items_purged_floors":[],"is_endless":false,"potions_floor_spawned":[1,6,12],"killed_by":"Slime Boss","ascension_level":11}}