{"host":"7l2t4psy44vpcd9q","time":1608054774,"event":{"mods":["AchievementEnabler","BaseMod","DeckTracker","Minty Spire (QoL Compilation)","SuperFastMode"],"gold_per_floor":[118,138,150,75,75,75,105,120,143,160,180,180,180,180,180,180,180],"floor_reached":16,"playtime":647,"items_purged":["Strike_B"],"score":194,"play_id":"f574a37f-0467-41ff-ac9d-baadd642d724","local_time":"20201216025254","is_ascension_mode":true,"campfire_choices":[{"data":"Zap","floor":6,"key":"SMITH"},{"floor":12,"key":"REST"},{"floor":15,"key":"REST"}],"circlet_count":0,"master_deck":["AscendersBane","Strike_B","Strike_B","Strike_B","Defend_B","Defend_B","Defend_B","Defend_B","Zap+1","Dualcast","Hologram","Ball Lightning","Barrage","Fusion","Coolheaded","Steam","Streamline"],"relics":["Cracked Core","MealTicket","Smiling Mask","Omamori","InkBottle","Anchor"],"acts_visited":["Exordium"],"potions_floor_usage":[8,10],"damage_taken":[{"damage":2,"enemies":"Cultist","floor":1,"turns":4},{"damage":12,"enemies":"Jaw Worm","floor":2,"turns":4},{"damage":0,"enemies":"2 Louse","floor":3,"turns":2},{"damage":47,"enemies":"3 Sentries","floor":7,"turns":7},{"damage":0,"enemies":"2 Fungi Beasts","floor":8,"turns":2},{"damage":6,"enemies":"Looter","floor":10,"turns":3},{"damage":4,"enemies":"Exordium Thugs","floor":11,"turns":5},{"damage":51,"enemies":"The Guardian","floor":16,"turns":9}],"seed_played":"-623990549136794069","potions_obtained":[{"floor":1,"key":"DuplicationPotion"},{"floor":3,"key":"Dexterity Potion"},{"floor":10,"key":"DuplicationPotion"}],"is_trial":false,"path_per_floor":["M","M","M","$","?","R","E","M","T","M","M","R","T","?","R","B"],"character_chosen":"DEFECT","items_purchased":[],"campfire_rested":2,"item_purchase_floors":[],"current_hp_per_floor":[62,50,50,65,65,65,18,18,18,12,8,29,29,29,50,0,0],"gold":180,"neow_bonus":"RANDOM_COMMON_RELIC","is_daily":false,"chose_seed":false,"campfire_upgraded":1,"win_rate":0.0,"timestamp":1608054774,"path_taken":["M","M","M","$","?","R","E","?","T","M","M","R","?","?","R","BOSS"],"items_purchased_type":[],"build_version":"2020-12-13","purchased_purges":1,"victory":false,"max_hp_per_floor":[71,71,71,71,71,71,71,71,71,71,71,71,71,71,71,71,71],"card_choices":[{"not_picked":["Aggregate","Blizzard"],"picked":"Hologram","floor":1},{"not_picked":["Reinforced Body","Stack"],"picked":"Ball Lightning","floor":2},{"not_picked":["Steam Power","Stack"],"picked":"Barrage","floor":3},{"not_picked":["Meteor Strike","Turbo"],"picked":"Fusion","floor":7},{"not_picked":["Conserve Battery","Ball Lightning"],"picked":"Coolheaded","floor":8},{"not_picked":["Hologram","Heatsinks"],"picked":"Steam","floor":10},{"not_picked":["Go for the Eyes","Sweeping Beam"],"picked":"Streamline","floor":11}],"player_experience":1092250,"relics_obtained":[{"floor":7,"key":"Smiling Mask"},{"floor":9,"key":"Omamori"},{"floor":13,"key":"InkBottle"}],"event_choices":[{"damage_healed":0,"gold_gain":0,"player_choice":"0 cards matched","damage_taken":0,"max_hp_gain":0,"max_hp_loss":0,"event_name":"Match and Keep!","floor":5,"gold_loss":0,"cards_obtained":[]},{"damage_healed":0,"gold_gain":0,"player_choice":"Gave Potion","damage_taken":0,"relics_obtained":["Anchor"],"max_hp_gain":0,"max_hp_loss":0,"event_name":"WeMeetAgain","floor":14,"gold_loss":0}],"is_beta":false,"boss_relics":[],"items_purged_floors":[4],"is_endless":false,"potions_floor_spawned":[1,3,10],"killed_by":"The Guardian","ascension_level":18}}