{"host":"e87rn453naquue3h","time":1608007397,"event":{"mods":["AchievementEnabler","BaseMod","Minty Spire (QoL Compilation)","Relic Stats","StSLib"],"gold_per_floor":[118,130,143,156,173,173,202,202,202,202,202,221,221,221,221,317,317,330,330,355,29,50,50,93,93,93,73,111,124,124,139,139,235,235,250,583,598,610,621,621,621,621,648,648,648,680,680,696,696,696],"floor_reached":51,"playtime":2702,"items_purged":[],"score":1267,"play_id":"44663d12-dc77-43ce-8df3-7f4ab8b6f6c7","local_time":"20201214234317","is_ascension_mode":true,"campfire_choices":[{"floor":6,"key":"REST"},{"floor":8,"key":"REST"},{"data":"PathToVictory","floor":11,"key":"SMITH"},{"data":"Eruption","floor":13,"key":"SMITH"},{"data":"FlurryOfBlows","floor":15,"key":"SMITH"},{"data":"PathToVictory","floor":23,"key":"SMITH"},{"data":"PathToVictory","floor":25,"key":"SMITH"},{"floor":30,"key":"REST"},{"data":"PathToVictory","floor":32,"key":"SMITH"},{"floor":40,"key":"REST"},{"data":"Meditate","floor":42,"key":"SMITH"},{"data":"InnerPeace","floor":44,"key":"SMITH"},{"data":"Vault","floor":47,"key":"SMITH"},{"floor":49,"key":"REST"}],"circlet_count":0,"master_deck":["AscendersBane","Strike_P","Strike_P","Strike_P","Strike_P","Defend_P","Defend_P","Defend_P","Defend_P","Eruption+1","Vigilance","FlurryOfBlows+1","InnerPeace+1","Evaluate","MentalFortress","PathToVictory+1","Prostrate","Vault+1","PathToVictory+1","PathToVictory+1","PathToVictory+1","Meditate+1","FearNoEvil","Protect+1","SpiritShield","DevaForm+1","ThirdEye+1","Halt+1"],"relics":["PureWater","Bronze Scales","FossilizedHelix","Frozen Egg 2","Philosopher\u0027s Stone","Lee\u0027s Waffle","Anchor","Unceasing Top","White Beast Statue","Regal Pillow","SlaversCollar","Bag of Preparation","Pear"],"acts_visited":["Exordium","TheCity","TheBeyond"],"potions_floor_usage":[7,22,31,33,33,37,37,39,46,48,50,50,50,50],"damage_taken":[{"damage":0,"enemies":"Jaw Worm","floor":1,"turns":4},{"damage":0,"enemies":"Small Slimes","floor":2,"turns":2},{"damage":0,"enemies":"Cultist","floor":3,"turns":2},{"damage":8,"enemies":"Blue Slaver","floor":4,"turns":3},{"damage":29,"enemies":"Large Slime","floor":5,"turns":8},{"damage":10,"enemies":"Lagavulin","floor":7,"turns":6},{"damage":0,"enemies":"Looter","floor":12,"turns":3},{"damage":23,"enemies":"The Guardian","floor":16,"turns":11},{"damage":0,"enemies":"Spheric Guardian","floor":18,"turns":3},{"damage":13,"enemies":"2 Thieves","floor":20,"turns":4},{"damage":0,"enemies":"Centurion and Healer","floor":22,"turns":4},{"damage":19,"enemies":"Book of Stabbing","floor":24,"turns":4},{"damage":37,"enemies":"Gremlin Leader","floor":28,"turns":6},{"damage":0,"enemies":"Sentry and Sphere","floor":29,"turns":4},{"damage":0,"enemies":"Chosen and Byrds","floor":31,"turns":5},{"damage":39,"enemies":"Champ","floor":33,"turns":8},{"damage":0,"enemies":"3 Shapes","floor":35,"turns":4},{"damage":2,"enemies":"3 Darklings","floor":37,"turns":7},{"damage":0,"enemies":"Sphere and 2 Shapes","floor":38,"turns":3},{"damage":36,"enemies":"Jaw Worm Horde","floor":39,"turns":5},{"damage":27,"enemies":"Nemesis","floor":46,"turns":7},{"damage":0,"enemies":"Spire Growth","floor":48,"turns":5},{"damage":86,"enemies":"Donu and Deca","floor":50,"turns":9}],"seed_played":"4461630537799526934","potions_obtained":[{"floor":2,"key":"CultistPotion"},{"floor":4,"key":"LiquidBronze"},{"floor":5,"key":"AttackPotion"},{"floor":27,"key":"AttackPotion"},{"floor":28,"key":"SpeedPotion"},{"floor":29,"key":"Explosive Potion"},{"floor":31,"key":"Ancient Potion"},{"floor":33,"key":"AttackPotion"},{"floor":35,"key":"DistilledChaos"},{"floor":37,"key":"EntropicBrew"},{"floor":38,"key":"BottledMiracle"},{"floor":39,"key":"SkillPotion"},{"floor":46,"key":"Ancient Potion"},{"floor":48,"key":"FearPotion"}],"is_trial":false,"path_per_floor":["M","M","M","M","M","R","E","R","T","?","R","M","R","?","R","B",null,"M","?","M","$","M","R","E","R","T","?","E","M","R","M","R","B",null,"M","?","M","M","M","R","?","R","T","R","?","E","R","M","R","B",null],"character_chosen":"WATCHER","items_purchased":["Meditate","Lee\u0027s Waffle","Anchor"],"campfire_rested":5,"item_purchase_floors":[21,21,21],"current_hp_per_floor":[61,61,61,53,24,44,34,54,54,54,54,54,54,43,43,20,52,52,52,39,69,69,69,50,50,50,50,13,13,48,48,48,9,54,54,54,52,52,16,51,51,51,51,51,79,62,62,62,89,3],"gold":696,"neow_bonus":"ONE_RANDOM_RARE_CARD","is_daily":false,"chose_seed":false,"campfire_upgraded":9,"win_rate":0.0,"timestamp":1608007397,"path_taken":["M","M","M","M","M","R","E","R","T","?","R","M","R","?","R","BOSS","M","?","M","$","M","R","E","R","T","?","E","?","R","M","R","BOSS","M","?","M","M","M","R","?","R","T","R","?","E","R","M","R","BOSS"],"items_purchased_type":["Card","Relic","Relic"],"build_version":"2020-12-13","purchased_purges":0,"victory":true,"max_hp_per_floor":[68,68,68,68,68,68,68,68,68,62,62,62,62,62,62,62,62,62,62,62,69,69,69,69,69,69,69,69,69,69,69,69,69,69,69,69,69,69,69,69,69,69,69,69,79,89,89,89,89,89],"relic_stats":{"Lee\u0027s Waffle":30,"Regal Pillow":31,"counters":[23,117],"Bronze Scales":[217],"Bag of Preparation":[6],"obtain_stats":[{"Lee\u0027s Waffle":21,"Regal Pillow":28,"Pear":46,"Golden Idol":10,"Bag of Preparation":43,"Frozen Egg 2":14,"White Beast Statue":26,"SlaversCollar":34,"Anchor":21,"Bronze Scales":7,"Philosopher\u0027s Stone":17,"PureWater":0,"FossilizedHelix":9,"Unceasing Top":24},{"Lee\u0027s Waffle":10,"Regal Pillow":13,"Pear":21,"Golden Idol":6,"Bag of Preparation":20,"Frozen Egg 2":7,"White Beast Statue":12,"SlaversCollar":16,"Anchor":10,"Bronze Scales":6,"Philosopher\u0027s Stone":8,"PureWater":0,"FossilizedHelix":6,"Unceasing Top":12},{"Lee\u0027s Waffle":46,"Regal Pillow":60,"Pear":103,"Golden Idol":25,"Bag of Preparation":96,"Frozen Egg 2":28,"White Beast Statue":54,"SlaversCollar":77,"Anchor":46,"Bronze Scales":25,"Philosopher\u0027s Stone":39,"PureWater":0,"FossilizedHelix":25,"Unceasing Top":54}],"Unceasing Top":[2]},"card_choices":[{"not_picked":["Prostrate","FlyingSleeves"],"picked":"FlurryOfBlows","floor":1},{"not_picked":["Consecrate","Pray"],"picked":"InnerPeace","floor":2},{"not_picked":["Protect","BowlingBash"],"picked":"Evaluate","floor":3},{"not_picked":["ClearTheMind","BowlingBash"],"picked":"MentalFortress","floor":4},{"not_picked":["Consecrate","Nirvana","ThirdEye"],"picked":"SKIP","floor":5},{"not_picked":["Study","EmptyFist"],"picked":"PathToVictory","floor":7},{"not_picked":["BowlingBash","Protect"],"picked":"Prostrate","floor":12},{"not_picked":["Blasphemy","DeusExMachina"],"picked":"Vault","floor":16},{"not_picked":["SashWhip","Evaluate+1"],"picked":"PathToVictory","floor":18},{"not_picked":["Crescendo","JustLucky+1"],"picked":"PathToVictory","floor":20},{"not_picked":["JustLucky","WindmillStrike"],"picked":"FearNoEvil","floor":22},{"not_picked":["FlurryOfBlows","Collect","EmptyMind"],"picked":"SKIP","floor":24},{"not_picked":["FearNoEvil","CrushJoints"],"picked":"Protect+1","floor":28},{"not_picked":["WindmillStrike","Adaptation+1"],"picked":"SpiritShield","floor":29},{"not_picked":["BowlingBash","EmptyMind","FlyingSleeves"],"picked":"SKIP","floor":31},{"not_picked":["Wish","Judgement"],"picked":"DevaForm+1","floor":33},{"not_picked":["Halt","Vengeance"],"picked":"ThirdEye+1","floor":35},{"not_picked":["EmptyFist","CarveReality","InnerPeace"],"picked":"SKIP","floor":37},{"not_picked":["FlyingSleeves","Prostrate"],"picked":"Halt+1","floor":38},{"not_picked":["Nirvana+1","Evaluate+1","Study+1"],"picked":"SKIP","floor":39},{"not_picked":["Crescendo","FollowUp","Prostrate+1"],"picked":"SKIP","floor":46},{"not_picked":["Indignation+1","Sanctity","Consecrate+1"],"picked":"SKIP","floor":48}],"player_experience":2266716,"relics_obtained":[{"floor":7,"key":"Bronze Scales"},{"floor":9,"key":"FossilizedHelix"},{"floor":24,"key":"Unceasing Top"},{"floor":26,"key":"White Beast Statue"},{"floor":28,"key":"Regal Pillow"},{"floor":43,"key":"Bag of Preparation"},{"floor":46,"key":"Pear"}],"event_choices":[{"damage_healed":0,"gold_gain":0,"player_choice":"Lose Max HP","damage_taken":0,"relics_obtained":["Golden Idol"],"max_hp_gain":0,"max_hp_loss":6,"event_name":"Golden Idol","floor":10,"gold_loss":0},{"damage_healed":0,"gold_gain":0,"player_choice":"Success","damage_taken":11,"relics_obtained":["Frozen Egg 2"],"max_hp_gain":0,"max_hp_loss":0,"event_name":"Scrap Ooze","floor":14,"gold_loss":0},{"damage_healed":0,"gold_gain":0,"player_choice":"Read","damage_taken":0,"max_hp_gain":0,"max_hp_loss":0,"event_name":"The Library","floor":19,"gold_loss":0,"cards_obtained":["PathToVictory"]},{"damage_healed":0,"gold_gain":0,"player_choice":"Bought 1 Potion","damage_taken":0,"max_hp_gain":0,"max_hp_loss":0,"event_name":"The Woman in Blue","floor":27,"gold_loss":0},{"damage_healed":0,"gold_gain":333,"player_choice":"Gave Idol","damage_taken":0,"max_hp_gain":0,"max_hp_loss":0,"event_name":"The Moai Head","floor":36,"relics_lost":["Golden Idol"],"gold_loss":0},{"damage_healed":0,"gold_gain":0,"player_choice":"Memory 1","damage_taken":0,"max_hp_gain":0,"max_hp_loss":0,"event_name":"SensoryStone","floor":41,"gold_loss":0},{"cards_removed":["Judgement"],"damage_healed":18,"gold_gain":0,"player_choice":"Offered Rare","damage_taken":0,"max_hp_gain":10,"max_hp_loss":0,"event_name":"Bonfire Elementals","floor":45,"gold_loss":0}],"is_beta":false,"boss_relics":[{"not_picked":["Runic Pyramid","SacredBark"],"picked":"Philosopher\u0027s Stone"},{"not_picked":["Black Star","Velvet Choker"],"picked":"SlaversCollar"}],"items_purged_floors":[],"is_endless":false,"potions_floor_spawned":[2,4,5,28,29,31,33,35,37,38,39,46,48],"ascension_level":15}}