{"host":"7nm0k1qxv8apt5wn","time":1608062150,"event":{"mods":["AchievementEnabler","BaseMod","Block Reminder","Colored Map","Colored Powertips","DeckTracker","Highlight Path","Minty Spire (QoL Compilation)","Quick Restart","Rare Cards Sparkle","SuperFastMode","Unceasing Turn Reminder","everything is the same but u backflip on backflip"],"gold_per_floor":[115,115,126,143,159,159,6,6,6,6,6],"floor_reached":10,"playtime":351,"items_purged":[],"score":58,"play_id":"b8d7f0e9-abb1-49c6-9901-783037ffe9b4","local_time":"20201215145550","is_ascension_mode":false,"campfire_choices":[{"data":"Eruption","floor":6.0,"key":"SMITH"}],"circlet_count":0,"master_deck":["Strike_P","Strike_P","Strike_P","Strike_P","Defend_P","Defend_P","Defend_P","Defend_P","Eruption+1","Vigilance","Vault","ClearTheMind","Pray","CrushJoints","BowlingBash"],"relics":["PureWater","Omamori","Pantograph","Pear"],"acts_visited":["Exordium"],"potions_floor_usage":[],"damage_taken":[{"damage":5.0,"enemies":"2 Louse","floor":1.0,"turns":2.0},{"damage":19.0,"enemies":"Jaw Worm","floor":3.0,"turns":4.0},{"damage":6.0,"enemies":"Small Slimes","floor":4.0,"turns":4.0},{"damage":26.0,"enemies":"Exordium Wildlife","floor":5.0,"turns":5.0},{"damage":26,"enemies":"Gremlin Nob","floor":10,"turns":3}],"seed_played":"8214590140544609353","potions_obtained":[{"floor":4.0,"key":"ColorlessPotion"}],"is_trial":false,"path_per_floor":["M","?","M","M","M","R","$","?","T","E"],"character_chosen":"WATCHER","items_purchased":["Omamori"],"campfire_rested":0,"item_purchase_floors":[7],"current_hp_per_floor":[67,67,48,42,16,16,16,16,26,0,0],"gold":6,"neow_bonus":"ONE_RANDOM_RARE_CARD","is_daily":false,"chose_seed":false,"campfire_upgraded":1,"win_rate":0.0,"timestamp":1608062150,"path_taken":["M","?","M","M","M","R","$","?","T","E"],"items_purchased_type":["Relic"],"build_version":"2020-12-13","purchased_purges":0,"victory":false,"max_hp_per_floor":[72,72,72,72,72,72,72,72,82,82,82],"card_choices":[{"not_picked":["CrushJoints","DeceiveReality"],"picked":"ClearTheMind","floor":1.0},{"not_picked":["Worship","Crescendo"],"picked":"Pray","floor":3.0},{"not_picked":["Adaptation","FlurryOfBlows"],"picked":"CrushJoints","floor":4.0},{"not_picked":["PathToVictory","Wallop"],"picked":"BowlingBash","floor":5.0}],"player_experience":268794,"relics_obtained":[{"floor":9.0,"key":"Pear"}],"event_choices":[{"damage_healed":0.0,"max_hp_gain":0.0,"max_hp_loss":0.0,"gold_gain":0.0,"event_name":"Liars Game","player_choice":"Ignored","floor":2.0,"gold_loss":0.0,"damage_taken":0.0},{"damage_healed":0.0,"max_hp_gain":0.0,"max_hp_loss":0.0,"gold_gain":0.0,"event_name":"Dead Adventurer","player_choice":"Searched \u00271\u0027 times","floor":8.0,"gold_loss":0.0,"damage_taken":0.0,"relics_obtained":["Pantograph"]}],"is_beta":false,"boss_relics":[],"items_purged_floors":[],"is_endless":false,"potions_floor_spawned":[4],"killed_by":"Gremlin Nob","ascension_level":0}}