{"host":"i3z0gcxurea6197v","time":1608058996,"event":{"mods":["Aspiration","BaseMod","Conspire","Energized Spire","Hubris","Minty Spire (QoL Compilation)","Permanent Neow","Relic Stats","Replay The Spire","Shop Mod","StSLib","SuperFastMode","Virulent Crown","vexMod"],"gold_per_floor":[364,364,69,19,19,19,35,52,98,140,190,190,212,225,225,245,245],"floor_reached":16,"playtime":449,"items_purged":["Replay:Hysterical Blindness"],"score":200,"play_id":"daf2fc0a-f286-48a2-b569-84bc87631c91","local_time":"20201216000316","is_ascension_mode":true,"campfire_choices":[{"data":"Bash","floor":6.0,"key":"SMITH"},{"floor":12,"key":"REST"},{"floor":15,"key":"REST"}],"circlet_count":0,"master_deck":["AscendersBane","Strike_R","Strike_R","Strike_R","Strike_R","Defend_R","Defend_R","Defend_R","Defend_R","Bash+1","Twin Strike","conspire:SpireCoStock","Disarm","Clothesline","Ghostly Armor"],"relics":["Burning Blood","Replay:Wax Seal","hubris:ChampionShield","conspire:TopHat","King of Hearts","Art of War"],"acts_visited":["Exordium"],"potions_floor_usage":[16,16],"damage_taken":[{"damage":4.0,"enemies":"Jaw Worm","floor":1.0,"turns":4.0},{"damage":3.0,"enemies":"Small Slimes","floor":7.0,"turns":3.0},{"damage":15.0,"enemies":"2 Louse","floor":8.0,"turns":3.0},{"damage":26.0,"enemies":"Gremlin Nob","floor":10.0,"turns":4.0},{"damage":9,"enemies":"2 Fungi Beasts","floor":13,"turns":4},{"damage":14,"enemies":"Red Slaver","floor":14,"turns":5},{"damage":69,"enemies":"Slime Boss","floor":16,"turns":9}],"seed_played":"-7368854279675467790","potions_obtained":[{"floor":1.0,"key":"Elixir"},{"floor":14,"key":"BlessingOfTheForge"}],"is_trial":false,"path_per_floor":["M","?","$","?","?","R","M","M","T","E","?","R","M","M","R","B"],"character_chosen":"IRONCLAD","items_purchased":["Replay:Wax Seal","hubris:ChampionShield"],"campfire_rested":2,"item_purchase_floors":[3,3],"current_hp_per_floor":[70,70,70,70,59,59,62,53,53,33,26,48,45,37,59,0,0],"gold":245,"neow_bonus":"TWO_FIFTY_GOLD","is_daily":false,"chose_seed":false,"campfire_upgraded":1,"win_rate":0.0,"timestamp":1608058996,"path_taken":["M","?","$","?","?","R","M","M","T","E","?","R","?","M","R","BOSS"],"items_purchased_type":["Relic","Relic"],"build_version":"2020-12-13","purchased_purges":1,"victory":false,"max_hp_per_floor":[75,75,75,75,75,75,75,75,75,75,75,75,75,75,75,75,75],"relic_stats":{"counters":[7,32],"Art of War":[0],"obtain_stats":[{"King of Hearts":9,"Art of War":10,"Replay:Wax Seal":3,"hubris:ChampionShield":3,"Burning Blood":0,"conspire:TopHat":5},{"King of Hearts":3,"Art of War":4,"Replay:Wax Seal":1,"hubris:ChampionShield":1,"Burning Blood":0,"conspire:TopHat":1},{"King of Hearts":10,"Art of War":14,"Replay:Wax Seal":4,"hubris:ChampionShield":4,"Burning Blood":0,"conspire:TopHat":4}],"Burning Blood":36},"card_choices":[{"not_picked":["Perfected Strike","Replay:Undeath\u0027s Touch"],"picked":"Twin Strike","floor":1.0},{"not_picked":["Pommel Strike","Clash"],"picked":"Disarm","floor":7.0},{"not_picked":["True Grit","Pommel Strike"],"picked":"Clothesline","floor":8.0},{"not_picked":["Rupture","ReplayTheSpireMod:Limb From Limb","Flex"],"picked":"SKIP","floor":10.0},{"not_picked":["Abandon","Sword Boomerang","conspire:Charge"],"picked":"SKIP","floor":13},{"not_picked":["Hemokinesis","Heavy Blade"],"picked":"Ghostly Armor","floor":14}],"player_experience":857538,"relics_obtained":[{"floor":9.0,"key":"King of Hearts"},{"floor":10.0,"key":"Art of War"}],"event_choices":[{"damage_healed":0.0,"max_hp_gain":0.0,"max_hp_loss":0.0,"gold_gain":0.0,"event_name":"conspire:Investor","player_choice":"Invest 1","floor":4.0,"gold_loss":0.0,"damage_taken":0.0},{"damage_healed":0.0,"max_hp_gain":0.0,"max_hp_loss":0.0,"gold_gain":0.0,"event_name":"Scrap Ooze","player_choice":"Success","floor":5.0,"gold_loss":0.0,"damage_taken":11.0,"relics_obtained":["conspire:TopHat"]},{"damage_healed":0,"gold_gain":50,"player_choice":"Touch","damage_taken":7,"max_hp_gain":0,"max_hp_loss":0,"event_name":"FaceTrader","floor":11,"gold_loss":0}],"is_beta":false,"boss_relics":[],"items_purged_floors":[3],"is_endless":false,"potions_floor_spawned":[1,14],"killed_by":"Slime Boss","ascension_level":20}}