{"host":"i41n6wh529970c2c","time":1608064195,"event":{"mods":["Act Like it!","BaseMod","BetterRewards","Friendly Minions","Gold Saver","Hermit","Minty Spire (QoL Compilation)","Replay The Spire","Shop Mod","StSLib"],"gold_per_floor":[115,115,125,75,24,24,53,106,106,131,151,161,194,40,40,135,135,152,152,165,165,165,191,191,191,191],"floor_reached":25,"playtime":3562,"items_purged":["Dualcast"],"score":288,"play_id":"74bfab96-2efc-4ae0-833f-9c5e5c097d56","local_time":"20201215152955","is_ascension_mode":true,"campfire_choices":[{"data":"Buffer","floor":6.0,"key":"SMITH"},{"data":"Hyperbeam","floor":15.0,"key":"SMITH"},{"data":"Sunder","floor":24.0,"key":"SMITH"}],"circlet_count":0,"master_deck":["Strike_B","Defend_B","Buffer+1","Streamline+1","Static Discharge","Streamline","Self Repair+1","ReplayTheSpireMod:Splinters","Sunder+1","Genetic Algorithm","Hyperbeam+1","Multi-Cast","Injury","ReplayTheSpireMod:Faulty Equipment","Hologram","Voices","Hologram+1"],"relics":["Cracked Core","Shovel","NlothsMask","HornCleat","Replay:Mystery Machine","Gremlin Food","Carrot","Bag of Preparation","Kintsugi","ReplayTheSpireMod:Ring of Exchange","Replay:Accelerometer","Nilry\u0027s Codex","Orichalcum"],"acts_visited":["Exordium","TheCity"],"potions_floor_usage":[],"damage_taken":[{"damage":0.0,"enemies":"Cultist","floor":1.0,"turns":3.0},{"damage":3.0,"enemies":"2 Louse","floor":3.0,"turns":2.0},{"damage":21.0,"enemies":"Gremlin Nob","floor":7.0,"turns":4.0},{"damage":14.0,"enemies":"3 Sentries","floor":10.0,"turns":8.0},{"damage":0.0,"enemies":"Jaw Worm","floor":11.0,"turns":4.0},{"damage":1.0,"enemies":"Looter","floor":12.0,"turns":3.0},{"damage":0.0,"enemies":"Lagavulin","floor":13.0,"turns":7.0},{"damage":19.0,"enemies":"Slime Boss","floor":16.0,"turns":7.0},{"damage":3.0,"enemies":"2 Thieves","floor":18.0,"turns":4.0},{"damage":7.0,"enemies":"3 Byrds","floor":20.0,"turns":2.0},{"damage":23.0,"enemies":"Gremlin Leader","floor":23.0,"turns":7.0},{"damage":30,"enemies":"Slavers","floor":25,"turns":3}],"seed_played":"-2397094316117860389","potions_obtained":[{"floor":8.0,"key":"Toxic Potion"},{"floor":8.0,"key":"PotionOfCapacity"},{"floor":8.0,"key":"SkillPotion"},{"floor":10.0,"key":"SkillPotion"},{"floor":12.0,"key":"Strength Potion"},{"floor":13.0,"key":"AttackPotion"},{"floor":20.0,"key":"Energy Potion"}],"is_trial":false,"path_per_floor":["M","?","M","?","$","R","E","?","T","E","M","M","E","$","R","B",null,"M","?","M","T","?","E","R","E"],"character_chosen":"DEFECT","items_purchased":["Streamline","HornCleat","Self Repair+1","Bag of Preparation"],"campfire_rested":0,"item_purchase_floors":[0,0,5,14],"current_hp_per_floor":[40,40,37,37,37,37,26,26,26,22,32,41,51,51,51,42,70,70,70,63,63,47,34,34,4,4],"gold":191,"neow_bonus":"","is_daily":false,"chose_seed":false,"campfire_upgraded":3,"win_rate":0.0,"timestamp":1608064195,"path_taken":["M","?","M","?","$","R","E","?","T","E","M","M","E","?","R","BOSS","M","?","M","?","?","E","R","E"],"items_purchased_type":["Card","Relic","Card","Relic"],"build_version":"2020-12-13","purchased_purges":1,"victory":false,"max_hp_per_floor":[70,70,70,70,70,70,70,70,70,70,70,70,70,70,70,70,70,70,70,70,70,70,70,70,70,70],"card_choices":[{"not_picked":["Stack","Consume"],"picked":"Static Discharge","floor":1.0},{"not_picked":["Darkness","Leap"],"picked":"Streamline","floor":3.0},{"not_picked":["Streamline","Panic Button","ReplayTheSpireMod:GoodbyeWorld"],"picked":"SKIP","floor":7.0},{"not_picked":["Panic Button","Recycle"],"picked":"Sunder","floor":8.0},{"not_picked":["Barrage","Cold Snap","Turbo"],"picked":"SKIP","floor":10.0},{"not_picked":["Coolheaded","Tempest","Rebound"],"picked":"SKIP","floor":11.0},{"not_picked":["Rip and Tear","Auto Shields"],"picked":"Genetic Algorithm","floor":12.0},{"not_picked":["Rip and Tear","Sweeping Beam"],"picked":"Hyperbeam","floor":13.0},{"not_picked":["ReplayRNGCard","Thunder Strike"],"picked":"Multi-Cast","floor":16.0},{"not_picked":["Beam Cell","Scrape"],"picked":"Hologram","floor":18.0},{"not_picked":["Stack","Cold Snap"],"picked":"Hologram+1","floor":20.0},{"not_picked":["Sweeping Beam","Reinforced Body+1","Consume"],"picked":"SKIP","floor":23.0}],"player_experience":758108,"relics_obtained":[{"floor":7.0,"key":"Replay:Mystery Machine"},{"floor":10.0,"key":"Gremlin Food"},{"floor":13.0,"key":"Carrot"},{"floor":19.0,"key":"ReplayTheSpireMod:Ring of Exchange"},{"floor":21.0,"key":"Replay:Accelerometer"},{"floor":22.0,"key":"Nilry\u0027s Codex"},{"floor":23.0,"key":"Orichalcum"}],"event_choices":[{"damage_healed":0.0,"max_hp_gain":0.0,"max_hp_loss":0.0,"gold_gain":0.0,"event_name":"Living Wall","player_choice":"Grow","floor":2.0,"gold_loss":0.0,"damage_taken":0.0,"cards_upgraded":["Streamline"]},{"cards_removed":["Strike_B"],"damage_healed":0.0,"max_hp_gain":0.0,"max_hp_loss":0.0,"gold_gain":0.0,"event_name":"The Cleric","player_choice":"Card Removal","floor":4.0,"gold_loss":50.0,"damage_taken":0.0},{"damage_healed":0.0,"max_hp_gain":0.0,"max_hp_loss":0.0,"gold_gain":0.0,"event_name":"Cursed Tome","player_choice":"Obtained Book","floor":22.0,"gold_loss":0.0,"damage_taken":16.0}],"is_beta":false,"boss_relics":[{"not_picked":["SlaversCollar","Replay:Bronze Core"],"picked":"Kintsugi"}],"items_purged_floors":[0],"is_endless":false,"potions_floor_spawned":[10,11,12,13,20],"killed_by":"Slavers","ascension_level":2}}