{"host":"ilrepnd391jk07a9","time":1608070170,"event":{"mods":["Aspiration","BaseMod","Better Altar","Better Note","Better Skull","Better Third Choice","BetterRewards","Colored Powertips","DeckTracker","Defuse TimeMaze Blight","Downfall","GifTheSpireLib","Gremlin Skip","Halation","Highlight Path","Hubris","Minty Spire (QoL Compilation)","Quick Restart","Relic Stats","Replay The Spire","Reworked Bosses","StSLib","Stuff the Spire","everything is the same but u backflip on backflip","vexMod"],"gold_per_floor":[99,127,127,127,127,142,142,142,175,100,100,100,112,212,212,212,212],"floor_reached":16,"playtime":1120,"items_purged":[],"score":131,"play_id":"2c1f10ea-9a64-482d-9e44-61333ea50f26","local_time":"20201216110930","is_ascension_mode":false,"campfire_choices":[{"data":"champ:Execute","floor":1,"key":"SMITH"},{"data":"champ:Taunt","floor":5,"key":"SMITH"},{"data":"champ:FanOfKnives","floor":8,"key":"SMITH"},{"data":"champ:BladeFlurry","floor":10,"key":"SMITH"}],"circlet_count":0,"master_deck":["champ:Strike","champ:Strike","champ:Strike+1","champ:Strike+1","champ:Defend","champ:Defend","champ:Defend","champ:Defend+1","champ:Execute+1","champ:Taunt+1","champ:Encircle","champ:BringItOn+1","champ:FocusedBerserking+1","champ:FanOfKnives+1","champ:BladeFlurry+1","Regret"],"relics":["champ:ChampionCrown","downfall:HeartsMalice","Toxic Egg 2","Snack Pack","ReplayTheSpireMod:Ninjato","downfall:HeartBlessingGreen","Toy Ornithopter"],"acts_visited":["Exordium"],"potions_floor_usage":[15,16,16],"damage_taken":[{"damage":0,"enemies":"Lagavulin","floor":2,"turns":1},{"damage":0,"enemies":"downfall:FleeingMerchant","floor":3,"turns":1},{"damage":0,"enemies":"2 Louse","floor":4,"turns":1},{"damage":4,"enemies":"Jaw Worm","floor":6,"turns":3},{"damage":52,"enemies":"3 Sentries","floor":9,"turns":10},{"damage":11,"enemies":"Cultist","floor":13,"turns":3},{"damage":83,"enemies":"downfall:LadyInBlue","floor":14,"turns":9},{"damage":0,"enemies":"Exordium Wildlife","floor":15,"turns":1},{"damage":58,"enemies":"downfall:Silent","floor":16,"turns":8}],"seed_played":"3970495889570401623","potions_obtained":[{"floor":9,"key":"Cursed Concoction"},{"floor":13,"key":"FearPotion"},{"floor":14,"key":"EssenceOfSteel"},{"floor":14,"key":"SmokeBomb"}],"is_trial":false,"path_per_floor":["R","E","$","M","R","M","T","R","E","R","?","?","M","?","M","B"],"character_chosen":"THE_CHAMP","items_purchased":[],"campfire_rested":0,"item_purchase_floors":[],"current_hp_per_floor":[90,90,90,90,90,90,90,90,60,60,75,75,76,21,26,0,0],"gold":212,"neow_bonus":"THREE_ENEMY_KILL","is_daily":false,"chose_seed":false,"campfire_upgraded":4,"win_rate":0.0,"timestamp":1608070170,"path_taken":["R","E","$","M","R","M","T","R","E","R","?","?","M","?","M","BOSS"],"items_purchased_type":[],"build_version":"2020-12-13","purchased_purges":0,"victory":false,"max_hp_per_floor":[90,90,90,90,90,90,90,90,90,90,90,90,90,90,90,90,90],"relic_stats":{"counters":[9,34],"obtain_stats":[{"ReplayTheSpireMod:Ninjato":9,"champ:ChampionCrown":0,"downfall:HeartsMalice":0,"downfall:HeartBlessingGreen":10,"Snack Pack":7,"Toxic Egg 2":2,"Toy Ornithopter":14},{"ReplayTheSpireMod:Ninjato":5,"champ:ChampionCrown":0,"downfall:HeartsMalice":0,"downfall:HeartBlessingGreen":5,"Snack Pack":4,"Toxic Egg 2":1,"Toy Ornithopter":7},{"ReplayTheSpireMod:Ninjato":13,"champ:ChampionCrown":0,"downfall:HeartsMalice":0,"downfall:HeartBlessingGreen":13,"Snack Pack":3,"Toxic Egg 2":0,"Toy Ornithopter":25}],"Toy Ornithopter":15},"card_choices":[{"not_picked":["champ:PerfectedStrike","champ:RapidStrikes"],"picked":"champ:Encircle","floor":2},{"not_picked":["champ:Haymaker","champ:DefensiveStyle"],"picked":"champ:BringItOn+1","floor":3},{"not_picked":["champ:BringItOn+1","champ:FlashCut"],"picked":"champ:FocusedBerserking+1","floor":4},{"not_picked":["champ:ViciousMockery+1","champ:FightOn"],"picked":"champ:FanOfKnives","floor":6},{"not_picked":["champ:FightOn","champ:GladiatorsShout+1"],"picked":"champ:BladeFlurry","floor":9},{"not_picked":["champ:Encircle","champ:RisingSlash","champ:FanOfKnives"],"picked":"SKIP","floor":13}],"player_experience":800718,"relics_obtained":[{"floor":2,"key":"Toxic Egg 2"},{"floor":7,"key":"Snack Pack"},{"floor":9,"key":"ReplayTheSpireMod:Ninjato"},{"floor":14,"key":"Toy Ornithopter"}],"event_choices":[],"is_beta":false,"boss_relics":[],"items_purged_floors":[],"is_endless":false,"potions_floor_spawned":[9,13,15],"killed_by":"downfall:Silent","ascension_level":0}}