{"host":"wha9hktbkslqvblg","time":1608016003,"event":{"mods":["BaseMod","Colored Map","Minty Spire (QoL Compilation)","Relic Stats","SuperFastMode","everything is the same but u backflip on backflip"],"gold_per_floor":[112,128,278,224,236,263,273,273,273,303,303,315,331,359,359,436,436,456,473,473,485,240,240,240,266,305,317,358,370,394,23,23,100,100,110,110,160,177,202,202,217,245,245,274,274,284,23,41,41,41,41,41],"floor_reached":51,"playtime":1566,"items_purged":["Normality"],"score":1730,"play_id":"7f652ff3-b9d5-425b-92ed-d6ed4e78c1b4","local_time":"20201215160643","is_ascension_mode":true,"campfire_choices":[{"data":"Perfected Strike","floor":8.0,"key":"SMITH"},{"data":"Pommel Strike","floor":11.0,"key":"SMITH"},{"data":"Shockwave","floor":15.0,"key":"SMITH"},{"data":"Power Through","floor":24.0,"key":"SMITH"},{"data":"Second Wind","floor":27.0,"key":"SMITH"},{"data":"Dual Wield","floor":32.0,"key":"SMITH"},{"data":"Immolate","floor":40.0,"key":"SMITH"},{"floor":45.0,"key":"REST"},{"floor":49.0,"key":"RECALL"}],"circlet_count":0,"master_deck":["AscendersBane","Strike_R","Strike_R","Strike_R","Strike_R","Strike_R","Defend_R","Defend_R","Defend_R","Defend_R","Bash","Perfected Strike+1","Clothesline","Pommel Strike+1","Bludgeon","Second Wind+1","Wild Strike","Power Through+1","Shockwave+1","Barricade+1","Pommel Strike","Wild Strike","Feel No Pain+1","Battle Trance+1","Clumsy","Flame Barrier","Writhe","Dual Wield+1","Evolve+1","Blood for Blood","Immolate+1","Dark Embrace+1","Perfected Strike","Pain","Perfected Strike","Bloodletting+1","Perfected Strike+1","Pommel Strike"],"relics":["Snecko Eye","StoneCalendar","Meat on the Bone","Frozen Egg 2","Gambling Chip","Tiny Chest","Cursed Key","Anchor","MawBank","Pear","White Beast Statue","Pen Nib","SacredBark","Bird Faced Urn","Nunchaku","Bag of Preparation","Ancient Tea Set","Toxic Egg 2","DollysMirror"],"acts_visited":["Exordium","TheCity","TheBeyond"],"potions_floor_usage":[50],"damage_taken":[{"damage":3.0,"enemies":"2 Louse","floor":1.0,"turns":4.0},{"damage":0.0,"enemies":"Small Slimes","floor":2.0,"turns":2.0},{"damage":0.0,"enemies":"Cultist","floor":5.0,"turns":2.0},{"damage":30.0,"enemies":"3 Sentries","floor":6.0,"turns":7.0},{"damage":0.0,"enemies":"Exordium Wildlife","floor":7.0,"turns":3.0},{"damage":0.0,"enemies":"Gremlin Nob","floor":10.0,"turns":1.0},{"damage":0.0,"enemies":"Red Slaver","floor":12.0,"turns":1.0},{"damage":8.0,"enemies":"Blue Slaver","floor":13.0,"turns":2.0},{"damage":0.0,"enemies":"3 Sentries","floor":14.0,"turns":6.0},{"damage":16.0,"enemies":"The Guardian","floor":16.0,"turns":7.0},{"damage":0.0,"enemies":"Spheric Guardian","floor":18.0,"turns":1.0},{"damage":15.0,"enemies":"2 Thieves","floor":19.0,"turns":4.0},{"damage":16.0,"enemies":"Centurion and Healer","floor":21.0,"turns":5.0},{"damage":23.0,"enemies":"Slavers","floor":25.0,"turns":4.0},{"damage":0.0,"enemies":"Gremlin Leader","floor":28.0,"turns":2.0},{"damage":33.0,"enemies":"Snecko","floor":30.0,"turns":5.0},{"damage":13.0,"enemies":"Champ","floor":33.0,"turns":11.0},{"damage":0.0,"enemies":"Orb Walker","floor":35.0,"turns":3.0},{"damage":22.0,"enemies":"2 Orb Walkers","floor":37.0,"turns":4.0},{"damage":0.0,"enemies":"3 Shapes","floor":38.0,"turns":3.0},{"damage":0.0,"enemies":"Transient","floor":41.0,"turns":6.0},{"damage":0.0,"enemies":"Nemesis","floor":42.0,"turns":5.0},{"damage":48.0,"enemies":"Giant Head","floor":44.0,"turns":7.0},{"damage":12.0,"enemies":"Sphere and 2 Shapes","floor":46.0,"turns":6.0},{"damage":0.0,"enemies":"4 Shapes","floor":48.0,"turns":2.0},{"damage":78,"enemies":"Donu and Deca","floor":50,"turns":7},{"damage":31,"enemies":"Awakened One","floor":51,"turns":3}],"seed_played":"-7453657774960497828","potions_obtained":[{"floor":6.0,"key":"Energy Potion"},{"floor":7.0,"key":"BlessingOfTheForge"},{"floor":13.0,"key":"Swift Potion"},{"floor":21.0,"key":"DuplicationPotion"},{"floor":28.0,"key":"BlessingOfTheForge"},{"floor":30.0,"key":"SpeedPotion"},{"floor":41.0,"key":"Regen Potion"}],"is_trial":false,"path_per_floor":["M","M","?","?","M","E","M","R","T","E","R","M","M","E","R","B",null,"M","M","?","M","$","?","R","E","T","R","E","T","M","$","R","B",null,"M","?","?","M","T","R","M","E","T","E","R","M","$","M","R","B","B"],"character_chosen":"IRONCLAD","items_purchased":["Feel No Pain+1","Anchor","Dual Wield","Evolve+1","Pen Nib","Blood for Blood","DollysMirror","Pommel Strike"],"campfire_rested":1,"item_purchase_floors":[22,22,31,31,31,31,47,47],"current_hp_per_floor":[65,65,65,65,65,35,47,47,47,47,47,47,39,39,39,35,65,65,50,50,46,46,46,46,35,35,35,57,57,36,36,36,35,73,73,73,51,51,51,51,57,65,65,37,62,54,54,56,56,38,9,9],"gold":41,"neow_bonus":"BOSS_RELIC","is_daily":false,"chose_seed":false,"campfire_upgraded":7,"win_rate":0.0,"timestamp":1608016003,"path_taken":["M","M","?","?","?","E","M","R","T","E","R","M","M","E","R","BOSS","M","M","?","?","$","?","R","E","T","R","E","?","?","$","R","BOSS","M","?","?","M","?","R","M","E","T","E","R","M","?","M","R","BOSS","BOSS"],"items_purchased_type":["Card","Relic","Card","Card","Relic","Card","Relic","Card"],"build_version":"2020-12-13","purchased_purges":1,"victory":false,"max_hp_per_floor":[75,75,75,75,75,75,75,75,75,75,75,75,75,75,75,75,75,75,75,75,75,75,75,75,75,75,75,85,85,85,85,85,85,85,85,85,85,85,85,85,85,85,85,85,85,85,85,85,85,85,85,85],"relic_stats":{"counters":[27,113],"StoneCalendar":[90],"Pen Nib":[12],"Bag of Preparation":[10],"Cursed Key":4,"MawBank":72,"Nunchaku":[8],"Gambling Chip":[63],"Bird Faced Urn":[38],"Snecko Eye":[206,211,210,213],"Tiny Chest":2,"obtain_stats":[{"Pear":28,"SacredBark":34,"StoneCalendar":4,"Pen Nib":31,"Bag of Preparation":42,"Frozen Egg 2":9,"Cursed Key":17,"MawBank":25,"Ancient Tea Set":43,"Burning Blood":0,"White Beast Statue":29,"Anchor":22,"Nunchaku":39,"DollysMirror":47,"Gambling Chip":10,"Bird Faced Urn":37,"Snecko Eye":0,"Tiny Chest":14,"Toxic Egg 2":44,"Meat on the Bone":6},{"Pear":15,"SacredBark":17,"StoneCalendar":2,"Pen Nib":16,"Bag of Preparation":22,"Frozen Egg 2":5,"Cursed Key":10,"MawBank":14,"Ancient Tea Set":22,"Burning Blood":0,"White Beast Statue":15,"Anchor":13,"Nunchaku":20,"DollysMirror":24,"Gambling Chip":6,"Bird Faced Urn":19,"Snecko Eye":0,"Tiny Chest":9,"Toxic Egg 2":23,"Meat on the Bone":4},{"Pear":51,"SacredBark":67,"StoneCalendar":6,"Pen Nib":56,"Bag of Preparation":88,"Frozen Egg 2":18,"Cursed Key":35,"MawBank":49,"Ancient Tea Set":88,"Burning Blood":0,"White Beast Statue":51,"Anchor":45,"Nunchaku":77,"DollysMirror":101,"Gambling Chip":19,"Bird Faced Urn":74,"Snecko Eye":0,"Tiny Chest":28,"Toxic Egg 2":95,"Meat on the Bone":15}],"Meat on the Bone":108},"card_choices":[{"not_picked":["Twin Strike","True Grit"],"picked":"Perfected Strike","floor":1.0},{"not_picked":["Hemokinesis","Pummel"],"picked":"Clothesline","floor":2.0},{"not_picked":["Twin Strike","Headbutt"],"picked":"Pommel Strike","floor":5.0},{"not_picked":["Wild Strike","Dual Wield"],"picked":"Bludgeon","floor":6.0},{"not_picked":["Cleave","True Grit","Whirlwind"],"picked":"SKIP","floor":7.0},{"not_picked":["Cleave","Whirlwind"],"picked":"Second Wind","floor":10.0},{"not_picked":["Offering","Twin Strike"],"picked":"Wild Strike","floor":12.0},{"not_picked":["Heavy Blade","Shrug It Off"],"picked":"Power Through","floor":13.0},{"not_picked":["Clothesline","Wild Strike"],"picked":"Shockwave","floor":14.0},{"not_picked":["Juggernaut+1","Feed"],"picked":"Barricade+1","floor":16.0},{"not_picked":["Clash","Heavy Blade"],"picked":"Pommel Strike","floor":18.0},{"not_picked":["Body Slam","Armaments"],"picked":"Wild Strike","floor":19.0},{"not_picked":["Ghostly Armor","Feed","Rage"],"picked":"SKIP","floor":21.0},{"not_picked":["Warcry","Dropkick"],"picked":"Battle Trance+1","floor":25.0},{"not_picked":["Clothesline","Thunderclap"],"picked":"Flame Barrier","floor":28.0},{"not_picked":["Armaments","Thunderclap","Flex+1"],"picked":"SKIP","floor":30.0},{"not_picked":["Limit Break","Brutality+1"],"picked":"Immolate","floor":33.0},{"not_picked":["Metallicize+1","Rage+1","Rampage"],"picked":"SKIP","floor":35.0},{"not_picked":["Clothesline","Spot Weakness+1"],"picked":"Dark Embrace+1","floor":38.0},{"not_picked":["Blood for Blood","Wild Strike"],"picked":"Perfected Strike","floor":41.0},{"not_picked":["Warcry+1","Anger","Infernal Blade"],"picked":"SKIP","floor":42.0},{"not_picked":["Seeing Red+1","Limit Break+1"],"picked":"Perfected Strike","floor":44.0},{"not_picked":["Reckless Charge","Heavy Blade"],"picked":"Bloodletting+1","floor":46.0},{"not_picked":["Pommel Strike","Iron Wave","Wild Strike+1"],"picked":"SKIP","floor":48.0}],"player_experience":842152,"relics_obtained":[{"floor":6.0,"key":"Meat on the Bone"},{"floor":9.0,"key":"Frozen Egg 2"},{"floor":10.0,"key":"Gambling Chip"},{"floor":14.0,"key":"Tiny Chest"},{"floor":25.0,"key":"MawBank"},{"floor":28.0,"key":"Pear"},{"floor":29.0,"key":"White Beast Statue"},{"floor":37.0,"key":"Bird Faced Urn"},{"floor":39.0,"key":"Nunchaku"},{"floor":42.0,"key":"Bag of Preparation"},{"floor":43.0,"key":"Ancient Tea Set"},{"floor":44.0,"key":"Toxic Egg 2"}],"event_choices":[{"damage_healed":0.0,"max_hp_gain":0.0,"max_hp_loss":0.0,"gold_gain":150.0,"event_name":"Liars Game","player_choice":"AGREE","floor":3.0,"gold_loss":0.0,"damage_taken":0.0,"cards_obtained":["Doubt"]},{"damage_healed":0.0,"max_hp_gain":0.0,"max_hp_loss":0.0,"gold_gain":0.0,"event_name":"WeMeetAgain","player_choice":"Paid Gold","floor":4.0,"gold_loss":54.0,"damage_taken":0.0,"relics_obtained":["StoneCalendar"]},{"cards_removed":["Doubt"],"damage_healed":0.0,"max_hp_gain":0.0,"max_hp_loss":0.0,"gold_gain":0.0,"event_name":"Fountain of Cleansing","player_choice":"Removed Curses","floor":20.0,"gold_loss":0.0,"damage_taken":0.0},{"damage_healed":0.0,"max_hp_gain":0.0,"max_hp_loss":0.0,"gold_gain":0.0,"event_name":"Vampires","player_choice":"Ignored","floor":23.0,"gold_loss":0.0,"damage_taken":0.0},{"damage_healed":0.0,"max_hp_gain":0.0,"max_hp_loss":0.0,"gold_gain":0.0,"event_name":"Tomb of Lord Red Mask","player_choice":"Ignored","floor":36.0,"gold_loss":0.0,"damage_taken":0.0},{"damage_healed":0.0,"max_hp_gain":0.0,"max_hp_loss":0.0,"gold_gain":0.0,"event_name":"Mysterious Sphere","player_choice":"Fight","floor":37.0,"gold_loss":0.0,"damage_taken":0.0}],"is_beta":false,"boss_relics":[{"not_picked":["Astrolabe","Runic Dome"],"picked":"Cursed Key"},{"not_picked":["SlaversCollar","Black Star"],"picked":"SacredBark"}],"items_purged_floors":[47],"is_endless":false,"potions_floor_spawned":[6,7,10,12,13,19,21,28,30,33,35,37,38,41,42,44,46,48],"killed_by":"Awakened One","ascension_level":20}}