{"host":"tnhjz9cb8p0320p2","time":1608075757,"event":{"mods":["BaseMod","Better Third Choice","Downfall","Hermit","Marisa????????","Minty Spire (QoL Compilation)","Relic Stats","Replay The Spire","Shade Mod","StSLib","The Construct","The Cursed","The Jungle","The Runesmith"],"gold_per_floor":[17,17,17,17,37,37,58,96,120,151,166,166,197,197,197,316,416,436,436,125,125,145,186,186,210,210,210,235,235,275,275,275,395,395,414,414,427,446,446,482,482,515,538,538,538],"floor_reached":44,"playtime":2764,"items_purged":[],"score":656,"play_id":"d2073220-66e3-4622-a302-5d91b5470138","local_time":"20201215174237","is_ascension_mode":true,"campfire_choices":[{"data":"construct:Zapper","floor":6,"key":"SMITH"},{"data":"construct:ForceCore","floor":12,"key":"SMITH"},{"floor":15,"key":"REST"},{"floor":24,"key":"DIG"},{"floor":27,"key":"DIG"},{"floor":29,"key":"REST"},{"floor":32,"key":"DIG"},{"floor":41,"key":"DIG"}],"circlet_count":0,"master_deck":["construct:Strike_Gold","construct:Strike_Gold","construct:Strike_Gold","construct:Strike_Gold","construct:Defend_Gold","construct:Defend_Gold","construct:Defend_Gold+1","construct:Defend_Gold+1","construct:AttackMode","construct:DefenseMode","construct:Zapper+1","construct:Failsafe","construct:Anticipate","construct:PowerUp","construct:ForceCore+1","construct:Construct_Overclock","construct:MetalShell","Apotheosis+1","construct:SiegeForm","construct:Overcharge","construct:Zapper","construct:GatlingGun","construct:VentSteam+1","construct:Autoturret+1","construct:BatteryCore","construct:ChargeShot","construct:ForceCore","Parasite","construct:SpinDrive","construct:ForceCore"],"relics":["construct:Cogwheel","Ice Cream","Golden Idol","War Paint","Replay:Mystery Machine","Kunai","Replay:Wanted Poster","Shovel","TungstenRod","Replay:WaspNest","Bottled Flame","InkBottle","Sundial","PreservedInsect","Replay:Kaleidoscope","Empty Cage","Replay:Baseball","construct:FoamFinger","ReplayTheSpireMod:Ninjato"],"acts_visited":["Exordium","Exordium","TheBeyond"],"potions_floor_usage":[7,10,23,28,30,35,37,37,40,44],"damage_taken":[{"damage":2.0,"enemies":"Jaw Worm","floor":1.0,"turns":5.0},{"damage":2,"enemies":"Cultist","floor":5,"turns":4},{"damage":10,"enemies":"Small Slimes","floor":7,"turns":4},{"damage":5,"enemies":"Replay:BlueRogue","floor":8,"turns":9},{"damage":15,"enemies":"3 Sentries","floor":10,"turns":9},{"damage":4,"enemies":"Blue Slaver","floor":11,"turns":4},{"damage":25,"enemies":"Gremlin Nob","floor":13,"turns":4},{"damage":15,"enemies":"Hexaghost","floor":16,"turns":8},{"damage":0,"enemies":"theJungle:GiantWrat","floor":18,"turns":6},{"damage":7,"enemies":"theJungle:MUSHROOMGANG","floor":22,"turns":5},{"damage":9,"enemies":"theJungle:2_Phrogs","floor":23,"turns":5},{"damage":6,"enemies":"theJungle:SlimyTreeVines","floor":25,"turns":5},{"damage":28,"enemies":"theJungle:Lyon","floor":28,"turns":4},{"damage":14,"enemies":"theJungle:Cassacara","floor":30,"turns":4},{"damage":9,"enemies":"theJungle:FunGuy","floor":33,"turns":6},{"damage":34,"enemies":"3 Shapes","floor":35,"turns":4},{"damage":9,"enemies":"3 Darklings","floor":37,"turns":3},{"damage":8,"enemies":"Writhing Mass","floor":38,"turns":5},{"damage":0,"enemies":"Giant Head","floor":40,"turns":5},{"damage":9,"enemies":"R_Hoarder","floor":42,"turns":5},{"damage":29,"enemies":"4 Shapes","floor":44,"turns":1}],"seed_played":"8205075311341614332","potions_obtained":[{"floor":1.0,"key":"sneckomod:MuddlingPotion"},{"floor":5,"key":"SneckoOil"},{"floor":8,"key":"Strength Potion"},{"floor":13,"key":"AttackPotion"},{"floor":22,"key":"Regen Potion"},{"floor":23,"key":"Block Potion"},{"floor":28,"key":"ColorlessPotion"},{"floor":30,"key":"Energy Potion"},{"floor":35,"key":"Dexterity Potion"},{"floor":40,"key":"construct:MegaPotion"}],"is_trial":false,"path_per_floor":["M","$","?","?","M","R","M","E","T","E","M","R","E","?","R","B",null,"M","?","$","?","M","E","R","M","T","R","M","R","E","?","R","B",null,"M","?","M","M","?","E","R","E","T","M"],"character_chosen":"THE_CONSTRUCT_MOD","items_purchased":["TungstenRod"],"campfire_rested":2,"item_purchase_floors":[20],"current_hp_per_floor":[83,83,79,79,77,77,67,62,62,47,43,43,18,18,41,26,79,79,65,65,76,69,60,60,60,60,60,32,55,41,41,41,32,79,45,45,41,33,33,33,33,24,24,0,0],"gold":538,"neow_bonus":"ONE_RARE_RELIC","is_daily":false,"chose_seed":false,"campfire_upgraded":2,"win_rate":0.0,"timestamp":1608075757,"path_taken":["M","$","?","?","?","R","M","E","T","E","M","R","E","?","R","BOSS","M","?","$","?","?","E","R","M","T","R","M","R","E","?","R","BOSS","M","?","?","M","?","E","R","E","T","M"],"items_purchased_type":["Relic"],"build_version":"2020-12-13","purchased_purges":0,"victory":false,"max_hp_per_floor":[85,85,79,79,79,79,79,79,79,79,79,79,79,79,79,79,79,79,79,79,79,79,79,79,79,79,79,79,79,79,79,79,79,79,79,79,79,79,79,79,79,79,79,79,79],"relic_stats":{"Shovel":4,"counters":[21,105],"Golden Idol":138,"Sundial":[6],"PreservedInsect":200,"Kunai":[7],"War Paint":["construct:Defend_Gold","construct:Defend_Gold"],"obtain_stats":[{"Ice Cream":0,"construct:FoamFinger":41,"ReplayTheSpireMod:Ninjato":42,"Golden Idol":3,"Replay:WaspNest":23,"PreservedInsect":30,"Replay:Kaleidoscope":32,"War Paint":8,"Replay:Mystery Machine":9,"Empty Cage":34,"Replay:Wanted Poster":17,"Bottled Flame":24,"Replay:Baseball":40,"Shovel":19,"Sundial":27,"construct:Cogwheel":0,"Kunai":10,"TungstenRod":20,"InkBottle":26},{"Ice Cream":0,"construct:FoamFinger":19,"ReplayTheSpireMod:Ninjato":20,"Golden Idol":1,"Replay:WaspNest":11,"PreservedInsect":14,"Replay:Kaleidoscope":14,"War Paint":4,"Replay:Mystery Machine":4,"Empty Cage":15,"Replay:Wanted Poster":8,"Bottled Flame":11,"Replay:Baseball":19,"Shovel":9,"Sundial":12,"construct:Cogwheel":0,"Kunai":5,"TungstenRod":9,"InkBottle":12},{"Ice Cream":0,"construct:FoamFinger":99,"ReplayTheSpireMod:Ninjato":104,"Golden Idol":5,"Replay:WaspNest":63,"PreservedInsect":76,"Replay:Kaleidoscope":76,"War Paint":22,"Replay:Mystery Machine":22,"Empty Cage":82,"Replay:Wanted Poster":47,"Bottled Flame":63,"Replay:Baseball":99,"Shovel":53,"Sundial":68,"construct:Cogwheel":0,"Kunai":31,"TungstenRod":53,"InkBottle":68}],"TungstenRod":33,"InkBottle":[14]},"card_choices":[{"not_picked":["construct:Autoturret","construct:HardReboot"],"picked":"construct:Zapper","floor":1.0},{"not_picked":["construct:Overcharge","construct:HeavyBolt"],"picked":"construct:Failsafe","floor":5},{"not_picked":["construct:Versatility","construct:Dampening"],"picked":"construct:Anticipate","floor":7},{"not_picked":["construct:Autoturret","construct:Construct_Overclock"],"picked":"construct:PowerUp","floor":8},{"not_picked":["construct:CriticalHit","construct:Construct_Overclock"],"picked":"construct:ForceCore","floor":10},{"not_picked":["construct:Versatility","construct:ModeShift"],"picked":"construct:Construct_Overclock","floor":11},{"not_picked":["construct:HeavyBolt","construct:FierceBash"],"picked":"construct:MetalShell","floor":13},{"not_picked":["construct:ShieldGenerator","construct:ShieldBurst"],"picked":"construct:SiegeForm","floor":16},{"not_picked":["construct:ScrapCannon","construct:Reinforce+1"],"picked":"construct:Overcharge","floor":18},{"not_picked":["construct:Reinforce","construct:FlakBarrage+1"],"picked":"construct:Zapper","floor":22},{"not_picked":["construct:Accumulate","construct:ClusterMines+1"],"picked":"construct:GatlingGun","floor":23},{"not_picked":["construct:ShiftStrike","construct:FierceBash+1","construct:Reinforce"],"picked":"SKIP","floor":25},{"not_picked":["construct:SaveState+1","construct:HeavyBolt"],"picked":"construct:VentSteam+1","floor":28},{"not_picked":["construct:SyphonStrike","construct:FocusedBeam"],"picked":"construct:Autoturret+1","floor":30},{"not_picked":["construct:Bunker","construct:LongRangeLance"],"picked":"construct:BatteryCore","floor":33},{"not_picked":["construct:Failsafe+1","construct:ScrapCannon+1"],"picked":"construct:ChargeShot","floor":35},{"not_picked":["construct:Autoturret+1","construct:FlakBarrage+1"],"picked":"construct:ForceCore","floor":37},{"not_picked":["construct:ClusterMines","construct:Reinforce","construct:SuppressiveFire"],"picked":"SKIP","floor":38},{"not_picked":["construct:HardReboot","construct:Accumulate+1"],"picked":"construct:SpinDrive","floor":40},{"not_picked":["construct:SaveState+1","construct:Accumulate"],"picked":"construct:ForceCore","floor":42}],"player_experience":1954108,"relics_obtained":[{"floor":8,"key":"War Paint"},{"floor":9,"key":"Replay:Mystery Machine"},{"floor":10,"key":"Kunai"},{"floor":23,"key":"Replay:WaspNest"},{"floor":24,"key":"Bottled Flame"},{"floor":26,"key":"InkBottle"},{"floor":27,"key":"Sundial"},{"floor":30,"key":"PreservedInsect"},{"floor":32,"key":"Replay:Kaleidoscope"},{"floor":40,"key":"Replay:Baseball"},{"floor":41,"key":"construct:FoamFinger"},{"floor":42,"key":"ReplayTheSpireMod:Ninjato"}],"event_choices":[{"damage_healed":0,"gold_gain":0,"player_choice":"Lose Max HP","damage_taken":0,"relics_obtained":["Golden Idol"],"max_hp_gain":0,"max_hp_loss":6,"event_name":"Golden Idol","floor":3,"gold_loss":0},{"damage_healed":0,"gold_gain":0,"player_choice":"Full Heal","damage_taken":0,"max_hp_gain":0,"max_hp_loss":0,"event_name":"Wheel of Change","floor":4,"gold_loss":0},{"damage_healed":18,"gold_gain":0,"player_choice":"Embrace","damage_taken":0,"max_hp_gain":0,"max_hp_loss":79,"event_name":"betterThird:BetterShining","floor":14,"gold_loss":0},{"damage_healed":0,"gold_gain":0,"player_choice":"Bought 0 Potions","damage_taken":0,"max_hp_gain":0,"max_hp_loss":0,"event_name":"The Woman in Blue","floor":36,"gold_loss":0},{"damage_healed":0,"gold_gain":0,"player_choice":"Ignored","damage_taken":0,"max_hp_gain":0,"max_hp_loss":0,"event_name":"Tomb of Lord Red Mask","floor":39,"gold_loss":0}],"is_beta":false,"boss_relics":[{"not_picked":["Snecko Eye","Runic Dome"],"picked":"Replay:Wanted Poster"},{"not_picked":["Runic Pyramid","Astrolabe"],"picked":"Empty Cage"}],"items_purged_floors":[],"is_endless":false,"potions_floor_spawned":[1,5,8,13,22,23,28,30,35,40],"killed_by":"4 Shapes","ascension_level":4}}