{"host":"r53pw7z744tg3fxg","time":1608074232,"event":{"mods":["AchievementEnabler","BaseMod","Colored Map","Colored Powertips","Highlight Path","Minty Spire (QoL Compilation)","Quick Restart","Transform Curses"],"gold_per_floor":[115,23,37,54,70,96,96,111,111,111,140,140,157,176,176,281,281,293,208,208,228,245,245,15,15,94,106,134,134,134,148,148,252,252,262,312,22,41,41,41],"floor_reached":39,"playtime":1632,"items_purged":[],"score":537,"play_id":"b22631fd-09f7-42fc-938b-f5ca9bf9fb66","local_time":"20201215161712","is_ascension_mode":true,"campfire_choices":[{"floor":7.0,"key":"REST"},{"data":"Bandage Up","floor":10.0,"key":"SMITH"},{"data":"BowlingBash","floor":12.0,"key":"SMITH"},{"data":"PathToVictory","floor":15.0,"key":"SMITH"},{"floor":23.0,"key":"REST"},{"data":"ClearTheMind","floor":25.0,"key":"SMITH"},{"floor":32.0,"key":"REST"}],"circlet_count":0,"master_deck":["Strike_P","Strike_P","Strike_P","Strike_P","Defend_P","Defend_P","Defend_P","Defend_P","Eruption+1","Vigilance","FollowUp","Bandage Up+1","Indignation","ClearTheMind+1","BowlingBash+1","Consecrate","WheelKick","FlurryOfBlows","PathToVictory+1","ConjureBlade","Necronomicurse","ThirdEye+1","CarveReality+1","Swift Strike","Wireheading+1","DeusExMachina","Worship+1","Sanctity","Nirvana"],"relics":["HolyWater","Yang","Darkstone Periapt","Orichalcum","GoldenEye","Necronomicon","Regal Pillow","Question Card","Pen Nib","Busted Crown","FossilizedHelix","Pantograph"],"acts_visited":["Exordium","TheCity","TheBeyond"],"potions_floor_usage":[],"damage_taken":[{"damage":0.0,"enemies":"Cultist","floor":1.0,"turns":2.0},{"damage":0.0,"enemies":"Jaw Worm","floor":3.0,"turns":3.0},{"damage":0.0,"enemies":"Small Slimes","floor":4.0,"turns":3.0},{"damage":6.0,"enemies":"Looter","floor":5.0,"turns":2.0},{"damage":32.0,"enemies":"Lagavulin","floor":6.0,"turns":4.0},{"damage":0.0,"enemies":"3 Louse","floor":8.0,"turns":2.0},{"damage":14.0,"enemies":"Gremlin Nob","floor":11.0,"turns":3.0},{"damage":11.0,"enemies":"Exordium Wildlife","floor":13.0,"turns":3.0},{"damage":1.0,"enemies":"Exordium Thugs","floor":14.0,"turns":4.0},{"damage":60.0,"enemies":"The Guardian","floor":16.0,"turns":12.0},{"damage":9.0,"enemies":"3 Byrds","floor":18.0,"turns":4.0},{"damage":0.0,"enemies":"Spheric Guardian","floor":21.0,"turns":2.0},{"damage":10.0,"enemies":"Shelled Parasite and Fungi","floor":22.0,"turns":3.0},{"damage":19.0,"enemies":"Centurion and Healer","floor":27.0,"turns":4.0},{"damage":19.0,"enemies":"Slavers","floor":28.0,"turns":2.0},{"damage":32.0,"enemies":"Colosseum Slavers","floor":30.0,"turns":5.0},{"damage":0.0,"enemies":"Snake Plant","floor":31.0,"turns":1.0},{"damage":48.0,"enemies":"Champ","floor":33.0,"turns":8.0},{"damage":18,"enemies":"Orb Walker","floor":35,"turns":3},{"damage":10,"enemies":"Mind Bloom Boss Battle","floor":36,"turns":4},{"damage":17,"enemies":"3 Shapes","floor":38,"turns":3},{"damage":50,"enemies":"Spire Growth","floor":39,"turns":2}],"seed_played":"-4688178720808696792","potions_obtained":[{"floor":3.0,"key":"FearPotion"},{"floor":4.0,"key":"Swift Potion"},{"floor":8.0,"key":"Explosive Potion"},{"floor":13.0,"key":"Dexterity Potion"},{"floor":21.0,"key":"SneckoOil"},{"floor":27.0,"key":"LiquidBronze"},{"floor":28.0,"key":"Fruit Juice"},{"floor":33.0,"key":"EssenceOfSteel"},{"floor":38,"key":"Energy Potion"}],"is_trial":false,"path_per_floor":["M","$","M","M","M","E","R","M","T","R","E","R","M","M","R","B",null,"M","?","?","M","M","R","$","R","T","M","E","?","?","M","R","B",null,"M","?","$","M","M"],"character_chosen":"WATCHER","items_purchased":["Bandage Up","Regal Pillow","Swift Strike","Pantograph","Nirvana"],"campfire_rested":3,"item_purchase_floors":[2,24,24,37,37],"current_hp_per_floor":[65,65,69,72,66,38,59,63,63,63,55,55,50,55,55,1,54,51,51,41,47,43,66,66,66,66,53,39,39,13,13,52,10,65,47,43,43,26,0,0],"gold":41,"neow_bonus":"UPGRADE_CARD","is_daily":false,"chose_seed":false,"campfire_upgraded":4,"win_rate":0.0,"timestamp":1608074232,"path_taken":["M","?","M","?","M","E","R","M","T","R","E","R","M","?","R","BOSS","M","?","?","M","M","R","$","R","T","M","E","?","?","M","R","BOSS","M","?","$","M","M"],"items_purchased_type":["Card","Relic","Card","Relic","Card"],"build_version":"2020-12-13","purchased_purges":0,"victory":false,"max_hp_per_floor":[72,72,72,72,72,72,72,72,72,72,72,72,72,72,72,72,72,72,72,78,78,78,78,78,78,78,78,83,83,83,83,83,83,83,83,83,83,83,83,83],"card_choices":[{"not_picked":["Adaptation","CutThroughFate"],"picked":"FollowUp","floor":1.0},{"not_picked":["Weave","EmptyMind"],"picked":"Indignation","floor":3.0},{"not_picked":["Worship","Study"],"picked":"ClearTheMind","floor":4.0},{"not_picked":["FlurryOfBlows","Conclude"],"picked":"BowlingBash","floor":5.0},{"not_picked":["SashWhip","Conclude"],"picked":"Consecrate","floor":6.0},{"not_picked":["Halt","EmptyFist","MentalFortress"],"picked":"SKIP","floor":8.0},{"not_picked":["SashWhip","MentalFortress"],"picked":"WheelKick","floor":11.0},{"not_picked":["Protect","Crescendo"],"picked":"FlurryOfBlows","floor":13.0},{"not_picked":["Ragnarok","ThirdEye"],"picked":"PathToVictory","floor":14.0},{"not_picked":["Vault","Ragnarok"],"picked":"ConjureBlade","floor":16.0},{"not_picked":["SashWhip","WindmillStrike","BowlingBash"],"picked":"SKIP","floor":18.0},{"not_picked":["Evaluate","Collect"],"picked":"ThirdEye+1","floor":21.0},{"not_picked":["Evaluate+1","Fasting2+1"],"picked":"CarveReality+1","floor":22.0},{"not_picked":["FollowUp","SashWhip","Crescendo","WheelKick"],"picked":"SKIP","floor":27.0},{"not_picked":["SashWhip","CarveReality","Consecrate+1","Prostrate"],"picked":"SKIP","floor":28.0},{"not_picked":["Prostrate","Devotion","FearNoEvil+1"],"picked":"Wireheading+1","floor":31.0},{"not_picked":["Brilliance","Alpha","Wish"],"picked":"DeusExMachina","floor":33.0},{"not_picked":["Crescendo"],"picked":"Worship+1","floor":35},{"not_picked":["CutThroughFate+1"],"picked":"Sanctity","floor":36},{"not_picked":["Collect","CarveReality"],"picked":"SKIP","floor":38}],"player_experience":1106913,"relics_obtained":[{"floor":6.0,"key":"Yang"},{"floor":9.0,"key":"Darkstone Periapt"},{"floor":11.0,"key":"Orichalcum"},{"floor":20.0,"key":"Necronomicon"},{"floor":26.0,"key":"Question Card"},{"floor":28.0,"key":"Pen Nib"},{"floor":36,"key":"FossilizedHelix"}],"event_choices":[{"damage_healed":0.0,"max_hp_gain":0.0,"max_hp_loss":0.0,"gold_gain":0.0,"event_name":"Addict","player_choice":"Obtained Relic","floor":19.0,"gold_loss":85.0,"damage_taken":0.0,"relics_obtained":["GoldenEye"]},{"damage_healed":0.0,"max_hp_gain":0.0,"max_hp_loss":0.0,"gold_gain":0.0,"event_name":"Cursed Tome","player_choice":"Obtained Book","floor":20.0,"gold_loss":0.0,"damage_taken":16.0},{"damage_healed":0.0,"max_hp_gain":0.0,"max_hp_loss":0.0,"gold_gain":0.0,"event_name":"Vampires","player_choice":"Ignored","floor":29.0,"gold_loss":0.0,"damage_taken":0.0},{"damage_healed":0.0,"max_hp_gain":0.0,"max_hp_loss":0.0,"gold_gain":0.0,"event_name":"Colosseum","player_choice":"Fight","floor":30.0,"gold_loss":0.0,"damage_taken":0.0},{"damage_healed":0.0,"max_hp_gain":0.0,"max_hp_loss":0.0,"gold_gain":0.0,"event_name":"Colosseum","player_choice":"Fled From Nobs","floor":30.0,"gold_loss":0.0,"damage_taken":0.0},{"damage_healed":0,"gold_gain":0,"player_choice":"Fight","damage_taken":0,"max_hp_gain":0,"max_hp_loss":0,"event_name":"MindBloom","floor":36,"gold_loss":0}],"is_beta":false,"boss_relics":[{"not_picked":["Astrolabe","Velvet Choker"],"picked":"HolyWater"},{"not_picked":["Empty Cage","Snecko Eye"],"picked":"Busted Crown"}],"items_purged_floors":[],"is_endless":false,"potions_floor_spawned":[3,4,8,13,21,27,28,33,38],"killed_by":"Spire Growth","ascension_level":6}}