{"host":"wpg8td78s8974atr","time":1608056914,"event":{"mods":["AchievementEnabler","Act Like it!","BaseMod","Better Third Choice","BetterRewards","Energized Spire","Hallownest","Hermit","Highlight Path","Infinite Spire","Minty Spire (QoL Compilation)","Quick Restart","Rare Cards Sparkle","Shade Mod","Spicy Shops","StSLib","The Animator","The Bladedancer","The Bug Knight","The Cursed","The Gatherer","The Jungle","The Poker Player","Thieving Mod"],"gold_per_floor":[50,65,65,85,104,132,144,173,185,197,229,255,278,290,302,409,421,445,457,480,492,517,529,574,605,644,656,678,390,402,427,439,551,563,589,526,8,8,8,8,8,8,8,22,38,38,38,57,57,155],"floor_reached":51,"playtime":12332,"items_purged":[],"score":796,"play_id":"6c03c2d0-7ec4-41af-97f6-663b4eade03b","local_time":"20201215192834","is_ascension_mode":false,"campfire_choices":[{"data":"Apotheosis","floor":10.0,"key":"SMITH"},{"data":"HollowMod:GrimmsGift","floor":15.0,"key":"SMITH"},{"floor":23,"key":"RECALL"},{"data":"HollowMod:ChannelNail","floor":32,"key":"SMITH"},{"data":"HollowMod:NewGlowingWomb","floor":40,"key":"SMITH"},{"data":"HollowMod:SoulMaster","floor":42,"key":"SMITH"},{"data":"HollowMod:CycloneSlash","floor":49,"key":"SMITH"}],"circlet_count":0,"master_deck":["HollowMod:NailStrikeStart","HollowMod:NailStrikeStart","HollowMod:NailStrikeStart","HollowMod:QuickDashStart","HollowMod:QuickDashStart","HollowMod:QuickDashStart","HollowMod:QuickDashStart","HollowMod:FocusHealStart","HollowMod:PogoStrike","Apotheosis+1","HollowMod:SoulVessel","HollowMod:QuirrelsAssistance","HollowMod:HowlingWraiths","HollowMod:SoulEater","HollowMod:RecoilStrike","HollowMod:GrimmsGift+1","HollowMod:ZotesMagnificence","HollowMod:SoulMaster+1","infinitespire:Oblivion","HollowMod:GoodIntentions+1","HollowMod:MawleksShell","HollowMod:HeavyBlow","HollowMod:NewLastStag","HollowMod:LifebloodCore","Purity","HollowMod:ChannelNail+1","HollowMod:NewGlowingWomb+1","HollowMod:Hiveblood","HollowMod:CornifersMapStart","HollowMod:PureNailStrike+1","HollowMod:CycloneSlash+1","HollowMod:ElderbugsWisdom"],"relics":["HollowMod:VesselMask","Letter Opener","Pear","Strawberry","Hallownest:DreamNailRelic","MawBank","infinitespire:Satchel","Velvet Choker","Coffee Dripper","Matryoshka","HollowMod:KingsBrand","infinitespire:Eraser","infinitespire:Lucky Rock","energizedSpire:DeadBattery","Darkstone Periapt","Strange Spoon","infinitespire:WardingShard","Chemical X","Hallownest:KingsIdolRelic","infinitespire:ShieldingShard","Bag of Preparation"],"acts_visited":["Hallownest:Greenpath","Hallownest:Greenpath","Hallownest:KingdomsEdge"],"potions_floor_usage":[16,16,25,31,35],"damage_taken":[{"damage":0.0,"enemies":"Hallownest:2_Tiktiks_and_1_Crawlid","floor":1.0,"turns":5.0},{"damage":0.0,"enemies":"Hallownest:monsterHuskWarrior","floor":2.0,"turns":3.0},{"damage":0.0,"enemies":"2_ Uuma","floor":4.0,"turns":5.0},{"damage":0.0,"enemies":"Hallownest:monsterAspidMother","floor":5.0,"turns":7.0},{"damage":5.0,"enemies":"Hallownest:eliteCrystalGuardian","floor":6.0,"turns":7.0},{"damage":0.0,"enemies":"Hallownest:monsterFoolEater","floor":8.0,"turns":5.0},{"damage":4.0,"enemies":"Hallownest:1_Baldur_1_Crawlid_1_Warrior","floor":11.0,"turns":6.0},{"damage":5.0,"enemies":"Hallownest:Guard_and_Warrior","floor":12.0,"turns":5.0},{"damage":0.0,"enemies":"Hallownest:monsterAspidMother","floor":13.0,"turns":3.0},{"damage":3,"enemies":"Hallownest:BossBrokenVessel","floor":16,"turns":8},{"damage":6,"enemies":"theJungle:MUSHROOMGANG","floor":18,"turns":3},{"damage":0,"enemies":"theJungle:GiantWrat","floor":20,"turns":3},{"damage":0,"enemies":"theJungle:Lyon","floor":22,"turns":3},{"damage":0,"enemies":"theJungle:2_Phrogs","floor":24,"turns":5},{"damage":0,"enemies":"Snake Plant","floor":25,"turns":2},{"damage":19,"enemies":"theJungle:JungleHuntersEncounter","floor":28,"turns":5},{"damage":0,"enemies":"theJungle:2_Snecko_Cultists","floor":31,"turns":2},{"damage":14,"enemies":"theJungle:FunGuy","floor":33,"turns":10},{"damage":35,"enemies":"Hallownest:3_Siblings","floor":35,"turns":8},{"damage":48,"enemies":"Hallownest:2_Littles","floor":44,"turns":10},{"damage":23,"enemies":"Hallownest:2_Wandering_and_1_Horned","floor":45,"turns":9},{"damage":35,"enemies":"Hallownest:monsterPrimalAspid","floor":48,"turns":5},{"damage":53,"enemies":"Hallownest:BossHollowKnight","floor":50,"turns":16}],"seed_played":"7516486580649414166","potions_obtained":[{"floor":4.0,"key":"Swift Potion"},{"floor":5.0,"key":"Block Potion"},{"floor":6.0,"key":"SpeedPotion"},{"floor":12.0,"key":"AttackPotion"},{"floor":13.0,"key":"SkillPotion"},{"floor":18,"key":"Explosive Potion"},{"floor":22,"key":"Fire Potion"},{"floor":50,"key":"SteroidPotion"}],"is_trial":false,"path_per_floor":["M","M","?","M","M","E","?","M","T","R","M","M","M","$","R","B",null,"M","AVR","M","?","M","R","E","M","T","$","M","?","?","M","R","B",null,"M","?","$","?","?","R","?","R","T","M","M","?","?","M","R","B",null],"character_chosen":"THE_BUGKNIGHT","items_purchased":["Apotheosis","Letter Opener","Strawberry","Strange Spoon","infinitespire:WardingShard","Chemical X"],"campfire_rested":0,"item_purchase_floors":[0,0,0,37,37,37],"current_hp_per_floor":[92,92,92,92,92,87,87,92,92,92,92,92,92,92,92,89,92,92,92,92,83,89,89,92,92,92,92,83,83,83,83,83,79,92,92,92,92,92,87,87,87,87,87,77,87,87,87,76,76,63],"gold":155,"neow_bonus":"","is_daily":false,"chose_seed":false,"campfire_upgraded":6,"win_rate":0.0,"timestamp":1608056914,"path_taken":["M","M","?","?","M","E","?","M","T","R","M","?","M","$","R","BOSS","M","AVR","M","?","M","R","E","M","T","$","?","?","?","M","R","BOSS","M","?","$","?","?","R","?","R","T","?","M","?","?","M","R","BOSS"],"items_purchased_type":["Card","Relic","Relic","Relic","Relic","Relic"],"build_version":"2020-12-13","purchased_purges":0,"victory":true,"max_hp_per_floor":[92,92,92,92,92,92,92,92,92,92,92,92,92,92,92,92,92,92,92,92,92,92,92,92,92,92,92,92,92,92,92,92,92,92,92,92,92,92,87,87,87,87,87,87,87,87,87,87,87,87],"card_choices":[{"not_picked":["HollowMod:CrystalDash","HollowMod:NewLittleFool"],"picked":"HollowMod:SoulVessel","floor":1.0},{"not_picked":["HollowMod:ShapeofUnn","HollowMod:HeavyBlow","HollowMod:HuntersJournal"],"picked":"SKIP","floor":2.0},{"not_picked":["HollowMod:ChannelNail","HollowMod:FastStrike","HollowMod:HuntersJournal"],"picked":"SKIP","floor":4.0},{"not_picked":["HollowMod:CoiledNail","HollowMod:DoubleDash","HollowMod:InfectedAttack"],"picked":"SKIP","floor":5.0},{"not_picked":["HollowMod:SiblingsSouls","HollowMod:ShadowDash"],"picked":"HollowMod:QuirrelsAssistance","floor":6.0},{"not_picked":["HollowMod:DescendingDark","HollowMod:NewLittleFool"],"picked":"HollowMod:SoulEater","floor":8.0},{"not_picked":["HollowMod:BlackTendrils","HollowMod:WraithStrike"],"picked":"HollowMod:RecoilStrike","floor":11.0},{"not_picked":["HollowMod:CornifersMapStart","HollowMod:WraithStrike"],"picked":"HollowMod:GrimmsGift","floor":12.0},{"not_picked":["HollowMod:SiblingsSouls","HollowMod:InfectedCysts"],"picked":"HollowMod:ZotesMagnificence","floor":13.0},{"not_picked":["HollowMod:HornetsHelp","HollowMod:AwokenDreamNail"],"picked":"HollowMod:SoulMaster","floor":16},{"not_picked":["HollowMod:DoubleDash","HollowMod:HowlingWraiths+1","HollowMod:DescendingDark+1"],"picked":"SKIP","floor":18},{"not_picked":["HollowMod:DoubleDash","HollowMod:HowlingWraiths+1","HollowMod:DescendingDark+1"],"picked":"SKIP","floor":18},{"not_picked":["HollowMod:SoulStrike","HollowMod:CloakDash","HollowMod:TaintedHusks"],"picked":"SKIP","floor":20},{"not_picked":["HollowMod:DoubleDash","HollowMod:GreatSlash"],"picked":"HollowMod:GoodIntentions+1","floor":22},{"not_picked":["HollowMod:HornetsHelp","HollowMod:DashSlash","HollowMod:AbyssShriek"],"picked":"SKIP","floor":24},{"not_picked":["HollowMod:GrimmsGift","HollowMod:SharpenedShadows"],"picked":"HollowMod:MawleksShell","floor":25},{"not_picked":["HollowMod:AbyssShriek+1","HollowMod:MonarchWings+1"],"picked":"HollowMod:HeavyBlow","floor":28},{"not_picked":["HollowMod:RecoilStrike","HollowMod:DoubleDash"],"picked":"HollowMod:NewGlowingWomb","floor":31},{"not_picked":["HollowMod:VoidDash","HollowMod:MidwifesHunger"],"picked":"HollowMod:Hiveblood","floor":33},{"not_picked":["HollowMod:AbyssShriek+1","HollowMod:CrystalDash+1"],"picked":"HollowMod:CornifersMapStart","floor":35},{"not_picked":["HollowMod:ChannelNail","HollowMod:CycloneSlash","HollowMod:VengefulVoid+1"],"picked":"SKIP","floor":44},{"not_picked":["HollowMod:WraithStrike","HollowMod:DesolateDive"],"picked":"HollowMod:PureNailStrike+1","floor":45},{"not_picked":["HollowMod:InfectedCysts","HollowMod:ShapeofUnn+1"],"picked":"HollowMod:CycloneSlash","floor":48},{"not_picked":["HollowMod:VoidDash","HollowMod:MidwifesHunger"],"picked":"HollowMod:ElderbugsWisdom","floor":50}],"player_experience":214056,"relics_obtained":[{"floor":6.0,"key":"MawBank"},{"floor":9.0,"key":"infinitespire:Satchel"},{"floor":24,"key":"HollowMod:KingsBrand"},{"floor":26,"key":"infinitespire:Eraser"},{"floor":26,"key":"infinitespire:Lucky Rock"},{"floor":43,"key":"infinitespire:ShieldingShard"},{"floor":43,"key":"Bag of Preparation"}],"event_choices":[{"damage_healed":0,"gold_gain":0,"player_choice":"Damaged","damage_taken":9,"max_hp_gain":0,"max_hp_loss":0,"event_name":"Wheel of Change","floor":21,"gold_loss":0},{"damage_healed":0,"gold_gain":0,"player_choice":"3 cards matched","damage_taken":0,"max_hp_gain":0,"max_hp_loss":0,"event_name":"Match and Keep!","floor":30,"gold_loss":0,"cards_obtained":["HollowMod:LifebloodCore","Purity","HollowMod:ChannelNail"]}],"is_beta":false,"boss_relics":[{"not_picked":["Cursed Key","Empty Cage"],"picked":"Velvet Choker"},{"not_picked":["energizedSpire:StickyHand","energizedSpire:EnergizedDie"],"picked":"energizedSpire:DeadBattery"}],"items_purged_floors":[],"is_endless":false,"potions_floor_spawned":[4,5,6,12,13,18,22,24,48,50],"ascension_level":0}}