{"host":"8fjsnt81u6xsmhji","time":1608017267,"event":{"mods":["BaseMod","Colored Powertips","Downfall","Glutton Mod","Minty Spire (QoL Compilation)","Quick Restart","Somnambulant","StSLib","The Bladedancer","The Bug Knight","The Construct","The Forsaken","The Judge","The Jungle","The Mystic","TheVacant"],"gold_per_floor":[99,131,146,146,71,101,101,120,138,138,138,154,170,183,203,299,299,299,399,240,260,260,260,260,292,312,337,351,362,381,217,234,337,337,262,272,299,314,325,1324,1324,1324,1349,1274,873,873,873,883,903,903,903,930,84,84,84],"floor_reached":56,"playtime":5294,"items_purged":["champ:PerfectForm+1","champ:Defend"],"score":1456,"play_id":"359fdd66-f396-499b-8be4-42b57f8b1f12","local_time":"20201215012747","is_ascension_mode":false,"campfire_choices":[{"floor":1.0,"key":"RECALL"},{"data":"champ:DefensiveStyle","floor":5.0,"key":"SMITH"},{"floor":10.0,"key":"REST"},{"data":"champ:PerfectForm","floor":18,"key":"SMITH"},{"data":"1","floor":23,"key":"LIFT"},{"data":"champ:FalseCounter","floor":35,"key":"SMITH"},{"data":"champ:SkillfulDodge","floor":44,"key":"SMITH"},{"floor":54,"key":"REST"}],"circlet_count":0,"master_deck":["champ:Strike+1","champ:Strike","champ:Strike+1","champ:Strike","champ:Defend","champ:Defend+1","champ:Execute+1","champ:Taunt+1","champ:DefensiveStyle+1","champ:RisingSlash","champ:DefensiveShout","champ:SkillfulDodge+1","champ:SkillfulDodge+1","champ:FalseCounter+1","champ:ArenaPreparation","champ:CheapShot+1","CurseOfTheBell","champ:DefensiveStyle+1","champ:Circumvent+1","champ:ShieldSlam+1","champ:Backstep+1","champ:BringItOn+1","champ:DefensiveStyle+1","champ:CalledShot+1","champ:MurderStrike","champ:Circumvent+1","champ:DefensiveStyle+1","expansioncontent:DecasProtection+1","expansioncontent:CaCaw","expansioncontent:CaCaw","champ:Riposte+1","champ:Circumvent+1","champ:DefensiveStyle+1"],"relics":["champ:ChampionCrown","Guardian:PocketSentry","downfall:HeartBlessingRed","StoneCalendar","Meat on the Bone","Bird Faced Urn","Calling Bell","Omamori","theForsaken:HumbleEgg","construct:BoolHorns","Girya","Shuriken","champ:DefensiveTrainingManual","construct:RocketBooster","FossilizedHelix","HollowMod:StagPassRelic","DollysMirror","downfall:HeartBlessingGreen","HollowMod:PaleOreRelic","Darkstone Periapt","downfall:HeartBlessingBlue","Gremlin Horn","War Paint","Bottled Tornado","theForsaken:Kindling","OrangePellets","InkBottle"],"acts_visited":["Exordium","TheCity","TheBeyond","TheEnding"],"potions_floor_usage":[25,27,31,38,45,55,55],"damage_taken":[{"damage":30.0,"enemies":"Gremlin Nob","floor":2.0,"turns":5.0},{"damage":2.0,"enemies":"Small Slimes","floor":3.0,"turns":4.0},{"damage":13.0,"enemies":"Lagavulin","floor":6.0,"turns":6.0},{"damage":0.0,"enemies":"Cultist","floor":8.0,"turns":2.0},{"damage":1.0,"enemies":"Jaw Worm","floor":9.0,"turns":2.0},{"damage":7.0,"enemies":"Exordium Wildlife","floor":12.0,"turns":3.0},{"damage":8.0,"enemies":"3 Louse","floor":13.0,"turns":3.0},{"damage":2.0,"enemies":"Blue Slaver","floor":14.0,"turns":3.0},{"damage":1,"enemies":"3 Louse","floor":15,"turns":3},{"damage":54,"enemies":"downfall:Silent","floor":16,"turns":8},{"damage":0,"enemies":"downfall:CharBossIronclad","floor":19,"turns":1},{"damage":5,"enemies":"downfall:FleeingMerchant","floor":20,"turns":4},{"damage":22,"enemies":"Spheric Guardian","floor":21,"turns":4},{"damage":13,"enemies":"Gremlin Leader","floor":25,"turns":7},{"damage":0,"enemies":"3 Byrds","floor":26,"turns":3},{"damage":38,"enemies":"Slavers","floor":27,"turns":4},{"damage":35,"enemies":"Shelled Parasite and Fungi","floor":28,"turns":5},{"damage":14,"enemies":"Centurion and Healer","floor":29,"turns":6},{"damage":11,"enemies":"Snecko","floor":30,"turns":3},{"damage":9,"enemies":"downfall:FleeingMerchant","floor":31,"turns":5},{"damage":0,"enemies":"Sentry and Sphere","floor":32,"turns":3},{"damage":5,"enemies":"downfall:Defect","floor":33,"turns":5},{"damage":0,"enemies":"Orb Walker","floor":36,"turns":3},{"damage":14,"enemies":"3 Shapes","floor":38,"turns":6},{"damage":10,"enemies":"Spire Growth","floor":39,"turns":5},{"damage":28,"enemies":"Giant Head","floor":43,"turns":7},{"damage":0,"enemies":"downfall:FleeingMerchant","floor":45,"turns":3},{"damage":22,"enemies":"Transient","floor":48,"turns":5},{"damage":0,"enemies":"4 Shapes","floor":49,"turns":6},{"damage":53,"enemies":"downfall:Ironclad","floor":50,"turns":9},{"damage":45,"enemies":"downfall:CharBossMerchant","floor":52,"turns":6},{"damage":5,"enemies":"downfall:NeowBoss","floor":55,"turns":26}],"seed_played":"-2679170494559372234","potions_obtained":[{"floor":3.0,"key":"champ:OpenerPotion"},{"floor":8.0,"key":"Regen Potion"},{"floor":9.0,"key":"Strength Potion"},{"floor":15,"key":"hexamod:EctoCoolerPotion"},{"floor":26,"key":"SpeedPotion"},{"floor":27,"key":"champ:CounterPotion"},{"floor":32,"key":"Explosive Potion"},{"floor":33,"key":"ColorlessPotion"},{"floor":43,"key":"DistilledChaos"},{"floor":49,"key":"DuplicationPotion"}],"is_trial":false,"path_per_floor":["R","E","M","?","R","E","T","M","M","R","?","M","M","M","M","B",null,"R","?","$","M","?","R","T","E","M","E","M","M","M","$","M","B",null,"R","M","?","M","M","?","T","?","E","R","$","?","?","M","M","B",null,"E","$","R","B",null],"character_chosen":"THE_CHAMP","items_purchased":["champ:ShieldSlam","DollysMirror","Gremlin Horn","War Paint","CultistPotion","champ:DefensiveStyle","expansioncontent:DecasProtection","theForsaken:Kindling","OrangePellets","InkBottle","champ:DefensiveStyle"],"campfire_rested":2,"item_purchase_floors":[20,31,45,45,45,45,45,53,53,53,53],"current_hp_per_floor":[90,70,68,68,68,65,65,65,64,90,87,82,76,76,77,55,90,90,90,90,73,73,73,73,84,88,62,68,77,80,89,90,90,90,90,90,90,90,85,85,85,85,90,100,100,90,90,83,100,65,100,74,74,105,105],"gold":84,"neow_bonus":"UPGRADE_CARD","is_daily":false,"chose_seed":false,"campfire_upgraded":4,"win_rate":0.0,"timestamp":1608017267,"path_taken":["R","E","M","?","R","E","T","?","M","R","?","M","M","M","M","BOSS","R","?","$","M","?","R","T","E","M","E","M","M","M","$","M","BOSS","R","M","?","M","M","?","T","?","E","R","$","?","?","M","M","BOSS","E","$","R","BOSS"],"items_purchased_type":["Card","Relic","Relic","Relic","Potion","Card","Card","Relic","Relic","Relic","Card"],"build_version":"2020-12-13","purchased_purges":2,"victory":true,"max_hp_per_floor":[90,90,90,90,90,90,90,90,90,90,90,90,90,90,90,90,90,90,90,90,90,90,90,90,90,90,90,90,90,90,90,90,90,90,90,90,90,90,90,90,90,90,90,100,100,100,100,100,100,100,100,100,100,105,105],"card_choices":[{"not_picked":["champ:HeartStrike","champ:DancingMaster"],"picked":"champ:DefensiveStyle","floor":2.0},{"not_picked":["champ:BerserkersShout","champ:CrookedStrike","champ:BringItOn"],"picked":"SKIP","floor":3.0},{"not_picked":["champ:TornadoPunch","champ:FocusedBerserking"],"picked":"champ:DefensiveShout","floor":6.0},{"not_picked":["champ:BladeFlurry","champ:Circumvent"],"picked":"champ:SkillfulDodge","floor":8.0},{"not_picked":["champ:PerfectedStrike","champ:CalledShot"],"picked":"champ:SkillfulDodge","floor":9.0},{"not_picked":["champ:BringItOn","champ:FanOfKnives"],"picked":"champ:FalseCounter","floor":12.0},{"not_picked":["champ:ShieldWall","champ:FlashCut"],"picked":"champ:PerfectForm","floor":13.0},{"not_picked":["champ:TornadoPunch","champ:FanOfKnives"],"picked":"champ:ArenaPreparation","floor":14.0},{"not_picked":["champ:PerfectedStrike","champ:IronFortress","champ:FlashCut"],"picked":"SKIP","floor":15},{"not_picked":["champ:HoldFirm","champ:LastStand"],"picked":"champ:CheapShot","floor":16},{"not_picked":["champ:FanOfKnives+1","champ:BladeFlurry+1"],"picked":"champ:DefensiveStyle+1","floor":19},{"not_picked":["champ:RapidStrikes","champ:StanceDance+1"],"picked":"champ:Circumvent+1","floor":20},{"not_picked":["champ:BladeFlurry+1","champ:StanceDance+1"],"picked":"champ:Backstep+1","floor":21},{"not_picked":["champ:PreciseThrust","champ:Riposte","champ:BringItOn+1"],"picked":"SKIP","floor":25},{"not_picked":["champ:Haymaker+1","champ:Circumvent+1","champ:Riposte+1"],"picked":"SKIP","floor":26},{"not_picked":["champ:PerfectedStrike+1","champ:ViciousMockery","champ:SwordThrow"],"picked":"SKIP","floor":27},{"not_picked":["champ:IronFortress+1","champ:PerfectedStrike+1","champ:Duel"],"picked":"SKIP","floor":28},{"not_picked":["champ:FanOfKnives+1","champ:Shatter"],"picked":"champ:BringItOn+1","floor":29},{"not_picked":["champ:PerfectedStrike+1","champ:StanceDance+1","champ:FanOfKnives+1"],"picked":"SKIP","floor":30},{"not_picked":["champ:FightOn","champ:FlashCut+1","champ:ArenaPreparation+1"],"picked":"SKIP","floor":31},{"not_picked":["champ:RapidStrikes","champ:AdrenalArmor+1"],"picked":"champ:CalledShot+1","floor":32},{"not_picked":["champ:HeavySlash","champ:HoldFirm"],"picked":"champ:MurderStrike","floor":33},{"not_picked":["champ:Encircle+1","champ:BerserkersShout+1","champ:DeathBlow"],"picked":"SKIP","floor":36},{"not_picked":["champ:FanOfKnives+1","champ:BerserkerStyle","champ:PreciseThrust"],"picked":"SKIP","floor":38},{"not_picked":["champ:StanceDance+1","champ:BringItOn+1"],"picked":"champ:Circumvent+1","floor":39},{"not_picked":["champ:StanceDance+1","champ:BladeFlurry+1","champ:Encircle+1"],"picked":"SKIP","floor":43},{"not_picked":["champ:SwordThrow","champ:Haymaker+1","champ:BerserkersShout+1"],"picked":"SKIP","floor":45},{"not_picked":["expansioncontent:AwakenDeath","expansioncontent:ManipulateTime"],"picked":"expansioncontent:CaCaw","floor":46},{"not_picked":["expansioncontent:FaceSlap","expansioncontent:HyperBeam"],"picked":"expansioncontent:CaCaw","floor":46},{"not_picked":["champ:GladiatorsShout+1","champ:Backstep+1"],"picked":"champ:Circumvent+1","floor":48},{"not_picked":["champ:Backstep+1","champ:Lariat","champ:FaceSlap+1"],"picked":"SKIP","floor":49},{"not_picked":["champ:CrookedStrike+1","champ:DefensiveShout+1","champ:FlashCut+1"],"picked":"SKIP","floor":52}],"player_experience":546492,"relics_obtained":[{"floor":2.0,"key":"Guardian:PocketSentry"},{"floor":6.0,"key":"StoneCalendar"},{"floor":7.0,"key":"Meat on the Bone"},{"floor":17,"key":"Omamori"},{"floor":17,"key":"theForsaken:HumbleEgg"},{"floor":17,"key":"construct:BoolHorns"},{"floor":19,"key":"Girya"},{"floor":19,"key":"Shuriken"},{"floor":24,"key":"construct:RocketBooster"},{"floor":25,"key":"FossilizedHelix"},{"floor":27,"key":"HollowMod:StagPassRelic"},{"floor":41,"key":"HollowMod:PaleOreRelic"},{"floor":43,"key":"Darkstone Periapt"},{"floor":52,"key":"Bottled Tornado"}],"event_choices":[{"damage_healed":0.0,"max_hp_gain":0.0,"max_hp_loss":0.0,"gold_gain":0.0,"cards_transformed":["champ:Defend"],"event_name":"Transmorgrifier","player_choice":"Transformed","floor":4.0,"gold_loss":0.0,"damage_taken":0.0,"cards_obtained":["champ:RisingSlash"]},{"damage_healed":0.0,"max_hp_gain":0.0,"max_hp_loss":0.0,"gold_gain":0.0,"event_name":"Scrap Ooze","player_choice":"Success","floor":11.0,"gold_loss":0.0,"damage_taken":3.0,"relics_obtained":["Bird Faced Urn"]}],"is_beta":false,"boss_relics":[{"not_picked":["Ectoplasm","Tiny House"],"picked":"Calling Bell"},{"not_picked":["Coffee Dripper","Snecko Eye","Pandora\u0027s Box"]}],"items_purged_floors":[45,53],"is_endless":false,"potions_floor_spawned":[3,8,9,15,21,26,27,29,32,33,43,49],"ascension_level":0}}