{"host":"sabve5zmqufxyc5o","time":1608032617,"event":{"mods":["2.2 Compatiblity","AchievementEnabler","Act Like it!","BaseMod","Block Reminder","Colored Map","Colored Powertips","DeckTracker","KOR Keyword Fix","Keyboard Shortcuts","Minty Spire (QoL Compilation)","Quick Restart","Rare Cards Sparkle","Relic Stats","StSLib","SuperFastMode"],"gold_per_floor":[111,128,2,21,32,58,71,81,163,181,181,197,209,220,220,296,296,308,308,358,371,112,112,10,22,48,67,84,84,9,29,29,101,101,113,113,3,19,0,0,14,24,76,94,107,107,0,29,29,29],"floor_reached":51,"playtime":1633,"items_purged":["Strike_B","Defend_B","Defend_B","Zap"],"score":1277,"play_id":"a6e7f441-8458-4fbd-adca-c9182dd3a7c8","local_time":"20201215204337","is_ascension_mode":true,"campfire_choices":[{"data":"Dualcast","floor":11.0,"key":"SMITH"},{"data":"Go for the Eyes","floor":15.0,"key":"SMITH"},{"data":"Defragment","floor":23.0,"key":"SMITH"},{"floor":29.0,"key":"REST"},{"data":"Coolheaded","floor":32.0,"key":"SMITH"},{"data":"Blizzard","floor":40.0,"key":"SMITH"},{"data":"Biased Cognition","floor":46.0,"key":"SMITH"},{"floor":49.0,"key":"REST"}],"circlet_count":0,"master_deck":["AscendersBane","Defend_B","Dualcast+1","Rebound","Self Repair","Go for the Eyes+1","Compile Driver","BootSequence","Cold Snap","Chill","Streamline","Ball Lightning","Core Surge","Sweeping Beam+1","White Noise+1","Heatsinks+1","Defragment+1","Coolheaded+1","Blizzard+1","Defragment+1","Cold Snap+1","Seek+1","Undo","Coolheaded+1","Biased Cognition+1"],"relics":["Cracked Core","Pen Nib","Astrolabe","Membership Card","Toy Ornithopter","Nuclear Battery","Potion Belt","Red Mask","Oddly Smooth Stone"],"acts_visited":["Exordium","TheCity","TheBeyond"],"potions_floor_usage":[50,50],"damage_taken":[{"damage":0.0,"enemies":"Cultist","floor":1.0,"turns":3.0},{"damage":11.0,"enemies":"Jaw Worm","floor":2.0,"turns":4.0},{"damage":0.0,"enemies":"Small Slimes","floor":4.0,"turns":2.0},{"damage":3.0,"enemies":"Blue Slaver","floor":5.0,"turns":3.0},{"damage":3.0,"enemies":"Looter","floor":7.0,"turns":3.0},{"damage":22.0,"enemies":"Gremlin Gang","floor":8.0,"turns":5.0},{"damage":18.0,"enemies":"Large Slime","floor":10.0,"turns":3.0},{"damage":7.0,"enemies":"2 Fungi Beasts","floor":12.0,"turns":3.0},{"damage":11.0,"enemies":"Exordium Thugs","floor":13.0,"turns":3.0},{"damage":9.0,"enemies":"Exordium Wildlife","floor":14.0,"turns":3.0},{"damage":8.0,"enemies":"The Guardian","floor":16.0,"turns":13.0},{"damage":26.0,"enemies":"Spheric Guardian","floor":18.0,"turns":4.0},{"damage":18.0,"enemies":"Shell Parasite","floor":21.0,"turns":5.0},{"damage":14.0,"enemies":"Centurion and Healer","floor":25.0,"turns":7.0},{"damage":3.0,"enemies":"Snake Plant","floor":27.0,"turns":3.0},{"damage":17.0,"enemies":"Shelled Parasite and Fungi","floor":28.0,"turns":8.0},{"damage":3.0,"enemies":"Centurion and Healer","floor":31.0,"turns":6.0},{"damage":15.0,"enemies":"Champ","floor":33.0,"turns":17.0},{"damage":15.0,"enemies":"Orb Walker","floor":35.0,"turns":4.0},{"damage":10.0,"enemies":"3 Shapes","floor":38.0,"turns":6.0},{"damage":0.0,"enemies":"3 Darklings","floor":41.0,"turns":4.0},{"damage":0.0,"enemies":"Spire Growth","floor":42.0,"turns":6.0},{"damage":14.0,"enemies":"Jaw Worm Horde","floor":44.0,"turns":5.0},{"damage":4.0,"enemies":"Writhing Mass","floor":45.0,"turns":23.0},{"damage":34.0,"enemies":"Giant Head","floor":48.0,"turns":14.0},{"damage":15,"enemies":"Time Eater","floor":50,"turns":26}],"seed_played":"751743422319703493","potions_obtained":[{"floor":1.0,"key":"PotionOfCapacity"},{"floor":2.0,"key":"Swift Potion"},{"floor":10.0,"key":"Swift Potion"},{"floor":13.0,"key":"GamblersBrew"},{"floor":16.0,"key":"Strength Potion"},{"floor":21.0,"key":"DuplicationPotion"},{"floor":28.0,"key":"EssenceOfDarkness"},{"floor":38.0,"key":"FocusPotion"},{"floor":44.0,"key":"BlessingOfTheForge"}],"is_trial":false,"path_per_floor":["M","M","$","M","M","T","M","M","T","M","R","M","M","M","R","B",null,"M","?","?","M","$","R","$","M","T","M","M","R","$","M","R","B",null,"M","?","?","M","$","R","M","M","T","M","M","R","?","E","R","B",null],"character_chosen":"DEFECT","items_purchased":["Compile Driver","Membership Card","Defragment","Coolheaded","Blizzard","Undo"],"campfire_rested":2,"item_purchase_floors":[3,22,22,22,24,39],"current_hp_per_floor":[64,60,60,60,64,64,68,53,53,42,42,42,38,36,36,35,62,43,43,43,32,32,32,32,25,25,27,17,38,38,42,42,44,64,56,56,56,53,53,53,60,67,67,60,63,63,63,36,57,59],"gold":29,"neow_bonus":"TRANSFORM_CARD","is_daily":false,"chose_seed":false,"campfire_upgraded":6,"win_rate":0.0,"timestamp":1608032617,"path_taken":["M","M","$","M","M","?","M","M","T","M","R","M","M","M","R","BOSS","M","?","?","M","$","R","$","M","T","M","M","R","$","M","R","BOSS","M","?","?","M","$","R","M","M","T","M","?","R","?","E","R","BOSS"],"items_purchased_type":["Card","Relic","Card","Card","Card","Card"],"build_version":"2020-12-13","purchased_purges":4,"victory":true,"max_hp_per_floor":[71,71,71,71,71,71,71,71,71,71,71,71,71,71,71,71,71,71,71,71,71,71,71,71,71,71,71,71,71,71,71,71,71,71,71,71,71,71,71,71,71,71,71,71,71,71,71,71,71,71],"relic_stats":{"counters":[26,183],"Astrolabe":["Sweeping Beam","White Noise","Heatsinks"],"Pen Nib":[32],"obtain_stats":[{"Potion Belt":43,"Astrolabe":17,"Oddly Smooth Stone":48,"Pen Nib":6,"Red Mask":47,"Membership Card":22,"Cracked Core":0,"Toy Ornithopter":26,"Nuclear Battery":34},{"Potion Belt":22,"Astrolabe":11,"Oddly Smooth Stone":25,"Pen Nib":4,"Red Mask":24,"Membership Card":13,"Cracked Core":0,"Toy Ornithopter":14,"Nuclear Battery":18},{"Potion Belt":115,"Astrolabe":45,"Oddly Smooth Stone":157,"Pen Nib":12,"Red Mask":143,"Membership Card":54,"Cracked Core":0,"Toy Ornithopter":61,"Nuclear Battery":95}],"Toy Ornithopter":25},"card_choices":[{"not_picked":["Force Field","Rip and Tear"],"picked":"Self Repair","floor":1.0},{"not_picked":["Stack","Reinforced Body"],"picked":"Go for the Eyes","floor":2.0},{"not_picked":["Double Energy","Barrage","Recycle"],"picked":"SKIP","floor":4.0},{"not_picked":["Go for the Eyes","Reprogram"],"picked":"Rip and Tear","floor":5.0},{"not_picked":["Force Field","Steam"],"picked":"Turbo","floor":7.0},{"not_picked":["Barrage","Auto Shields"],"picked":"BootSequence","floor":8.0},{"not_picked":["Conserve Battery","Thunder Strike"],"picked":"Cold Snap","floor":10.0},{"not_picked":["Sweeping Beam","FTL"],"picked":"Chill","floor":12.0},{"not_picked":["Redo","Compile Driver"],"picked":"Streamline","floor":13.0},{"not_picked":["Tempest","Static Discharge"],"picked":"Ball Lightning","floor":14.0},{"not_picked":["Creative AI","Buffer"],"picked":"Core Surge","floor":16.0},{"not_picked":["Turbo","FTL","Hologram"],"picked":"SKIP","floor":18.0},{"not_picked":["Barrage","Sweeping Beam","Storm"],"picked":"SKIP","floor":21.0},{"not_picked":["Storm","Barrage","Rip and Tear"],"picked":"SKIP","floor":25.0},{"not_picked":["Reinforced Body","Double Energy","Fusion"],"picked":"SKIP","floor":27.0},{"not_picked":["Streamline","Gash"],"picked":"Defragment+1","floor":28.0},{"not_picked":["Barrage","Defragment"],"picked":"Cold Snap+1","floor":31.0},{"not_picked":["Echo Form","Core Surge"],"picked":"Seek","floor":33.0},{"not_picked":["Beam Cell","Hello World","Rebound+1"],"picked":"SKIP","floor":35.0},{"not_picked":["Streamline","Gash","Force Field"],"picked":"SKIP","floor":38.0},{"not_picked":["Stack+1","Rebound"],"picked":"Coolheaded+1","floor":41.0},{"not_picked":["Leap","Conserve Battery","Hologram"],"picked":"SKIP","floor":42.0},{"not_picked":["Darkness","Beam Cell+1"],"picked":"Biased Cognition","floor":44.0},{"not_picked":["Gash+1","Darkness+1","Chaos"],"picked":"SKIP","floor":45.0},{"not_picked":["Turbo","Double Energy","Streamline"],"picked":"SKIP","floor":48.0}],"player_experience":777409,"relics_obtained":[{"floor":6.0,"key":"Pen Nib"},{"floor":26.0,"key":"Toy Ornithopter"},{"floor":43.0,"key":"Potion Belt"},{"floor":48.0,"key":"Oddly Smooth Stone"}],"event_choices":[{"damage_healed":0.0,"max_hp_gain":0.0,"max_hp_loss":0.0,"gold_gain":0.0,"event_name":"The Mausoleum","player_choice":"Ignored","floor":19.0,"gold_loss":0.0,"damage_taken":0.0},{"damage_healed":0.0,"max_hp_gain":0.0,"max_hp_loss":0.0,"gold_gain":50.0,"event_name":"Nest","player_choice":"Stole From Cult","floor":20.0,"gold_loss":0.0,"damage_taken":0.0},{"cards_removed":["Turbo"],"damage_healed":0.0,"max_hp_gain":0.0,"max_hp_loss":0.0,"gold_gain":0.0,"event_name":"Falling","player_choice":"Removed Skill","floor":36.0,"gold_loss":0.0,"damage_taken":0.0},{"cards_removed":["Rip and Tear"],"damage_healed":0.0,"max_hp_gain":0.0,"max_hp_loss":0.0,"gold_gain":0.0,"event_name":"Designer","player_choice":"Upgrade and Remove","floor":37.0,"gold_loss":110.0,"damage_taken":0.0,"cards_upgraded":["Seek"]},{"damage_healed":0.0,"max_hp_gain":0.0,"max_hp_loss":0.0,"gold_gain":0.0,"event_name":"Tomb of Lord Red Mask","player_choice":"Paid","floor":47.0,"gold_loss":107.0,"damage_taken":0.0,"relics_obtained":["Red Mask"]}],"is_beta":false,"boss_relics":[{"not_picked":["Snecko Eye","Velvet Choker"],"picked":"Astrolabe"},{"not_picked":["Calling Bell","Black Star"],"picked":"Nuclear Battery"}],"items_purged_floors":[3,22,24,30],"is_endless":false,"potions_floor_spawned":[1,2,10,12,13,16,21,28,38,44],"ascension_level":19}}