{"host":"ik8ww1p4uabx5gam","time":1608003495,"event":{"mods":["Always Whale","Aspiration","BaseMod","Better Third Choice","BetterRewards","Colored Map","Conspire","Energized Spire","FetchMod","Hubris","Infinite Spire","Jedi Mod","Minty Spire (QoL Compilation)","Random Character Button","Replay The Spire","Shop Mod","Spicy Shops","Spikes Relics","StSLib","The Blue Laboratory","Wandering Minibosses"],"gold_per_floor":[211,211,13,29,48,48,66,94,94,107,130,130,146,165,165,165,165],"floor_reached":16,"playtime":1260,"items_purged":["Strike_B"],"score":139,"play_id":"7f3e3894-7a21-4b31-afe7-984a9cf41cec","local_time":"20201214213815","is_ascension_mode":true,"campfire_choices":[{"data":"Loop","floor":6,"key":"SMITH"},{"floor":12,"key":"REST"},{"floor":15,"key":"REST"}],"circlet_count":0,"master_deck":["Strike_B","Strike_B","Strike_B","Defend_B","Defend_B","Defend_B","Defend_B","Zap","Dualcast","BasicCrystalCard","Loop+1","jedi:spotbugs","Defragment","Force Field","jedi:BurstFrost","Pride"],"relics":["Cracked Core","aspiration:ChemicalBlood","Mango","Odd Mushroom"],"acts_visited":["Exordium"],"potions_floor_usage":[10,11,16,16,16,16],"damage_taken":[{"damage":8,"enemies":"Small Slimes","floor":1,"turns":3},{"damage":1,"enemies":"Cultist","floor":4,"turns":3},{"damage":0,"enemies":"conspire:RoseBush","floor":5,"turns":3},{"damage":7,"enemies":"Looter","floor":7,"turns":3},{"damage":28,"enemies":"Gremlin Nob","floor":8,"turns":4},{"damage":11,"enemies":"Blue Slaver","floor":10,"turns":3},{"damage":21,"enemies":"The Mushroom Lair","floor":11,"turns":6},{"damage":28,"enemies":"Lots of Slimes","floor":13,"turns":4},{"damage":9,"enemies":"3 Louse","floor":14,"turns":3},{"damage":30,"enemies":"Slime Boss","floor":16,"turns":6}],"seed_played":"1506508475036416205","potions_obtained":[{"floor":5,"key":"FearPotion"},{"floor":7,"key":"blueLaboratory:ExaltedPotion"},{"floor":8,"key":"FearPotion"},{"floor":11,"key":"blueLaboratory:AbyssPotion"},{"floor":13,"key":"Dexterity Potion"},{"floor":14,"key":"Adrenaline Potion"}],"is_trial":false,"path_per_floor":["M","?","$","M","M","R","M","E","T","M","?","R","M","M","R","B"],"character_chosen":"DEFECT","items_purchased":["Loop"],"campfire_rested":2,"item_purchase_floors":[3],"current_hp_per_floor":[67,67,67,66,66,66,59,31,45,34,13,39,11,2,28,0,0],"gold":165,"neow_bonus":"HUNDRED_GOLD","is_daily":false,"chose_seed":false,"campfire_upgraded":1,"win_rate":0.0,"timestamp":1608003495,"path_taken":["M","?","$","M","M","R","?","E","T","M","?","R","M","M","R","BOSS"],"items_purchased_type":["Card"],"build_version":"2020-12-13","purchased_purges":1,"victory":false,"max_hp_per_floor":[75,75,75,75,75,75,75,75,89,89,89,89,89,89,89,91,91],"card_choices":[{"not_picked":["Self Repair","jedi:BurstFrost"],"picked":"BasicCrystalCard","floor":1},{"not_picked":["ReplayTheSpireMod:System Scan","Barrage","Rebound"],"picked":"SKIP","floor":4},{"not_picked":["RefreshScreen","Static Discharge"],"picked":"jedi:spotbugs","floor":5},{"not_picked":["DiskWipe","Beam Cell"],"picked":"Defragment","floor":7},{"not_picked":["jedi:reiji","jedi:bruteforce","Go for the Eyes"],"picked":"SKIP","floor":8},{"not_picked":["Beam Cell","Panic Button"],"picked":"Force Field","floor":10},{"not_picked":["ReplayTheSpireMod:Reroute Power","Gash"],"picked":"jedi:BurstFrost","floor":13},{"not_picked":["jedi:BurstFrost","Beam Cell","conspire:SharedLibrary"],"picked":"SKIP","floor":14}],"player_experience":879794,"relics_obtained":[{"floor":8,"key":"aspiration:ChemicalBlood"},{"floor":9,"key":"Mango"},{"floor":11,"key":"Odd Mushroom"}],"event_choices":[{"damage_healed":0,"gold_gain":0,"player_choice":"Bought 0 Potions","damage_taken":0,"max_hp_gain":0,"max_hp_loss":0,"event_name":"The Woman in Blue","floor":2,"gold_loss":0},{"damage_healed":0,"gold_gain":0,"player_choice":"Fought Mushrooms","damage_taken":0,"max_hp_gain":0,"max_hp_loss":0,"event_name":"Mushrooms","floor":11,"gold_loss":0}],"is_beta":false,"boss_relics":[],"items_purged_floors":[3],"is_endless":false,"potions_floor_spawned":[5,7,8,11],"killed_by":"Slime Boss","ascension_level":2}}