{"host":"g76rhe4j5kh9hdf9","time":1608001966,"event":{"mods":["Act Like it!","BaseMod","Better Third Choice","GifTheSpireLib","Minty Spire (QoL Compilation)","Relic Stats","Robot Space Explorer","Spicy Shops","StSLib"],"gold_per_floor":[112,112,124,124,141,175,189,216,216,245,259,259,19,19,19,143,143,162,162,162,162,180,213,213,213,213,213,253,78,94,107,107,226,226,246,101,115,115,41,41,62,78,133,156,175,175,193,234,234,234,234,234,35,79,79],"floor_reached":56,"playtime":3436,"items_purged":["RobotSpaceExplorer:MakeshiftVolley","RobotSpaceExplorer:Strike"],"score":1387,"play_id":"4c7c456d-f4de-4357-8d49-519c9906348c","local_time":"20201214191246","is_ascension_mode":false,"campfire_choices":[{"data":"RobotSpaceExplorer:ShovelStrike","floor":12.0,"key":"SMITH"},{"floor":15.0,"key":"REST"},{"data":"RobotSpaceExplorer:ChargingLaser","floor":24.0,"key":"SMITH"},{"data":"RobotSpaceExplorer:MiniLasers","floor":32.0,"key":"SMITH"},{"floor":40.0,"key":"RECALL"},{"data":"RobotSpaceExplorer:DualCore","floor":46,"key":"SMITH"},{"data":"RobotSpaceExplorer:FranticSearch","floor":49,"key":"SMITH"},{"data":"RobotSpaceExplorer:IronShell","floor":52,"key":"SMITH"}],"circlet_count":0,"master_deck":["RobotSpaceExplorer:Strike","RobotSpaceExplorer:Defend","RobotSpaceExplorer:Defend","RobotSpaceExplorer:Defend","RobotSpaceExplorer:Defend+1","RobotSpaceExplorer:Scan+1","RobotSpaceExplorer:MiniLasers+1","RobotSpaceExplorer:DualCore+1","RobotSpaceExplorer:MiniDrones","RobotSpaceExplorer:MiniDrones","RobotSpaceExplorer:ScrapToss","RobotSpaceExplorer:ShovelStrike+1","RobotSpaceExplorer:ChargingLaser+1","RobotSpaceExplorer:IronShell+1","RobotSpaceExplorer:JunkDive","RobotSpaceExplorer:FranticSearch+1","RobotSpaceExplorer:JunkDive","RobotSpaceExplorer:DualCore+1","RobotSpaceExplorer:ChargingLaser","RobotSpaceExplorer:FranticSearch+1","RobotSpaceExplorer:ShovelStrike+1","RobotSpaceExplorer:ShovelStrike+1","RobotSpaceExplorer:ScrapToss+1","RobotSpaceExplorer:Multitool","RobotSpaceExplorer:MiniBoosters"],"relics":["RobotSpaceExplorer:TurboCore","NeowsBlessing","RobotSpaceExplorer:FoglandsKnife","Torii","Ginger","RobotSpaceExplorer:BottledGravity","Meat on the Bone","Golden Idol","SlaversCollar","InkBottle","Nilry\u0027s Codex","Vajra","Omamori","DollysMirror","Anchor","Potion Belt","Darkstone Periapt","Medical Kit","Lantern"],"acts_visited":["Exordium","TheCity","TheBeyond","TheEnding"],"potions_floor_usage":[45,47,50,55,55,55],"damage_taken":[{"damage":0.0,"enemies":"Small Slimes","floor":1.0,"turns":1.0},{"damage":0.0,"enemies":"Jaw Worm","floor":3.0,"turns":1.0},{"damage":0.0,"enemies":"Cultist","floor":5.0,"turns":1.0},{"damage":37.0,"enemies":"Lagavulin","floor":6.0,"turns":8.0},{"damage":0.0,"enemies":"Lots of Slimes","floor":7.0,"turns":3.0},{"damage":9.0,"enemies":"3 Sentries","floor":8.0,"turns":7.0},{"damage":14.0,"enemies":"Gremlin Nob","floor":10.0,"turns":4.0},{"damage":0.0,"enemies":"2 Fungi Beasts","floor":11.0,"turns":3.0},{"damage":11.0,"enemies":"Hexaghost","floor":16.0,"turns":10.0},{"damage":1.0,"enemies":"Shell Parasite","floor":18.0,"turns":5.0},{"damage":0.0,"enemies":"Chosen","floor":22.0,"turns":3.0},{"damage":1.0,"enemies":"Gremlin Leader","floor":23.0,"turns":5.0},{"damage":0.0,"enemies":"Book of Stabbing","floor":28.0,"turns":4.0},{"damage":1.0,"enemies":"Centurion and Healer","floor":30.0,"turns":3.0},{"damage":0.0,"enemies":"Snecko","floor":31.0,"turns":1.0},{"damage":0.0,"enemies":"Champ","floor":33.0,"turns":1.0},{"damage":0.0,"enemies":"3 Darklings","floor":35.0,"turns":2.0},{"damage":0.0,"enemies":"3 Shapes","floor":37.0,"turns":1.0},{"damage":0.0,"enemies":"Sphere and 2 Shapes","floor":41.0,"turns":1.0},{"damage":0.0,"enemies":"3 Darklings","floor":42.0,"turns":1.0},{"damage":0.0,"enemies":"Maw","floor":44.0,"turns":1.0},{"damage":0,"enemies":"Writhing Mass","floor":45,"turns":5},{"damage":0,"enemies":"Transient","floor":47,"turns":5},{"damage":0,"enemies":"Reptomancer","floor":48,"turns":1},{"damage":0,"enemies":"Donu and Deca","floor":50,"turns":3},{"damage":0,"enemies":"Shield and Spear","floor":54,"turns":3},{"damage":65,"enemies":"The Heart","floor":55,"turns":5}],"seed_played":"3173616598892433799","potions_obtained":[{"floor":5.0,"key":"Fire Potion"},{"floor":6.0,"key":"Fruit Juice"},{"floor":11.0,"key":"Swift Potion"},{"floor":18.0,"key":"Ancient Potion"},{"floor":35.0,"key":"Weak Potion"},{"floor":37.0,"key":"PowerPotion"},{"floor":47,"key":"PowerPotion"},{"floor":54,"key":"RobotSpaceExplorer:LiquidFusion"}],"is_trial":false,"path_per_floor":["M","?","M","?","M","E","M","E","T","E","M","R","$","?","R","B",null,"M","?","?","?","M","E","R","?","T","?","E","$","M","M","R","B",null,"M","$","M","?","$","R","M","M","T","M","M","R","M","E","R","B",null,"R","$","E","B",null],"character_chosen":"RobotSpaceExplorer","items_purchased":["Meat on the Bone","DollysMirror","Anchor","Medical Kit","Strength Potion"],"campfire_rested":1,"item_purchase_floors":[13,36,39,53,53],"current_hp_per_floor":[75,60,60,60,60,28,28,19,19,5,5,5,5,5,27,28,74,73,73,73,66,66,65,65,49,49,49,49,49,48,48,48,48,74,74,74,74,74,74,74,74,74,74,74,74,74,74,74,74,74,74,74,74,74,21],"gold":79,"neow_bonus":"THREE_ENEMY_KILL","is_daily":false,"chose_seed":false,"campfire_upgraded":6,"win_rate":0.0,"timestamp":1608001966,"path_taken":["M","?","M","?","?","E","M","E","T","E","M","R","?","?","R","BOSS","M","?","?","?","?","E","R","?","T","?","E","$","M","M","R","BOSS","M","$","M","?","$","R","?","M","T","M","M","R","M","E","R","BOSS","R","$","E","BOSS"],"items_purchased_type":["Relic","Relic","Relic","Relic","Potion"],"build_version":"2020-12-13","purchased_purges":2,"victory":true,"max_hp_per_floor":[75,75,75,75,75,80,80,80,80,80,80,80,80,74,74,74,74,74,74,74,74,74,74,74,74,74,74,74,74,74,74,74,74,74,74,74,74,74,74,74,74,74,74,74,74,74,74,74,74,74,74,74,74,74,74],"relic_stats":{"Darkstone Periapt":0,"Torii":39,"counters":[27,88],"Golden Idol":172,"Ginger":[2],"Medical Kit":[4],"obtain_stats":[{"Potion Belt":43,"Darkstone Periapt":48,"Lantern":54,"NeowsBlessing":0,"Torii":8,"Golden Idol":14,"Nilry\u0027s Codex":25,"Vajra":27,"RobotSpaceExplorer:RoboCore":0,"Omamori":28,"Ginger":9,"Medical Kit":53,"RobotSpaceExplorer:TurboCore":34,"RobotSpaceExplorer:FoglandsKnife":6,"SlaversCollar":17,"Anchor":39,"RobotSpaceExplorer:BottledGravity":10,"DollysMirror":36,"InkBottle":23,"Meat on the Bone":13},{"Potion Belt":20,"Darkstone Periapt":24,"Lantern":26,"NeowsBlessing":0,"Torii":6,"Golden Idol":8,"Nilry\u0027s Codex":12,"Vajra":12,"RobotSpaceExplorer:RoboCore":0,"Omamori":13,"Ginger":6,"Medical Kit":25,"RobotSpaceExplorer:TurboCore":16,"RobotSpaceExplorer:FoglandsKnife":4,"SlaversCollar":9,"Anchor":18,"RobotSpaceExplorer:BottledGravity":7,"DollysMirror":17,"InkBottle":12,"Meat on the Bone":8},{"Potion Belt":65,"Darkstone Periapt":77,"Lantern":83,"NeowsBlessing":0,"Torii":21,"Golden Idol":28,"Nilry\u0027s Codex":51,"Vajra":51,"RobotSpaceExplorer:RoboCore":0,"Omamori":55,"Ginger":21,"Medical Kit":80,"RobotSpaceExplorer:TurboCore":60,"RobotSpaceExplorer:FoglandsKnife":11,"SlaversCollar":38,"Anchor":63,"RobotSpaceExplorer:BottledGravity":25,"DollysMirror":62,"InkBottle":51,"Meat on the Bone":28}],"InkBottle":[41],"Meat on the Bone":24},"card_choices":[{"not_picked":["RobotSpaceExplorer:Counterblock","RobotSpaceExplorer:Jetpack"],"picked":"RobotSpaceExplorer:MakeshiftVolley","floor":1.0},{"not_picked":["RobotSpaceExplorer:MakeshiftVolley","RobotSpaceExplorer:Probe","RobotSpaceExplorer:Electroshield"],"picked":"SKIP","floor":3.0},{"not_picked":["RobotSpaceExplorer:SurgingStrike","RobotSpaceExplorer:Counterblock"],"picked":"RobotSpaceExplorer:DualCore","floor":5.0},{"not_picked":["RobotSpaceExplorer:PowerCollector","RobotSpaceExplorer:FranticSearch"],"picked":"RobotSpaceExplorer:MiniDrones","floor":6.0},{"not_picked":["RobotSpaceExplorer:ShockKick","RobotSpaceExplorer:HighVoltage"],"picked":"RobotSpaceExplorer:MiniDrones","floor":7.0},{"not_picked":["RobotSpaceExplorer:MiniDrones","RobotSpaceExplorer:MetalStrike"],"picked":"RobotSpaceExplorer:ScrapToss","floor":8.0},{"not_picked":["RobotSpaceExplorer:StunGrenade","RobotSpaceExplorer:ImprovisedAttack"],"picked":"RobotSpaceExplorer:ShovelStrike","floor":10.0},{"not_picked":["RobotSpaceExplorer:ShovelStrike","RobotSpaceExplorer:PowerCollector","RobotSpaceExplorer:Ammunition"],"picked":"SKIP","floor":11.0},{"not_picked":["RobotSpaceExplorer:DroneSwarm","RobotSpaceExplorer:Explosion"],"picked":"RobotSpaceExplorer:ChargingLaser","floor":16.0},{"not_picked":["RobotSpaceExplorer:ShovelStrike","RobotSpaceExplorer:Jetpack"],"picked":"RobotSpaceExplorer:IronShell","floor":18.0},{"not_picked":["RobotSpaceExplorer:Reload","RobotSpaceExplorer:PowerGlove+1"],"picked":"RobotSpaceExplorer:FranticSearch","floor":22.0},{"not_picked":["RobotSpaceExplorer:ScrapMissile","RobotSpaceExplorer:MakeshiftVolley"],"picked":"RobotSpaceExplorer:JunkDive","floor":23.0},{"not_picked":["RobotSpaceExplorer:GlueShot","RobotSpaceExplorer:SwiftStep","RobotSpaceExplorer:Explosion"],"picked":"SKIP","floor":28.0},{"not_picked":["RobotSpaceExplorer:ScrapMissile+1","RobotSpaceExplorer:FranticSearch"],"picked":"RobotSpaceExplorer:DualCore+1","floor":30.0},{"not_picked":["RobotSpaceExplorer:ShovelStrike","RobotSpaceExplorer:Smokescreen","RobotSpaceExplorer:ShockKick"],"picked":"SKIP","floor":31.0},{"not_picked":["RobotSpaceExplorer:Comet","RobotSpaceExplorer:Arsenal"],"picked":"RobotSpaceExplorer:ChargingLaser","floor":33.0},{"not_picked":["RobotSpaceExplorer:Counterblock+1","RobotSpaceExplorer:FrostMissile"],"picked":"RobotSpaceExplorer:FranticSearch+1","floor":35.0},{"not_picked":["RobotSpaceExplorer:MetalStrike","RobotSpaceExplorer:FrostMissile","RobotSpaceExplorer:StarLightning"],"picked":"SKIP","floor":37.0},{"not_picked":["RobotSpaceExplorer:Ammunition+1","RobotSpaceExplorer:MetalStrike+1"],"picked":"RobotSpaceExplorer:ScrapToss+1","floor":41.0},{"not_picked":["RobotSpaceExplorer:MiniDrones+1","RobotSpaceExplorer:TurboDodge","RobotSpaceExplorer:Counterblock+1"],"picked":"SKIP","floor":42.0},{"not_picked":["RobotSpaceExplorer:SwiftStep","RobotSpaceExplorer:ShovelStrike","RobotSpaceExplorer:FrostMissile"],"picked":"SKIP","floor":44.0},{"not_picked":["RobotSpaceExplorer:ImprovisedAttack","RobotSpaceExplorer:ShovelStrike","RobotSpaceExplorer:Counterblock+1"],"picked":"SKIP","floor":45},{"not_picked":["RobotSpaceExplorer:ImprovisedAttack","RobotSpaceExplorer:Counterblock+1"],"picked":"RobotSpaceExplorer:Multitool","floor":47},{"not_picked":["RobotSpaceExplorer:Pulsar+1","RobotSpaceExplorer:DoubleFind+1","RobotSpaceExplorer:MiniDrones+1"],"picked":"SKIP","floor":48},{"not_picked":["RobotSpaceExplorer:StarLightning+1","RobotSpaceExplorer:SurgingShield+1"],"picked":"RobotSpaceExplorer:MiniBoosters","floor":54}],"player_experience":450052,"relics_obtained":[{"floor":6.0,"key":"RobotSpaceExplorer:FoglandsKnife"},{"floor":8.0,"key":"Torii"},{"floor":9.0,"key":"Ginger"},{"floor":10.0,"key":"RobotSpaceExplorer:BottledGravity"},{"floor":23.0,"key":"InkBottle"},{"floor":25.0,"key":"Nilry\u0027s Codex"},{"floor":28.0,"key":"Omamori"},{"floor":43.0,"key":"Potion Belt"},{"floor":48,"key":"Darkstone Periapt"},{"floor":54,"key":"Lantern"}],"event_choices":[{"damage_healed":75.0,"max_hp_gain":0.0,"max_hp_loss":75.0,"gold_gain":0.0,"event_name":"betterThird:BetterShining","player_choice":"Upgrade","floor":2.0,"gold_loss":0.0,"damage_taken":15.0,"cards_upgraded":["RobotSpaceExplorer:Scan","RobotSpaceExplorer:Defend"]},{"damage_healed":0.0,"max_hp_gain":0.0,"max_hp_loss":0.0,"gold_gain":0.0,"event_name":"The Woman in Blue","player_choice":"Bought 0 Potions","floor":4.0,"gold_loss":0.0,"damage_taken":0.0},{"damage_healed":0.0,"max_hp_gain":0.0,"max_hp_loss":6.0,"gold_gain":0.0,"event_name":"Golden Idol","player_choice":"Lose Max HP","floor":14.0,"gold_loss":0.0,"damage_taken":0.0,"relics_obtained":["Golden Idol"]},{"damage_healed":0.0,"max_hp_gain":0.0,"max_hp_loss":0.0,"gold_gain":0.0,"event_name":"The Library","player_choice":"Read","floor":19.0,"gold_loss":0.0,"damage_taken":0.0,"cards_obtained":["RobotSpaceExplorer:JunkDive"]},{"damage_healed":0.0,"max_hp_gain":0.0,"max_hp_loss":0.0,"gold_gain":0.0,"cards_transformed":["RobotSpaceExplorer:Strike","RobotSpaceExplorer:Strike"],"event_name":"Drug Dealer","player_choice":"Became Test Subject","floor":20.0,"gold_loss":0.0,"damage_taken":0.0,"cards_obtained":["RobotSpaceExplorer:Wormhole","RobotSpaceExplorer:HighVoltage"]},{"damage_healed":0.0,"max_hp_gain":0.0,"max_hp_loss":0.0,"gold_gain":0.0,"event_name":"Wheel of Change","player_choice":"Damaged","floor":21.0,"gold_loss":0.0,"damage_taken":7.0},{"damage_healed":0.0,"max_hp_gain":0.0,"max_hp_loss":0.0,"gold_gain":0.0,"event_name":"Cursed Tome","player_choice":"Obtained Book","floor":25.0,"gold_loss":0.0,"damage_taken":16.0},{"damage_healed":0.0,"max_hp_gain":0.0,"max_hp_loss":0.0,"gold_gain":0.0,"event_name":"The Mausoleum","player_choice":"Opened","floor":27.0,"gold_loss":0.0,"damage_taken":0.0,"relics_obtained":["Vajra"]},{"damage_healed":0.0,"max_hp_gain":0.0,"max_hp_loss":0.0,"gold_gain":0.0,"event_name":"Duplicator","player_choice":"Copied","floor":38.0,"gold_loss":0.0,"damage_taken":0.0,"cards_obtained":["RobotSpaceExplorer:ShovelStrike"]}],"is_beta":false,"boss_relics":[{"not_picked":["Calling Bell","Fusion Hammer"],"picked":"SlaversCollar"},{"not_picked":["Runic Pyramid","Sozu"],"picked":"RobotSpaceExplorer:TurboCore"}],"items_purged_floors":[29,29],"is_endless":false,"potions_floor_spawned":[5,6,11,18,22,31,35,37,47,54],"ascension_level":0}}