{"host":"fhfrys8rsohjmyb0","time":1608069736,"event":{"mods":["Aspiration","BaseMod","Beaked The Cultist","Chat Monstrosity","Colored Powertips","Conspire","Downfall","Googly Eyes","Halation","Hermit","Highlight Path","Hubris","Infinite Spire","Minty Spire (QoL Compilation)","Replay The Spire","ShortenTheSpire","Spikes Relics","StSLib","SuperFastMode","The Bug Knight","The Construct","The Cursed","The Disciple","The Elementalist","The IronCluck","The Jungle","The Runesmith","TheBandit","slay the spire mod where everything is the same but ironclad has a cowboy hat"],"gold_per_floor":[116,128,128,128,128,156,156,156,156,156,84,103,103,119,119,214,214,233,246,260,260,260,260,292,292,292,292,292,292,292,307,307,407,407,417,435,1434,1434,1434,1434,1434,1434],"floor_reached":41,"playtime":2021,"items_purged":["Flying Knee"],"score":471,"play_id":"f98886f8-a4a6-4234-ad6d-2e29e83dddc8","local_time":"20201215220216","is_ascension_mode":true,"campfire_choices":[{"floor":7,"key":"REST"},{"floor":13,"key":"REST"},{"floor":15,"key":"REST"},{"data":"Deadly Poison","floor":23,"key":"SMITH"},{"floor":25,"key":"REST"},{"floor":28,"key":"REST"},{"floor":32,"key":"REST"},{"floor":40,"key":"REST"}],"circlet_count":0,"master_deck":["Survivor+1","Neutralize","Leg Sweep","Glass Knife","Calculated Gamble","aspiration:Lunge","Deadly Poison+1","Footwork","Catalyst+1","Replay:Bag of Tricks","Toxin Wave","Poison Darts","Cloak And Dagger","PiercingWail","Draining Mist","Dagger Spray","Toxin Wave","Fluid Movement","Poisoned Stab+1","Shame","PiercingWail+1","Normality","Normality","infinitespire:Starlight","infinitespire:Collect"],"relics":["Ring of the Snake","aspiration:HiddenCompartment","halation:EternalFortune","halation:YellowSoulGem","Quantum Egg","hubris:MysteriousPyramids","halation:LettersToHer","Pandora\u0027s Box","Golden Egg","Orrery","ReplayTheSpireMod:TigerMarble","Ornamental Fan","SacredBark","hubris:Icosahedron","BargainBundle"],"acts_visited":["Exordium","TheCity","TheBeyond"],"potions_floor_usage":[14,24,24,36,41],"damage_taken":[{"damage":0,"enemies":"Jaw Worm","floor":1,"turns":5},{"damage":0,"enemies":"conspire:RoseBush","floor":2,"turns":3},{"damage":55,"enemies":"HollowMod:MossKnight","floor":6,"turns":46},{"damage":0,"enemies":"Small Slimes","floor":12,"turns":3},{"damage":1,"enemies":"conspire:2 RoseBushes","floor":14,"turns":3},{"damage":62,"enemies":"Slime Boss","floor":16,"turns":14},{"damage":10,"enemies":"Chosen","floor":18,"turns":5},{"damage":0,"enemies":"Spheric Guardian","floor":19,"turns":2},{"damage":3,"enemies":"Snecko","floor":20,"turns":4},{"damage":47,"enemies":"Slavers","floor":24,"turns":3},{"damage":16,"enemies":"Shelled Parasite and Fungi","floor":31,"turns":3},{"damage":6,"enemies":"conspire:MysteriousRune","floor":33,"turns":7},{"damage":50,"enemies":"3 Darklings","floor":35,"turns":4},{"damage":21,"enemies":"3 Shapes","floor":36,"turns":4},{"damage":31,"enemies":"Jaw Worm Horde","floor":41,"turns":2}],"seed_played":"-5483948190299204545","potions_obtained":[{"floor":6,"key":"Fire Potion"},{"floor":16,"key":"Toxic Potion"},{"floor":19,"key":"construct:ShiftPotion"},{"floor":20,"key":"Reflective Coating"},{"floor":36,"key":"SpeedPotion"}],"is_trial":false,"path_per_floor":["M","M","?","?","?","E","R","?","T","$","?","M","R","M","R","B",null,"M","M","M","T","AVR","R","E","R","T","?","R","?","?","M","R","B",null,"M","M","?","?","AVR","R","M"],"character_chosen":"THE_SILENT","items_purchased":[],"campfire_rested":7,"item_purchase_floors":[],"current_hp_per_floor":[70,70,56,59,59,4,25,25,25,25,25,25,46,45,66,4,73,63,63,60,60,60,60,13,34,34,9,30,30,30,14,35,29,73,23,2,2,2,2,23,0,0],"gold":1434,"neow_bonus":"RANDOM_COMMON_RELIC","is_daily":false,"chose_seed":false,"campfire_upgraded":1,"win_rate":0.0,"timestamp":1608069736,"path_taken":["M","M","?","?","?","E","R","?","T","$","?","M","R","M","R","BOSS","M","M","M","?","AVR","R","E","R","T","?","R","?","?","?","R","BOSS","M","M","?","?","AVR","R","M"],"items_purchased_type":[],"build_version":"2020-12-13","purchased_purges":1,"victory":false,"max_hp_per_floor":[70,70,70,73,73,73,73,73,73,73,73,73,73,73,73,73,73,73,73,73,73,73,73,73,73,73,73,73,73,73,73,73,73,73,73,73,73,73,73,73,73,73],"card_choices":[{"not_picked":["Acrobatics","Sucker Punch","Flying Knee"],"picked":"SKIP","floor":1},{"not_picked":["Dash","ReplayTheSpireMod:Scrap Shanks"],"picked":"Leg Sweep","floor":2},{"not_picked":["Venomology","Slice"],"picked":"Glass Knife","floor":6},{"not_picked":["ReplayTheSpireMod:The Works","Acrobatics","Distraction"],"picked":"SKIP","floor":12},{"not_picked":["Bane","Well Laid Plans","Deflect"],"picked":"SKIP","floor":14},{"not_picked":["Pace","Riddle With Holes+1"],"picked":"PiercingWail","floor":18},{"not_picked":["Dagger Throw","ReplayTheSpireMod:Shiv Toss+1"],"picked":"Draining Mist","floor":19},{"not_picked":["conspire:DoublingDagger","PiercingWail","Replay:Poison Smokescreen"],"picked":"SKIP","floor":20},{"not_picked":["Distraction","Setup+1"],"picked":"Dagger Spray","floor":22},{"not_picked":["Endless Agony+1","ShadowRift"],"picked":"Toxin Wave","floor":22},{"not_picked":["Underhanded Strike+1","Quick Slash+1"],"picked":"Fluid Movement","floor":22},{"not_picked":["Deflect","Backstab"],"picked":"Poisoned Stab+1","floor":22},{"not_picked":["Dagger Spray","Finisher","Slice"],"picked":"SKIP","floor":24},{"not_picked":["Pace","Reflex","Quick Slash+1"],"picked":"SKIP","floor":31},{"not_picked":["Backflip+1","Escape Plan","Dagger Spray"],"picked":"SKIP","floor":35},{"not_picked":["Cloak And Dagger","Outmaneuver+1"],"picked":"PiercingWail+1","floor":36}],"player_experience":256509,"relics_obtained":[{"floor":6,"key":"Quantum Egg"},{"floor":9,"key":"hubris:MysteriousPyramids"},{"floor":21,"key":"halation:LettersToHer"},{"floor":21,"key":"Golden Egg"},{"floor":24,"key":"ReplayTheSpireMod:TigerMarble"},{"floor":26,"key":"halation:LettersToHer"},{"floor":26,"key":"Ornamental Fan"}],"event_choices":[{"damage_healed":0,"gold_gain":0,"player_choice":"Entered Light","damage_taken":14,"max_hp_gain":0,"max_hp_loss":0,"event_name":"Shining Light","floor":3,"gold_loss":0,"cards_upgraded":["Defend_G","Survivor"]},{"damage_healed":0,"gold_gain":0,"player_choice":"Searched \u00270\u0027 times","damage_taken":0,"max_hp_gain":0,"max_hp_loss":0,"event_name":"Dead Adventurer","floor":8,"gold_loss":0},{"damage_healed":0,"gold_gain":0,"player_choice":"Paid Gold","damage_taken":0,"relics_obtained":["halation:LettersToHer"],"max_hp_gain":0,"max_hp_loss":0,"event_name":"WeMeetAgain","floor":11,"gold_loss":72},{"damage_healed":0,"gold_gain":999,"player_choice":"Gold","damage_taken":0,"max_hp_gain":0,"max_hp_loss":0,"event_name":"MindBloom","floor":37,"gold_loss":0,"cards_obtained":["Normality","Normality"]}],"is_beta":false,"boss_relics":[{"not_picked":["Replay:Wanted Poster","Painkiller Herb"],"picked":"Pandora\u0027s Box"},{"not_picked":["halation:PlatinumPhoenix","halation:ForbiddenBikini"],"picked":"SacredBark"}],"items_purged_floors":[22],"is_endless":false,"potions_floor_spawned":[6,16,19,20,36],"killed_by":"Jaw Worm Horde","ascension_level":2}}