{"host":"2n2g1vowfllvjtvi","time":1608020570,"event":{"mods":["AchievementEnabler","BaseMod","Custom Start","GifTheSpireLib","Keyboard Shortcuts","Minty Spire (QoL Compilation)","Quick Restart","Rare Cards Sparkle","StSLib","SuperFastMode"],"gold_per_floor":[117,67,67,67,78,78,89,89,89,121,121,150,175,200,200,277,277,293,310,21,34,51,51,82,82,131,131,231,258,220,220,220,294,294,306,321,399,399,416,416,431,431,431,447,447,447],"floor_reached":45,"playtime":1616,"items_purged":["Strike_G"],"score":782,"play_id":"3467b6dd-0704-4a5e-a4a7-e844ae6ef3f1","local_time":"20201215172250","is_ascension_mode":true,"campfire_choices":[{"data":"Eviscerate","floor":6.0,"key":"SMITH"},{"data":"Dagger Throw","floor":8.0,"key":"SMITH"},{"data":"1","floor":11.0,"key":"LIFT"},{"data":"2","floor":15.0,"key":"LIFT"},{"data":"3","floor":23.0,"key":"LIFT"},{"data":"Blade Dance","floor":25.0,"key":"SMITH"},{"floor":27.0,"key":"REST"},{"floor":32.0,"key":"REST"},{"data":"Strike_G","floor":40,"key":"PURGE"},{"data":"Defend_G","floor":42,"key":"PURGE"}],"circlet_count":0,"master_deck":["AscendersBane","Defend_G","Defend_G","Defend_G","Defend_G+1","Survivor","Neutralize+1","Acrobatics","Eviscerate+1","Dagger Throw+1","Terror","Blade Dance+1","Tools of the Trade","Backflip","Choke","Leg Sweep","Underhanded Strike+1","Adrenaline","Underhanded Strike+1","Predator+1","Crippling Poison+1"],"relics":["Ring of the Snake","NeowsBlessing","InkBottle","Girya","CaptainsWheel","Odd Mushroom","Question Card","Snecko Eye","Membership Card","Ginger","Red Mask","Akabeko","Peace Pipe","Molten Egg 2","TungstenRod","Empty Cage","Eternal Feather","Mummified Hand"],"acts_visited":["Exordium","TheCity","TheBeyond"],"potions_floor_usage":[33],"damage_taken":[{"damage":0.0,"enemies":"Jaw Worm","floor":1.0,"turns":1.0},{"damage":0.0,"enemies":"Small Slimes","floor":5.0,"turns":1.0},{"damage":0.0,"enemies":"2 Louse","floor":7.0,"turns":1.0},{"damage":4.0,"enemies":"3 Sentries","floor":10.0,"turns":4.0},{"damage":0.0,"enemies":"Lagavulin","floor":12.0,"turns":3.0},{"damage":6.0,"enemies":"The Mushroom Lair","floor":13.0,"turns":3.0},{"damage":17.0,"enemies":"3 Sentries","floor":14.0,"turns":8.0},{"damage":9.0,"enemies":"The Guardian","floor":16.0,"turns":9.0},{"damage":0.0,"enemies":"Spheric Guardian","floor":18.0,"turns":1.0},{"damage":3.0,"enemies":"2 Thieves","floor":19.0,"turns":3.0},{"damage":8.0,"enemies":"Centurion and Healer","floor":21.0,"turns":3.0},{"damage":0.0,"enemies":"Snake Plant","floor":22.0,"turns":4.0},{"damage":16.0,"enemies":"Masked Bandits","floor":24.0,"turns":3.0},{"damage":12.0,"enemies":"Colosseum Slavers","floor":28.0,"turns":3.0},{"damage":0.0,"enemies":"Colosseum Nobs","floor":28.0,"turns":3.0},{"damage":18.0,"enemies":"Book of Stabbing","floor":29.0,"turns":3.0},{"damage":16,"enemies":"Collector","floor":33,"turns":4},{"damage":0,"enemies":"3 Shapes","floor":35,"turns":6},{"damage":4,"enemies":"3 Darklings","floor":36,"turns":3},{"damage":10,"enemies":"Maw","floor":39,"turns":4},{"damage":6,"enemies":"Sphere and 2 Shapes","floor":41,"turns":3},{"damage":26,"enemies":"4 Shapes","floor":44,"turns":3},{"damage":0,"enemies":"Nemesis","floor":45,"turns":4}],"seed_played":"7821864803269839116","potions_obtained":[{"floor":4.0,"key":"AttackPotion"},{"floor":4.0,"key":"SkillPotion"},{"floor":12.0,"key":"LiquidBronze"},{"floor":16.0,"key":"FairyPotion"},{"floor":21.0,"key":"Explosive Potion"},{"floor":28.0,"key":"SteroidPotion"},{"floor":33,"key":"Explosive Potion"},{"floor":39,"key":"FearPotion"}],"is_trial":false,"path_per_floor":["M","?","?","?","M","R","M","R","T","E","R","E","?","E","R","B",null,"M","M","$","M","M","R","?","R","T","R","?","E","$","?","R","B",null,"M","M","T","?","M","R","M","R","T","M","E"],"character_chosen":"THE_SILENT","items_purchased":["Membership Card","Ginger"],"campfire_rested":2,"item_purchase_floors":[20,20],"current_hp_per_floor":[63,63,49,49,49,49,49,49,49,45,45,45,39,22,22,13,56,56,53,53,45,45,45,29,29,29,50,38,20,20,20,41,25,59,59,55,55,55,45,57,51,63,63,37,37,37],"gold":447,"neow_bonus":"THREE_ENEMY_KILL","is_daily":false,"chose_seed":false,"campfire_upgraded":3,"win_rate":0.0,"timestamp":1608020570,"path_taken":["M","?","?","?","?","R","?","R","T","E","R","E","?","E","R","BOSS","M","M","$","M","M","R","?","R","T","R","?","E","$","?","R","BOSS","M","M","?","?","M","R","M","R","T","M","E"],"items_purchased_type":["Relic","Relic"],"build_version":"2020-12-13","purchased_purges":1,"victory":false,"max_hp_per_floor":[70,70,70,70,70,70,70,70,70,70,70,70,70,70,70,70,70,70,70,70,70,70,70,70,70,70,70,70,70,70,70,70,70,70,70,70,70,66,66,66,66,66,66,66,66,66],"card_choices":[{"not_picked":["Escape Plan","Sucker Punch"],"picked":"Acrobatics","floor":1.0},{"not_picked":["Dagger Throw","Acrobatics"],"picked":"Eviscerate","floor":5.0},{"not_picked":["Poisoned Stab","Backflip"],"picked":"Dagger Throw","floor":7.0},{"not_picked":["Dash","Noxious Fumes"],"picked":"Terror","floor":10.0},{"not_picked":["Flying Knee","Expertise"],"picked":"Blade Dance","floor":12.0},{"not_picked":["Glass Knife","Catalyst","Bouncing Flask"],"picked":"SKIP","floor":14.0},{"not_picked":["Glass Knife","Catalyst","Bouncing Flask"],"picked":"SKIP","floor":14.0},{"not_picked":["Wraith Form v2","Doppelganger","Die Die Die"],"picked":"Tools of the Trade","floor":16.0},{"not_picked":["Terror","Dodge and Roll","Cloak And Dagger+1"],"picked":"Backflip","floor":18.0},{"not_picked":["Sucker Punch","Slice","Deflect","Dodge and Roll"],"picked":"SKIP","floor":19.0},{"not_picked":["PiercingWail","Blade Dance","Poisoned Stab+1","Sucker Punch"],"picked":"SKIP","floor":21.0},{"not_picked":["Footwork","Heel Hook","Noxious Fumes"],"picked":"Choke","floor":22.0},{"not_picked":["Blade Dance","Concentrate","Endless Agony"],"picked":"Leg Sweep","floor":24.0},{"not_picked":["Phantasmal Killer","Sucker Punch+1","Infinite Blades"],"picked":"Underhanded Strike+1","floor":28.0},{"not_picked":["Outmaneuver","Acrobatics","Deflect","Concentrate"],"picked":"SKIP","floor":29.0},{"not_picked":["Phantasmal Killer","Grand Finale+1","Tools of the Trade"],"picked":"Adrenaline","floor":33},{"not_picked":["Flechettes+1","All Out Attack+1","Infinite Blades"],"picked":"Underhanded Strike+1","floor":35},{"not_picked":["Riddle With Holes+1","Deflect","Underhanded Strike+1","Acrobatics"],"picked":"SKIP","floor":36},{"not_picked":["Dodge and Roll","Flying Knee+1","Caltrops+1"],"picked":"Predator+1","floor":39},{"not_picked":["Dagger Throw+1","Infinite Blades","Dagger Spray+1","Deadly Poison"],"picked":"SKIP","floor":41},{"not_picked":["Bane+1","Tactician","Backflip"],"picked":"Crippling Poison+1","floor":44}],"player_experience":420324,"relics_obtained":[{"floor":9.0,"key":"InkBottle"},{"floor":10.0,"key":"Girya"},{"floor":12.0,"key":"CaptainsWheel"},{"floor":13.0,"key":"Odd Mushroom"},{"floor":14.0,"key":"Question Card"},{"floor":24.0,"key":"Red Mask"},{"floor":26.0,"key":"Akabeko"},{"floor":28.0,"key":"Peace Pipe"},{"floor":28.0,"key":"Molten Egg 2"},{"floor":29.0,"key":"TungstenRod"},{"floor":37,"key":"Eternal Feather"},{"floor":43,"key":"Mummified Hand"}],"event_choices":[{"cards_removed":["Strike_G"],"damage_healed":0.0,"max_hp_gain":0.0,"max_hp_loss":0.0,"gold_gain":0.0,"event_name":"The Cleric","player_choice":"Card Removal","floor":2.0,"gold_loss":50.0,"damage_taken":0.0},{"damage_healed":0.0,"max_hp_gain":0.0,"max_hp_loss":0.0,"gold_gain":0.0,"event_name":"Shining Light","player_choice":"Entered Light","floor":3.0,"gold_loss":0.0,"damage_taken":14.0,"cards_upgraded":["Neutralize","Defend_G"]},{"damage_healed":0.0,"max_hp_gain":0.0,"max_hp_loss":0.0,"gold_gain":0.0,"event_name":"Lab","player_choice":"Got Potions","floor":4.0,"gold_loss":0.0,"damage_taken":0.0},{"damage_healed":0.0,"max_hp_gain":0.0,"max_hp_loss":0.0,"gold_gain":0.0,"event_name":"Mushrooms","player_choice":"Fought Mushrooms","floor":13.0,"gold_loss":0.0,"damage_taken":0.0},{"damage_healed":0.0,"max_hp_gain":0.0,"max_hp_loss":0.0,"gold_gain":0.0,"event_name":"Masked Bandits","player_choice":"Fought Bandits","floor":24.0,"gold_loss":0.0,"damage_taken":0.0},{"damage_healed":0.0,"max_hp_gain":0.0,"max_hp_loss":0.0,"gold_gain":0.0,"event_name":"Colosseum","player_choice":"Fight","floor":28.0,"gold_loss":0.0,"damage_taken":0.0},{"damage_healed":0.0,"max_hp_gain":0.0,"max_hp_loss":0.0,"gold_gain":0.0,"event_name":"Colosseum","player_choice":"Fled From Nobs","floor":28.0,"gold_loss":0.0,"damage_taken":0.0},{"damage_healed":0.0,"max_hp_gain":0.0,"max_hp_loss":0.0,"gold_gain":0.0,"event_name":"Colosseum","player_choice":"Fought Nobs","floor":28.0,"gold_loss":0.0,"damage_taken":0.0},{"damage_healed":0.0,"max_hp_gain":0.0,"max_hp_loss":0.0,"gold_gain":0.0,"event_name":"Match and Keep!","player_choice":"0 cards matched","floor":31.0,"gold_loss":0.0,"damage_taken":0.0,"cards_obtained":[]},{"damage_healed":0,"gold_gain":0,"player_choice":"Max HP","damage_taken":0,"max_hp_gain":0,"max_hp_loss":4,"event_name":"Winding Halls","floor":38,"gold_loss":0}],"is_beta":false,"boss_relics":[{"not_picked":["Cursed Key","Astrolabe"],"picked":"Snecko Eye"},{"not_picked":["Sozu","WristBlade"],"picked":"Empty Cage"}],"items_purged_floors":[30],"is_endless":false,"potions_floor_spawned":[12,16,21,28,28,33,36,39],"killed_by":"Nemesis","ascension_level":13}}