{"host":"pvi1ua0l3an81qfu","time":1608061363,"event":{"mods":["AchievementEnabler","BaseMod","Curses Come First","Highlight Path","Infinite Spire","Minty Spire (QoL Compilation)","Quick Restart","Replay The Spire","Shop Mod","StSLib"],"gold_per_floor":[15,26,26,26,40,65,65,92,92,92,111,111,111,36,36,132,132,143,35,35,47,47,47,73,73,126,155,55,88,108,23,23,128,128,144,158,158,170,170,170,205,205,250,260,273,308,323,303,303,303,303],"floor_reached":50,"playtime":3560,"items_purged":["Defend_G","Strike_G"],"score":596,"play_id":"6bc46d67-1597-4524-b660-8ffc38518218","local_time":"20201215214243","is_ascension_mode":true,"campfire_choices":[{"data":"Accuracy","floor":7,"key":"SMITH"},{"data":"Cloak And Dagger","floor":10,"key":"SMITH"},{"data":"Hidden Blade","floor":13,"key":"SMITH"},{"data":"Cloak And Dagger","floor":15,"key":"SMITH"},{"data":"After Image","floor":23,"key":"SMITH"},{"data":"Accuracy","floor":25,"key":"SMITH"},{"data":"Strike_G","floor":40,"key":"PURGE"},{"floor":42,"key":"DIG"},{"floor":49,"key":"DIG"}],"circlet_count":0,"master_deck":["Defend_G","Defend_G","Defend_G+1","Survivor","Neutralize","Accuracy+1","Cloak And Dagger+1","Cloak And Dagger+1","Hidden Blade+1","Noxious Fumes","After Image+1","Doppelganger+1","Slice+1","Blur+1","Blade Dance+1","Accuracy+1","Cloak And Dagger+1","Dodge and Roll+1","Accuracy+1","Envenom","Flash of Steel","Infinite Blades","Noxious Fumes+1","Blur+1"],"relics":["Ring of the Snake","Vampiric Spirits","Happy Flower","infinitespire:FocusingShard","Pen Nib","Bag of Marbles","Astrolabe","Replay:Multitool","MealTicket","Blood Vial","Sundial","Bag of Preparation","Black Star","Gremlin Food","Kunai","infinitespire:EmpoweringShard","Potion Belt","infinitespire:Satchel","War Paint","Eternal Feather"],"acts_visited":["Exordium","TheCity","TheBeyond"],"potions_floor_usage":[16,39],"damage_taken":[{"damage":0,"enemies":"2 Louse","floor":1,"turns":3},{"damage":14,"enemies":"Jaw Worm","floor":2,"turns":6},{"damage":1,"enemies":"Cultist","floor":5,"turns":4},{"damage":19,"enemies":"Lagavulin","floor":6,"turns":11},{"damage":20,"enemies":"Replay:BlueRogue","floor":8,"turns":6},{"damage":0,"enemies":"Large Slime","floor":11,"turns":4},{"damage":28,"enemies":"Slime Boss","floor":16,"turns":9},{"damage":3,"enemies":"2 Thieves","floor":18,"turns":4},{"damage":1,"enemies":"Shell Parasite","floor":21,"turns":3},{"damage":14,"enemies":"Gremlin Leader","floor":24,"turns":4},{"damage":31,"enemies":"Slavers","floor":27,"turns":4},{"damage":4,"enemies":"Nightmare","floor":29,"turns":6},{"damage":0,"enemies":"Snecko","floor":30,"turns":3},{"damage":9,"enemies":"Champ","floor":33,"turns":8},{"damage":10,"enemies":"3 Shapes","floor":35,"turns":5},{"damage":11,"enemies":"Orb Walker","floor":36,"turns":3},{"damage":9,"enemies":"4 Shapes","floor":38,"turns":3},{"damage":0,"enemies":"Transient","floor":39,"turns":2},{"damage":44,"enemies":"Reptomancer","floor":41,"turns":5},{"damage":5,"enemies":"Maw","floor":44,"turns":5},{"damage":0,"enemies":"Jaw Worm Horde","floor":45,"turns":3},{"damage":16,"enemies":"Nemesis","floor":46,"turns":5},{"damage":3,"enemies":"Sphere and 2 Shapes","floor":47,"turns":2},{"damage":41,"enemies":"Replay:Hell Engine","floor":50,"turns":5}],"seed_played":"-8384803198111537840","potions_obtained":[{"floor":5,"key":"SmokeBomb"},{"floor":8,"key":"Fire Potion"},{"floor":16,"key":"Poison Potion"},{"floor":21,"key":"Weak Potion"},{"floor":29,"key":"DistilledChaos"},{"floor":35,"key":"BlessingOfTheForge"},{"floor":45,"key":"Doom Potion"},{"floor":47,"key":"Strength Potion"},{"floor":48,"key":"Fire Potion"}],"is_trial":false,"path_per_floor":["M","M","?","?","M","E","R","E","T","R","M","T","R","$","R","B",null,"M","$","?","M","?","R","E","R","T","E","$","NM","M","?","R","B",null,"M","M","?","M","M","R","E","R","T","M","M","E","M","?","R","B"],"character_chosen":"THE_SILENT","items_purchased":["Accuracy","Cloak And Dagger+1"],"campfire_rested":0,"item_purchase_floors":[19,19],"current_hp_per_floor":[70,56,56,61,62,43,43,26,26,26,28,28,28,28,28,3,75,72,72,72,74,74,74,61,61,61,30,45,50,64,64,75,66,75,65,56,56,66,75,75,31,31,31,29,42,28,28,28,28,0,0],"gold":303,"neow_bonus":"ONE_RARE_RELIC","is_daily":false,"chose_seed":false,"campfire_upgraded":6,"win_rate":0.0,"timestamp":1608061363,"path_taken":["M","M","?","?","M","E","R","E","T","R","M","?","R","?","R","BOSS","M","$","?","?","?","R","E","R","T","E","?","NM","M","?","R","BOSS","M","M","?","?","M","R","E","R","T","M","M","E","M","?","R","BOSS"],"items_purchased_type":["Card","Card"],"build_version":"2020-12-13","purchased_purges":2,"victory":false,"max_hp_per_floor":[70,70,70,75,75,75,75,75,75,75,75,75,75,75,75,75,75,75,75,75,75,75,75,75,75,75,75,75,75,75,75,75,75,75,75,75,75,75,75,75,75,75,75,75,75,75,75,75,75,75,75],"card_choices":[{"not_picked":["Masterful Stab","All Out Attack"],"picked":"Accuracy","floor":1},{"not_picked":["Quick Slash","Dodge and Roll"],"picked":"Cloak And Dagger","floor":2},{"not_picked":["Sucker Punch","ReplayTheSpireMod:Scrap Shanks"],"picked":"Cloak And Dagger","floor":5},{"not_picked":["Burst","PiercingWail"],"picked":"Hidden Blade","floor":6},{"not_picked":["Deflect","Tactician","ReplayTheSpireMod:Tripwire"],"picked":"SKIP","floor":8},{"not_picked":["Masterful Stab","Footwork"],"picked":"Noxious Fumes","floor":11},{"not_picked":["Atom Bomb","Venomology"],"picked":"After Image","floor":16},{"not_picked":["ReplayTheSpireMod:Tripwire+1","Dodge and Roll"],"picked":"Blade Dance","floor":18},{"not_picked":["Tactician","Sucker Punch","Dagger Throw"],"picked":"SKIP","floor":21},{"not_picked":["Dagger Spray","Poison Darts","Deadly Poison"],"picked":"SKIP","floor":24},{"not_picked":["Quick Slash","Dagger Throw","Deflect"],"picked":"SKIP","floor":27},{"not_picked":["Deflect","Distraction","Poisoned Stab"],"picked":"SKIP","floor":29},{"not_picked":["Acrobatics","Deadly Poison"],"picked":"Envenom","floor":30},{"not_picked":["Toxin Wave+1","Bane+1","Acrobatics+1"],"picked":"SKIP","floor":35},{"not_picked":["Hidden Blade","Concentrate+1","Toxin Wave+1"],"picked":"SKIP","floor":36},{"not_picked":["Acrobatics","Dagger Throw+1","Quick Slash"],"picked":"SKIP","floor":38},{"not_picked":["Well Laid Plans+1","Bane","Sucker Punch"],"picked":"SKIP","floor":41},{"not_picked":["ReplayTheSpireMod:The Works+1","Underhanded Strike"],"picked":"Infinite Blades","floor":44},{"not_picked":["Crippling Poison","Flying Knee+1"],"picked":"Noxious Fumes+1","floor":45},{"not_picked":["Prepared","Sucker Punch+1","ReplayTheSpireMod:The Works+1"],"picked":"SKIP","floor":46},{"not_picked":["Endless Agony+1","Backflip"],"picked":"Blur+1","floor":47}],"player_experience":166755,"relics_obtained":[{"floor":6,"key":"Happy Flower"},{"floor":8,"key":"infinitespire:FocusingShard"},{"floor":9,"key":"Pen Nib"},{"floor":12,"key":"Bag of Marbles"},{"floor":24,"key":"Replay:Multitool"},{"floor":26,"key":"MealTicket"},{"floor":27,"key":"Blood Vial"},{"floor":29,"key":"Sundial"},{"floor":41,"key":"Gremlin Food"},{"floor":41,"key":"Kunai"},{"floor":42,"key":"infinitespire:EmpoweringShard"},{"floor":43,"key":"Potion Belt"},{"floor":46,"key":"infinitespire:Satchel"},{"floor":46,"key":"War Paint"},{"floor":49,"key":"Eternal Feather"}],"event_choices":[{"damage_healed":0,"gold_gain":0,"player_choice":"Ignored","damage_taken":0,"max_hp_gain":0,"max_hp_loss":0,"event_name":"Golden Idol","floor":3,"gold_loss":0},{"damage_healed":0,"gold_gain":0,"player_choice":"Donut","damage_taken":0,"max_hp_gain":5,"max_hp_loss":0,"event_name":"Big Fish","floor":4,"gold_loss":0},{"damage_healed":0,"gold_gain":0,"cards_transformed":["Strike_G"],"player_choice":"Transformed","damage_taken":0,"max_hp_gain":0,"max_hp_loss":0,"event_name":"Transmorgrifier","floor":20,"gold_loss":0,"cards_obtained":["Dodge and Roll"]},{"damage_healed":0,"gold_gain":0,"player_choice":"Copied","damage_taken":0,"max_hp_gain":0,"max_hp_loss":0,"event_name":"Duplicator","floor":22,"gold_loss":0,"cards_obtained":["Accuracy"]},{"damage_healed":0,"gold_gain":0,"player_choice":"Obtained Relic","damage_taken":0,"relics_obtained":["Bag of Preparation"],"max_hp_gain":0,"max_hp_loss":0,"event_name":"Addict","floor":31,"gold_loss":85},{"damage_healed":0,"gold_gain":0,"player_choice":"1 cards matched","damage_taken":0,"max_hp_gain":0,"max_hp_loss":0,"event_name":"Match and Keep!","floor":37,"gold_loss":0,"cards_obtained":["Flash of Steel"]},{"damage_healed":0,"gold_gain":0,"player_choice":"Bought 1 Potion","damage_taken":0,"max_hp_gain":0,"max_hp_loss":0,"event_name":"The Woman in Blue","floor":48,"gold_loss":0}],"is_beta":false,"boss_relics":[{"not_picked":["ChewingGum","HoveringKite"],"picked":"Astrolabe"},{"not_picked":["Painkiller Herb","Cursed Key"],"picked":"Black Star"}],"items_purged_floors":[14,28],"is_endless":true,"potions_floor_spawned":[5,8,16,21,29,35,38,45,47],"killed_by":"Replay:Hell Engine","ascension_level":1}}