{"host":"milnbpnt8q6cnpmr","time":1608028246,"event":{"mods":["BaseMod","Marisa????????","Minty Spire (QoL Compilation)"],"gold_per_floor":[14,32,32,47,47,47,74,104,130,161,161,171,205,215,215,292,292,310,46,59,74,74,74,108,108,108,33,33,72,72,181,181,264,291,308,362,181,181,192,222,222,222,276,301,8,23,58,78,78,78],"floor_reached":51,"playtime":3083,"items_purged":["Decay","Strike_MRS","Decay"],"score":1759,"play_id":"fb68bcc6-f8de-437c-893c-72a34a9bec87","local_time":"20201215023046","is_ascension_mode":true,"campfire_choices":[{"data":"BlazeAway","floor":6,"key":"SMITH"},{"data":"ManaConvection","floor":11,"key":"SMITH"},{"floor":15,"key":"REST"},{"data":"PulseMagic","floor":23,"key":"SMITH"},{"data":"Acceleration","floor":25,"key":"SMITH"},{"data":"MillisecondPulsars","floor":30,"key":"SMITH"},{"data":"Acceleration","floor":32,"key":"SMITH"},{"data":"DeepEcoloBomb","floor":41,"key":"SMITH"},{"data":"PulseMagic","floor":49,"key":"SMITH"}],"circlet_count":0,"master_deck":["AscendersBane","Defend_MRS","Defend_MRS","Defend_MRS","MasterSpark","UpSweep","BlazeAway+1","Acceleration+1","StarBarrage","MilkyWay","Parasite","Parasite","ManaConvection+1","SporeBomb","GravityBeat","PulseMagic+1","MilkyWay","GalacticHalo","Acceleration+1","PulseMagic+1","Acceleration+1","MillisecondPulsars+1","DeepEcoloBomb+1","UltimateShortwave","BlazingStar+1","MachineGunSpark+1","DoubleSpark+1"],"relics":["MiniHakkero","CaptainsWheel","Dream Catcher","ShroomBag","Bag of Preparation","Toy Ornithopter","Thread and Needle","Cursed Key","AmplifyWand","Bottled Lightning","CeramicFish","White Beast Statue","Gambling Chip","Sundial","Astrolabe","Lizard Tail","Frozen Egg 2","Happy Flower","Darkstone Periapt","ClockworkSouvenir","Bottled Flame"],"acts_visited":["Exordium","TheCity","TheBeyond"],"potions_floor_usage":[7,10,16,20,21,33,50,50],"damage_taken":[{"damage":7,"enemies":"Small Slimes","floor":1,"turns":3},{"damage":1,"enemies":"Cultist","floor":2,"turns":3},{"damage":9,"enemies":"Jaw Worm","floor":4,"turns":3},{"damage":11,"enemies":"Gremlin Nob","floor":7,"turns":3},{"damage":8,"enemies":"The Mushroom Lair","floor":8,"turns":4},{"damage":5,"enemies":"3 Sentries","floor":10,"turns":5},{"damage":7,"enemies":"2 Fungi Beasts","floor":12,"turns":3},{"damage":12,"enemies":"Lagavulin","floor":13,"turns":5},{"damage":14,"enemies":"Large Slime","floor":14,"turns":3},{"damage":48,"enemies":"Slime Boss","floor":16,"turns":11},{"damage":0,"enemies":"Chosen","floor":18,"turns":5},{"damage":0,"enemies":"3 Byrds","floor":20,"turns":3},{"damage":0,"enemies":"Snecko","floor":21,"turns":4},{"damage":5,"enemies":"Book of Stabbing","floor":24,"turns":4},{"damage":0,"enemies":"Gremlin Leader","floor":29,"turns":2},{"damage":0,"enemies":"Colosseum Slavers","floor":31,"turns":2},{"damage":0,"enemies":"Colosseum Nobs","floor":31,"turns":2},{"damage":29,"enemies":"Automaton","floor":33,"turns":6},{"damage":0,"enemies":"Orb Walker","floor":35,"turns":2},{"damage":4,"enemies":"2 Orb Walkers","floor":36,"turns":3},{"damage":0,"enemies":"3 Darklings","floor":39,"turns":2},{"damage":0,"enemies":"Reptomancer","floor":40,"turns":3},{"damage":0,"enemies":"Nemesis","floor":44,"turns":3},{"damage":0,"enemies":"Writhing Mass","floor":46,"turns":2},{"damage":0,"enemies":"Giant Head","floor":47,"turns":2},{"damage":0,"enemies":"Maw","floor":48,"turns":2},{"damage":72,"enemies":"Time Eater","floor":50,"turns":10}],"seed_played":"-1299460534234080181","potions_obtained":[{"floor":1,"key":"Regen Potion"},{"floor":4,"key":"FearPotion"},{"floor":13,"key":"ShroomBrew"},{"floor":14,"key":"Strength Potion"},{"floor":18,"key":"Swift Potion"},{"floor":21,"key":"SpeedPotion"},{"floor":31,"key":"BlessingOfTheForge"},{"floor":33,"key":"FearPotion"},{"floor":36,"key":"Regen Potion"},{"floor":47,"key":"ColorlessPotion"}],"is_trial":false,"path_per_floor":["M","M","?","M","?","R","E","?","T","E","R","M","E","M","R","B",null,"M","$","M","M","?","R","E","R","T","$","?","E","R","?","R","B",null,"M","?","$","?","M","E","R","?","T","E","$","M","E","M","R","B",null],"character_chosen":"MARISA","items_purchased":["AmplifyWand","DistilledChaos","ClockworkSouvenir"],"campfire_rested":1,"item_purchase_floors":[19,37,45],"current_hp_per_floor":[56,55,55,46,46,46,35,27,27,40,40,37,29,19,40,1,53,57,57,66,70,70,70,67,67,67,67,67,70,70,70,70,46,64,68,68,68,68,70,70,70,70,70,70,70,70,70,70,70,2],"gold":78,"neow_bonus":"ONE_RARE_RELIC","is_daily":false,"chose_seed":false,"campfire_upgraded":8,"win_rate":0.0,"timestamp":1608028246,"path_taken":["M","M","?","?","?","R","E","?","T","E","R","M","E","M","R","BOSS","M","$","M","M","?","R","E","R","T","$","?","E","R","?","R","BOSS","M","?","$","?","?","E","R","?","T","E","$","M","E","M","R","BOSS"],"items_purchased_type":["Relic","Potion","Relic"],"build_version":"2020-12-13","purchased_purges":3,"victory":true,"max_hp_per_floor":[70,70,70,70,70,70,70,70,70,70,70,70,70,70,70,70,70,70,70,70,70,70,70,70,70,70,70,70,70,70,70,70,70,70,70,70,70,70,70,70,70,70,70,70,70,70,70,70,70,70],"card_choices":[{"not_picked":["Occultation","GasGiant"],"picked":"BlazeAway","floor":1},{"not_picked":["MilkyWay","MachineGunSpark"],"picked":"Acceleration","floor":2},{"not_picked":["6A","OrrerysSun"],"picked":"StarBarrage","floor":4},{"not_picked":["OrrerysSun","WitchLeyline"],"picked":"MilkyWay","floor":7},{"not_picked":["Occultation","GravityBeat"],"picked":"ManaConvection","floor":8},{"not_picked":["GrandCross","OortCloud"],"picked":"SporeBomb","floor":10},{"not_picked":["DarkMatter","AbsoluteMagnitude"],"picked":"GravityBeat","floor":12},{"not_picked":["AlicesGift","WitchLeyline"],"picked":"PulseMagic","floor":13},{"not_picked":["GalacticHalo","Robbery"],"picked":"MilkyWay","floor":14},{"not_picked":["IllusionStar","LuminesStrike"],"picked":"GalacticHalo","floor":15},{"not_picked":["WitchOfGreed","LuminesStrike"],"picked":"Acceleration","floor":18},{"not_picked":["NonDirectionalLaser","DoubleSpark"],"picked":"PulseMagic","floor":20},{"not_picked":["PowerUp","6A+1","LuminesStrike"],"picked":"SKIP","floor":21},{"not_picked":["DoubleSpark","BlazeAway","OrrerysSun"],"picked":"SKIP","floor":24},{"not_picked":["GrandCross","6A"],"picked":"MillisecondPulsars","floor":29},{"not_picked":["FairyDestructionRay","MachineGunSpark"],"picked":"DeepEcoloBomb","floor":31},{"not_picked":["ManaRampage","BigCrunch"],"picked":"UltimateShortwave","floor":33},{"not_picked":["UnstableBomb","EnergyFlow","MysteriousBeam"],"picked":"SKIP","floor":35},{"not_picked":["OpenUniverse+1","StarlightTyphoon","MillisecondPulsars"],"picked":"SKIP","floor":39},{"not_picked":["Singularity+1","PulseMagic","EarthLightRay"],"picked":"SKIP","floor":40},{"not_picked":["MysteriousBeam","OortCloud+1","PulseMagic"],"picked":"SKIP","floor":44},{"not_picked":["SporeBomb+1","NonDirectionalLaser","MagicAbsorber"],"picked":"SKIP","floor":46},{"not_picked":["ShootingEcho","GrandCross","SporeBomb"],"picked":"SKIP","floor":47},{"not_picked":["SporeBomb","StarBarrage","BlazeAway"],"picked":"SKIP","floor":48}],"player_experience":1156515,"relics_obtained":[{"floor":7,"key":"Dream Catcher"},{"floor":8,"key":"ShroomBag"},{"floor":9,"key":"Bag of Preparation"},{"floor":10,"key":"Toy Ornithopter"},{"floor":13,"key":"Thread and Needle"},{"floor":24,"key":"Bottled Lightning"},{"floor":26,"key":"CeramicFish"},{"floor":29,"key":"White Beast Statue"},{"floor":31,"key":"Gambling Chip"},{"floor":31,"key":"Sundial"},{"floor":36,"key":"Lizard Tail"},{"floor":40,"key":"Frozen Egg 2"},{"floor":43,"key":"Happy Flower"},{"floor":44,"key":"Darkstone Periapt"},{"floor":47,"key":"Bottled Flame"}],"event_choices":[{"damage_healed":0,"gold_gain":0,"player_choice":"Cursed","damage_taken":0,"max_hp_gain":0,"max_hp_loss":0,"event_name":"Wheel of Change","floor":3,"gold_loss":0,"cards_obtained":["Decay"]},{"cards_removed":["Decay"],"damage_healed":0,"gold_gain":0,"player_choice":"Forget","damage_taken":0,"max_hp_gain":0,"max_hp_loss":0,"event_name":"Living Wall","floor":5,"gold_loss":0},{"damage_healed":0,"gold_gain":0,"player_choice":"Fought Mushrooms","damage_taken":0,"max_hp_gain":0,"max_hp_loss":0,"event_name":"Mushrooms_MRS","floor":8,"gold_loss":0},{"damage_healed":0,"gold_gain":0,"player_choice":"Read","damage_taken":0,"max_hp_gain":0,"max_hp_loss":0,"event_name":"The Library","floor":22,"gold_loss":0,"cards_obtained":["Acceleration"]},{"damage_healed":0,"gold_gain":0,"player_choice":"Ignored","damage_taken":0,"max_hp_gain":0,"max_hp_loss":0,"event_name":"Ghosts","floor":28,"gold_loss":0},{"damage_healed":0,"gold_gain":0,"player_choice":"Fight","damage_taken":0,"max_hp_gain":0,"max_hp_loss":0,"event_name":"Colosseum","floor":31,"gold_loss":0},{"damage_healed":0,"gold_gain":0,"player_choice":"Fought Nobs","damage_taken":0,"max_hp_gain":0,"max_hp_loss":0,"event_name":"Colosseum","floor":31,"gold_loss":0},{"damage_healed":0,"gold_gain":0,"player_choice":"Fight","damage_taken":0,"max_hp_gain":0,"max_hp_loss":0,"event_name":"Mysterious Sphere","floor":36,"gold_loss":0},{"damage_healed":0,"gold_gain":0,"player_choice":"Upgraded","damage_taken":0,"max_hp_gain":0,"max_hp_loss":0,"event_name":"Upgrade Shrine","floor":38,"gold_loss":0,"cards_upgraded":["Acceleration"]},{"cards_removed":["Defend_MRS"],"damage_healed":0,"gold_gain":0,"player_choice":"Removed Skill","damage_taken":0,"max_hp_gain":0,"max_hp_loss":0,"event_name":"Falling","floor":42,"gold_loss":0}],"is_beta":false,"boss_relics":[{"not_picked":["Sozu","SlaversCollar"],"picked":"Cursed Key"},{"not_picked":["RampagingMagicTools","SacredBark"],"picked":"Astrolabe"}],"items_purged_floors":[27,37,45],"is_endless":false,"potions_floor_spawned":[1,4,13,14,18,21,31,31,33,35,36,39,40,44,46,47,48],"ascension_level":19}}