{"host":"diimjn7l8zzl9nqr","time":1608018685,"event":{"mods":["BaseMod","DeckTracker","Keyboard Shortcuts","Minty Spire (QoL Compilation)","Permanent Neow","Quick Restart","StSLib"],"gold_per_floor":[111,127,127,6,24,54,67,92,119,165,185,197,211,222,222,317,317,334,354,157,157,157,192,192,192,192,268,294,294,311,311,311,311,311],"floor_reached":33,"playtime":1147,"items_purged":["Strike_R"],"score":327,"play_id":"7779d26f-5166-40e4-9e8f-0a76048faaf3","local_time":"20201215165125","is_ascension_mode":true,"campfire_choices":[{"data":"Heavy Blade","floor":15,"key":"SMITH"},{"data":"RitualDagger","floor":24,"key":"SMITH"},{"data":"Immolate","floor":29,"key":"SMITH"},{"data":"Armaments","floor":32,"key":"SMITH"}],"circlet_count":0,"master_deck":["Strike_R","Strike_R","Strike_R","Defend_R","Defend_R","Defend_R","Defend_R","Bash","Dramatic Entrance","Reckless Charge","Cleave+1","Inflame","Heavy Blade+1","Pommel Strike","Power Through","Whirlwind","Headbutt","Immolate+1","Shrug It Off","Feed","CurseOfTheBell","Twin Strike+1","RitualDagger+1","Armaments+1","Infernal Blade"],"relics":["Burning Blood","Smiling Mask","Oddly Smooth Stone","Potion Belt","Tiny Chest","Calling Bell","PreservedInsect","Meat on the Bone","WingedGreaves","Pen Nib","Enchiridion","Whetstone","MutagenicStrength","White Beast Statue","Paper Frog","Anchor"],"acts_visited":["Exordium","TheCity"],"potions_floor_usage":[19,28,30,30,30],"damage_taken":[{"damage":1,"enemies":"Cultist","floor":1,"turns":3},{"damage":1,"enemies":"2 Louse","floor":2,"turns":2},{"damage":2,"enemies":"Jaw Worm","floor":5,"turns":3},{"damage":14,"enemies":"Gremlin Nob","floor":6,"turns":3},{"damage":5,"enemies":"Exordium Wildlife","floor":7,"turns":4},{"damage":12,"enemies":"3 Sentries","floor":8,"turns":6},{"damage":19,"enemies":"Exordium Thugs","floor":11,"turns":4},{"damage":0,"enemies":"Large Slime","floor":12,"turns":4},{"damage":13,"enemies":"Blue Slaver","floor":13,"turns":3},{"damage":0,"enemies":"2 Fungi Beasts","floor":14,"turns":2},{"damage":46,"enemies":"Slime Boss","floor":16,"turns":9},{"damage":18,"enemies":"Chosen","floor":18,"turns":6},{"damage":25,"enemies":"Shell Parasite","floor":19,"turns":5},{"damage":15,"enemies":"Gremlin Leader","floor":23,"turns":6},{"damage":26,"enemies":"Book of Stabbing","floor":28,"turns":5},{"damage":0,"enemies":"Shelled Parasite and Fungi","floor":30,"turns":3},{"damage":39,"enemies":"Automaton","floor":33,"turns":10}],"seed_played":"-2141439972329453216","potions_obtained":[{"floor":1,"key":"PowerPotion"},{"floor":2,"key":"Block Potion"},{"floor":12,"key":"EssenceOfSteel"},{"floor":13,"key":"Energy Potion"},{"floor":19,"key":"EssenceOfSteel"},{"floor":23,"key":"DistilledChaos"},{"floor":28,"key":"AttackPotion"},{"floor":30,"key":"Fire Potion"}],"is_trial":false,"path_per_floor":["M","M","?","$","M","E","M","E","T","T","M","M","M","M","R","B",null,"M","M","$","?","?","E","R","?","T","T","E","R","M","?","R","B"],"character_chosen":"IRONCLAD","items_purchased":["Inflame","Heavy Blade","Pen Nib"],"campfire_rested":0,"item_purchase_floors":[4,4,20],"current_hp_per_floor":[80,80,85,85,85,77,78,72,72,72,59,65,58,64,64,24,85,73,57,57,51,35,38,38,38,38,38,30,30,48,48,48,9,9],"gold":311,"neow_bonus":"RANDOM_COLORLESS","is_daily":false,"chose_seed":false,"campfire_upgraded":4,"win_rate":0.0,"timestamp":1608018685,"path_taken":["M","?","?","?","M","E","M","E","T","?","M","M","M","M","R","BOSS","M","M","$","?","?","E","R","?","T","?","E","R","M","?","R","BOSS"],"items_purchased_type":["Card","Card","Relic"],"build_version":"2020-12-13","purchased_purges":1,"victory":false,"max_hp_per_floor":[80,80,85,85,85,85,85,85,85,85,85,85,85,85,85,85,85,85,88,88,88,88,88,88,88,88,88,88,88,88,88,88,88,88],"card_choices":[{"not_picked":["Deep Breath","Enlightenment"],"picked":"Dramatic Entrance","floor":0},{"not_picked":["Blood for Blood","Entrench"],"picked":"Reckless Charge","floor":1},{"not_picked":["Body Slam","Twin Strike"],"picked":"Cleave","floor":2},{"not_picked":["Heavy Blade","Warcry"],"picked":"Pommel Strike","floor":5},{"not_picked":["Havoc","Sword Boomerang"],"picked":"Power Through","floor":6},{"not_picked":["Havoc","Clash","Warcry"],"picked":"SKIP","floor":7},{"not_picked":["Hemokinesis","Rage"],"picked":"Whirlwind","floor":8},{"not_picked":["Sever Soul","Perfected Strike","Searing Blow"],"picked":"SKIP","floor":11},{"not_picked":["Clash","Pommel Strike"],"picked":"Headbutt","floor":12},{"not_picked":["Ghostly Armor","Rupture"],"picked":"Immolate","floor":13},{"not_picked":["Iron Wave","Flex"],"picked":"Shrug It Off","floor":14},{"not_picked":["Berserk","Barricade"],"picked":"Feed","floor":16},{"not_picked":["Warcry","Anger","Thunderclap+1"],"picked":"SKIP","floor":18},{"not_picked":["Headbutt+1","Pommel Strike"],"picked":"Twin Strike","floor":19},{"not_picked":["Perfected Strike+1","Pommel Strike","Combust"],"picked":"SKIP","floor":23},{"not_picked":["Cleave","Anger","Entrench+1"],"picked":"SKIP","floor":28},{"not_picked":["Twin Strike","Sword Boomerang"],"picked":"Armaments","floor":30}],"player_experience":88519,"relics_obtained":[{"floor":6,"key":"Smiling Mask"},{"floor":8,"key":"Oddly Smooth Stone"},{"floor":9,"key":"Potion Belt"},{"floor":10,"key":"Tiny Chest"},{"floor":17,"key":"PreservedInsect"},{"floor":17,"key":"Meat on the Bone"},{"floor":17,"key":"WingedGreaves"},{"floor":22,"key":"Enchiridion"},{"floor":23,"key":"Whetstone"},{"floor":26,"key":"White Beast Statue"},{"floor":27,"key":"Paper Frog"},{"floor":28,"key":"Anchor"}],"event_choices":[{"damage_healed":0,"gold_gain":0,"player_choice":"Donut","damage_taken":0,"max_hp_gain":5,"max_hp_loss":0,"event_name":"Big Fish","floor":3,"gold_loss":0},{"damage_healed":0,"gold_gain":0,"player_choice":"Joined the Cult","damage_taken":6,"max_hp_gain":0,"max_hp_loss":0,"event_name":"Nest","floor":21,"gold_loss":0,"cards_obtained":["RitualDagger"]},{"damage_healed":0,"gold_gain":0,"player_choice":"Obtained Book","damage_taken":16,"max_hp_gain":0,"max_hp_loss":0,"event_name":"Cursed Tome","floor":22,"gold_loss":0},{"damage_healed":0,"gold_gain":0,"player_choice":"Inject Mutagens","damage_taken":0,"relics_obtained":["MutagenicStrength"],"max_hp_gain":0,"max_hp_loss":0,"event_name":"Drug Dealer","floor":25,"gold_loss":0},{"damage_healed":0,"gold_gain":0,"cards_transformed":["Strike_R"],"player_choice":"Transformed","damage_taken":0,"max_hp_gain":0,"max_hp_loss":0,"event_name":"Transmorgrifier","floor":31,"gold_loss":0,"cards_obtained":["Infernal Blade"]}],"is_beta":false,"boss_relics":[{"not_picked":["Fusion Hammer","Black Star"],"picked":"Calling Bell"}],"items_purged_floors":[20],"is_endless":false,"potions_floor_spawned":[1,2,12,13,19,23,28,30],"killed_by":"Automaton","ascension_level":2}}