{"host":"qw1m3zcvi888b4j7","time":1608076468,"event":{"mods":["BaseMod","Block Reminder","Colored Map","Colored Powertips","DeckTracker","Highlight Path","Hubris","Minty Spire (QoL Compilation)","Quick Restart","Rare Cards Sparkle","Relic Sorter","Relic Stats","Replay The Spire","StSLib","The Blue Laboratory","The Cursed"],"gold_per_floor":[118,133,133,133,208,208,223,249,249,249,249,249,260,225,225,329,329,346,358,373,389,349,349,349],"floor_reached":23,"playtime":1522,"items_purged":[],"score":191,"play_id":"f68439c5-9fa9-4f2c-93f5-e0e4cac7469a","local_time":"20201216005428","is_ascension_mode":false,"campfire_choices":[{"floor":6,"key":"RECALL"},{"floor":10,"key":"REST"},{"data":"TheCursedMod:ForbiddenAlchemy","floor":15,"key":"SMITH"}],"circlet_count":0,"master_deck":["TheCursedMod:Strike_TheCursed","TheCursedMod:Strike_TheCursed","TheCursedMod:Strike_TheCursed+1","TheCursedMod:Strike_TheCursed","TheCursedMod:Defend_TheCursed","TheCursedMod:Defend_TheCursed","TheCursedMod:Defend_TheCursed","TheCursedMod:Defend_TheCursed+1","TheCursedMod:CursedWand","TheCursedMod:CleanUpWorkshop","TheCursedMod:Dregs","TheCursedMod:HellfireBreathing","TheCursedMod:RapidMovement","Regret","TheCursedMod:TroublousMinions","TheCursedMod:CursedAmulet","TheCursedMod:ForbiddenAlchemy+1","TheCursedMod:Neurasthenia","TheCursedMod:Stigma+1","TheCursedMod:Torture+1","TheCursedMod:SpitefulPray","TheCursedMod:NeowsMight+1"],"relics":["TheCursedMod:BlackMagic101","NeowsBlessing","Question Card","Sundial","Bottled Lightning","hubris:Towel","hubris:VirtuousBlindfold"],"acts_visited":["Exordium","TheCity"],"potions_floor_usage":[8,16,16,16,16,16,19,19,19,20,21],"damage_taken":[{"damage":0,"enemies":"Jaw Worm","floor":1,"turns":1},{"damage":0,"enemies":"Small Slimes","floor":2,"turns":2},{"damage":0,"enemies":"2 Louse","floor":7,"turns":1},{"damage":18,"enemies":"3 Sentries","floor":8,"turns":7},{"damage":16,"enemies":"2 Fungi Beasts","floor":13,"turns":4},{"damage":47,"enemies":"Slime Boss","floor":16,"turns":14},{"damage":16,"enemies":"Chosen","floor":18,"turns":11},{"damage":3,"enemies":"3 Byrds","floor":19,"turns":5},{"damage":20,"enemies":"Snake Plant","floor":20,"turns":4},{"damage":29,"enemies":"Centurion and Healer","floor":21,"turns":7},{"damage":12,"enemies":"Gremlin Leader","floor":23,"turns":2}],"seed_played":"8357672745217859634","potions_obtained":[{"floor":1,"key":"Swift Potion"},{"floor":7,"key":"Reflective Coating"},{"floor":8,"key":"Dexterity Potion"},{"floor":20,"key":"blueLaboratory:EnragingPotion"}],"is_trial":false,"path_per_floor":["M","M","?","?","?","R","M","E","T","R","T","?","M","?","R","B",null,"M","M","M","M","?","E"],"character_chosen":"THE_CURSED","items_purchased":[],"campfire_rested":1,"item_purchase_floors":[],"current_hp_per_floor":[75,75,75,60,49,49,49,31,31,53,53,53,37,55,55,8,75,59,56,36,7,7,0,0],"gold":349,"neow_bonus":"THREE_ENEMY_KILL","is_daily":false,"chose_seed":false,"campfire_upgraded":1,"win_rate":0.0,"timestamp":1608076468,"path_taken":["M","M","?","?","?","R","M","E","T","R","?","?","M","?","R","BOSS","M","M","M","M","?","E"],"items_purchased_type":[],"build_version":"2020-12-13","purchased_purges":0,"victory":false,"max_hp_per_floor":[75,75,75,75,75,75,75,75,75,75,75,75,75,75,75,75,75,75,75,75,75,75,75,75],"relic_stats":{"counters":[11,56],"Sundial":[8],"Question Card":14,"obtain_stats":[{"TheCursedMod:BlackMagic101":0,"NeowsBlessing":0,"Sundial":8,"hubris:VirtuousBlindfold":17,"Bottled Lightning":11,"hubris:Towel":12,"Question Card":3},{"TheCursedMod:BlackMagic101":0,"NeowsBlessing":0,"Sundial":4,"hubris:VirtuousBlindfold":6,"Bottled Lightning":4,"hubris:Towel":4,"Question Card":2},{"TheCursedMod:BlackMagic101":0,"NeowsBlessing":0,"Sundial":10,"hubris:VirtuousBlindfold":28,"Bottled Lightning":10,"hubris:Towel":10,"Question Card":3}]},"card_choices":[{"not_picked":["TheCursedMod:EmpowerCircles","TheCursedMod:CircleOfAmplification"],"picked":"TheCursedMod:HellfireBreathing","floor":1},{"not_picked":["TheCursedMod:WearCloak","TheCursedMod:CursedAmulet"],"picked":"TheCursedMod:RapidMovement","floor":2},{"not_picked":["TheCursedMod:EmpowerCircles","TheCursedMod:LuckyCharm","TheCursedMod:CircleOfCorruption"],"picked":"TheCursedMod:TroublousMinions","floor":7},{"not_picked":["TheCursedMod:StingEye","TheCursedMod:CursedBlade","TheCursedMod:Obscuration"],"picked":"TheCursedMod:CursedAmulet","floor":8},{"not_picked":["TheCursedMod:RavingStaff","TheCursedMod:AshesToAshes","TheCursedMod:Wield"],"picked":"TheCursedMod:ForbiddenAlchemy","floor":13},{"not_picked":["TheCursedMod:AntiAging","TheCursedMod:DarkBarrier","TheCursedMod:NeowsMight"],"picked":"TheCursedMod:Neurasthenia","floor":16},{"not_picked":["TheCursedMod:CircleOfCorruption","TheCursedMod:VitalStrike","TheCursedMod:WearCloak"],"picked":"TheCursedMod:Stigma+1","floor":18},{"not_picked":["TheCursedMod:RapidMovement","TheCursedMod:Wield","TheCursedMod:AshesToAshes"],"picked":"TheCursedMod:Torture+1","floor":19},{"not_picked":["TheCursedMod:TroublousMinions","TheCursedMod:PrepareRite+1","TheCursedMod:CircleOfCorruption"],"picked":"TheCursedMod:SpitefulPray","floor":20},{"not_picked":["TheCursedMod:SpitefulPlan+1","TheCursedMod:CursedBlade+1","TheCursedMod:AshesToAshes"],"picked":"TheCursedMod:NeowsMight","floor":21}],"player_experience":87483,"relics_obtained":[{"floor":8,"key":"Sundial"},{"floor":11,"key":"Bottled Lightning"}],"event_choices":[{"damage_healed":0,"gold_gain":0,"player_choice":"Box","damage_taken":0,"relics_obtained":["Question Card"],"max_hp_gain":0,"max_hp_loss":0,"event_name":"Big Fish","floor":3,"gold_loss":0,"cards_obtained":["Regret"]},{"damage_healed":0,"gold_gain":0,"player_choice":"Entered Light","damage_taken":15,"max_hp_gain":0,"max_hp_loss":0,"event_name":"Shining Light","floor":4,"gold_loss":0,"cards_upgraded":["TheCursedMod:Defend_TheCursed","TheCursedMod:Strike_TheCursed"]},{"damage_healed":0,"gold_gain":75,"player_choice":"Gather Gold","damage_taken":11,"max_hp_gain":0,"max_hp_loss":0,"event_name":"World of Goop","floor":5,"gold_loss":0},{"damage_healed":18,"gold_gain":0,"player_choice":"Healed","damage_taken":0,"max_hp_gain":0,"max_hp_loss":0,"event_name":"The Cleric","floor":14,"gold_loss":35},{"damage_healed":0,"gold_gain":0,"player_choice":"Upgrade","damage_taken":0,"max_hp_gain":0,"max_hp_loss":0,"event_name":"Designer","floor":22,"gold_loss":40,"cards_upgraded":["TheCursedMod:NeowsMight"]}],"is_beta":false,"boss_relics":[{"not_picked":["Snecko Eye","hubris:CrackedHourglass"],"picked":"hubris:VirtuousBlindfold"}],"items_purged_floors":[],"is_endless":false,"potions_floor_spawned":[1,7,8,20],"killed_by":"Gremlin Leader","ascension_level":0}}