{"host":"1tl36azeqm6yhdgj","time":1608066866,"event":{"mods":["AchievementEnabler","BaseMod","Minty Spire (QoL Compilation)","StSLib","The IronCluck","everything is the same but u backflip on backflip"],"gold_per_floor":[119,50,64,64,75,107,107,133,190,152,225,264,295,335,347,455,467,494,518,629,641,667,679,706,735,794,839,862,874,886,917,929,1041,1053,1075,377,389,400,417,417,417],"floor_reached":40,"playtime":1670,"items_purged":["Defend_R"],"score":729,"play_id":"c15db89c-8b1e-4d37-91c5-f47ef5a76b99","local_time":"20201215161426","is_ascension_mode":true,"campfire_choices":[{"floor":7.0,"key":"RECALL"},{"data":"Body Slam","floor":15.0,"key":"SMITH"},{"data":"Seeing Red","floor":23.0,"key":"SMITH"},{"data":"Dark Embrace","floor":29.0,"key":"SMITH"},{"data":"Flame Barrier","floor":32.0,"key":"SMITH"}],"circlet_count":0,"master_deck":["AscendersBane","Strike_R","Strike_R","Defend_R","Defend_R","Defend_R","Bash+1","Shockwave","Dropkick","Feel No Pain","Dropkick+1","Flame Barrier+1","Body Slam+1","Bludgeon","Flex","Demon Form","Blood for Blood+1","Whirlwind+1","Power Through+1","Uppercut+1","Clash+1","Seeing Red+1","Anger","Dark Embrace+1","Armaments+1","Feed","Rampage+1","Panache","Panacea","Body Slam+1","Disarm"],"relics":["Burning Blood","NeowsBlessing","WarpedTongs","InkBottle","MawBank","Whetstone","Orichalcum","Paper Frog","Astrolabe","Ancient Tea Set","Self Forming Clay","Black Star","Lantern","ClockworkSouvenir"],"acts_visited":["Exordium","TheCity","TheBeyond","TheBeyond"],"potions_floor_usage":[],"damage_taken":[{"damage":0.0,"enemies":"Small Slimes","floor":1.0,"turns":1.0},{"damage":0.0,"enemies":"Cultist","floor":3.0,"turns":1.0},{"damage":0.0,"enemies":"Jaw Worm","floor":5.0,"turns":1.0},{"damage":7.0,"enemies":"Gremlin Nob","floor":6.0,"turns":3.0},{"damage":26.0,"enemies":"3 Sentries","floor":8.0,"turns":13.0},{"damage":9.0,"enemies":"Lagavulin","floor":12.0,"turns":8.0},{"damage":0.0,"enemies":"3 Louse","floor":13.0,"turns":3.0},{"damage":2.0,"enemies":"Gremlin Nob","floor":14.0,"turns":3.0},{"damage":15.0,"enemies":"Slime Boss","floor":16.0,"turns":10.0},{"damage":0.0,"enemies":"3 Byrds","floor":18.0,"turns":4.0},{"damage":0.0,"enemies":"Shell Parasite","floor":19.0,"turns":1.0},{"damage":0.0,"enemies":"Centurion and Healer","floor":22.0,"turns":5.0},{"damage":6.0,"enemies":"Cultist and Chosen","floor":24.0,"turns":5.0},{"damage":8.0,"enemies":"3 Cultists","floor":25.0,"turns":6.0},{"damage":6.0,"enemies":"Gremlin Leader","floor":27.0,"turns":5.0},{"damage":11.0,"enemies":"Shelled Parasite and Fungi","floor":28.0,"turns":5.0},{"damage":0.0,"enemies":"Centurion and Healer","floor":31.0,"turns":6.0},{"damage":19.0,"enemies":"Automaton","floor":33.0,"turns":7.0},{"damage":7.0,"enemies":"Orb Walker","floor":35.0,"turns":3.0},{"damage":18.0,"enemies":"3 Shapes","floor":37.0,"turns":9.0},{"damage":36.0,"enemies":"Jaw Worm Horde","floor":38.0,"turns":5.0},{"damage":1.0,"enemies":"3 Darklings","floor":39.0,"turns":4.0},{"damage":75,"enemies":"Nemesis","floor":40,"turns":5}],"seed_played":"-3642028549890981580","potions_obtained":[{"floor":1.0,"key":"AttackPotion"},{"floor":3.0,"key":"Dexterity Potion"},{"floor":5.0,"key":"FairyPotion"},{"floor":13.0,"key":"Fruit Juice"},{"floor":16.0,"key":"Energy Potion"},{"floor":18.0,"key":"DistilledChaos"},{"floor":19.0,"key":"Explosive Potion"},{"floor":25.0,"key":"Fire Potion"},{"floor":28.0,"key":"Strength Potion"},{"floor":33.0,"key":"PowerPotion"},{"floor":37.0,"key":"Regen Potion"},{"floor":38.0,"key":"DuplicationPotion"}],"is_trial":false,"path_per_floor":["M","$","M","?","M","E","R","E","T","?","?","E","M","E","R","B",null,"M","M","?","?","M","R","M","M","T","E","M","R","$","M","R","B",null,"M","$","M","M","M","E"],"character_chosen":"IRONCLAD","items_purchased":["Dropkick","Lantern","Panache","ClockworkSouvenir","Panacea","Energy Potion"],"campfire_rested":0,"item_purchase_floors":[2,36,36,36,36,36],"current_hp_per_floor":[78,78,80,80,80,79,79,59,59,59,59,56,62,66,66,62,79,85,85,85,85,85,85,85,83,83,83,78,78,78,84,84,71,84,83,83,75,49,66,0,0],"gold":417,"neow_bonus":"THREE_ENEMY_KILL","is_daily":false,"chose_seed":false,"campfire_upgraded":4,"win_rate":0.0,"timestamp":1608066866,"path_taken":["M","$","M","?","?","E","R","E","T","?","?","E","M","E","R","BOSS","M","M","?","?","M","R","M","M","T","E","M","R","?","M","R","BOSS","M","$","M","M","?","E"],"items_purchased_type":["Card","Relic","Card","Relic","Card","Potion"],"build_version":"2020-12-13","purchased_purges":1,"victory":false,"max_hp_per_floor":[80,80,80,80,80,80,80,80,80,80,80,80,80,80,80,85,85,85,85,85,85,85,85,85,85,85,85,85,85,85,85,85,85,85,85,85,89,93,93,93,93],"card_choices":[{"not_picked":["Clothesline","Bloodletting"],"picked":"Shockwave","floor":1.0},{"not_picked":["Wild Strike","Battle Trance"],"picked":"Feel No Pain","floor":3.0},{"not_picked":["Wild Strike","Sword Boomerang"],"picked":"Dropkick","floor":5.0},{"not_picked":["Clash","Heavy Blade"],"picked":"Flame Barrier","floor":6.0},{"not_picked":["Combust","Entrench"],"picked":"Body Slam","floor":8.0},{"not_picked":["Headbutt","Reaper"],"picked":"Bludgeon","floor":12.0},{"not_picked":["Shrug It Off","Armaments"],"picked":"Flex","floor":13.0},{"not_picked":["Entrench","Armaments","True Grit"],"picked":"SKIP","floor":14.0},{"not_picked":["Exhume","Limit Break"],"picked":"Demon Form","floor":16.0},{"not_picked":["Perfected Strike","Iron Wave"],"picked":"Uppercut+1","floor":18.0},{"not_picked":["Combust","Body Slam"],"picked":"Clash+1","floor":19.0},{"not_picked":["Shockwave","Ghostly Armor"],"picked":"Seeing Red","floor":22.0},{"not_picked":["Pommel Strike","Spot Weakness"],"picked":"Anger","floor":24.0},{"not_picked":["Sword Boomerang","Havoc"],"picked":"Dark Embrace","floor":25.0},{"not_picked":["Bludgeon","Brutality"],"picked":"Armaments+1","floor":27.0},{"not_picked":["Twin Strike","Reckless Charge","Wild Strike"],"picked":"SKIP","floor":28.0},{"not_picked":["Reckless Charge","Body Slam","Power Through"],"picked":"SKIP","floor":31.0},{"not_picked":["Fiend Fire","Berserk"],"picked":"Feed","floor":33.0},{"not_picked":["Sword Boomerang","Heavy Blade"],"picked":"Rampage+1","floor":35.0},{"not_picked":["Pommel Strike","Clash"],"picked":"Body Slam+1","floor":37.0},{"not_picked":["Dark Embrace","Intimidate"],"picked":"Disarm","floor":38.0},{"not_picked":["Blood for Blood","Second Wind","Warcry"],"picked":"SKIP","floor":39.0}],"player_experience":1946563,"relics_obtained":[{"floor":6.0,"key":"InkBottle"},{"floor":8.0,"key":"MawBank"},{"floor":9.0,"key":"Whetstone"},{"floor":12.0,"key":"Orichalcum"},{"floor":14.0,"key":"Paper Frog"},{"floor":26.0,"key":"Ancient Tea Set"},{"floor":27.0,"key":"Self Forming Clay"}],"event_choices":[{"damage_healed":0.0,"max_hp_gain":0.0,"max_hp_loss":0.0,"gold_gain":0.0,"event_name":"Accursed Blacksmith","player_choice":"Rummage","floor":4.0,"gold_loss":0.0,"damage_taken":0.0,"relics_obtained":["WarpedTongs"],"cards_obtained":["Pain"]},{"cards_removed":["Pain"],"damage_healed":0.0,"max_hp_gain":0.0,"max_hp_loss":0.0,"gold_gain":0.0,"event_name":"The Cleric","player_choice":"Card Removal","floor":10.0,"gold_loss":50.0,"damage_taken":0.0},{"damage_healed":0.0,"max_hp_gain":0.0,"max_hp_loss":0.0,"gold_gain":61.0,"event_name":"Golden Wing","player_choice":"Gained Gold","floor":11.0,"gold_loss":0.0,"damage_taken":0.0},{"damage_healed":0.0,"max_hp_gain":0.0,"max_hp_loss":0.0,"gold_gain":99.0,"event_name":"Nest","player_choice":"Stole From Cult","floor":20.0,"gold_loss":0.0,"damage_taken":0.0},{"damage_healed":0.0,"max_hp_gain":0.0,"max_hp_loss":0.0,"gold_gain":0.0,"event_name":"Cursed Tome","player_choice":"Ignored","floor":21.0,"gold_loss":0.0,"damage_taken":0.0}],"is_beta":false,"boss_relics":[{"not_picked":["SlaversCollar","Pandora\u0027s Box"],"picked":"Astrolabe"},{"not_picked":["Black Blood","Fusion Hammer"],"picked":"Black Star"}],"items_purged_floors":[36],"is_endless":false,"potions_floor_spawned":[1,3,5,13,16,18,19,25,28,33,37,38],"killed_by":"Nemesis","ascension_level":12}}