{"host":"y89x8uui45kcjy42","time":1608004682,"event":{"mods":["2.2 Compatiblity","BaseMod","Colored Map","Colored Powertips","Friendly Minions","Highlight Path","Keyboard Shortcuts","Minty Spire (QoL Compilation)","StSLib","SuperFastMode","The Runesmith","Waifu the Spire"],"gold_per_floor":[112,125,55,69,85,208,208,219,243,243,254,254,285,303,303,401,401,418,435,139,89,108,141,160,160,160,178,210,210,56,74,74,178,178,193,67,117,171,171,200,211,211,211,230,241,258,283,283,283,283,283,283,30,62,62],"floor_reached":56,"playtime":2604,"items_purged":["Runesmith:Strike_RS","Runesmith:Defend_RS","Runesmith:Permafrost+1"],"score":1496,"play_id":"669fc2f4-28d3-4fed-9dbd-e1ba2a507fa7","local_time":"20201215125802","is_ascension_mode":false,"campfire_choices":[{"data":"Runesmith:Fortify","floor":7.0,"key":"SMITH"},{"floor":12.0,"key":"RECALL"},{"data":"Runesmith:BackupBattery+1","floor":25.0,"key":"SMITH"},{"data":"Runesmith:BackupBattery+2","floor":29.0,"key":"SMITH"},{"data":"Runesmith:BackupBattery+3","floor":32.0,"key":"SMITH"},{"data":"Runesmith:CraftFirestone+1","floor":42,"key":"PURGE"},{"data":"Runesmith:FrozenChisel+1","floor":49,"key":"PURGE"},{"data":"Runesmith:ReplicatingBarrier+1","floor":52,"key":"PURGE"}],"circlet_count":0,"master_deck":["Runesmith:Fortify+1","Runesmith:CraftMagma+1","Runesmith:Firestorm+1","Runesmith:GrandSlam+1","Runesmith:Permafrost+1","Runesmith:CraftObretio+1","Runesmith:CreatorForm+1","Runesmith:BackupBattery+4","Runesmith:Reinforce+1","Runesmith:PoweredAnvil+1","Runesmith:CraftProtectio+1","Runesmith:LithiumIon+1"],"relics":["Runesmith:CoreCrystal","Molten Egg 2","Toxic Egg 2","Frozen Egg 2","Coffee Dripper","ClockworkSouvenir","Anchor","Orichalcum","SlaversCollar","Membership Card","Torii","Lee\u0027s Waffle","Runesmith:EmergencyProvisions","Lantern","Mummified Hand","WingedGreaves","Medical Kit","Toy Ornithopter","Oddly Smooth Stone","Peace Pipe","Dream Catcher","Singing Bowl","Omamori","Pen Nib","Bag of Marbles","Thread and Needle","War Paint"],"acts_visited":["Exordium","TheCity","TheBeyond","TheEnding"],"potions_floor_usage":[36,55,55,55],"damage_taken":[{"damage":0.0,"enemies":"Small Slimes","floor":1.0,"turns":3.0},{"damage":0.0,"enemies":"Cultist","floor":2.0,"turns":3.0},{"damage":0.0,"enemies":"2 Louse","floor":4.0,"turns":2.0},{"damage":8.0,"enemies":"Exordium Thugs","floor":5.0,"turns":4.0},{"damage":8.0,"enemies":"2 Fungi Beasts","floor":8.0,"turns":2.0},{"damage":0.0,"enemies":"Exordium Wildlife","floor":11.0,"turns":3.0},{"damage":11.0,"enemies":"3 Sentries","floor":13.0,"turns":5.0},{"damage":2.0,"enemies":"Large Slime","floor":14.0,"turns":3.0},{"damage":0.0,"enemies":"Hexaghost","floor":16.0,"turns":5.0},{"damage":0.0,"enemies":"Shell Parasite","floor":18.0,"turns":3.0},{"damage":34.0,"enemies":"3 Byrds","floor":19.0,"turns":4.0},{"damage":0.0,"enemies":"Cultist and Chosen","floor":22.0,"turns":4.0},{"damage":0.0,"enemies":"Book of Stabbing","floor":23.0,"turns":4.0},{"damage":6.0,"enemies":"Snecko","floor":24.0,"turns":4.0},{"damage":0.0,"enemies":"Centurion and Healer","floor":27.0,"turns":4.0},{"damage":8.0,"enemies":"Gremlin Leader","floor":28.0,"turns":4.0},{"damage":0.0,"enemies":"Chosen and Byrds","floor":31.0,"turns":3.0},{"damage":20.0,"enemies":"Collector","floor":33.0,"turns":6.0},{"damage":0.0,"enemies":"3 Shapes","floor":35.0,"turns":5.0},{"damage":16,"enemies":"Mind Bloom Boss Battle","floor":37,"turns":5},{"damage":19,"enemies":"Reptomancer","floor":40,"turns":6},{"damage":11,"enemies":"3 Darklings","floor":41,"turns":5},{"damage":0,"enemies":"Jaw Worm Horde","floor":44,"turns":5},{"damage":20,"enemies":"Transient","floor":45,"turns":5},{"damage":0,"enemies":"Sphere and 2 Shapes","floor":46,"turns":5},{"damage":57,"enemies":"Awakened One","floor":50,"turns":11},{"damage":32,"enemies":"Shield and Spear","floor":54,"turns":9},{"damage":52,"enemies":"The Heart","floor":55,"turns":11}],"seed_played":"-8056395389885622386","potions_obtained":[{"floor":2.0,"key":"DistilledChaos"},{"floor":8.0,"key":"GamblersBrew"},{"floor":11.0,"key":"Fruit Juice"},{"floor":13.0,"key":"DuplicationPotion"},{"floor":16.0,"key":"BlessingOfTheForge"},{"floor":24.0,"key":"FearPotion"},{"floor":28.0,"key":"DistilledChaos"},{"floor":35.0,"key":"AttackPotion"},{"floor":54,"key":"Strength Potion"}],"is_trial":false,"path_per_floor":["M","M","$","M","M","$","R","M","T","?","M","R","E","M","R","B",null,"M","M","$","?","M","E","M","R","T","M","E","R","$","M","R","B",null,"M","$","?","T","?","E","M","R","T","M","M","M","T","?","R","B",null,"R","$","E","B",null],"character_chosen":"RUNESMITH_CLASS","items_purchased":["Runesmith:GrandSlam+1","Runesmith:Permafrost+1","ClockworkSouvenir","Runesmith:Permafrost+1","Torii","Lee\u0027s Waffle","Medical Kit","Toy Ornithopter","CultistPotion","Oddly Smooth Stone","Runesmith:CraftProtectio+1","Bag of Marbles","Thread and Needle"],"campfire_rested":0,"item_purchase_floors":[3,3,3,6,20,20,30,30,36,36,53,53,53],"current_hp_per_floor":[70,70,70,70,62,62,62,54,54,54,54,54,43,41,41,41,70,70,36,77,77,77,77,71,71,71,71,63,63,63,68,68,48,77,77,82,66,66,66,47,38,38,38,40,20,22,22,88,88,31,88,88,88,56,88],"gold":62,"neow_bonus":"UPGRADE_CARD","is_daily":false,"chose_seed":false,"campfire_upgraded":4,"win_rate":0.0,"timestamp":1608004682,"path_taken":["M","M","$","M","M","$","R","M","T","?","M","R","E","M","R","BOSS","M","?","$","?","M","E","M","R","T","M","E","R","?","M","R","BOSS","M","$","?","?","?","E","M","R","T","M","?","M","?","?","R","BOSS","R","$","E","BOSS"],"items_purchased_type":["Card","Card","Relic","Card","Relic","Relic","Relic","Relic","Potion","Relic","Card","Relic","Relic"],"build_version":"2020-12-13","purchased_purges":3,"victory":true,"max_hp_per_floor":[70,70,70,70,70,70,70,70,70,70,70,70,70,70,70,70,70,70,70,77,77,77,77,77,77,77,77,77,77,77,77,77,77,77,77,82,82,82,82,82,84,84,84,86,86,88,88,88,88,88,88,88,88,88,88],"card_choices":[{"not_picked":["Runesmith:Grindstone+1","Runesmith:MakeshiftArmor+1"],"picked":"Runesmith:CraftMagma+1","floor":1.0},{"not_picked":["Runesmith:Firewall+1","Runesmith:EarthShield+1"],"picked":"Runesmith:Firestorm+1","floor":2.0},{"not_picked":["Runesmith:Repurpose+1","Runesmith:Augment+1"],"picked":"Runesmith:FrozenChisel+1","floor":4.0},{"not_picked":["Runesmith:MakeshiftArmor+1","Runesmith:HeatedChisel+1","Runesmith:UnstableHammer+1"],"picked":"SKIP","floor":5.0},{"not_picked":["Runesmith:CraftMagma+1","Runesmith:UnstableHammer+1","Runesmith:Refine+1"],"picked":"SKIP","floor":8.0},{"not_picked":["Runesmith:HammerThrow+1","Runesmith:MakeshiftArmor+1","Runesmith:NegativeSpace+1"],"picked":"SKIP","floor":11.0},{"not_picked":["Runesmith:MakeshiftArmor+1","Runesmith:UnstableHammer+1","Runesmith:ShiftingStrike+1"],"picked":"SKIP","floor":13.0},{"not_picked":["Runesmith:Refine+1","Runesmith:ChaoticBlast+1"],"picked":"Runesmith:CraftObretio+1","floor":14.0},{"not_picked":["Runesmith:GenerateForcefield+1","Runesmith:CraftPrismatica+1"],"picked":"Runesmith:CreatorForm+1","floor":16.0},{"not_picked":["Runesmith:WhiteBalance+1","Runesmith:CraftMagma+1"],"picked":"Runesmith:BackupBattery+1","floor":18.0},{"not_picked":["Runesmith:Grindstone+1","Runesmith:HammerThrow+1","Runesmith:FieryHammer+1"],"picked":"SKIP","floor":19.0},{"not_picked":["Runesmith:Repurpose+1","Runesmith:WhiteBalance+1","Runesmith:Firewall+1"],"picked":"SKIP","floor":22.0},{"not_picked":["Runesmith:ElementalConversion+1","Runesmith:MakeshiftArmor+1","Runesmith:HammerThrow+1"],"picked":"SKIP","floor":23.0},{"not_picked":["Runesmith:Superposition+1","Runesmith:EnergizedChisel+1","Runesmith:CraftPrismatica+1"],"picked":"SKIP","floor":24.0},{"not_picked":["Runesmith:WhiteBalance+1","Runesmith:BackupBattery+1","Runesmith:HammerThrow+1"],"picked":"SKIP","floor":27.0},{"not_picked":["Runesmith:BackupBattery+1","Runesmith:Discharge+1","Runesmith:CraftObretio+1"],"picked":"SKIP","floor":28.0},{"not_picked":["Runesmith:Overpower+1","Runesmith:CraftIncendium+1","Runesmith:GoWithTheFlow+1"],"picked":"SKIP","floor":31.0},{"not_picked":["Runesmith:CraftIndustria+1","Runesmith:Duplicate+1"],"picked":"Runesmith:ReplicatingBarrier+1","floor":33.0},{"not_picked":["Runesmith:GoWithTheFlow+1","Runesmith:ChiselStab+1","Runesmith:Overpower+1"],"picked":"SKIP","floor":35.0},{"not_picked":["Runesmith:Superposition+1","Runesmith:EnergizedChisel+1"],"picked":"Runesmith:Reinforce+1","floor":37},{"not_picked":["Runesmith:ChaoticBlast+1","Runesmith:FieryHammer+1"],"picked":"Runesmith:Empowerment+1","floor":40},{"not_picked":["Runesmith:DoubleUp+1","Runesmith:HeatExchange+1","Runesmith:FieryHammer+1"],"picked":"Singing Bowl","floor":41},{"not_picked":["Runesmith:Grindstone+1","Runesmith:StaticCage+1","Runesmith:EarthShield+1"],"picked":"Singing Bowl","floor":44},{"not_picked":["Runesmith:MakeshiftArmor+1","Runesmith:RuneHurl+1"],"picked":"Runesmith:PoweredAnvil+1","floor":45},{"not_picked":["Runesmith:ElementalConversion+1","Runesmith:HeatedChisel+1","Runesmith:HeatExchange+1"],"picked":"Singing Bowl","floor":46},{"not_picked":["Runesmith:CraftObretio+1","Runesmith:StaticCage+1"],"picked":"Runesmith:LithiumIon+1","floor":54}],"player_experience":489461,"relics_obtained":[{"floor":13.0,"key":"Orichalcum"},{"floor":23.0,"key":"Runesmith:EmergencyProvisions"},{"floor":26.0,"key":"Lantern"},{"floor":28.0,"key":"WingedGreaves"},{"floor":37,"key":"Peace Pipe"},{"floor":38,"key":"Dream Catcher"},{"floor":40,"key":"Singing Bowl"},{"floor":43,"key":"Omamori"},{"floor":47,"key":"Pen Nib"},{"floor":54,"key":"War Paint"}],"event_choices":[{"damage_healed":0.0,"max_hp_gain":0.0,"max_hp_loss":0.0,"gold_gain":0.0,"event_name":"WeMeetAgain","player_choice":"Gave Potion","floor":10.0,"gold_loss":0.0,"damage_taken":0.0,"relics_obtained":["Anchor"]},{"damage_healed":0.0,"max_hp_gain":0.0,"max_hp_loss":0.0,"gold_gain":0.0,"event_name":"The Joust","player_choice":"Bet on Murderer","floor":21.0,"gold_loss":50.0,"damage_taken":0.0},{"damage_healed":0,"gold_gain":0,"player_choice":"Fight","damage_taken":0,"max_hp_gain":0,"max_hp_loss":0,"event_name":"MindBloom","floor":37,"gold_loss":0},{"damage_healed":0,"gold_gain":0,"player_choice":"Ignored","damage_taken":0,"max_hp_gain":0,"max_hp_loss":0,"event_name":"Tomb of Lord Red Mask","floor":39,"gold_loss":0},{"cards_removed":["Runesmith:Empowerment"],"damage_healed":66,"gold_gain":0,"player_choice":"Offered Uncommon","damage_taken":0,"max_hp_gain":0,"max_hp_loss":0,"event_name":"Bonfire Elementals","floor":48,"gold_loss":0}],"is_beta":false,"boss_relics":[{"not_picked":["Pandora\u0027s Box","Busted Crown"],"picked":"SlaversCollar"},{"not_picked":["Snecko Eye","Tiny House"],"picked":"Runesmith:CoreCrystal"}],"items_purged_floors":[3,6,20],"is_endless":false,"potions_floor_spawned":[2,8,11,13,16,24,27,28,35,37,54],"ascension_level":0}}