{"host":"2d0rd30cigwncx1y","time":1608075228,"event":{"mods":["BaseMod","Colored Map","Colored Powertips","Downfall","MarisaÅiñ∂âJÅ@ñÇóùçπÅj","Minty Spire (QoL Compilation)","Replay The Spire","StSLib","The Alterego","The Servant 0.9.4"],"gold_per_floor":[99,133,5,5,5,27,27,27,68,68,90,116,116,291,326,435,435,435,461,491,62,95,95,95,132,132,183,183,183,81,114,148,264,264,264,296,342,406,454,454,454,454,464,464],"floor_reached":43,"playtime":4431,"items_purged":["Doubt","Slimebound:Strike_Slimebound"],"score":630,"play_id":"062912a9-16d3-4041-b4f3-b05230a790d3","local_time":"20201216003348","is_ascension_mode":false,"campfire_choices":[{"data":"Slimebound:CorrosiveSpit","floor":1.0,"key":"SMITH"},{"data":"Slimebound:Nibble","floor":4.0,"key":"SMITH"},{"data":"Slimebound:OozeBath","floor":10.0,"key":"SMITH"},{"data":"Slimebound:SlimeSlap","floor":18.0,"key":"SMITH"},{"data":"Pot Of Greed","floor":23.0,"key":"SMITH"},{"data":"Pot Of Greed","floor":26.0,"key":"SMITH"},{"data":"Slimebound:Gluttony","floor":35.0,"key":"SMITH"},{"data":"Pot Of Greed","floor":40,"key":"SMITH"},{"data":"Slimebound:OozeBath","floor":42,"key":"SMITH"}],"circlet_count":0,"master_deck":["Slimebound:Strike_Slimebound","Slimebound:Strike_Slimebound","Slimebound:Tackle","Slimebound:Defend_Slimebound","Slimebound:Defend_Slimebound","Slimebound:Defend_Slimebound","Slimebound:Defend_Slimebound","Slimebound:Split","Slimebound:CorrosiveSpit+1","Slimebound:DisruptingSlam","Slimebound:RollThrough","Slimebound:Nibble+1","Slimebound:SamplingLick","Slimebound:GrowthPunch","Slimebound:RollThrough","Slimebound:OozeBath+1","Slimebound:FinishingTackle","Slimebound:SlimeSlap+1","Slimebound:Replication","Slimebound:SlimeSlap","Slimebound:RainOfGoop","Slimebound:RainOfGoop","Slimebound:GrowthPunch","Slimebound:Gluttony+1","Slimebound:SamplingLick","Pot Of Greed+1","Pot Of Greed+1","Pot Of Greed+1","Slimebound:LeechingTouch","Slimebound:Grow","Slimebound:SamplingLick","Slimebound:Prepare","Slimebound:LeechingTouch+1","Slimebound:GoopTackle+1","Slimebound:SamplingLick","Slimebound:OozeBath+1","Slimebound:Schlurp+1","Slimebound:SplitMire","Pot Of Greed"],"relics":["Slimebound:AbsorbEndCombat","downfall:HeartsMalice","Replay:Bandana","Smiling Mask","White Beast Statue","Slimebound:TarBlob","Sundial","Grinning Jar","Molten Egg 2","Ancient Tea Set","Ring of Hypnosis","alterego_mod:FleetingLove","SlaversCollar","WingedGreaves","Darkstone Periapt","Replay:Bottled Flurry"],"acts_visited":["Exordium","TheCity","TheBeyond"],"potions_floor_usage":[38,39],"damage_taken":[{"damage":0.0,"enemies":"3 Sentries","floor":2.0,"turns":1.0},{"damage":0.0,"enemies":"downfall:FleeingMerchant","floor":3.0,"turns":1.0},{"damage":0.0,"enemies":"downfall:FleeingMerchant","floor":5.0,"turns":1.0},{"damage":18.0,"enemies":"Cultist","floor":6.0,"turns":3.0},{"damage":39.0,"enemies":"Lagavulin","floor":9.0,"turns":8.0},{"damage":8.0,"enemies":"2 Louse","floor":11.0,"turns":2.0},{"damage":4.0,"enemies":"Jaw Worm","floor":12.0,"turns":2.0},{"damage":22.0,"enemies":"Large Slime","floor":15.0,"turns":4.0},{"damage":64.0,"enemies":"downfall:Watcher","floor":16.0,"turns":14.0},{"damage":15.0,"enemies":"Shell Parasite","floor":19.0,"turns":5.0},{"damage":37.0,"enemies":"Centurion and Healer","floor":20.0,"turns":8.0},{"damage":7.0,"enemies":"downfall:FleeingMerchant","floor":21.0,"turns":4.0},{"damage":38.0,"enemies":"Replay:Snechameleon","floor":22.0,"turns":8.0},{"damage":3.0,"enemies":"Chosen and Byrds","floor":25.0,"turns":4.0},{"damage":61.0,"enemies":"Slavers","floor":27.0,"turns":5.0},{"damage":12.0,"enemies":"downfall:FleeingMerchant","floor":30.0,"turns":4.0},{"damage":27.0,"enemies":"Snake Plant","floor":31.0,"turns":4.0},{"damage":23.0,"enemies":"Centurion and Healer","floor":32.0,"turns":4.0},{"damage":28.0,"enemies":"downfall:Silent","floor":33.0,"turns":6.0},{"damage":9.0,"enemies":"3 Darklings","floor":36.0,"turns":5.0},{"damage":73.0,"enemies":"Nemesis","floor":37.0,"turns":7.0},{"damage":6,"enemies":"Mind Bloom Boss Battle","floor":38,"turns":6},{"damage":62,"enemies":"Giant Head","floor":39,"turns":9},{"damage":62,"enemies":"Nemesis","floor":43,"turns":5}],"seed_played":"-1745621036710609948","potions_obtained":[{"floor":6.0,"key":"SpeedPotion"},{"floor":9.0,"key":"GamblersBrew"},{"floor":11.0,"key":"Weak Potion"},{"floor":12.0,"key":"Strength Potion"},{"floor":15.0,"key":"Slimebound:SlimyTonguePotion"},{"floor":21.0,"key":"sneckomod:MuddlingPotion"},{"floor":25.0,"key":"Explosive Potion"},{"floor":27.0,"key":"SmokeBomb"},{"floor":31.0,"key":"Slimebound:SlimyTonguePotion"},{"floor":32.0,"key":"Doom Potion"},{"floor":33.0,"key":"Languid Potion"},{"floor":36.0,"key":"Fire Potion"},{"floor":38,"key":"ColorlessPotion"},{"floor":39,"key":"sneckomod:MuddlingPotion"}],"is_trial":false,"path_per_floor":["R","E","$","R","$","M","T","?","E","R","M","M","?","?","M","B",null,"R","M","M","$","E","R","T","M","R","E","?","?","$","M","M","B",null,"R","M","E","?","E","R","T","R","E"],"character_chosen":"SLIMEBOUND","items_purchased":["Slimebound:Nibble","Slimebound:SamplingLick","Slimebound:Gluttony","Slimebound:SamplingLick","Sundial","Slimebound:LeechingTouch+1"],"campfire_rested":0,"item_purchase_floors":[3,3,21,21,21,30],"current_hp_per_floor":[60,60,60,60,60,54,54,54,29,29,33,37,57,57,50,46,60,60,57,60,60,42,42,42,60,60,37,37,37,51,33,36,54,60,60,60,11,37,37,37,37,37,0,0],"gold":464,"neow_bonus":"THREE_ENEMY_KILL","is_daily":false,"chose_seed":false,"campfire_upgraded":9,"win_rate":0.0,"timestamp":1608075228,"path_taken":["R","E","$","R","?","M","T","?","E","R","M","?","?","?","M","BOSS","R","M","M","$","E","R","T","M","R","E","?","?","$","M","M","BOSS","R","M","E","?","E","R","T","R","E"],"items_purchased_type":["Card","Card","Card","Card","Relic","Card"],"build_version":"2020-12-13","purchased_purges":2,"victory":false,"max_hp_per_floor":[60,60,60,60,60,60,60,60,60,60,60,60,60,60,60,60,60,60,60,60,60,60,60,60,60,60,60,60,60,60,60,60,60,60,60,60,60,60,60,60,60,60,60,60],"card_choices":[{"not_picked":["Slimebound:SplitMire","Slimebound:Dissolve"],"picked":"Slimebound:DisruptingSlam","floor":2.0},{"not_picked":["Slimebound:LeechEnergy","Slimebound:ViciousTackle"],"picked":"Slimebound:RollThrough","floor":3.0},{"not_picked":["Slimebound:Chomp","Slimebound:MassFeed"],"picked":"Slimebound:GrowthPunch","floor":5.0},{"not_picked":["Slimebound:FormOfPuddle","Slimebound:LeechEnergy"],"picked":"Slimebound:RollThrough","floor":6.0},{"not_picked":["Slimebound:ProtectTheBoss","Slimebound:SplitMire"],"picked":"Slimebound:OozeBath","floor":9.0},{"not_picked":["Slimebound:Gluttony","Slimebound:SplitLeeching"],"picked":"Slimebound:FinishingTackle","floor":11.0},{"not_picked":["Slimebound:SplitBruiser","Slimebound:Schlurp"],"picked":"Slimebound:SlimeSlap","floor":12.0},{"not_picked":["Slimebound:SlimeBarrage","Slimebound:SplitAcid"],"picked":"Slimebound:Replication","floor":15.0},{"not_picked":["Slimebound:WasteNot","Slimebound:MassFeed"],"picked":"Slimebound:SlimeSlap","floor":16.0},{"not_picked":["Slimebound:HauntingLick+1","Slimebound:SlimeSpikes+1"],"picked":"Slimebound:RainOfGoop","floor":19.0},{"not_picked":["Slimebound:BestDefense","Slimebound:SlimeBarrage"],"picked":"Slimebound:RainOfGoop","floor":20.0},{"not_picked":["Slimebound:SplitLeeching+1","Slimebound:LeadByExample"],"picked":"Slimebound:GrowthPunch","floor":21.0},{"not_picked":["Slimebound:ComboTackle+1","Slimebound:RejuvenatingLick"],"picked":"Slimebound:LeechingTouch","floor":22.0},{"not_picked":["Slimebound:SamplingLick+1","Slimebound:LeechEnergy+1"],"picked":"Slimebound:Grow","floor":25.0},{"not_picked":["Slimebound:ProtectTheBoss+1","Slimebound:MassFeed+1"],"picked":"Slimebound:SamplingLick","floor":27.0},{"not_picked":["Slimebound:ForwardTackle+1","Slimebound:SplitAcid+1"],"picked":"Slimebound:Prepare","floor":30.0},{"not_picked":["Slimebound:PressTheAttack+1","Slimebound:SplitAcid+1"],"picked":"Slimebound:GoopTackle+1","floor":31.0},{"not_picked":["Slimebound:GoopSpray+1","Slimebound:PressTheAttack+1"],"picked":"Slimebound:SamplingLick","floor":32.0},{"not_picked":["Slimebound:OneTwoCombo+1","Slimebound:MassFeed+1"],"picked":"Slimebound:OozeBath","floor":33.0},{"not_picked":["Slimebound:SamplingLick+1","Slimebound:Repurpose"],"picked":"Slimebound:Schlurp+1","floor":36.0},{"not_picked":["Slimebound:BestDefense","Slimebound:TongueLash+1","Slimebound:RallyTheTroops+1"],"picked":"SKIP","floor":37.0},{"not_picked":["Slimebound:ForwardTackle+1","Slimebound:GrowthPunch+1"],"picked":"Slimebound:SplitMire","floor":38},{"not_picked":["Slimebound:SlimeBrawl+1","Slimebound:TongueLash+1","Slimebound:SelfFormingGoo"],"picked":"SKIP","floor":39}],"player_experience":51565,"relics_obtained":[{"floor":2.0,"key":"Replay:Bandana"},{"floor":7.0,"key":"Smiling Mask"},{"floor":9.0,"key":"White Beast Statue"},{"floor":22.0,"key":"Grinning Jar"},{"floor":24.0,"key":"Molten Egg 2"},{"floor":27.0,"key":"Ancient Tea Set"},{"floor":28.0,"key":"Ring of Hypnosis"},{"floor":38,"key":"WingedGreaves"},{"floor":39,"key":"Darkstone Periapt"},{"floor":41,"key":"Replay:Bottled Flurry"}],"event_choices":[{"damage_healed":20.0,"max_hp_gain":0.0,"max_hp_loss":0.0,"gold_gain":0.0,"event_name":"Big Fish","player_choice":"Banana","floor":13.0,"gold_loss":0.0,"damage_taken":0.0},{"damage_healed":0.0,"max_hp_gain":0.0,"max_hp_loss":0.0,"gold_gain":0.0,"event_name":"Secret Garden","player_choice":"Choice 1","floor":29.0,"gold_loss":0.0,"damage_taken":0.0,"relics_obtained":["alterego_mod:FleetingLove"]}],"is_beta":false,"boss_relics":[{"not_picked":["Slimebound:AbsorbEndCombatUpgraded","Black Star"],"picked":"Slimebound:TarBlob"},{"not_picked":["Honey Jar","Runic Pyramid"],"picked":"SlaversCollar"}],"items_purged_floors":[21,30],"is_endless":false,"potions_floor_spawned":[6,9,11,12,15,16,19,20,21,22,25,27,30,31,32,33,36,37,38,39],"killed_by":"Nemesis","ascension_level":0}}