{"host":"d0verjtbj2sjunpo","time":1608018186,"event":{"mods":["AchievementEnabler","Aspiration","BaseMod","Better Altar","Better Third Choice","BetterRewards","Downfall","Marisa????????","Minty Spire (QoL Compilation)","Replay The Spire","StSLib","The Cursed","The Servant 0.9.4"],"gold_per_floor":[117,313,313,28,41,68,68,68,68,68,93,118,41,60,17,37,37,37,37],"floor_reached":18,"playtime":688,"items_purged":[],"score":143,"play_id":"684e5204-30ab-4bd8-9406-e38f1e029cc0","local_time":"20201215014306","is_ascension_mode":false,"campfire_choices":[{"floor":7,"key":"REST"},{"floor":17,"key":"REST"}],"circlet_count":0,"master_deck":["Strike_S","Strike_S","Strike_S","Defend_S","Defend_S","Defend_S","Defend_S","KidneyShot","Exchange","DoubleEdge","ShatteredReality","Desolation+1","Ricochet+1","Advance","Misdirection","SilverBlades","Barrier","ReplayTheSpireMod:IOU","ReplayTheSpireMod:IOU","BestPractice"],"relics":["Uniform","NeowsBlessing","Replay:Multitool","Replay:PocketPolymizer","Replay:Wax Seal","Bag of Preparation","HornCleat","Replay:Bottled Eggs"],"acts_visited":["Exordium"],"potions_floor_usage":[18,18],"damage_taken":[{"damage":0,"enemies":"2 Louse","floor":1,"turns":1},{"damage":0,"enemies":"Jaw Worm","floor":5,"turns":1},{"damage":0,"enemies":"3 Sentries","floor":6,"turns":2},{"damage":24,"enemies":"Gremlin Nob","floor":12,"turns":4},{"damage":0,"enemies":"Cultist","floor":14,"turns":3},{"damage":15,"enemies":"Blue Slaver","floor":16,"turns":2},{"damage":53,"enemies":"Slime Boss","floor":18,"turns":6}],"seed_played":"1180615312793449126","potions_obtained":[{"floor":14,"key":"Block Potion"},{"floor":16,"key":"champ:CounterPotion"}],"is_trial":false,"path_per_floor":["M","?","?","$","M","E","R","?","PTL","PTL","T","E","$","M","$","M","R","B"],"character_chosen":"THE_SERVANT","items_purchased":["Replay:PocketPolymizer","SilverBlades","Replay:Bottled Eggs"],"campfire_rested":2,"item_purchase_floors":[4,13,15],"current_hp_per_floor":[65,65,47,47,47,47,65,65,65,65,65,41,41,41,41,26,45,0,0],"gold":37,"neow_bonus":"THREE_ENEMY_KILL","is_daily":false,"chose_seed":false,"campfire_upgraded":0,"win_rate":0.0,"timestamp":1608018186,"path_taken":["M","?","?","$","M","E","R","?","PTL","PTL","T","E","?","M","$","M","R","BOSS"],"items_purchased_type":["Relic","Card","Relic"],"build_version":"2020-12-13","purchased_purges":0,"victory":false,"max_hp_per_floor":[65,65,65,65,65,65,65,65,65,65,65,65,65,65,65,65,65,65,65],"card_choices":[{"not_picked":["Replace","Starlight"],"picked":"DoubleEdge","floor":1},{"not_picked":["Potential","Alleviate"],"picked":"ShatteredReality","floor":2},{"not_picked":["Shuttle","TimeWarp"],"picked":"Desolation","floor":5},{"not_picked":["Potential","Unruled"],"picked":"Ricochet","floor":6},{"not_picked":["Shuttle","Potential"],"picked":"Misdirection","floor":12},{"not_picked":["Starlight","FastForward"],"picked":"Barrier","floor":14},{"not_picked":["Read","ShatteredReality"],"picked":"BestPractice","floor":16}],"player_experience":166010,"relics_obtained":[{"floor":6,"key":"Replay:Wax Seal"},{"floor":11,"key":"Bag of Preparation"},{"floor":12,"key":"HornCleat"}],"event_choices":[{"damage_healed":0,"gold_gain":0,"player_choice":"Relic ","damage_taken":18,"max_hp_gain":0,"max_hp_loss":0,"event_name":"betterThird:BetterScrap","floor":3,"gold_loss":0,"cards_obtained":["Intimidate"]},{"damage_healed":0,"gold_gain":0,"player_choice":"Grow","damage_taken":0,"max_hp_gain":0,"max_hp_loss":0,"event_name":"Living Wall","floor":8,"gold_loss":0,"cards_upgraded":["Ricochet"]}],"is_beta":false,"boss_relics":[],"items_purged_floors":[],"is_endless":false,"potions_floor_spawned":[14,16],"killed_by":"Slime Boss","ascension_level":0}}