{"host":"kta213tp32cz47du","time":1608054430,"event":{"mods":["BaseMod","Better Altar","Better Third Choice","Colored Map","Colored Powertips","Conspire","Curses Come First","Displayed Cursed Tome","Hubris","Minty Spire (QoL Compilation)","Rare Cards Sparkle","Replay The Spire","Shade Mod","Shop Mod","StSLib","The Blue Laboratory","vexMod"],"gold_per_floor":[113,125,200,6,26,59,59,86,86,117,136,163,163,182,182,281,281,293,128,128,128,141,141,152,152,176,186,197,54,4,37,37,142,142,159,170,216,239,239,271,271,300,312,373,404,416,510,180,180,180],"floor_reached":51,"playtime":3079,"items_purged":["Shade:Strike_Shade","Shade:Strike_Shade"],"score":798,"play_id":"683991cb-9e2c-4b3e-a7fa-844d91990ce0","local_time":"20201215174710","is_ascension_mode":false,"campfire_choices":[{"data":"Shade:SkeletonArmy","floor":7,"key":"SMITH"},{"data":"Shade:FreshBones","floor":13,"key":"SMITH"},{"data":"Shade:CoffinDance","floor":15,"key":"SMITH"},{"data":"Shade:GreaterAnimation","floor":23,"key":"SMITH"},{"data":"Shade:SensePrey","floor":41,"key":"SMITH"},{"data":"Shade:OpenGraves","floor":46,"key":"SMITH"},{"floor":49,"key":"REST"}],"circlet_count":0,"master_deck":["Shade:Strike_Shade","Shade:Strike_Shade","Shade:Defend_Shade","Shade:Defend_Shade","Shade:Defend_Shade","Shade:Defend_Shade","Shade:AnimateDead","Shade:CarefulCut","Shade:SensePrey+1","Shade:SkeletonArmy+1","Shade:FreshBones","Shade:FreshBones+1","Shade:CoffinDance+1","Shade:RavenousHorde","Shade:FuneraryArmor","Shade:CommandSoldier","Shade:CoffinDance+1","Shade:GreaterAnimation+1","Shade:Carnophage","Shade:AuraOfUnlife","Shade:Bonestorm+1","Shade:Brains+1","Shade:FuneraryArmor","Shade:GreaterAnimation+1","conspire:SpireCoStock","Shade:FreshBones","Shade:Frenzy+1","Shade:SkeletonArmy","Shade:FuneraryArmor","Shade:OpenGraves+1","Shade:AblativeArmor","Shade:FreshBones","Mayhem","Mayhem"],"relics":["Shade:YorickSkull","NeowsBlessing","Blue Doll","Boot","Happy Flower","Mummified Hand","Vajra","BranchBurnRelic","Busted Crown","Enchiridion","Ancient Tea Set","DollysMirror","Replay:Rubber Ducky","hubris:TerracottaHorce","Replay:Baseball","Meat on the Bone","MawBank","Bottled Lightning","Omamori"],"acts_visited":["Exordium","TheCity","TheBeyond"],"potions_floor_usage":[3,6,10,11,11,11,24,24,35,37,38,50,50,50],"damage_taken":[{"damage":0,"enemies":"Small Slimes","floor":1,"turns":1},{"damage":0,"enemies":"Cultist","floor":2,"turns":1},{"damage":0,"enemies":"Jaw Worm","floor":5,"turns":1},{"damage":1,"enemies":"Gremlin Nob","floor":6,"turns":3},{"damage":5,"enemies":"Lagavulin","floor":10,"turns":5},{"damage":14,"enemies":"Exordium Thugs","floor":11,"turns":3},{"damage":0,"enemies":"Gremlin Nob","floor":12,"turns":2},{"damage":0,"enemies":"Red Slaver","floor":14,"turns":4},{"damage":28,"enemies":"The Guardian","floor":16,"turns":8},{"damage":6,"enemies":"Shell Parasite","floor":18,"turns":3},{"damage":0,"enemies":"Chosen","floor":22,"turns":2},{"damage":0,"enemies":"conspire:HollyBat","floor":24,"turns":6},{"damage":5,"enemies":"Snake Plant","floor":27,"turns":4},{"damage":0,"enemies":"Cultist and Chosen","floor":28,"turns":4},{"damage":7,"enemies":"conspire:SneckoGhost","floor":31,"turns":4},{"damage":4,"enemies":"conspire:MysteriousRune","floor":33,"turns":5},{"damage":5,"enemies":"3 Darklings","floor":35,"turns":2},{"damage":0,"enemies":"Orb Walker","floor":36,"turns":2},{"damage":51,"enemies":"conspire:MimicChest","floor":37,"turns":5},{"damage":2,"enemies":"Spire Growth","floor":38,"turns":4},{"damage":22,"enemies":"Reptomancer","floor":40,"turns":4},{"damage":8,"enemies":"Giant Head","floor":42,"turns":7},{"damage":25,"enemies":"Nemesis","floor":44,"turns":7},{"damage":0,"enemies":"Jaw Worm Horde","floor":45,"turns":2},{"damage":6,"enemies":"hubris:GrandSnecko","floor":50,"turns":15}],"seed_played":"-4629902873334516286","potions_obtained":[{"floor":1,"key":"EntropicBrew"},{"floor":6,"key":"Dexterity Potion"},{"floor":10,"key":"blueLaboratory:HorrorPotion"},{"floor":12,"key":"Milkshake"},{"floor":18,"key":"Block Potion"},{"floor":22,"key":"Block Potion"},{"floor":33,"key":"SpeedPotion"},{"floor":37,"key":"Flashbang"},{"floor":42,"key":"blueLaboratory:NullPotion"},{"floor":44,"key":"Regen Potion"},{"floor":45,"key":"FearPotion"}],"is_trial":false,"path_per_floor":["M","M","?","$","M","E","R","T","T","E","M","E","R","M","R","B",null,"M","$","?","?","M","R","M","?","T","M","M","$","?","E","R_BF","B",null,"M","M","?","M","?","E","R","E","T","E","M","R","T","$","R","B",null],"character_chosen":"SHADE","items_purchased":["Blue Doll","Shade:FreshBones","Shade:AuraOfUnlife","Shade:Bonestorm","DollysMirror","Mayhem","Reflective Coating","Adrenaline Potion"],"campfire_rested":1,"item_purchase_floors":[4,4,19,19,29,48,48,48],"current_hp_per_floor":[65,65,54,54,54,53,53,53,53,48,34,34,34,46,46,33,65,59,59,43,43,43,43,58,58,58,53,53,53,53,46,65,63,65,60,60,9,7,57,35,35,42,42,29,29,29,29,29,46,55],"gold":180,"neow_bonus":"THREE_ENEMY_KILL","is_daily":false,"chose_seed":false,"campfire_upgraded":6,"win_rate":0.0,"timestamp":1608054430,"path_taken":["M","M","?","?","?","E","R","?","T","E","?","E","R","M","R","BOSS","M","$","?","?","M","R","M","?","T","M","?","$","?","E","R_BF","BOSS","M","M","?","?","?","E","R","E","T","E","M","R","?","$","R","BOSS"],"items_purchased_type":["Relic","Card","Card","Card","Relic","Card","Potion","Potion"],"build_version":"2020-12-13","purchased_purges":2,"victory":true,"max_hp_per_floor":[65,65,65,65,65,65,65,65,65,65,65,65,65,65,65,65,65,65,65,65,65,65,65,65,65,65,65,65,65,65,65,65,65,65,65,65,65,65,57,57,57,57,57,57,57,57,57,57,57,57],"card_choices":[{"not_picked":["Shade:FuneraryJewels","Shade:Asphyxiate"],"picked":"Shade:SensePrey","floor":1},{"not_picked":["Shade:Patience","Shade:BoneShards"],"picked":"Shade:SkeletonArmy","floor":2},{"not_picked":["Shade:GoDigging","Shade:FingerOfDeath"],"picked":"Shade:FreshBones","floor":5},{"not_picked":["Shade:Tombstone","Shade:GoDigging"],"picked":"Shade:CoffinDance","floor":6},{"not_picked":["Shade:Asphyxiate","Shade:FleshToFlesh"],"picked":"Shade:RavenousHorde","floor":10},{"not_picked":["Shade:Frenzy","Shade:LastGasp"],"picked":"Shade:FuneraryArmor","floor":11},{"not_picked":["Shade:CoffinDance","Shade:BoneShards"],"picked":"Shade:CommandSoldier","floor":12},{"not_picked":["Shade:FingerOfDeath","Shade:Frenzy"],"picked":"Shade:CoffinDance","floor":14},{"not_picked":["Shade:OfferingToTheBeyond","Shade:OneIsEnough"],"picked":"Shade:GreaterAnimation","floor":16},{"not_picked":[],"picked":"Shade:Carnophage","floor":18},{"not_picked":["Shade:SpectralStrikes"],"picked":"SKIP","floor":22},{"not_picked":[],"picked":"Shade:Brains+1","floor":24},{"not_picked":["Shade:Frenzy"],"picked":"SKIP","floor":27},{"not_picked":[],"picked":"Shade:FuneraryArmor","floor":28},{"not_picked":[],"picked":"Shade:FreshBones","floor":31},{"not_picked":[],"picked":"Shade:Frenzy+1","floor":35},{"not_picked":[],"picked":"Shade:SkeletonArmy","floor":36},{"not_picked":[],"picked":"Shade:FuneraryArmor","floor":37},{"not_picked":[],"picked":"Shade:OpenGraves","floor":38},{"not_picked":[],"picked":"Shade:AblativeArmor","floor":40},{"not_picked":["Shade:DangerousRitual"],"picked":"SKIP","floor":42},{"not_picked":["Shade:FleshOffering+1"],"picked":"SKIP","floor":44},{"not_picked":[],"picked":"Shade:FreshBones","floor":45}],"player_experience":227961,"relics_obtained":[{"floor":6,"key":"Boot"},{"floor":8,"key":"Happy Flower"},{"floor":9,"key":"Mummified Hand"},{"floor":10,"key":"Vajra"},{"floor":12,"key":"Dead Branch"},{"floor":26,"key":"Ancient Tea Set"},{"floor":31,"key":"Replay:Rubber Ducky"},{"floor":37,"key":"Replay:Baseball"},{"floor":40,"key":"Meat on the Bone"},{"floor":42,"key":"MawBank"},{"floor":43,"key":"Bottled Lightning"},{"floor":44,"key":"Omamori"}],"event_choices":[{"damage_healed":0,"gold_gain":75,"player_choice":"Gold","damage_taken":11,"max_hp_gain":0,"max_hp_loss":0,"event_name":"betterThird:BetterGoop","floor":3,"gold_loss":0},{"damage_healed":0,"gold_gain":0,"player_choice":"Obtained Book","damage_taken":16,"max_hp_gain":0,"max_hp_loss":0,"event_name":"Cursed Tome","floor":20,"gold_loss":0},{"damage_healed":0,"gold_gain":0,"player_choice":"Forge","damage_taken":0,"max_hp_gain":0,"max_hp_loss":0,"event_name":"Accursed Blacksmith","floor":25,"gold_loss":0,"cards_upgraded":["Shade:Bonestorm"]},{"damage_healed":0,"gold_gain":0,"player_choice":"Invest 1","damage_taken":0,"max_hp_gain":0,"max_hp_loss":0,"event_name":"conspire:Investor","floor":30,"gold_loss":0},{"damage_healed":57,"gold_gain":0,"player_choice":"Heal","damage_taken":0,"max_hp_gain":0,"max_hp_loss":8,"event_name":"The Moai Head","floor":39,"gold_loss":0}],"is_beta":false,"boss_relics":[{"not_picked":["Painkiller Herb","Replay:Wanted Poster"],"picked":"Busted Crown"},{"not_picked":["Astrolabe","Replay:Drink Me"],"picked":"hubris:TerracottaHorce"}],"items_purged_floors":[19,48],"is_endless":false,"potions_floor_spawned":[1,6,10,12,18,22,33,37,42,44,45],"ascension_level":0}}