{"host":"en3i0mvpfa3c1sbz","time":1608038309,"event":{"mods":["BaseMod","BetterRewards","Dota2Spire","Downfall","GifTheSpireLib","Hubris","Infinite Spire","Marisa£®ÏF”Í°°ƒß¿Ì…≥£©","Minty Spire (QoL Compilation)","READ ME - Guardian Mod","Replay The Spire","Shop Mod","StSLib","Stuff the Spire","The Administrix","The Factory","The Jungle"],"gold_per_floor":[114,132,132,132,147,178,178,209,209,243,24,44,72,72,72,176,176,176,176],"floor_reached":18,"playtime":1241,"items_purged":[],"score":331,"play_id":"491f33c3-5b5b-4eff-884b-ed8ee8728354","local_time":"20201215211829","is_ascension_mode":true,"campfire_choices":[{"floor":7.0,"key":"RECALL"},{"data":"Accuracy","floor":15.0,"key":"SMITH"}],"circlet_count":0,"master_deck":["Strike_G","Strike_G","Strike_G","Strike_G","Strike_G","Defend_G","Defend_G","Defend_G","Defend_G","Defend_G","Survivor","Neutralize","Concentrate","Dodge and Roll","Dagger Spray","Deadly Poison","ReplayTheSpireMod:Scrap Shanks","Finisher","Terror","Replay:Bag of Tricks","Footwork","Accuracy+1","Cloak And Dagger","ReplayTheSpireMod:Speed Training","Night Terror"],"relics":["Guardian:ModeShifter","Potion Belt","TwistedFunnel","Toy Ornithopter","hubris:BundleOfHerbs","ReplayTheSpireMod:TigerMarble","StuffTheSpire:WitherSkull","Smiling Mask","Dota2Spire:Vanguard","infinitespire:CursedDice","infinitespire:Cubic Diamond","Painkiller Herb"],"acts_visited":["Exordium","Exordium"],"potions_floor_usage":[],"damage_taken":[{"damage":2.0,"enemies":"Jaw Worm","floor":1.0,"turns":5.0},{"damage":0.0,"enemies":"Small Slimes","floor":2.0,"turns":2.0},{"damage":1.0,"enemies":"Cultist","floor":5.0,"turns":3.0},{"damage":18.0,"enemies":"3 Sentries","floor":6.0,"turns":9.0},{"damage":41.0,"enemies":"Lagavulin","floor":8.0,"turns":7.0},{"damage":19.0,"enemies":"Nightmare","floor":10.0,"turns":8.0},{"damage":1.0,"enemies":"Exordium Thugs","floor":12.0,"turns":4.0},{"damage":10.0,"enemies":"Lagavulin","floor":13.0,"turns":5.0},{"damage":1.0,"enemies":"The Guardian","floor":16.0,"turns":8.0},{"damage":0,"enemies":"Shell Parasite","floor":18,"turns":1}],"seed_played":"-373343011768283936","potions_obtained":[{"floor":2.0,"key":"ColorlessPotion"},{"floor":10.0,"key":"Reflective Coating"}],"is_trial":false,"path_per_floor":["M","M","?","?","M","E","R","E","T","NM","$","M","E","?","R","B",null,"?"],"character_chosen":"THE_SILENT","items_purchased":["Potion Belt","TwistedFunnel","Dagger Spray","Accuracy","Dota2Spire:Vanguard"],"campfire_rested":0,"item_purchase_floors":[0,0,0,11,11],"current_hp_per_floor":[61,61,61,61,60,42,42,37,37,23,23,22,20,20,20,19,70,70,70],"gold":176,"neow_bonus":"","is_daily":false,"chose_seed":false,"campfire_upgraded":1,"win_rate":0.0,"timestamp":1608038309,"path_taken":["M","M","?","?","M","E","R","E","T","NM","$","M","E","?","R","BOSS","?"],"items_purchased_type":["Relic","Relic","Card","Card","Relic"],"build_version":"2020-12-13","purchased_purges":0,"victory":false,"max_hp_per_floor":[70,70,70,70,70,70,70,70,70,70,70,70,70,70,70,70,70,70,70],"card_choices":[{"not_picked":["Slice","Deflect"],"picked":"Deadly Poison","floor":1.0},{"not_picked":["Backflip","Backstab"],"picked":"ReplayTheSpireMod:Scrap Shanks","floor":2.0},{"not_picked":["Sucker Punch","Dodge and Roll"],"picked":"Finisher","floor":5.0},{"not_picked":["Riddle With Holes","Dodge and Roll"],"picked":"Terror","floor":6.0},{"not_picked":["PiercingWail","Endless Agony"],"picked":"Replay:Bag of Tricks","floor":8.0},{"not_picked":["StuffTheSpire:Injection","PiercingWail"],"picked":"Footwork","floor":10.0},{"not_picked":["hubris:TrickCloak","Outmaneuver"],"picked":"Cloak And Dagger","floor":12.0},{"not_picked":["Backflip","Flechettes"],"picked":"ReplayTheSpireMod:Speed Training","floor":13.0},{"not_picked":["Envenom","Tools of the Trade"],"picked":"Night Terror","floor":16.0}],"player_experience":287089,"relics_obtained":[{"floor":6.0,"key":"hubris:BundleOfHerbs"},{"floor":8.0,"key":"ReplayTheSpireMod:TigerMarble"},{"floor":9.0,"key":"StuffTheSpire:WitherSkull"},{"floor":10.0,"key":"Smiling Mask"},{"floor":13.0,"key":"infinitespire:CursedDice"}],"event_choices":[],"is_beta":false,"boss_relics":[{"not_picked":["ReplayTheSpireMod:DimensionalGlitch","StuffTheSpire:RunicHypercube"],"picked":"Painkiller Herb"}],"items_purged_floors":[],"is_endless":true,"potions_floor_spawned":[2,10],"killed_by":"Shell Parasite","ascension_level":3}}