{"host":"sc0o2qwpf9j16a4i","time":1608054786,"event":{"mods":["AchievementEnabler","BaseMod","BetterRewards","Block Reminder","Colored Map","Colored Powertips","Custom Start","Highlight Path","Minty Spire (QoL Compilation)","Relic Stats"],"gold_per_floor":[109,109,128,144,162,162,206,226,253,272,272,272,312,312,312,401,401,424,433,442,17,44,44,109,154,154,154,154],"floor_reached":27,"playtime":662,"items_purged":["Writhe"],"score":446,"play_id":"950c7dd8-f7b0-4349-b2b2-ec115273a604","local_time":"20201215195306","is_ascension_mode":true,"campfire_choices":[{"floor":6,"key":"REST"},{"floor":11,"key":"REST"},{"data":"SashWhip","floor":15,"key":"SMITH"},{"data":"Ghostly","floor":23,"key":"SMITH"}],"circlet_count":0,"master_deck":["AscendersBane","Strike_P","Strike_P","Strike_P","Defend_P","Defend_P","Defend_P","Defend_P","Eruption","Vigilance","SashWhip+1","Consecrate","WheelKick","Wallop+1","CutThroughFate","Halt","Necronomicurse","HandOfGreed","Ghostly+1","Ghostly","Ghostly","BattleHymn","Halt"],"relics":["Busted Crown","Golden Idol","CeramicFish","Centennial Puzzle","Toy Ornithopter","Cursed Key","Happy Flower","Necronomicon","Lee\u0027s Waffle","Vajra"],"acts_visited":["Exordium","TheCity"],"potions_floor_usage":[13,16,25],"damage_taken":[{"damage":3,"enemies":"Small Slimes","floor":1,"turns":3},{"damage":4,"enemies":"2 Louse","floor":3,"turns":4},{"damage":4,"enemies":"Jaw Worm","floor":4,"turns":3},{"damage":19,"enemies":"Large Slime","floor":5,"turns":5},{"damage":25,"enemies":"3 Sentries","floor":7,"turns":5},{"damage":3,"enemies":"Looter","floor":8,"turns":4},{"damage":0,"enemies":"Red Slaver","floor":10,"turns":3},{"damage":5,"enemies":"Lagavulin","floor":13,"turns":6},{"damage":1,"enemies":"Hexaghost","floor":16,"turns":8},{"damage":11,"enemies":"2 Thieves","floor":18,"turns":4},{"damage":2,"enemies":"Book of Stabbing","floor":24,"turns":4},{"damage":12,"enemies":"3 Byrds","floor":25,"turns":5},{"damage":23,"enemies":"Gremlin Leader","floor":27,"turns":4}],"seed_played":"-3139990108168876162","potions_obtained":[{"floor":7,"key":"PowerPotion"},{"floor":8,"key":"SteroidPotion"},{"floor":16,"key":"Dexterity Potion"},{"floor":18,"key":"EssenceOfSteel"},{"floor":25,"key":"BlessingOfTheForge"}],"is_trial":false,"path_per_floor":["M","?","M","M","M","R","E","M","T","M","R","?","E","?","R","B",null,"M","?","?","$","?","R","E","M","T","E"],"character_chosen":"WATCHER","items_purchased":["Lee\u0027s Waffle","HandOfGreed"],"campfire_rested":2,"item_purchase_floors":[21,21],"current_hp_per_floor":[58,58,54,50,31,49,24,21,21,21,39,39,34,27,27,31,54,43,43,22,69,34,34,32,22,22,0,0],"gold":154,"neow_bonus":"BOSS_RELIC","is_daily":false,"chose_seed":false,"campfire_upgraded":2,"win_rate":0.0,"timestamp":1608054786,"path_taken":["M","?","M","M","M","R","E","M","T","M","R","?","E","?","R","BOSS","M","?","?","$","?","R","E","M","T","E"],"items_purchased_type":["Relic","Card"],"build_version":"2020-12-13","purchased_purges":1,"victory":false,"max_hp_per_floor":[68,62,62,62,62,62,62,62,62,62,62,62,62,62,62,62,62,62,62,62,69,34,34,34,34,34,34,34],"relic_stats":{"Centennial Puzzle":[18],"Lee\u0027s Waffle":47,"Busted Crown":24,"Happy Flower":[4],"counters":[13,58],"Golden Idol":63,"CeramicFish":99,"Necronomicon":[10],"Cursed Key":0,"obtain_stats":[{"Centennial Puzzle":9,"Lee\u0027s Waffle":21,"Busted Crown":0,"Happy Flower":19,"Golden Idol":2,"CeramicFish":7,"Vajra":24,"Necronomicon":20,"PureWater":0,"Cursed Key":17,"Toy Ornithopter":13},{"Centennial Puzzle":6,"Lee\u0027s Waffle":10,"Busted Crown":0,"Happy Flower":10,"Golden Idol":1,"CeramicFish":5,"Vajra":11,"Necronomicon":10,"PureWater":0,"Cursed Key":9,"Toy Ornithopter":8},{"Centennial Puzzle":24,"Lee\u0027s Waffle":45,"Busted Crown":0,"Happy Flower":45,"Golden Idol":3,"CeramicFish":20,"Vajra":49,"Necronomicon":45,"PureWater":0,"Cursed Key":41,"Toy Ornithopter":33}],"Toy Ornithopter":7},"card_choices":[{"not_picked":[],"picked":"SashWhip","floor":1},{"not_picked":[],"picked":"Consecrate","floor":3},{"not_picked":[],"picked":"WheelKick","floor":4},{"not_picked":["Consecrate"],"picked":"SKIP","floor":5},{"not_picked":[],"picked":"Wallop","floor":7},{"not_picked":["Prostrate"],"picked":"SKIP","floor":8},{"not_picked":["JustLucky"],"picked":"SKIP","floor":10},{"not_picked":[],"picked":"CutThroughFate","floor":13},{"not_picked":[],"picked":"Halt","floor":18},{"not_picked":[],"picked":"BattleHymn","floor":24},{"not_picked":[],"picked":"Halt","floor":25}],"player_experience":344580,"relics_obtained":[{"floor":7,"key":"CeramicFish"},{"floor":9,"key":"Centennial Puzzle"},{"floor":13,"key":"Toy Ornithopter"},{"floor":20,"key":"Necronomicon"},{"floor":24,"key":"Vajra"}],"event_choices":[{"damage_healed":0,"gold_gain":0,"player_choice":"Lose Max HP","damage_taken":0,"relics_obtained":["Golden Idol"],"max_hp_gain":0,"max_hp_loss":6,"event_name":"Golden Idol","floor":2,"gold_loss":0},{"damage_healed":0,"gold_gain":0,"player_choice":"Grow","damage_taken":0,"max_hp_gain":0,"max_hp_loss":0,"event_name":"Living Wall","floor":12,"gold_loss":0,"cards_upgraded":["Wallop"]},{"cards_removed":["Strike_P"],"damage_healed":0,"gold_gain":0,"player_choice":"Card Removal","damage_taken":7,"max_hp_gain":0,"max_hp_loss":0,"event_name":"Golden Wing","floor":14,"gold_loss":0},{"damage_healed":0,"gold_gain":0,"player_choice":"Opened","damage_taken":0,"relics_obtained":["Happy Flower"],"max_hp_gain":0,"max_hp_loss":0,"event_name":"The Mausoleum","floor":19,"gold_loss":0,"cards_obtained":["Writhe"]},{"damage_healed":0,"gold_gain":0,"player_choice":"Obtained Book","damage_taken":21,"max_hp_gain":0,"max_hp_loss":0,"event_name":"Cursed Tome","floor":20,"gold_loss":0},{"damage_healed":0,"gold_gain":0,"player_choice":"Became a Ghost","damage_taken":0,"max_hp_gain":0,"max_hp_loss":35,"event_name":"Ghosts","floor":22,"gold_loss":0,"cards_obtained":["Ghostly","Ghostly","Ghostly"]}],"is_beta":false,"boss_relics":[{"not_picked":["Philosopher\u0027s Stone","Tiny House"],"picked":"Cursed Key"}],"items_purged_floors":[21],"is_endless":false,"potions_floor_spawned":[7,8,16,18,25],"killed_by":"Gremlin Leader","ascension_level":17}}