{"host":"ry4759h6xtufhiz6","time":1608025417,"event":{"mods":["BaseMod","Colored Powertips","DeckTracker","Minty Spire (QoL Compilation)","StSLib","SuperFastMode"],"gold_per_floor":[114,114,133,150,163,163,192,192,218,188,205,205,225,260,260,362,362,377,348,360,218,233,264,264,264,287,116,143,160,160,31,31,135,135,155,169,515,17,35,50,65,80,80,94,111,39,72,92,92,92],"floor_reached":51,"playtime":1346,"items_purged":["Perfected Strike","Writhe","Combust"],"score":910,"play_id":"768c3fd4-3228-4555-8bd6-7f43013d26d4","local_time":"20201215184337","is_ascension_mode":false,"campfire_choices":[{"data":"Body Slam","floor":6,"key":"SMITH"},{"data":"Disarm","floor":12,"key":"SMITH"},{"data":"Dark Embrace","floor":15,"key":"SMITH"},{"data":"Barricade","floor":25,"key":"SMITH"},{"data":"Dark Embrace","floor":30,"key":"SMITH"},{"data":"Body Slam","floor":32,"key":"SMITH"},{"data":"Evolve","floor":49,"key":"SMITH"}],"circlet_count":0,"master_deck":["Bash","Body Slam+1","Fire Breathing","Disarm+1","Dark Embrace+1","Infernal Blade","Offering","Ghostly Armor","Rage","Dark Embrace+1","Body Slam+1","Clothesline","Warcry+1","Barricade+1","Shockwave","Second Wind","Finesse","Impervious","Shrug It Off+1","Sentinel","Evolve+1","Sentinel+1"],"relics":["Burning Blood","Dead Branch","Potion Belt","Pantograph","Art of War","Thread and Needle","Pandora\u0027s Box","Anchor","PreservedInsect","Vajra","HornCleat","Empty Cage","Old Coin","Charon\u0027s Ashes","Pear","Turnip"],"acts_visited":["Exordium","TheCity","TheBeyond"],"potions_floor_usage":[13,18,23,41,50,50],"damage_taken":[{"damage":6,"enemies":"Jaw Worm","floor":1,"turns":3},{"damage":6,"enemies":"Cultist","floor":3,"turns":3},{"damage":5,"enemies":"2 Louse","floor":4,"turns":3},{"damage":8,"enemies":"Large Slime","floor":5,"turns":9},{"damage":48,"enemies":"Gremlin Nob","floor":7,"turns":5},{"damage":7,"enemies":"Blue Slaver","floor":11,"turns":4},{"damage":6,"enemies":"Looter","floor":13,"turns":4},{"damage":18,"enemies":"3 Sentries","floor":14,"turns":5},{"damage":13,"enemies":"Hexaghost","floor":16,"turns":11},{"damage":12,"enemies":"3 Byrds","floor":18,"turns":3},{"damage":27,"enemies":"2 Thieves","floor":19,"turns":5},{"damage":8,"enemies":"Snake Plant","floor":20,"turns":6},{"damage":13,"enemies":"Snecko","floor":22,"turns":3},{"damage":14,"enemies":"Gremlin Leader","floor":23,"turns":4},{"damage":10,"enemies":"Slavers","floor":28,"turns":4},{"damage":7,"enemies":"Sentry and Sphere","floor":29,"turns":5},{"damage":18,"enemies":"Collector","floor":33,"turns":4},{"damage":6,"enemies":"3 Shapes","floor":35,"turns":3},{"damage":15,"enemies":"3 Darklings","floor":36,"turns":4},{"damage":10,"enemies":"2 Orb Walkers","floor":37,"turns":5},{"damage":6,"enemies":"Maw","floor":39,"turns":3},{"damage":6,"enemies":"Sphere and 2 Shapes","floor":40,"turns":2},{"damage":6,"enemies":"Jaw Worm Horde","floor":41,"turns":2},{"damage":18,"enemies":"Maw","floor":42,"turns":4},{"damage":6,"enemies":"4 Shapes","floor":44,"turns":1},{"damage":6,"enemies":"Spire Growth","floor":45,"turns":3},{"damage":18,"enemies":"Giant Head","floor":47,"turns":1},{"damage":6,"enemies":"Sphere and 2 Shapes","floor":48,"turns":4},{"damage":0,"enemies":"Time Eater","floor":50,"turns":4}],"seed_played":"-8651912004314819698","potions_obtained":[{"floor":3,"key":"GamblersBrew"},{"floor":4,"key":"LiquidBronze"},{"floor":10,"key":"SpeedPotion"},{"floor":10,"key":"HeartOfIron"},{"floor":11,"key":"PowerPotion"},{"floor":13,"key":"Dexterity Potion"},{"floor":18,"key":"LiquidMemories"},{"floor":33,"key":"Fire Potion"},{"floor":35,"key":"BloodPotion"},{"floor":41,"key":"ElixirPotion"}],"is_trial":false,"path_per_floor":["M","?","M","M","M","R","E","T","T","?","M","R","M","E","R","B",null,"M","M","M","$","M","E","?","R","T","$","E","M","R","$","R","B",null,"M","M","?","$","M","M","M","M","T","M","M","$","E","M","R","B",null],"character_chosen":"IRONCLAD","items_purchased":["Barricade","Shockwave","Second Wind","Finesse","Charon\u0027s Ashes","Sentinel","Evolve"],"campfire_rested":0,"item_purchase_floors":[21,27,31,31,38,38,46],"current_hp_per_floor":[72,77,77,77,75,75,33,33,33,33,32,32,32,20,20,38,77,71,50,48,48,41,33,33,33,33,33,29,28,28,28,28,41,77,77,68,64,64,64,64,64,52,62,62,62,62,50,50,50,81],"gold":92,"neow_bonus":"ONE_RARE_RELIC","is_daily":false,"chose_seed":false,"campfire_upgraded":7,"win_rate":0.0,"timestamp":1608025417,"path_taken":["M","?","M","M","M","R","E","?","T","?","?","R","M","E","R","BOSS","M","M","M","$","?","E","?","R","T","$","E","M","R","$","R","BOSS","M","M","?","$","M","M","M","M","T","M","M","$","E","M","R","BOSS"],"items_purchased_type":["Card","Card","Card","Card","Relic","Card","Card"],"build_version":"2020-12-13","purchased_purges":3,"victory":true,"max_hp_per_floor":[72,77,77,77,77,77,77,77,77,77,77,77,77,77,77,77,77,77,77,77,77,77,77,77,77,77,77,77,77,77,77,77,77,77,77,77,77,77,77,77,77,77,87,87,87,87,87,87,87,87],"card_choices":[{"not_picked":["Iron Wave","True Grit","Thunderclap"],"picked":"SKIP","floor":1},{"not_picked":["Cleave","Clothesline"],"picked":"Body Slam","floor":3},{"not_picked":["Disarm","Armaments"],"picked":"Fire Breathing","floor":4},{"not_picked":["Spot Weakness","Reckless Charge","Flex"],"picked":"SKIP","floor":5},{"not_picked":["Sword Boomerang","Rupture"],"picked":"Disarm","floor":7},{"not_picked":["Pommel Strike","Flex"],"picked":"Dark Embrace","floor":11},{"not_picked":["Havoc","Headbutt","Spot Weakness"],"picked":"SKIP","floor":13},{"not_picked":["Clash","Inflame"],"picked":"Infernal Blade","floor":14},{"not_picked":["Limit Break","Fiend Fire"],"picked":"Offering","floor":16},{"not_picked":["Twin Strike","Pommel Strike+1"],"picked":"Warcry+1","floor":18},{"not_picked":["True Grit","Thunderclap","Twin Strike"],"picked":"SKIP","floor":19},{"not_picked":["Headbutt+1","Heavy Blade","Cleave"],"picked":"SKIP","floor":20},{"not_picked":["Iron Wave","Havoc","Infernal Blade"],"picked":"SKIP","floor":22},{"not_picked":["Reckless Charge","Inflame+1","Metallicize+1"],"picked":"SKIP","floor":23},{"not_picked":["Heavy Blade","Brutality","Pommel Strike+1"],"picked":"SKIP","floor":28},{"not_picked":["Pommel Strike","Sword Boomerang+1","Ghostly Armor"],"picked":"SKIP","floor":29},{"not_picked":["Immolate","Double Tap"],"picked":"Impervious","floor":33},{"not_picked":["Headbutt","Pommel Strike+1","Thunderclap+1"],"picked":"SKIP","floor":35},{"not_picked":["Warcry+1","Reckless Charge+1","Armaments"],"picked":"SKIP","floor":36},{"not_picked":["Metallicize","True Grit"],"picked":"Shrug It Off+1","floor":37},{"not_picked":["Carnage","Flex+1","Armaments+1"],"picked":"SKIP","floor":39},{"not_picked":["Metallicize","Ghostly Armor+1","Warcry+1"],"picked":"SKIP","floor":40},{"not_picked":["Sword Boomerang+1","Clothesline+1","Twin Strike"],"picked":"SKIP","floor":41},{"not_picked":["Combust+1","Dual Wield","True Grit+1"],"picked":"SKIP","floor":42},{"not_picked":["Headbutt","Clothesline","Warcry"],"picked":"SKIP","floor":44},{"not_picked":["Exhume","Warcry","Armaments"],"picked":"SKIP","floor":45},{"not_picked":["Entrench","Pummel+1"],"picked":"Sentinel+1","floor":47},{"not_picked":["Headbutt+1","Thunderclap+1","Bludgeon"],"picked":"SKIP","floor":48}],"player_experience":959119,"relics_obtained":[{"floor":7,"key":"Potion Belt"},{"floor":8,"key":"Pantograph"},{"floor":9,"key":"Art of War"},{"floor":14,"key":"Thread and Needle"},{"floor":23,"key":"Anchor"},{"floor":26,"key":"Vajra"},{"floor":28,"key":"HornCleat"},{"floor":37,"key":"Old Coin"},{"floor":43,"key":"Pear"},{"floor":47,"key":"Turnip"}],"event_choices":[{"damage_healed":0,"gold_gain":0,"player_choice":"Donut","damage_taken":0,"max_hp_gain":5,"max_hp_loss":0,"event_name":"Big Fish","floor":2,"gold_loss":0},{"damage_healed":0,"gold_gain":0,"player_choice":"Bought 2 Potions","damage_taken":0,"max_hp_gain":0,"max_hp_loss":0,"event_name":"The Woman in Blue","floor":10,"gold_loss":0},{"damage_healed":0,"gold_gain":0,"player_choice":"Opened","damage_taken":0,"relics_obtained":["PreservedInsect"],"max_hp_gain":0,"max_hp_loss":0,"event_name":"The Mausoleum","floor":24,"gold_loss":0,"cards_obtained":["Writhe"]},{"damage_healed":0,"gold_gain":0,"player_choice":"Fight","damage_taken":0,"max_hp_gain":0,"max_hp_loss":0,"event_name":"Mysterious Sphere","floor":37,"gold_loss":0}],"is_beta":false,"boss_relics":[{"not_picked":["Busted Crown","Mark of Pain"],"picked":"Pandora\u0027s Box"},{"not_picked":["Calling Bell","Black Star"],"picked":"Empty Cage"}],"items_purged_floors":[21,27,38],"is_endless":false,"potions_floor_spawned":[3,4,11,13,14,18,22,33,35,36,41,44,47,48],"ascension_level":0}}