{"host":"uhhucka17mqeuzwb","time":1608038376,"event":{"mods":["2.2 Compatiblity","AchievementEnabler","Act Like it!","Astrologer","BaseMod","Better Altar","Better Skull","Colored Powertips","Defuse TimeMaze Blight","Downfall","Energized Spire","Faster Ascension Climbing","Friendly Minions","Gensokyo","GifTheSpireLib","Gremlin Mod","Gremlin Skip","Halation","Hallownest","Hermit","HololiveMod","KinomotoSakuraMod(????)","Lobotomy","Marisa????????","Minty Spire (QoL Compilation)","Quick Restart","Red Circlet Mod","Replay The Spire","Reworked Bosses","Shade Mod","Shop Mod","StSLib","The Administrix","The Animator","The Blue Laboratory","The Bug Knight","The Cursed","The Factory","The Forsaken","Waifu the Spire"],"gold_per_floor":[113,113,113,126,126,126,159,159,159,169,18,51,63,90,102,114,114],"floor_reached":16,"playtime":1764,"items_purged":["ClowCardTheShield"],"score":108,"play_id":"27ec307b-dce9-49d7-a95e-1c26a10a8ada","local_time":"20201215081936","is_ascension_mode":false,"campfire_choices":[{"data":"SpellCardSeal","floor":6,"key":"SMITH"},{"data":"ClowCardTheShield","floor":8,"key":"SMITH"},{"data":"ClowCardTheFlower","floor":13,"key":"SMITH"},{"data":"ClowCardTheSword","floor":15,"key":"SMITH"}],"circlet_count":0,"master_deck":["SakuraCardTheEarthy+","ClowCardTheSword+1","ClowCardTheSword","ClowCardTheSword","ClowCardTheShield+1","ClowCardTheShield","ClowCardTheShield","SpellCardSeal+1","SpellCardRelease","Bloodbath","ClowCardTheBubbles","OSAHOGD","ClowCardTheShadow","ClowCardTheWood","ClowCardTheFlower+1"],"relics":["KSMOD_SealedBook","KSMOD_SealedWand","CogitoBucket","Juzu Bracelet","halation:PinkSoulGem","KSMOD_YukitosBentoBox","Bronze Scales","MerchantsRug","MawBank","SkinProphecy"],"acts_visited":["Exordium"],"potions_floor_usage":[16],"damage_taken":[{"damage":6,"enemies":"Jaw Worm","floor":1,"turns":4},{"damage":1,"enemies":"2 Louse","floor":4,"turns":4},{"damage":21,"enemies":"Lagavulin","floor":7,"turns":11},{"damage":0,"enemies":"Small Slimes","floor":10,"turns":2},{"damage":6,"enemies":"Gremlin Nob","floor":12,"turns":5},{"damage":0,"enemies":"2 Fungi Beasts","floor":14,"turns":1},{"damage":42,"enemies":"Slime Boss","floor":16,"turns":11}],"seed_played":"-5311360119998069393","potions_obtained":[{"floor":1,"key":"GamblersBrew"},{"floor":7,"key":"blueLaboratory:CorrosionFlask"},{"floor":10,"key":"blueLaboratory:PolymorphPotion"},{"floor":14,"key":"blueLaboratory:BottleOfVodka"}],"is_trial":false,"path_per_floor":["M","?","?","M","?","R","E","R","T","M","$","E","R","M","R","B"],"character_chosen":"KINOMOTOSAKURA","items_purchased":["MerchantsRug"],"campfire_rested":0,"item_purchase_floors":[11],"current_hp_per_floor":[64,57,62,62,62,62,46,46,46,46,46,42,42,42,42,0,0],"gold":114,"neow_bonus":"","is_daily":false,"chose_seed":false,"campfire_upgraded":4,"win_rate":0.0,"timestamp":1608038376,"path_taken":["M","?","?","M","?","R","E","R","T","M","$","E","R","M","R","BOSS"],"items_purchased_type":["Relic"],"build_version":"2020-12-13","purchased_purges":1,"victory":false,"max_hp_per_floor":[70,70,75,75,75,75,75,75,75,75,75,75,75,75,75,77,77],"card_choices":[{"not_picked":["OldLady","SingingMachine","BigBadWolf"],"picked":"Singing Bowl","floor":1},{"not_picked":["Murderer","ShyLook"],"picked":"Bloodbath","floor":1},{"not_picked":["ClowCardTheCloud","ClowCardTheIllusion"],"picked":"ClowCardTheBubbles","floor":1},{"not_picked":["VoidDream","LittlePrince"],"picked":"OSAHOGD","floor":4},{"not_picked":["ClowCardTheBig","ClowCardTheDream"],"picked":"ClowCardTheShadow","floor":4},{"not_picked":["PunishingBird","FairyFestival","WallGazer"],"picked":"Singing Bowl","floor":7},{"not_picked":["ClowCardTheSleep","ClowCardTheWatery"],"picked":"ClowCardTheWood","floor":7},{"not_picked":["OldLady","LaLuna","Scarecrow"],"picked":"Singing Bowl","floor":10},{"not_picked":["ClowCardTheDark","ClowCardTheWatery"],"picked":"ClowCardTheFlower","floor":10},{"not_picked":["ShyLook","QueenBee","BeautyBeast"],"picked":"Singing Bowl","floor":12},{"not_picked":["ClowCardTheReturn","ClowCardTheFreeze"],"picked":"ClowCardTheEarthy","floor":12},{"not_picked":["CherryBlossoms","MeatLantern","Murderer"],"picked":"Singing Bowl","floor":14},{"not_picked":["ClowCardTheWave","ClowCardTheSleep","ClowCardTheVoice"],"picked":"SKIP","floor":14}],"player_experience":1027902,"relics_obtained":[{"floor":7,"key":"KSMOD_YukitosBentoBox"},{"floor":9,"key":"Bronze Scales"},{"floor":12,"key":"MawBank"}],"event_choices":[{"cards_removed":["ClowCardTheSword"],"damage_healed":0,"gold_gain":0,"player_choice":"Card Removal","damage_taken":7,"max_hp_gain":0,"max_hp_loss":0,"event_name":"Golden Wing","floor":2,"gold_loss":0},{"damage_healed":0,"gold_gain":0,"player_choice":"Donut","damage_taken":0,"max_hp_gain":5,"max_hp_loss":0,"event_name":"Big Fish","floor":3,"gold_loss":0}],"is_beta":false,"boss_relics":[],"items_purged_floors":[11],"is_endless":false,"potions_floor_spawned":[1,7,10,14],"killed_by":"Slime Boss","ascension_level":0}}