{"host":"qg7fj05lalo09o61","time":1608043549,"event":{"mods":["Act Like it!","Always Whale","BaseMod","CapriCore","Gensokyo","Minty Spire (QoL Compilation)","StSLib","Yuyuko"],"gold_per_floor":[116,116,129,28,28,45,45,73,100,100,129,229,254,254,254,355,355,367,367,367,367,387,412,428,416,416,416,434,434,444,203,203,203,203],"floor_reached":33,"playtime":3704,"items_purged":[],"score":306,"play_id":"37116878-2780-4e7a-9b24-43edee9922b4","local_time":"20201215174549","is_ascension_mode":false,"campfire_choices":[{"data":"Dancing Butterflies","floor":7,"key":"SMITH"},{"data":"City of Death","floor":10,"key":"SMITH"},{"data":"Spear of Papilio","floor":15,"key":"SMITH"},{"data":"Gensokyo:SevenSchoolMysteries","floor":27,"key":"SMITH"},{"data":"Phantom Gift","floor":29,"key":"SMITH"},{"data":"Deathly Ground","floor":32,"key":"SMITH"}],"circlet_count":0,"master_deck":["Fantasy Butterflies","Fantasy Butterflies","Fantasy Butterflies","Fantasy Butterflies+1","Fantasy Butterflies","Dreamy Sakura","Dreamy Sakura+1","Dreamy Sakura","Dreamy Sakura+1","Deathly Ground+1","Faramita\u0027s Temptation+1","Redemption of Death","Fondling of Papilio+1","Dancing Butterflies+1","Redemption of Death+1","City of Death+1","Bomb+1","Ghastly Dream","Spear of Papilio+1","Snowing Sakura","Gensokyo:SevenSchoolMysteries+1","Shame","Phantom Gift+1","Sweet of Phantom","Gather the Spring","Sweet of Phantom"],"relics":["Coronal","Yuyuko\u0027s fan","Peace Pipe","Pocketwatch","Tiny Chest","Whetstone","War Paint","Toy Ornithopter","Strawberry","Black Star","Trip to Hell","Obi","Lizard Tail","StoneCalendar","Eternal Feather"],"acts_visited":["Exordium","Gensokyo:Gensokyo"],"potions_floor_usage":[11,16,18,23,24,24,28,30,30,33,33],"damage_taken":[{"damage":2,"enemies":"Gensokyo:3_Fairies","floor":1,"turns":2},{"damage":34,"enemies":"Gensokyo:Gryphon","floor":3,"turns":6},{"damage":10,"enemies":"Gensokyo:2_Kodama","floor":6,"turns":3},{"damage":27,"enemies":"Gensokyo:Cirno","floor":8,"turns":5},{"damage":5,"enemies":"Gensokyo:Mamizou","floor":11,"turns":5},{"damage":20,"enemies":"Gensokyo:Cirno","floor":13,"turns":5},{"damage":61,"enemies":"Gensokyo:Kokoro","floor":16,"turns":12},{"damage":25,"enemies":"Gensokyo:CosmicMonolith","floor":18,"turns":4},{"damage":31,"enemies":"Gensokyo:Chomper","floor":22,"turns":5},{"damage":12,"enemies":"Gensokyo:Koishi","floor":23,"turns":6},{"damage":21,"enemies":"Gensokyo:Swordslinger","floor":24,"turns":4},{"damage":46,"enemies":"Gensokyo:3_Gloops","floor":28,"turns":5},{"damage":24,"enemies":"Gensokyo:Chomper_and_Gloop","floor":30,"turns":4},{"damage":130,"enemies":"Gensokyo:Eternal_Rivals","floor":33,"turns":8}],"seed_played":"7099913930986873408","potions_obtained":[{"floor":3,"key":"Turbid Wine"},{"floor":8,"key":"AttackPotion"},{"floor":11,"key":"Turbid Wine"},{"floor":16,"key":"Turbid Wine"},{"floor":16,"key":"SpeedPotion"},{"floor":18,"key":"Turbid Wine"},{"floor":23,"key":"Turbid Wine"},{"floor":24,"key":"Turbid Wine"},{"floor":28,"key":"Turbid Wine"},{"floor":28,"key":"DuplicationPotion"},{"floor":30,"key":"Turbid Wine"}],"is_trial":false,"path_per_floor":["M","?","M","$","T","M","R","E","T","R","E","?","E","?","R","B",null,"M","?","T","?","M","E","M","?","T","R","M","R","M","$","R","B"],"character_chosen":"YUYOKO","items_purchased":["Dancing Butterflies","Redemption of Death","Eternal Feather"],"campfire_rested":0,"item_purchase_floors":[4,4,31],"current_hp_per_floor":[33,33,34,34,34,34,34,35,35,35,35,35,27,24,24,23,47,36,36,36,36,27,32,24,35,35,35,7,7,12,12,27,0,0],"gold":203,"neow_bonus":"ONE_RARE_RELIC","is_daily":false,"chose_seed":false,"campfire_upgraded":6,"win_rate":0.0,"timestamp":1608043549,"path_taken":["M","?","M","$","?","?","R","E","T","R","E","?","E","?","R","BOSS","M","?","?","?","M","E","M","?","T","R","M","R","M","$","R","BOSS"],"items_purchased_type":["Card","Card","Relic"],"build_version":"2020-12-13","purchased_purges":0,"victory":false,"max_hp_per_floor":[40,40,40,40,40,40,40,40,40,40,40,40,40,47,47,47,47,47,43,43,43,43,43,43,43,43,43,43,43,43,43,43,43,43],"card_choices":[{"not_picked":["Song of Papilio","Linger over Flower"],"picked":"Redemption of Death","floor":1},{"not_picked":["City of Death","Ghostdom Sakura"],"picked":"Fondling of Papilio","floor":3},{"not_picked":["Become Phantom","Dancing Butterflies"],"picked":"City of Death","floor":6},{"not_picked":["Steamed Phantom","Gone"],"picked":"Bomb","floor":8},{"not_picked":["Open The Fan","Redemption of Death"],"picked":"Ghastly Dream","floor":11},{"not_picked":["Infinite Sin","Butterflies in Dream"],"picked":"Spear of Papilio","floor":13},{"not_picked":["Unfulfilling Attachment","Infinite Reviving"],"picked":"Snowing Sakura","floor":16},{"not_picked":["Phantom Village","Unreal"],"picked":"Fondling of Papilio","floor":18},{"not_picked":["Gensokyo:LittleGreenMen","Gensokyo:MenInBlack"],"picked":"Gensokyo:SevenSchoolMysteries","floor":19},{"not_picked":["Ghostdom Sakura","Suicide"],"picked":"Phantom Gift","floor":22},{"not_picked":["Revive The Butterflies","Ghostdom Sakura"],"picked":"Sweet of Phantom","floor":23},{"not_picked":["The Forgotten Winter","All Wander","Phantom Gift"],"picked":"SKIP","floor":24},{"not_picked":["Trap Lamp","Reverse The Screen"],"picked":"Gather the Spring","floor":28},{"not_picked":["Postpone Bloom","Redemption of Death"],"picked":"Sweet of Phantom","floor":30}],"player_experience":187979,"relics_obtained":[{"floor":5,"key":"Pocketwatch"},{"floor":8,"key":"Tiny Chest"},{"floor":9,"key":"Whetstone"},{"floor":11,"key":"War Paint"},{"floor":13,"key":"Toy Ornithopter"},{"floor":20,"key":"Trip to Hell"},{"floor":23,"key":"Obi"},{"floor":23,"key":"Lizard Tail"},{"floor":26,"key":"StoneCalendar"}],"event_choices":[],"is_beta":false,"boss_relics":[{"not_picked":["Sozu","Ectoplasm"],"picked":"Black Star"}],"items_purged_floors":[],"is_endless":false,"potions_floor_spawned":[3,8,16,22,28],"killed_by":"Gensokyo:Eternal_Rivals","ascension_level":0}}