{"host":"usewcu4ohw2wtmxk","time":1608063985,"event":{"mods":["AchievementEnabler","BaseMod","BetterRewards","Colored Powertips","Minty Spire (QoL Compilation)","Permanent Neow","Quick Restart","Relic Sorter","Relic Stats","Shop Mod","StSLib"],"gold_per_floor":[115,135,60,79,79,79,123,123,123,123,123],"floor_reached":10,"playtime":116,"items_purged":["Defend_P"],"score":132,"play_id":"f6eb190e-e0ba-4768-bff4-4af7ef4acde2","local_time":"20201216042625","is_ascension_mode":true,"campfire_choices":[{"data":"Collect","floor":6.0,"key":"SMITH"}],"circlet_count":0,"master_deck":["AscendersBane","Strike_P","Strike_P","Strike_P","Strike_P","Defend_P","Defend_P","Defend_P","Eruption+1","Vigilance","Collect+1","Blasphemy"],"relics":["PureWater","Golden Idol","Letter Opener","Pen Nib","Bag of Preparation"],"acts_visited":["Exordium"],"potions_floor_usage":[],"damage_taken":[{"damage":2.0,"enemies":"Cultist","floor":1.0,"turns":3.0},{"damage":9.0,"enemies":"2 Louse","floor":2.0,"turns":3.0},{"damage":0.0,"enemies":"Small Slimes","floor":4.0,"turns":2.0},{"damage":16.0,"enemies":"Gremlin Nob","floor":7.0,"turns":3.0},{"damage":0,"enemies":"3 Sentries","floor":10,"turns":1}],"seed_played":"5491722543446156176","potions_obtained":[{"floor":2.0,"key":"FearPotion"},{"floor":4.0,"key":"LiquidBronze"},{"floor":7.0,"key":"CultistPotion"}],"is_trial":false,"path_per_floor":["M","M","$","M","?","R","E","?","T","E"],"character_chosen":"WATCHER","items_purchased":[],"campfire_rested":0,"item_purchase_floors":[],"current_hp_per_floor":[59,50,50,50,27,27,11,11,11,11,11],"gold":123,"neow_bonus":"UPGRADE_CARD","is_daily":false,"chose_seed":false,"campfire_upgraded":1,"win_rate":0.0,"timestamp":1608063985,"path_taken":["M","M","?","M","?","R","E","?","T","E"],"items_purchased_type":[],"build_version":"2020-12-13","purchased_purges":1,"victory":false,"max_hp_per_floor":[68,68,68,68,68,68,68,68,68,68,68],"relic_stats":{"counters":[5,11],"Golden Idol":9,"Pen Nib":[0],"Bag of Preparation":[0],"Letter Opener":[0],"obtain_stats":[{"Golden Idol":5,"Pen Nib":8,"Bag of Preparation":9,"Letter Opener":7,"PureWater":0},{"Golden Idol":3,"Pen Nib":4,"Bag of Preparation":4,"Letter Opener":4,"PureWater":0},{"Golden Idol":8,"Pen Nib":11,"Bag of Preparation":11,"Letter Opener":11,"PureWater":0}]},"card_choices":[{"not_picked":["EmptyBody","SandsOfTime","Weave"],"picked":"SKIP","floor":1.0},{"not_picked":["LikeWater","ClearTheMind","Fasting2"],"picked":"SKIP","floor":2.0},{"not_picked":["EmptyBody","Protect"],"picked":"Collect","floor":4.0},{"not_picked":["WreathOfFlame","CrushJoints"],"picked":"Blasphemy","floor":7.0}],"player_experience":264797,"relics_obtained":[{"floor":7.0,"key":"Letter Opener"},{"floor":9.0,"key":"Bag of Preparation"}],"event_choices":[{"damage_healed":0.0,"max_hp_gain":0.0,"max_hp_loss":0.0,"gold_gain":0.0,"event_name":"Golden Idol","player_choice":"Take Damage","floor":5.0,"gold_loss":0.0,"damage_taken":23.0,"relics_obtained":["Golden Idol"]},{"damage_healed":0.0,"max_hp_gain":0.0,"max_hp_loss":0.0,"gold_gain":0.0,"event_name":"Dead Adventurer","player_choice":"Searched \u00272\u0027 times","floor":8.0,"gold_loss":0.0,"damage_taken":0.0,"relics_obtained":["Pen Nib"]}],"is_beta":false,"boss_relics":[],"items_purged_floors":[3],"is_endless":false,"potions_floor_spawned":[2,4,7],"killed_by":"3 Sentries","ascension_level":20}}