{"host":"ilxricga2547gmyy","time":1608047828,"event":{"mods":["AchievementEnabler","BaseMod","Minty Spire (QoL Compilation)","Quick Restart","Replay The Spire","StSLib"],"gold_per_floor":[115,129,141,157,59,84,95,95,95,112,144,163,189,202,202,302,402,413,425,443,454,469,496,496,496,496],"floor_reached":25,"playtime":1112,"items_purged":[],"score":351,"play_id":"ec387b7a-e5d9-4143-9b43-055dbba7bf2c","local_time":"20201215165708","is_ascension_mode":true,"campfire_choices":[{"floor":8,"key":"REST"},{"floor":15,"key":"REST"},{"floor":24,"key":"REST"}],"circlet_count":0,"master_deck":["Strike_R","Strike_R","Strike_R","Strike_R","Strike_R","Defend_R","Defend_R","Defend_R","Defend_R","Bash","Clothesline","Inflame","Cleave","Hemogenesis","Finesse","Clash","Shockwave","Pommel Strike","Impervious","Dropkick","Flame Barrier","Iron Wave+1","Thunderclap"],"relics":["Burning Blood","NeowsBlessing","Pantograph","Calipers","Pear","Gambling Chip","Replay:Wanted Poster","ReplayTheSpireMod:Spearhead"],"acts_visited":["Exordium","TheCity"],"potions_floor_usage":[6,12,20],"damage_taken":[{"damage":0,"enemies":"2 Louse","floor":1,"turns":1},{"damage":0,"enemies":"Cultist","floor":2,"turns":1},{"damage":0,"enemies":"Small Slimes","floor":3,"turns":1},{"damage":15,"enemies":"3 Louse","floor":4,"turns":3},{"damage":49,"enemies":"Lagavulin","floor":6,"turns":7},{"damage":12,"enemies":"Looter","floor":7,"turns":4},{"damage":9,"enemies":"2 Fungi Beasts","floor":10,"turns":3},{"damage":15,"enemies":"Replay:BlueRogue","floor":11,"turns":6},{"damage":0,"enemies":"3 Louse","floor":12,"turns":3},{"damage":47,"enemies":"Lagavulin","floor":13,"turns":6},{"damage":6,"enemies":"Blue Slaver","floor":14,"turns":2},{"damage":78,"enemies":"Hexaghost","floor":16,"turns":12},{"damage":26,"enemies":"Shell Parasite","floor":18,"turns":5},{"damage":17,"enemies":"2 Thieves","floor":19,"turns":4},{"damage":13,"enemies":"Centurion and Healer","floor":20,"turns":5},{"damage":6,"enemies":"Snake Plant","floor":21,"turns":5},{"damage":10,"enemies":"Snecko","floor":22,"turns":5},{"damage":24,"enemies":"Slavers","floor":23,"turns":6},{"damage":71,"enemies":"Book of Stabbing","floor":25,"turns":6}],"seed_played":"-6602612356776635361","potions_obtained":[{"floor":4,"key":"LifebloodPotion"},{"floor":10,"key":"Fire Potion"},{"floor":11,"key":"Elixir"},{"floor":13,"key":"SkillPotion"},{"floor":16,"key":"Fire Potion"},{"floor":18,"key":"Strength Potion"},{"floor":19,"key":"FairyPotion"},{"floor":20,"key":"Strength Potion"}],"is_trial":false,"path_per_floor":["M","M","M","M","$","E","M","R","T","M","E","M","E","M","R","B",null,"M","M","M","M","M","E","R","E"],"character_chosen":"IRONCLAD","items_purchased":["Finesse"],"campfire_rested":3,"item_purchase_floors":[5],"current_hp_per_floor":[78,80,80,71,71,33,32,56,56,58,64,70,29,29,56,14,71,51,40,33,33,29,11,38,0,0],"gold":496,"neow_bonus":"THREE_ENEMY_KILL","is_daily":false,"chose_seed":false,"campfire_upgraded":0,"win_rate":0.0,"timestamp":1608047828,"path_taken":["M","M","M","M","$","E","M","R","T","M","E","M","E","M","R","BOSS","M","M","M","M","M","E","R","E"],"items_purchased_type":["Card"],"build_version":"2020-12-13","purchased_purges":0,"victory":false,"max_hp_per_floor":[80,80,80,80,80,80,80,80,80,80,90,90,90,90,90,90,90,90,90,90,90,90,90,90,90,90],"card_choices":[{"not_picked":["Heavy Blade","Wild Strike"],"picked":"Clothesline","floor":1},{"not_picked":["Shrug It Off","Pommel Strike"],"picked":"Inflame","floor":2},{"not_picked":["Bloodletting","Anger"],"picked":"Cleave","floor":3},{"not_picked":["Sentinel","Seeing Red"],"picked":"Hemogenesis","floor":4},{"not_picked":["ReplayTheSpireMod:Corrosion Curse","Cleave","Dual Wield"],"picked":"SKIP","floor":6},{"not_picked":["Power Through","Iron Wave"],"picked":"Clash","floor":7},{"not_picked":["Anger","Perfected Strike","Replay:Undeath\u0027s Touch"],"picked":"SKIP","floor":10},{"not_picked":["Bloodletting","Sword Boomerang","Flex"],"picked":"SKIP","floor":11},{"not_picked":["Rampage","Feel No Pain","Searing Blow"],"picked":"SKIP","floor":12},{"not_picked":["Warcry","Body Slam"],"picked":"Shockwave","floor":13},{"not_picked":["Twin Strike","Flex"],"picked":"Pommel Strike","floor":14},{"not_picked":["Bludgeon","Juggernaut"],"picked":"Impervious","floor":16},{"not_picked":["Pommel Strike","Cleave"],"picked":"Dropkick","floor":18},{"not_picked":["Entrench","Pommel Strike"],"picked":"Flame Barrier","floor":19},{"not_picked":["ReplayTheSpireMod:Strike From Hell","Battle Trance"],"picked":"Iron Wave+1","floor":20},{"not_picked":["Clash","Defy Death"],"picked":"Thunderclap","floor":21},{"not_picked":["Rampage","Sword Boomerang","Armaments"],"picked":"SKIP","floor":22},{"not_picked":["Massacre","Body Slam+1","Perfected Strike"],"picked":"SKIP","floor":23}],"player_experience":224519,"relics_obtained":[{"floor":6,"key":"Pantograph"},{"floor":9,"key":"Calipers"},{"floor":11,"key":"Pear"},{"floor":13,"key":"Gambling Chip"},{"floor":23,"key":"ReplayTheSpireMod:Spearhead"}],"event_choices":[],"is_beta":false,"boss_relics":[{"not_picked":["Replay:Bronze Core","Painkiller Herb"],"picked":"Replay:Wanted Poster"}],"items_purged_floors":[],"is_endless":false,"potions_floor_spawned":[4,10,11,13,16,18,19,20,23],"killed_by":"Book of Stabbing","ascension_level":8}}