{"host":"gbop6m4qugddaz18","time":1608053589,"event":{"mods":["2.2 Compatiblity","BaseMod","Better Third Choice","Block Reminder","Downfall","GifTheSpireLib","Highlight Path","Minty Spire (QoL Compilation)","Replay The Spire","StSLib"],"gold_per_floor":[99,124,124,156,170,170,170,226,226,256,274,291,303,20,30,131,131,131,165,185,185,185,185],"floor_reached":22,"playtime":1012,"items_purged":[],"score":299,"play_id":"ff20874b-c769-4562-8b1f-c1d2121fb621","local_time":"20201215123309","is_ascension_mode":true,"campfire_choices":[{"floor":1,"key":"DIG"},{"data":"Zap","floor":6,"key":"SMITH"},{"data":"Dualcast","floor":9,"key":"SMITH"},{"data":"Sunder","floor":18,"key":"SMITH"}],"circlet_count":0,"master_deck":["Strike_B","Strike_B","Strike_B","Strike_B","Defend_B","Defend_B","Defend_B","Defend_B","Zap+1","Dualcast+1","Ball Lightning","FIFO Queue","Sunder+1","Rebound","Leap","Echo Form+1","BootSequence","Barrage","Beam Cell","FTL","Lockon","Static Discharge+1","Pot Of Greed","Pot Of Greed","Barrage","Machine Learning+1","Pot Of Greed","CurseOfTheBell","BootSequence","Rebound+1"],"relics":["Cracked Core","downfall:HeartsMalice","ReplayFunnel","Pear","Snack Pack","Frozen Egg 2","Eternal Feather","Regal Pillow","Grinning Jar","Calling Bell","MealTicket","Meat on the Bone","Pocketwatch","Geode"],"acts_visited":["Exordium","TheCity"],"potions_floor_usage":[16,16,19,22,22],"damage_taken":[{"damage":0,"enemies":"Gremlin Nob","floor":2,"turns":1},{"damage":0,"enemies":"Cultist","floor":3,"turns":1},{"damage":0,"enemies":"3 Sentries","floor":4,"turns":1},{"damage":2,"enemies":"Jaw Worm","floor":5,"turns":3},{"damage":30,"enemies":"Gremlin Nob","floor":8,"turns":4},{"damage":32,"enemies":"Lagavulin","floor":10,"turns":6},{"damage":0,"enemies":"2 Louse","floor":11,"turns":2},{"damage":0,"enemies":"Large Slime","floor":12,"turns":3},{"damage":3,"enemies":"2 Fungi Beasts","floor":13,"turns":3},{"damage":10,"enemies":"downfall:FleeingMerchant","floor":14,"turns":4},{"damage":3,"enemies":"Exordium Wildlife","floor":15,"turns":3},{"damage":12,"enemies":"The Guardian","floor":16,"turns":7},{"damage":31,"enemies":"Book of Stabbing","floor":19,"turns":4},{"damage":18,"enemies":"Spheric Guardian","floor":20,"turns":3},{"damage":59,"enemies":"Gremlin Leader","floor":22,"turns":3}],"seed_played":"-8263768469588908487","potions_obtained":[{"floor":2,"key":"EssenceOfDarkness"},{"floor":4,"key":"Milkshake"},{"floor":10,"key":"Elixir"},{"floor":12,"key":"LifebloodPotion"},{"floor":16,"key":"AttackPotion"},{"floor":19,"key":"Doom Potion"},{"floor":20,"key":"Dexterity Potion"},{"floor":21,"key":"CultistPotion"}],"is_trial":false,"path_per_floor":["R","E","M","E","M","R","T","?","R","E","M","M","M","$","M","B",null,"R","E","M","?","E"],"character_chosen":"DEFECT","items_purchased":["Lockon","Static Discharge+1","Grinning Jar"],"campfire_rested":0,"item_purchase_floors":[14,14,14],"current_hp_per_floor":[75,85,85,85,85,85,85,55,64,34,34,34,31,23,22,16,85,85,54,50,50,0,0],"gold":185,"neow_bonus":"THREE_ENEMY_KILL","is_daily":false,"chose_seed":false,"campfire_upgraded":3,"win_rate":0.0,"timestamp":1608053589,"path_taken":["R","E","?","E","M","R","T","?","R","E","M","M","M","$","M","BOSS","R","E","M","?","E"],"items_purchased_type":["Card","Card","Relic"],"build_version":"2020-12-13","purchased_purges":0,"victory":false,"max_hp_per_floor":[75,85,85,85,85,85,85,85,85,85,85,85,85,85,85,85,85,85,85,85,85,85,85],"card_choices":[{"not_picked":["Time Bomb","BasicCrystalCard"],"picked":"Ball Lightning","floor":2},{"not_picked":["Force Field","Streamline"],"picked":"FIFO Queue","floor":3},{"not_picked":["Force Field","Gash"],"picked":"Sunder","floor":4},{"not_picked":["ReplayTheSpireMod:Reroute Power","Stack"],"picked":"Rebound","floor":5},{"not_picked":["Time Bomb","Redo"],"picked":"Leap","floor":8},{"not_picked":["Sweeping Beam","Glacier"],"picked":"Echo Form+1","floor":10},{"not_picked":["Barrage","FIFO Queue+1"],"picked":"BootSequence","floor":11},{"not_picked":["Leap","Go for the Eyes"],"picked":"Barrage","floor":12},{"not_picked":["Steam","ReplaySort"],"picked":"Beam Cell","floor":13},{"not_picked":["Consume","Auto Shields"],"picked":"FTL","floor":14},{"not_picked":["Hologram","Panic Button"],"picked":"Barrage","floor":15},{"not_picked":["Seek","Hyperbeam"],"picked":"Machine Learning+1","floor":16},{"not_picked":["Coolheaded","Recycle"],"picked":"BootSequence","floor":19},{"not_picked":["Streamline","Panic Button"],"picked":"Rebound+1","floor":20}],"player_experience":434189,"relics_obtained":[{"floor":1,"key":"ReplayFunnel"},{"floor":2,"key":"Pear"},{"floor":4,"key":"Snack Pack"},{"floor":7,"key":"Frozen Egg 2"},{"floor":8,"key":"Eternal Feather"},{"floor":10,"key":"Regal Pillow"},{"floor":17,"key":"MealTicket"},{"floor":17,"key":"Meat on the Bone"},{"floor":17,"key":"Pocketwatch"},{"floor":19,"key":"Geode"}],"event_choices":[{"damage_healed":0,"gold_gain":30,"player_choice":"Searched \u00273\u0027 times","damage_taken":0,"max_hp_gain":0,"max_hp_loss":0,"event_name":"Dead Adventurer","floor":8,"gold_loss":0}],"is_beta":false,"boss_relics":[{"not_picked":["Busted Crown","Nuclear Battery"],"picked":"Calling Bell"}],"items_purged_floors":[],"is_endless":false,"potions_floor_spawned":[2,4,10,12,15,16,19,20],"killed_by":"Gremlin Leader","ascension_level":2}}