{"host":"qwttrqaysb380yri","time":1608034895,"event":{"mods":["BaseMod","Custom Start","Minty Spire (QoL Compilation)","Puzzle Mod","Relic Stats","StSLib","The Cursed","The Hierophant"],"gold_per_floor":[111,122,140,155,170,197,197,30,330,330,358,382,411,421,421,500,500,518,518,52,67,79,108,108,138,138,30,30,60,75,85,85,164,164,182,182,202,202,34,67,67,16,87,118,136,150,179,29,29,29],"floor_reached":51,"playtime":2651,"items_purged":["Strike_R"],"score":1570,"play_id":"6065456c-6d39-44f2-afcf-deac2f9e1bcf","local_time":"20201215132135","is_ascension_mode":true,"campfire_choices":[{"floor":7,"key":"REST"},{"data":"Carnage","floor":10,"key":"SMITH"},{"floor":15,"key":"REST"},{"data":"Discovery","floor":28,"key":"SMITH"},{"floor":32,"key":"REST"},{"floor":41,"key":"REST"},{"floor":49,"key":"REST"}],"circlet_count":0,"master_deck":["AscendersBane","Strike_R+1","Defend_R","Defend_R","Defend_R","Defend_R","Bash","Reaper+1","Havoc","Heavy Blade","Anger","Headbutt","Cleave","Dropkick","Carnage+1","Discovery+1","Offering+1","Pommel Strike","Shrug It Off+1","Shrug It Off+1","Double Tap+1","True Grit+1","Shrug It Off+1","Intimidate+1","Entrench+1","Body Slam","Writhe","Spot Weakness+1","Heavy Blade+1","Impervious+1","Corruption+1","Corruption+1","Corruption+1","Panacea+1","Panacea+1","Blind+1","Dark Embrace","Armaments+1","True Grit+1","Decay","Exhume+1","Disarm+1","Ghostly Armor+1","Disarm+1"],"relics":["Burning Blood","Regal Pillow","Old Coin","Toxic Egg 2","Odd Mushroom","Magic Flower","Cursed Key","Enchiridion","Mango","Pear","Bronze Scales","Pantograph","Dream Catcher","Juzu Bracelet","Astrolabe","Akabeko","Molten Egg 2","Eternal Feather","Bottled Lightning","Whetstone"],"acts_visited":["Exordium","TheCity","TheBeyond"],"potions_floor_usage":[6,13,16,16,23,25,29,33,40,44,47,50],"damage_taken":[{"damage":9,"enemies":"2 Louse","floor":1,"turns":3},{"damage":15,"enemies":"Jaw Worm","floor":2,"turns":6},{"damage":11,"enemies":"Cultist","floor":3,"turns":4},{"damage":12,"enemies":"Looter","floor":4,"turns":4},{"damage":8,"enemies":"Blue Slaver","floor":5,"turns":2},{"damage":60,"enemies":"3 Sentries","floor":6,"turns":9},{"damage":35,"enemies":"Lagavulin","floor":11,"turns":6},{"damage":19,"enemies":"The Mushroom Lair","floor":12,"turns":3},{"damage":16,"enemies":"3 Sentries","floor":13,"turns":5},{"damage":20,"enemies":"3 Louse","floor":14,"turns":3},{"damage":25,"enemies":"Hexaghost","floor":16,"turns":7},{"damage":13,"enemies":"Chosen","floor":18,"turns":2},{"damage":14,"enemies":"3 Byrds","floor":21,"turns":5},{"damage":8,"enemies":"Snake Plant","floor":22,"turns":4},{"damage":13,"enemies":"Slavers","floor":23,"turns":3},{"damage":27,"enemies":"Gremlin Leader","floor":25,"turns":4},{"damage":42,"enemies":"Slavers","floor":29,"turns":5},{"damage":47,"enemies":"Cultist and Chosen","floor":30,"turns":6},{"damage":27,"enemies":"Snecko","floor":31,"turns":5},{"damage":6,"enemies":"Collector","floor":33,"turns":10},{"damage":37,"enemies":"3 Darklings","floor":35,"turns":4},{"damage":1,"enemies":"3 Shapes","floor":37,"turns":5},{"damage":48,"enemies":"Nemesis","floor":40,"turns":9},{"damage":16,"enemies":"Giant Head","floor":44,"turns":5},{"damage":9,"enemies":"Writhing Mass","floor":45,"turns":2},{"damage":15,"enemies":"Sphere and 2 Shapes","floor":46,"turns":5},{"damage":79,"enemies":"Nemesis","floor":47,"turns":7},{"damage":102,"enemies":"Time Eater","floor":50,"turns":12}],"seed_played":"8408287721576377859","potions_obtained":[{"floor":2,"key":"Regen Potion"},{"floor":3,"key":"ColorlessPotion"},{"floor":13,"key":"AttackPotion"},{"floor":14,"key":"Strength Potion"},{"floor":18,"key":"FearPotion"},{"floor":22,"key":"LiquidMemories"},{"floor":23,"key":"LiquidMemories"},{"floor":29,"key":"SpeedPotion"},{"floor":33,"key":"Fruit Juice"},{"floor":40,"key":"BlessingOfTheForge"},{"floor":45,"key":"LiquidMemories"}],"is_trial":false,"path_per_floor":["M","M","M","M","M","E","R","$","T","R","E","?","E","M","R","B",null,"M","?","$","M","M","E","?","E","T","?","R","E","M","M","R","B",null,"M","?","M","?","$","E","R","$","T","E","M","M","E","$","R","B",null],"character_chosen":"IRONCLAD","items_purchased":["Carnage","Discovery","Mango","Shrug It Off+1","SteroidPotion","Dark Embrace","Armaments+1","True Grit+1","Swift Potion","Whetstone"],"campfire_rested":5,"item_purchase_floors":[8,8,20,20,20,39,39,39,42,48],"current_hp_per_floor":[68,59,60,58,56,26,61,61,61,61,32,31,35,36,68,52,64,60,39,53,53,60,92,92,92,92,92,92,65,45,45,87,97,97,69,69,77,67,67,33,75,75,75,68,68,86,22,22,88,16],"gold":29,"neow_bonus":"THREE_RARE_CARDS","is_daily":false,"chose_seed":false,"campfire_upgraded":2,"win_rate":0.0,"timestamp":1608034895,"path_taken":["M","M","M","M","M","E","R","$","T","R","E","?","E","M","R","BOSS","M","?","$","M","M","E","?","E","T","?","R","E","M","M","R","BOSS","M","?","M","?","$","E","R","?","T","E","M","M","E","$","R","BOSS"],"items_purchased_type":["Card","Card","Relic","Card","Potion","Card","Card","Card","Potion","Relic"],"build_version":"2020-12-13","purchased_purges":1,"victory":true,"max_hp_per_floor":[68,68,68,68,68,68,68,68,68,68,68,68,68,68,68,68,68,68,68,82,82,82,92,92,92,92,92,92,92,92,92,92,97,97,97,92,92,92,92,92,92,92,92,92,92,92,92,92,92,92],"relic_stats":{"Regal Pillow":72,"counters":[28,145],"Astrolabe":["Corruption","Corruption","Corruption"],"Magic Flower":[90],"Eternal Feather":24,"Juzu Bracelet":0,"Whetstone":["Reaper","Strike_R"],"Cursed Key":2,"Burning Blood":210,"Dream Catcher":3,"Bronze Scales":[198],"Pantograph":9,"obtain_stats":[{"Regal Pillow":6,"Pear":23,"Astrolabe":34,"Magic Flower":13,"Enchiridion":19,"Mango":20,"Eternal Feather":44,"Juzu Bracelet":29,"Whetstone":48,"Odd Mushroom":12,"Cursed Key":17,"Burning Blood":0,"Akabeko":40,"Old Coin":9,"Dream Catcher":27,"Bronze Scales":25,"Pantograph":26,"Molten Egg 2":43,"Bottled Lightning":47,"Toxic Egg 2":11},{"Regal Pillow":6,"Pear":15,"Astrolabe":20,"Magic Flower":9,"Enchiridion":12,"Mango":12,"Eternal Feather":24,"Juzu Bracelet":17,"Whetstone":27,"Odd Mushroom":8,"Cursed Key":11,"Burning Blood":0,"Akabeko":23,"Old Coin":6,"Dream Catcher":16,"Bronze Scales":16,"Pantograph":16,"Molten Egg 2":23,"Bottled Lightning":27,"Toxic Egg 2":7},{"Regal Pillow":28,"Pear":66,"Astrolabe":96,"Magic Flower":42,"Enchiridion":54,"Mango":54,"Eternal Feather":119,"Juzu Bracelet":75,"Whetstone":133,"Odd Mushroom":37,"Cursed Key":52,"Burning Blood":0,"Akabeko":114,"Old Coin":28,"Dream Catcher":70,"Bronze Scales":70,"Pantograph":70,"Molten Egg 2":114,"Bottled Lightning":133,"Toxic Egg 2":34}]},"card_choices":[{"not_picked":["Juggernaut","Demon Form"],"picked":"Reaper","floor":0},{"not_picked":["Perfected Strike","Clash"],"picked":"Havoc","floor":1},{"not_picked":["Evolve","Disarm"],"picked":"Heavy Blade","floor":2},{"not_picked":["Bloodletting","Perfected Strike"],"picked":"Anger","floor":3},{"not_picked":["Pommel Strike","Flex"],"picked":"Headbutt","floor":4},{"not_picked":["Infernal Blade","Armaments"],"picked":"Cleave","floor":5},{"not_picked":["Intimidate","Searing Blow"],"picked":"Dropkick","floor":6},{"not_picked":["Dark Embrace","Hemokinesis"],"picked":"Offering+1","floor":11},{"not_picked":["Burning Pact+1","Anger"],"picked":"Pommel Strike","floor":12},{"not_picked":["Uppercut","Feel No Pain"],"picked":"Shrug It Off+1","floor":13},{"not_picked":["Flex+1","Sever Soul"],"picked":"Shrug It Off+1","floor":14},{"not_picked":["Barricade","Limit Break+1"],"picked":"Double Tap+1","floor":16},{"not_picked":["Dark Embrace+1","Headbutt"],"picked":"True Grit+1","floor":18},{"not_picked":["Dropkick","Perfected Strike"],"picked":"Intimidate+1","floor":21},{"not_picked":["Anger+1","Rampage"],"picked":"Entrench+1","floor":22},{"not_picked":["Warcry+1","Clash"],"picked":"Body Slam","floor":23},{"not_picked":["Pommel Strike","Anger","Twin Strike"],"picked":"SKIP","floor":25},{"not_picked":["Wild Strike","Twin Strike"],"picked":"Spot Weakness+1","floor":29},{"not_picked":["Twin Strike","Power Through+1","Rage+1"],"picked":"SKIP","floor":30},{"not_picked":["Hemokinesis","Rampage","Body Slam"],"picked":"SKIP","floor":31},{"not_picked":["Pommel Strike+1","Disarm+1"],"picked":"Heavy Blade+1","floor":32},{"not_picked":["Double Tap+1","Fiend Fire"],"picked":"Impervious+1","floor":33},{"not_picked":["Rage+1","Anger","Searing Blow+1"],"picked":"SKIP","floor":35},{"not_picked":["Dropkick","Bloodletting+1","Rampage"],"picked":"SKIP","floor":37},{"not_picked":["Panache","Jack Of All Trades+1"],"picked":"Panacea+1","floor":38},{"not_picked":["Chrysalis+1","Enlightenment+1"],"picked":"Panacea+1","floor":38},{"not_picked":["PanicButton+1","Good Instincts+1"],"picked":"Blind+1","floor":38},{"not_picked":["Anger","Evolve+1","Pommel Strike"],"picked":"SKIP","floor":40},{"not_picked":["Second Wind+1","Cleave+1"],"picked":"Exhume+1","floor":44},{"not_picked":["Pommel Strike+1","Cleave+1","Clash+1"],"picked":"SKIP","floor":45},{"not_picked":["Clothesline+1","Perfected Strike+1"],"picked":"Disarm+1","floor":46},{"not_picked":["Clothesline+1","Evolve+1"],"picked":"Ghostly Armor+1","floor":47},{"not_picked":["Cleave+1","Anger+1"],"picked":"Disarm+1","floor":49}],"player_experience":1847844,"relics_obtained":[{"floor":6,"key":"Regal Pillow"},{"floor":9,"key":"Old Coin"},{"floor":11,"key":"Toxic Egg 2"},{"floor":12,"key":"Odd Mushroom"},{"floor":13,"key":"Magic Flower"},{"floor":19,"key":"Enchiridion"},{"floor":23,"key":"Pear"},{"floor":25,"key":"Bronze Scales"},{"floor":26,"key":"Pantograph"},{"floor":29,"key":"Juzu Bracelet"},{"floor":40,"key":"Akabeko"},{"floor":43,"key":"Molten Egg 2"},{"floor":44,"key":"Eternal Feather"},{"floor":47,"key":"Bottled Lightning"}],"event_choices":[{"damage_healed":0,"gold_gain":0,"player_choice":"Fought Mushrooms","damage_taken":0,"max_hp_gain":0,"max_hp_loss":0,"event_name":"Mushrooms","floor":12,"gold_loss":0},{"damage_healed":0,"gold_gain":0,"player_choice":"Obtained Book","damage_taken":21,"max_hp_gain":0,"max_hp_loss":0,"event_name":"Cursed Tome","floor":19,"gold_loss":0},{"damage_healed":0,"gold_gain":0,"player_choice":"Ignored","damage_taken":0,"max_hp_gain":0,"max_hp_loss":0,"event_name":"Ghosts","floor":24,"gold_loss":0},{"damage_healed":0,"gold_gain":0,"player_choice":"Paid Gold","damage_taken":0,"relics_obtained":["Dream Catcher"],"max_hp_gain":0,"max_hp_loss":0,"event_name":"WeMeetAgain","floor":27,"gold_loss":108},{"damage_healed":0,"gold_gain":0,"player_choice":"Max HP","damage_taken":0,"max_hp_gain":0,"max_hp_loss":5,"event_name":"Winding Halls","floor":36,"gold_loss":0},{"damage_healed":0,"gold_gain":0,"player_choice":"Memory 3","damage_taken":10,"max_hp_gain":0,"max_hp_loss":0,"event_name":"SensoryStone","floor":38,"gold_loss":0}],"is_beta":false,"boss_relics":[{"not_picked":["Fusion Hammer","Busted Crown"],"picked":"Cursed Key"},{"not_picked":["Empty Cage","Runic Pyramid"],"picked":"Astrolabe"}],"items_purged_floors":[20],"is_endless":false,"potions_floor_spawned":[2,3,5,13,14,18,22,23,29,33,40,45],"ascension_level":15}}