{"host":"apvnte8t1esriuig","time":1608036864,"event":{"mods":["2.2 Compatiblity","AchievementEnabler","BaseMod","Infinite Spire","Minty Spire (QoL Compilation)","Rare Cards Sparkle","StSLib"],"gold_per_floor":[118,135,135,410,428,457,485,485,485,64,64,93,93,107,107,209,209,223,69,69,101,130,130,130,159,159,187,34,49,49,349,349,452,452,465,465,30,30,30,30,48,81,81,81,113,113,147,160,160,160,160],"floor_reached":50,"playtime":1292,"items_purged":[],"score":808,"play_id":"8a266b3c-4d90-4d53-aaf1-feb8b56c891f","local_time":"20201215135424","daily_mods":["Draft","Vintage","Colorless Cards","Heirloom","Time Dilation","Flight","DeadlyEvents","Elite Swarm"],"is_ascension_mode":true,"campfire_choices":[{"floor":11,"key":"REST"},{"data":"DevaForm","floor":13,"key":"SMITH"},{"floor":15,"key":"REST"},{"floor":23,"key":"REST"},{"data":"Echo Form","floor":24,"key":"SMITH"},{"floor":30,"key":"REST"},{"floor":32,"key":"REST"},{"floor":40,"key":"REST"},{"floor":46,"key":"REST"},{"floor":49,"key":"REST"}],"circlet_count":0,"master_deck":["Demon Form","Wraith Form v2","Echo Form+1","DevaForm+1","Dramatic Entrance","Good Instincts","Turbo","Auto Shields","Tempest","Tempest","Sunder","Barrage","Ball Lightning","Chill","Storm+1","Dramatic Entrance","Echo Form+1","Echo Form+1","Defragment+1","Electrodynamics+1","Tempest+1","Finesse+1","Blind+1","Dramatic Entrance","infinitespire:Neurotoxin"],"relics":["Cracked Core","CaptainsWheel","Frozen Egg 2","Meat on the Bone","Lantern","Letter Opener","Centennial Puzzle","Darkstone Periapt","Cables","infinitespire:Golems Mask","Mummified Hand","Inserter","infinitespire:WardingShard","Bronze Scales","Pocketwatch","Red Mask","Peace Pipe","StoneCalendar","Gremlin Horn","Runic Capacitor","Thread and Needle","Old Coin","Astrolabe","Regal Pillow","PrismaticShard","Unceasing Top","infinitespire:PuzzleCube","Pear","Singing Bowl","Incense Burner","Nunchaku","Boot","infinitespire:EmpoweringShard"],"acts_visited":["Exordium","TheCity","TheBeyond"],"potions_floor_usage":[16,27],"damage_taken":[{"damage":0,"enemies":"2 Louse","floor":1,"turns":1},{"damage":0,"enemies":"Cultist","floor":2,"turns":4},{"damage":10,"enemies":"Small Slimes","floor":5,"turns":2},{"damage":0,"enemies":"3 Sentries","floor":6,"turns":3},{"damage":12,"enemies":"Lagavulin","floor":7,"turns":5},{"damage":12,"enemies":"3 Sentries","floor":12,"turns":4},{"damage":10,"enemies":"Exordium Thugs","floor":14,"turns":2},{"damage":23,"enemies":"Hexaghost","floor":16,"turns":5},{"damage":0,"enemies":"Spheric Guardian","floor":18,"turns":3},{"damage":27,"enemies":"Slavers","floor":21,"turns":3},{"damage":2,"enemies":"Masked Bandits","floor":22,"turns":3},{"damage":0,"enemies":"Gremlin Leader","floor":25,"turns":4},{"damage":25,"enemies":"Book of Stabbing","floor":27,"turns":3},{"damage":14,"enemies":"2 Thieves","floor":29,"turns":2},{"damage":3,"enemies":"Champ","floor":33,"turns":6},{"damage":15,"enemies":"3 Darklings","floor":35,"turns":2},{"damage":7,"enemies":"Orb Walker","floor":41,"turns":2},{"damage":0,"enemies":"Reptomancer","floor":42,"turns":3},{"damage":31,"enemies":"Nemesis","floor":45,"turns":4},{"damage":0,"enemies":"Reptomancer","floor":47,"turns":3},{"damage":21,"enemies":"Maw","floor":48,"turns":3},{"damage":89,"enemies":"infinitespire:MassOfShapes","floor":50,"turns":4}],"seed_played":"-601685597428137462","potions_obtained":[{"floor":1,"key":"Weak Potion"},{"floor":6,"key":"Energy Potion"},{"floor":16,"key":"PotionOfCapacity"},{"floor":18,"key":"DuplicationPotion"},{"floor":22,"key":"PowerPotion"},{"floor":29,"key":"Energy Potion"}],"is_trial":true,"path_per_floor":["M","M","$","?","M","E","E","?","T","$","R","E","R","M","R","B",null,"M","$","?","E","?","R","R","E","T","E","$","M","R","AVR","R","B",null,"M","?","$","?","AVR","R","M","E","T","T","E","R","E","M","R","B"],"character_chosen":"DEFECT","items_purchased":["Storm+1","Cables","Dramatic Entrance","Bronze Scales","Runic Capacitor","PrismaticShard","Unceasing Top"],"campfire_rested":8,"item_purchase_floors":[10,10,10,19,28,37,37],"current_hp_per_floor":[75,75,75,75,65,65,53,46,46,46,68,56,56,46,68,45,75,75,75,75,48,46,68,68,68,68,43,43,41,63,63,75,72,75,60,50,50,50,50,75,68,78,78,78,49,87,89,68,89,0,0],"gold":160,"neow_bonus":"","is_daily":false,"chose_seed":false,"campfire_upgraded":2,"win_rate":0.0,"timestamp":1608036864,"path_taken":["M","M","$","?","?","E","E","?","T","?","R","E","R","M","R","BOSS","M","$","?","?","?","R","R","E","T","E","$","M","R","AVR","R","BOSS","M","?","$","?","AVR","R","M","E","T","?","?","R","E","M","R","BOSS"],"items_purchased_type":["Card","Relic","Card","Relic","Relic","Relic","Relic"],"build_version":"2020-12-13","purchased_purges":0,"victory":false,"max_hp_per_floor":[75,75,75,75,75,75,75,75,75,75,75,75,75,75,75,75,75,75,75,75,75,75,75,75,75,75,75,75,75,75,75,75,75,75,75,75,75,75,75,75,75,85,85,85,87,87,89,89,89,89,89],"card_choices":[{"not_picked":["Coolheaded","Beam Cell"],"picked":"Chill","floor":0},{"not_picked":["Reprogram","Steam"],"picked":"Dramatic Entrance","floor":0},{"not_picked":["Steam","Redo"],"picked":"Good Instincts","floor":0},{"not_picked":["Blind","Coolheaded"],"picked":"Darkness","floor":0},{"not_picked":["Gash","Trip"],"picked":"Cold Snap","floor":0},{"not_picked":["Beam Cell","Steam"],"picked":"Streamline","floor":0},{"not_picked":["Hologram","Jack Of All Trades"],"picked":"Turbo","floor":0},{"not_picked":["Consume","Glacier"],"picked":"Auto Shields","floor":0},{"not_picked":["Steam Power","Finesse"],"picked":"Tempest","floor":0},{"not_picked":["Jack Of All Trades","Consume"],"picked":"Tempest","floor":0},{"not_picked":["Rebound","Ball Lightning"],"picked":"Cold Snap","floor":0},{"not_picked":["Go for the Eyes","Cold Snap"],"picked":"Sunder","floor":0},{"not_picked":["Hologram","Steam Power"],"picked":"Barrage","floor":0},{"not_picked":["Redo","Forethought"],"picked":"Ball Lightning","floor":0},{"not_picked":["Beam Cell","Turbo"],"picked":"Chill","floor":0},{"not_picked":["HandOfGreed","Hyperbeam","Multi-Cast"],"picked":"SKIP","floor":6},{"not_picked":["Secret Weapon","All For One","Thinking Ahead"],"picked":"SKIP","floor":7},{"not_picked":["Meteor Strike","Machine Learning+1"],"picked":"Echo Form+1","floor":12},{"not_picked":["Multi-Cast","Apotheosis"],"picked":"Echo Form+1","floor":16},{"not_picked":["Master of Strategy","Fission","Mayhem+1"],"picked":"SKIP","floor":21},{"not_picked":["Compile Driver","Turbo"],"picked":"Defragment+1","floor":22},{"not_picked":["The Bomb","Master of Strategy","Reboot"],"picked":"SKIP","floor":25},{"not_picked":["Reboot","Machine Learning+1","Secret Weapon"],"picked":"SKIP","floor":27},{"not_picked":["Master of Strategy","Transmutation"],"picked":"Electrodynamics+1","floor":33},{"not_picked":["Sadistic Nature+1","Master of Strategy"],"picked":"Dramatic Entrance","floor":36},{"not_picked":["DevaForm+1","Vault"],"picked":"infinitespire:Neurotoxin","floor":42},{"not_picked":["All For One","The Bomb","Brutality+1"],"picked":"Singing Bowl","floor":45},{"not_picked":["Die Die Die","Impervious","Metamorphosis"],"picked":"Singing Bowl","floor":47}],"player_experience":321246,"relics_obtained":[{"floor":1,"key":"Frozen Egg 2"},{"floor":2,"key":"Meat on the Bone"},{"floor":5,"key":"Lantern"},{"floor":6,"key":"Letter Opener"},{"floor":7,"key":"Centennial Puzzle"},{"floor":9,"key":"Darkstone Periapt"},{"floor":12,"key":"infinitespire:Golems Mask"},{"floor":14,"key":"Mummified Hand"},{"floor":18,"key":"infinitespire:WardingShard"},{"floor":21,"key":"Pocketwatch"},{"floor":22,"key":"Red Mask"},{"floor":25,"key":"Peace Pipe"},{"floor":26,"key":"StoneCalendar"},{"floor":27,"key":"Gremlin Horn"},{"floor":29,"key":"Thread and Needle"},{"floor":35,"key":"Regal Pillow"},{"floor":42,"key":"Pear"},{"floor":43,"key":"Singing Bowl"},{"floor":44,"key":"Incense Burner"},{"floor":45,"key":"Nunchaku"},{"floor":47,"key":"Boot"},{"floor":48,"key":"infinitespire:EmpoweringShard"}],"event_choices":[{"damage_healed":0,"gold_gain":275,"player_choice":"Desecrate","damage_taken":0,"max_hp_gain":0,"max_hp_loss":0,"event_name":"Golden Shrine","floor":4,"gold_loss":0,"cards_obtained":["Regret"]},{"cards_removed":["Streamline"],"damage_healed":0,"gold_gain":0,"player_choice":"Card Removal","damage_taken":7,"max_hp_gain":0,"max_hp_loss":0,"event_name":"Golden Wing","floor":8,"gold_loss":0},{"cards_removed":["Regret"],"damage_healed":0,"gold_gain":0,"player_choice":"Removed Curses","damage_taken":0,"max_hp_gain":0,"max_hp_loss":0,"event_name":"Fountain of Cleansing","floor":20,"gold_loss":0},{"damage_healed":0,"gold_gain":0,"player_choice":"Fought Bandits","damage_taken":0,"max_hp_gain":0,"max_hp_loss":0,"event_name":"Masked Bandits","floor":22,"gold_loss":0},{"damage_healed":0,"gold_gain":0,"player_choice":"Memory 3","damage_taken":10,"max_hp_gain":0,"max_hp_loss":0,"event_name":"SensoryStone","floor":36,"gold_loss":0},{"cards_removed":["Chill"],"damage_healed":0,"gold_gain":0,"player_choice":"Removed Skill","damage_taken":0,"max_hp_gain":0,"max_hp_loss":0,"event_name":"Falling","floor":38,"gold_loss":0}],"is_beta":false,"boss_relics":[{"not_picked":["Busted Crown","Velvet Choker"],"picked":"Inserter"},{"not_picked":["SlaversCollar","Sozu"],"picked":"Astrolabe"}],"items_purged_floors":[],"is_endless":false,"potions_floor_spawned":[1,6,16,18,22,29,41,47],"killed_by":"infinitespire:MassOfShapes","ascension_level":1}}