{"host":"qw1m3zcvi888b4j7","time":1608062436,"event":{"mods":["BaseMod","Block Reminder","Colored Map","Colored Powertips","DeckTracker","Downfall","Highlight Path","Minty Spire (QoL Compilation)","Quick Restart","Rare Cards Sparkle","Relic Sorter","Relic Stats","StSLib"],"gold_per_floor":[99,99,24,24,24,24,101,101,101,127,142,156,170,12,25,121,121,46,46,79,79,99,99,99,99,11,11,27,27,27],"floor_reached":29,"playtime":1437,"items_purged":[],"score":262,"play_id":"81c22664-1f1a-444b-87c0-5462526d5506","local_time":"20201215210036","is_ascension_mode":false,"campfire_choices":[{"floor":1,"key":"RECALL"},{"data":"sneckomod:Unknown","floor":3,"key":"SMITH"},{"data":"sneckomod:Unknown","floor":6,"key":"SMITH"},{"data":"sneckomod:UnknownUncommonPower","floor":9,"key":"SMITH"},{"data":"sneckomod:UnknownClassSLIMEBOUND","floor":18,"key":"SMITH"},{"floor":21,"key":"REST"},{"data":"sneckomod:UnknownRarePower","floor":23,"key":"SMITH"},{"data":"sneckomod:UnknownX","floor":27,"key":"SMITH"}],"circlet_count":0,"master_deck":["sneckomod:TailWhip","sneckomod:SnekBite","sneckomod:Unknown+1","sneckomod:Unknown+1","Regret","sneckomod:CheapStock","sneckomod:UnknownUncommonPower+1","sneckomod:QuickBite","sneckomod:SoulCleanse","sneckomod:Nope","sneckomod:UnknownRarePower+1","sneckomod:QuickMove","sneckomod:UnknownRareSkill","sneckomod:Restock","sneckomod:UnknownWeak","sneckomod:UnlimitedRolls","sneckomod:CheapStock","sneckomod:SerpentIdol","sneckomod:RainOfDice","sneckomod:UnknownClassSLIMEBOUND+1","Writhe","sneckomod:SoulDraw+1","sneckomod:DiceCrush","sneckomod:UnknownX+1","sneckomod:ImprovisedAttack","sneckomod:SoulDraw"],"relics":["sneckomod:SneckoSoul","downfall:HeartBlessingRed","downfall:HeartBlessingGreen","downfall:HeartsMalice","Regal Pillow","Art of War","Mummified Hand","Gremlin Horn","Membership Card","Pandora\u0027s Box","Bronze Scales","Bottled Flame","The Courier","Blood Vial"],"acts_visited":["Exordium","TheCity"],"potions_floor_usage":[16,16,16,20],"damage_taken":[{"damage":0,"enemies":"Jaw Worm","floor":4,"turns":1},{"damage":0,"enemies":"2 Louse","floor":8,"turns":1},{"damage":0,"enemies":"Gremlin Nob","floor":10,"turns":1},{"damage":6,"enemies":"Small Slimes","floor":11,"turns":2},{"damage":20,"enemies":"3 Louse","floor":12,"turns":3},{"damage":3,"enemies":"Large Slime","floor":13,"turns":4},{"damage":14,"enemies":"downfall:FleeingMerchant","floor":14,"turns":4},{"damage":10,"enemies":"Red Slaver","floor":15,"turns":2},{"damage":30,"enemies":"downfall:Defect","floor":16,"turns":6},{"damage":43,"enemies":"Gremlin Leader","floor":20,"turns":5},{"damage":10,"enemies":"Spheric Guardian","floor":22,"turns":4},{"damage":6,"enemies":"downfall:FleeingMerchant","floor":26,"turns":4},{"damage":68,"enemies":"Shelled Parasite and Fungi","floor":28,"turns":5},{"damage":21,"enemies":"Snake Plant","floor":29,"turns":2}],"seed_played":"409086804922666307","potions_obtained":[{"floor":10,"key":"AttackPotion"},{"floor":11,"key":"ColorlessPotion"},{"floor":15,"key":"SneckoOil"},{"floor":16,"key":"Dexterity Potion"},{"floor":22,"key":"SmokeBomb"},{"floor":28,"key":"Strength Potion"}],"is_trial":false,"path_per_floor":["R","?","R","M","?","R","T","M","R","E","M","M","M","$","M","B",null,"R","?","E","R","M","R","T","T","$","R","M","M"],"character_chosen":"THE_SNECKO","items_purchased":["Membership Card","Blood Vial","sneckomod:ImprovisedAttack"],"campfire_rested":1,"item_purchase_floors":[14,26,26],"current_hp_per_floor":[90,90,90,90,90,90,90,91,91,91,89,69,67,53,44,14,95,95,95,52,95,85,85,85,85,80,80,14,0,0],"gold":27,"neow_bonus":"THREE_ENEMY_KILL","is_daily":false,"chose_seed":false,"campfire_upgraded":6,"win_rate":0.0,"timestamp":1608062436,"path_taken":["R","?","R","M","?","R","T","M","R","E","M","M","M","$","M","BOSS","R","?","E","R","M","R","T","?","$","R","M","M"],"items_purchased_type":["Relic","Relic","Card"],"build_version":"2020-12-13","purchased_purges":0,"victory":false,"max_hp_per_floor":[90,90,90,90,90,90,90,91,91,91,91,91,92,92,93,93,95,95,95,95,95,95,95,95,95,96,96,96,96,96],"relic_stats":{"Blood Vial":4,"Regal Pillow":15,"Gremlin Horn":[9,9],"counters":[14,41],"Mummified Hand":[39],"Bronze Scales":[67],"Pandora\u0027s Box":["sneckomod:UnknownWeak","sneckomod:UnlimitedRolls","sneckomod:CheapStock","sneckomod:SerpentIdol","sneckomod:RainOfDice","sneckomod:UnknownClassSLIMEBOUND"],"Art of War":[2],"obtain_stats":[{"Regal Pillow":2,"downfall:HeartBlessingRed":3,"Gremlin Horn":10,"downfall:HeartsMalice":0,"downfall:HeartBlessingGreen":18,"The Courier":24,"sneckomod:SneckoSoul":0,"Blood Vial":26,"Bottled Flame":20,"Mummified Hand":7,"Bronze Scales":19,"Pandora\u0027s Box":17,"Art of War":5,"Membership Card":14},{"Regal Pillow":0,"downfall:HeartBlessingRed":0,"Gremlin Horn":3,"downfall:HeartsMalice":0,"downfall:HeartBlessingGreen":9,"The Courier":11,"sneckomod:SneckoSoul":0,"Blood Vial":12,"Bottled Flame":10,"Mummified Hand":1,"Bronze Scales":9,"Pandora\u0027s Box":9,"Art of War":1,"Membership Card":7},{"Regal Pillow":0,"downfall:HeartBlessingRed":0,"Gremlin Horn":0,"downfall:HeartsMalice":0,"downfall:HeartBlessingGreen":21,"The Courier":30,"sneckomod:SneckoSoul":0,"Blood Vial":34,"Bottled Flame":26,"Mummified Hand":0,"Bronze Scales":21,"Pandora\u0027s Box":21,"Art of War":0,"Membership Card":13}]},"card_choices":[{"not_picked":["sneckomod:UnknownBlock","sneckomod:SnakeSap"],"picked":"sneckomod:CheapStock","floor":4},{"not_picked":["sneckomod:DiceCrush","sneckomod:UnknownStrike"],"picked":"sneckomod:UnknownUncommonPower","floor":8},{"not_picked":["sneckomod:QuickMove","sneckomod:UnknownClassHEXA_GHOST_PURPLE"],"picked":"sneckomod:QuickBite","floor":10},{"not_picked":["sneckomod:SlitherStrike","sneckomod:QuickBite"],"picked":"sneckomod:SoulCleanse","floor":11},{"not_picked":["sneckomod:SoulRoll","sneckomod:SoulDraw"],"picked":"sneckomod:Nope","floor":12},{"not_picked":["sneckomod:UnknownVulnerable","sneckomod:SoulDraw"],"picked":"sneckomod:UnknownRarePower","floor":13},{"not_picked":["sneckomod:UnknownCommonSkill","sneckomod:UnknownBlock"],"picked":"sneckomod:QuickMove","floor":14},{"not_picked":["sneckomod:SoulRoll","sneckomod:UnknownStrike"],"picked":"sneckomod:UnknownRareSkill","floor":15},{"not_picked":["sneckomod:Mudshield","sneckomod:SoulExchange"],"picked":"sneckomod:Restock","floor":16},{"not_picked":["sneckomod:UnknownEthereal","sneckomod:UnknownCommonAttack"],"picked":"sneckomod:SoulDraw+1","floor":20},{"not_picked":["sneckomod:WideSting","sneckomod:UnknownCommonAttack"],"picked":"sneckomod:DiceCrush","floor":22},{"not_picked":["sneckomod:Unknown0Cost","sneckomod:UnknownCommonSkill+1"],"picked":"sneckomod:UnknownX","floor":26},{"not_picked":["sneckomod:UnknownStrike","sneckomod:DiceBoulder+1"],"picked":"sneckomod:SoulDraw","floor":28}],"player_experience":94224,"relics_obtained":[{"floor":7,"key":"Mummified Hand"},{"floor":10,"key":"Gremlin Horn"},{"floor":20,"key":"Bottled Flame"},{"floor":24,"key":"The Courier"}],"event_choices":[{"damage_healed":0,"gold_gain":0,"player_choice":"Box","damage_taken":0,"relics_obtained":["Regal Pillow"],"max_hp_gain":0,"max_hp_loss":0,"event_name":"Big Fish","floor":2,"gold_loss":0,"cards_obtained":["Regret"]}],"is_beta":false,"boss_relics":[{"not_picked":["Tiny House","SlaversCollar"],"picked":"Pandora\u0027s Box"}],"items_purged_floors":[],"is_endless":false,"potions_floor_spawned":[10,11,15,16,22,28],"killed_by":"Snake Plant","ascension_level":0}}