{"host":"qwttrqaysb380yri","time":1608058697,"event":{"mods":["BaseMod","Custom Start","Minty Spire (QoL Compilation)","Puzzle Mod","Relic Stats","StSLib","The Cursed","The Hierophant"],"gold_per_floor":[114,132,6,34,45,117,117,200,200,200,279,354,420,483,483,449,449],"floor_reached":16,"playtime":637,"items_purged":[],"score":214,"play_id":"2c638f50-0fb9-40aa-8195-eccfb33248a0","local_time":"20201215195817","is_ascension_mode":true,"campfire_choices":[{"floor":7.0,"key":"REST"},{"floor":10,"key":"REST"},{"data":"hierophant:Chorus","floor":15,"key":"SMITH"}],"circlet_count":0,"master_deck":["AscendersBane","hierophant:Strike_Hierophant","hierophant:Strike_Hierophant","hierophant:Strike_Hierophant","hierophant:Strike_Hierophant","hierophant:Punish","hierophant:Defend_Hierophant","hierophant:Defend_Hierophant","hierophant:Defend_Hierophant","hierophant:Defend_Hierophant","hierophant:ChurchCoffers","hierophant:Doubloon","hierophant:Remorse","hierophant:ThreeLashes","hierophant:Chorus+1","Blind","hierophant:HolyVerse","hierophant:BulkyChest","hierophant:Martyrdom","hierophant:Empathy","hierophant:OrnateBuckler","hierophant:Smite+1"],"relics":["hierophant:PropheticMaskRelic","Pen Nib","TungstenRod","Lizard Tail","Question Card","Darkstone Periapt","Molten Egg 2"],"acts_visited":["Exordium"],"potions_floor_usage":[16],"damage_taken":[{"damage":6.0,"enemies":"Cultist","floor":1.0,"turns":3.0},{"damage":7.0,"enemies":"Small Slimes","floor":2.0,"turns":2.0},{"damage":2.0,"enemies":"Jaw Worm","floor":4.0,"turns":3.0},{"damage":18.0,"enemies":"Large Slime","floor":5.0,"turns":5.0},{"damage":20.0,"enemies":"Lagavulin","floor":6.0,"turns":7.0},{"damage":16.0,"enemies":"3 Sentries","floor":8.0,"turns":5.0},{"damage":33,"enemies":"Lagavulin","floor":12,"turns":8},{"damage":10,"enemies":"Looter","floor":13,"turns":4},{"damage":15,"enemies":"Gremlin Gang","floor":14,"turns":5},{"damage":18,"enemies":"Hexaghost","floor":16,"turns":10}],"seed_played":"-7200922068563487378","potions_obtained":[{"floor":1.0,"key":"Swift Potion"},{"floor":4.0,"key":"Fire Potion"},{"floor":6.0,"key":"BlessingOfTheForge"},{"floor":14,"key":"DistilledChaos"}],"is_trial":false,"path_per_floor":["M","M","$","M","M","E","R","E","T","R","T","E","M","M","R","B"],"character_chosen":"HIEROPHANT","items_purchased":["hierophant:Chorus","Blind"],"campfire_rested":2,"item_purchase_floors":[3,3],"current_hp_per_floor":[62,55,55,53,35,15,37,21,21,43,43,10,37,22,22,4,4],"gold":449,"neow_bonus":"RANDOM_COMMON_RELIC","is_daily":false,"chose_seed":false,"campfire_upgraded":1,"win_rate":0.0,"timestamp":1608058697,"path_taken":["M","M","$","M","M","E","R","E","T","R","?","E","M","M","R","BOSS"],"items_purchased_type":["Card","Card"],"build_version":"2020-12-13","purchased_purges":0,"victory":false,"max_hp_per_floor":[75,75,75,75,75,75,75,75,75,75,75,75,75,75,75,75,75],"relic_stats":{"Darkstone Periapt":0,"Lizard Tail":37,"counters":[10,52],"Pen Nib":[9],"Question Card":6,"obtain_stats":[{"Darkstone Periapt":11,"Lizard Tail":8,"hierophant:PropheticMaskRelic":0,"Molten Egg 2":12,"Pen Nib":0,"Question Card":9,"TungstenRod":6},{"Darkstone Periapt":6,"Lizard Tail":6,"hierophant:PropheticMaskRelic":0,"Molten Egg 2":7,"Pen Nib":0,"Question Card":6,"TungstenRod":5},{"Darkstone Periapt":25,"Lizard Tail":25,"hierophant:PropheticMaskRelic":0,"Molten Egg 2":33,"Pen Nib":0,"Question Card":25,"TungstenRod":20}],"TungstenRod":23},"card_choices":[{"not_picked":["hierophant:Prophecy","hierophant:RepressedViolence"],"picked":"hierophant:Remorse","floor":1.0},{"not_picked":["hierophant:Flagellation","hierophant:FlamingChariot"],"picked":"hierophant:ThreeLashes","floor":2.0},{"not_picked":["hierophant:Patience","hierophant:TollTheBells"],"picked":"hierophant:HolyVerse","floor":4.0},{"not_picked":["hierophant:FlamingChariot","hierophant:Doomsaying"],"picked":"hierophant:BulkyChest","floor":5.0},{"not_picked":["hierophant:Community","hierophant:WrathOfGod","hierophant:Bribe"],"picked":"SKIP","floor":6.0},{"not_picked":["hierophant:FieryStrike","hierophant:SecretStash"],"picked":"hierophant:Martyrdom","floor":8},{"not_picked":["hierophant:HammerAndAnvil","hierophant:FieryStrike+1","hierophant:Smite+1"],"picked":"hierophant:Empathy","floor":12},{"not_picked":["hierophant:Flagellation","hierophant:MorningPrayer","hierophant:RustyCrate"],"picked":"hierophant:OrnateBuckler","floor":13},{"not_picked":["hierophant:OrnateJavelin+1","hierophant:DisplayOfPower+1","hierophant:RustyCrate"],"picked":"hierophant:Smite+1","floor":14}],"player_experience":1858207,"relics_obtained":[{"floor":6.0,"key":"TungstenRod"},{"floor":8,"key":"Lizard Tail"},{"floor":9,"key":"Question Card"},{"floor":11,"key":"Darkstone Periapt"},{"floor":12,"key":"Molten Egg 2"}],"event_choices":[],"is_beta":false,"boss_relics":[],"items_purged_floors":[],"is_endless":false,"potions_floor_spawned":[1,4,6,14],"killed_by":"Hexaghost","ascension_level":15}}