{"host":"apvnte8t1esriuig","time":1608017685,"event":{"mods":["2.2 Compatiblity","AchievementEnabler","BaseMod","Infinite Spire","Minty Spire (QoL Compilation)","Rare Cards Sparkle","StSLib"],"gold_per_floor":[114,114,114,138,165,212,251,263,275,314,138,138,166,48,48,149,149,169,169,215,215,244,244,244,244,244,244,263,263,295,326,326,425,425,442,319,319,343,374,409,409,409,409],"floor_reached":42,"playtime":1484,"items_purged":[],"score":624,"play_id":"30f8780a-bf3e-4d4b-a4ed-d5f24ee20b4c","local_time":"20201215083445","daily_mods":["Draft","Vintage","Colorless Cards","Heirloom","Time Dilation","Flight","DeadlyEvents","Elite Swarm"],"is_ascension_mode":true,"campfire_choices":[{"data":"DevaForm","floor":8.0,"key":"SMITH"},{"floor":12.0,"key":"REST"},{"floor":15.0,"key":"REST"},{"floor":23.0,"key":"REST"},{"data":"Echo Form","floor":24.0,"key":"SMITH"},{"data":"Echo Form","floor":25.0,"key":"SMITH"},{"floor":29.0,"key":"REST"},{"floor":32.0,"key":"REST"},{"floor":41,"key":"REST"}],"circlet_count":0,"master_deck":["Demon Form","Echo Form+1","DevaForm+1","Conserve Battery","Streamline","Genetic Algorithm","Streamline","Steam","Cold Snap","FTL","Auto Shields","Coolheaded","Sweeping Beam","Defragment","White Noise","White Noise","Barrage","Conserve Battery","Echo Form+1","Storm","Buffer","infinitespire:UltimateForm","Buffer","Creative AI"],"relics":["Cracked Core","Incense Burner","Tiny Chest","Ancient Tea Set","MawBank","Question Card","Darkstone Periapt","The Courier","Toy Ornithopter","infinitespire:CheckeredPen","Anchor","Lantern","Molten Egg 2","Potion Belt","Nuclear Battery","PreservedInsect","Akabeko","Toxic Egg 2","Oddly Smooth Stone","Bottled Lightning","Cables","Happy Flower","CeramicFish","Black Star","Peace Pipe","Blood Vial","Dream Catcher","infinitespire:BottledMercury","infinitespire:Beetle Shell","Calipers","infinitespire:EmpoweringShard"],"acts_visited":["Exordium","TheCity","TheBeyond"],"potions_floor_usage":[],"damage_taken":[{"damage":5.0,"enemies":"Jaw Worm","floor":1.0,"turns":4.0},{"damage":6.0,"enemies":"Cultist","floor":4.0,"turns":5.0},{"damage":0.0,"enemies":"2 Louse","floor":5.0,"turns":3.0},{"damage":7.0,"enemies":"Lagavulin","floor":6.0,"turns":6.0},{"damage":16.0,"enemies":"Gremlin Nob","floor":7.0,"turns":5.0},{"damage":12.0,"enemies":"3 Sentries","floor":13.0,"turns":4.0},{"damage":37.0,"enemies":"The Guardian","floor":16.0,"turns":8.0},{"damage":0.0,"enemies":"2 Thieves","floor":18.0,"turns":2.0},{"damage":29.0,"enemies":"Gremlin Leader","floor":22.0,"turns":6.0},{"damage":23.0,"enemies":"3 Byrds","floor":28.0,"turns":4.0},{"damage":11.0,"enemies":"Nightmare","floor":30.0,"turns":5.0},{"damage":22.0,"enemies":"Slavers","floor":31.0,"turns":4.0},{"damage":25.0,"enemies":"Collector","floor":33.0,"turns":6.0},{"damage":19.0,"enemies":"3 Shapes","floor":35.0,"turns":4.0},{"damage":0,"enemies":"Giant Head","floor":39,"turns":7},{"damage":19,"enemies":"Nightmare","floor":40,"turns":6},{"damage":23,"enemies":"infinitespire:Three Voidlings","floor":42,"turns":3},{"damage":72,"enemies":"Nightmare_Alpha","floor":42,"turns":6}],"seed_played":"1967098850015333325","potions_obtained":[{"floor":4.0,"key":"FearPotion"},{"floor":6.0,"key":"Energy Potion"},{"floor":13.0,"key":"DuplicationPotion"},{"floor":16.0,"key":"Energy Potion"},{"floor":30.0,"key":"Energy Potion"},{"floor":33.0,"key":"GamblersBrew"}],"is_trial":true,"path_per_floor":["M","?","T","M","M","E","E","R","T","T","$","R","E","$","R","B",null,"M","?","T","AVR","E","R","R","R","T","$","M","R","NM","E","R","B",null,"M","$","?","T","E","NM","R","?"],"character_chosen":"DEFECT","items_purchased":["Lantern","Storm","Potion Belt","Blood Vial"],"campfire_rested":6,"item_purchase_floors":[11,11,14,36],"current_hp_per_floor":[70,70,70,64,64,57,41,41,41,41,41,63,51,51,73,36,75,75,85,85,85,56,81,81,81,81,81,58,83,72,50,75,60,85,66,66,66,66,68,51,76,0,0],"gold":409,"neow_bonus":"","is_daily":false,"chose_seed":false,"campfire_upgraded":3,"win_rate":0.0,"timestamp":1608017685,"path_taken":["M","?","?","M","?","E","E","R","T","?","$","R","?","?","R","BOSS","M","?","?","AVR","?","R","R","R","T","$","?","R","NM","E","R","BOSS","M","$","?","?","?","NM","R","?"],"items_purchased_type":["Relic","Card","Relic","Relic"],"build_version":"2020-12-13","purchased_purges":0,"victory":false,"max_hp_per_floor":[75,75,75,75,75,75,75,75,75,75,75,75,75,75,75,75,75,75,85,85,85,85,85,85,85,85,85,85,85,85,85,85,85,85,85,85,85,85,85,85,85,85,85],"card_choices":[{"not_picked":["Cold Snap","Go for the Eyes"],"picked":"Conserve Battery","floor":0.0},{"not_picked":["Trip","Impatience"],"picked":"Streamline","floor":0.0},{"not_picked":["Barrage","Rebound"],"picked":"Genetic Algorithm","floor":0.0},{"not_picked":["Stack","Leap"],"picked":"Streamline","floor":0.0},{"not_picked":["Reprogram","Streamline"],"picked":"Steam","floor":0.0},{"not_picked":["Redo","Swift Strike"],"picked":"Cold Snap","floor":0.0},{"not_picked":["Beam Cell","Compile Driver"],"picked":"FTL","floor":0.0},{"not_picked":["Melter","Steam"],"picked":"Auto Shields","floor":0.0},{"not_picked":["Hologram","Leap"],"picked":"Coolheaded","floor":0.0},{"not_picked":["Stack","Finesse"],"picked":"Sweeping Beam","floor":0.0},{"not_picked":["Flash of Steel","Hologram"],"picked":"Defragment","floor":0.0},{"not_picked":["Sweeping Beam","Consume"],"picked":"White Noise","floor":0.0},{"not_picked":["Coolheaded","Impatience"],"picked":"White Noise","floor":0.0},{"not_picked":["Go for the Eyes","Genetic Algorithm"],"picked":"Barrage","floor":0.0},{"not_picked":["Redo","Hologram"],"picked":"Conserve Battery","floor":0.0},{"not_picked":["The Bomb","Multi-Cast","Chrysalis"],"picked":"Echo Form","floor":6.0},{"not_picked":["Thinking Ahead","Hyperbeam","Seek","Apotheosis"],"picked":"SKIP","floor":7.0},{"not_picked":["Machine Learning","The Bomb","Amplify"],"picked":"Buffer","floor":13.0},{"not_picked":["Magnetism","Metamorphosis+1","The Bomb+1"],"picked":"Buffer","floor":22.0},{"not_picked":["Violence+1","Fission+1","Amplify+1"],"picked":"Creative AI","floor":30.0},{"not_picked":["Fission+1","The Bomb+1","Reboot+1","Multi-Cast+1"],"picked":"SKIP","floor":31.0},{"not_picked":["Panache","Machine Learning","Thinking Ahead+1","Seek+1"],"picked":"SKIP","floor":39},{"not_picked":["Amplify+1","Echo Form","Biased Cognition","Core Surge+1"],"picked":"SKIP","floor":40}],"player_experience":318238,"relics_obtained":[{"floor":1.0,"key":"Tiny Chest"},{"floor":2.0,"key":"Ancient Tea Set"},{"floor":3.0,"key":"MawBank"},{"floor":4.0,"key":"Question Card"},{"floor":5.0,"key":"Darkstone Periapt"},{"floor":6.0,"key":"The Courier"},{"floor":7.0,"key":"Toy Ornithopter"},{"floor":9.0,"key":"infinitespire:CheckeredPen"},{"floor":10.0,"key":"Anchor"},{"floor":13.0,"key":"Molten Egg 2"},{"floor":18.0,"key":"PreservedInsect"},{"floor":20.0,"key":"Akabeko"},{"floor":22.0,"key":"Oddly Smooth Stone"},{"floor":26.0,"key":"Bottled Lightning"},{"floor":28.0,"key":"Cables"},{"floor":30.0,"key":"Happy Flower"},{"floor":31.0,"key":"CeramicFish"},{"floor":35.0,"key":"Peace Pipe"},{"floor":38,"key":"Dream Catcher"},{"floor":39,"key":"infinitespire:BottledMercury"},{"floor":39,"key":"infinitespire:Beetle Shell"},{"floor":40,"key":"Calipers"},{"floor":40,"key":"infinitespire:EmpoweringShard"}],"event_choices":[{"cards_removed":["Wraith Form v2"],"damage_healed":0.0,"max_hp_gain":10.0,"max_hp_loss":0.0,"gold_gain":0.0,"event_name":"Bonfire Elementals","player_choice":"Offered Rare","floor":19.0,"gold_loss":0.0,"damage_taken":0.0},{"damage_healed":0,"gold_gain":0,"player_choice":"Ignored","damage_taken":0,"max_hp_gain":0,"max_hp_loss":0,"event_name":"Tomb of Lord Red Mask","floor":37,"gold_loss":0}],"is_beta":false,"boss_relics":[{"not_picked":["Calling Bell","Philosopher\u0027s Stone"],"picked":"Nuclear Battery"},{"not_picked":["Cursed Key","FrozenCore"],"picked":"Black Star"}],"items_purged_floors":[],"is_endless":true,"potions_floor_spawned":[4,6,13,16,30,31,33,39,42],"killed_by":"Nightmare_Alpha","ascension_level":1}}