{"host":"6azrrw3tf7wb0f4b","time":1608053108,"event":{"mods":["BaseMod","DeckTracker","Minty Spire (QoL Compilation)","SuperFastMode"],"gold_per_floor":[115,130,143,154,329,329,341,190,190,190,190,201,227,227,227,227,227],"floor_reached":16,"playtime":990,"items_purged":["Doubt"],"score":158,"play_id":"77b3d0cd-746c-49cf-85e2-2d9166e1a342","local_time":"20201216022508","is_ascension_mode":true,"campfire_choices":[{"data":"Blade Dance","floor":6,"key":"SMITH"},{"data":"Noxious Fumes","floor":10,"key":"SMITH"},{"data":"Choke","floor":15,"key":"SMITH"}],"circlet_count":0,"master_deck":["AscendersBane","Strike_G","Strike_G","Strike_G","Strike_G","Defend_G","Defend_G","Defend_G","Defend_G","Defend_G","Survivor","Neutralize","Choke+1","Acrobatics","Escape Plan","Blade Dance+1","PiercingWail","Noxious Fumes+1","Dagger Throw+1","Prepared"],"relics":["Ring of the Snake","NeowsBlessing","Molten Egg 2","Eternal Feather","Pantograph"],"acts_visited":["Exordium"],"potions_floor_usage":[13,13,16],"damage_taken":[{"damage":0,"enemies":"Jaw Worm","floor":1,"turns":1},{"damage":0,"enemies":"2 Louse","floor":2,"turns":1},{"damage":0,"enemies":"Small Slimes","floor":3,"turns":1},{"damage":3,"enemies":"Red Slaver","floor":4,"turns":4},{"damage":3,"enemies":"Looter","floor":7,"turns":3},{"damage":8,"enemies":"Large Slime","floor":12,"turns":5},{"damage":37,"enemies":"Lagavulin","floor":13,"turns":5},{"damage":53,"enemies":"Slime Boss","floor":16,"turns":10}],"seed_played":"-8896440395694361708","potions_obtained":[{"floor":1,"key":"PowerPotion"},{"floor":2,"key":"FearPotion"},{"floor":4,"key":"GamblersBrew"},{"floor":13,"key":"Swift Potion"}],"is_trial":false,"path_per_floor":["M","M","M","M","?","R","M","$","T","R","?","M","E","?","R","B"],"character_chosen":"THE_SILENT","items_purchased":["Noxious Fumes"],"campfire_rested":0,"item_purchase_floors":[8],"current_hp_per_floor":[63,63,63,60,60,60,57,57,57,57,54,46,9,9,21,0,0],"gold":227,"neow_bonus":"THREE_ENEMY_KILL","is_daily":false,"chose_seed":false,"campfire_upgraded":3,"win_rate":0.0,"timestamp":1608053108,"path_taken":["M","M","M","M","?","R","M","$","T","R","?","M","E","?","R","BOSS"],"items_purchased_type":["Card"],"build_version":"2020-12-13","purchased_purges":1,"victory":false,"max_hp_per_floor":[70,70,70,70,70,70,70,70,70,70,70,70,70,70,70,70,70],"card_choices":[{"not_picked":["Prepared","Concentrate"],"picked":"Choke","floor":1},{"not_picked":["Deadly Poison","Prepared"],"picked":"Acrobatics","floor":2},{"not_picked":["Tactician","Skewer"],"picked":"Escape Plan","floor":3},{"not_picked":["Deflect","PiercingWail"],"picked":"Blade Dance","floor":4},{"not_picked":["Flechettes","Noxious Fumes"],"picked":"PiercingWail","floor":7},{"not_picked":["Riddle With Holes+1","PiercingWail"],"picked":"Dagger Throw+1","floor":12},{"not_picked":["Escape Plan","Outmaneuver"],"picked":"Prepared","floor":13}],"player_experience":595996,"relics_obtained":[{"floor":9,"key":"Molten Egg 2"},{"floor":13,"key":"Pantograph"}],"event_choices":[{"damage_healed":0,"gold_gain":175,"player_choice":"AGREE","damage_taken":0,"max_hp_gain":0,"max_hp_loss":0,"event_name":"Liars Game","floor":5,"gold_loss":0,"cards_obtained":["Doubt"]},{"damage_healed":0,"gold_gain":0,"player_choice":"Success","damage_taken":3,"relics_obtained":["Eternal Feather"],"max_hp_gain":0,"max_hp_loss":0,"event_name":"Scrap Ooze","floor":11,"gold_loss":0},{"cards_removed":["Strike_G"],"damage_healed":0,"gold_gain":0,"player_choice":"Purged","damage_taken":0,"max_hp_gain":0,"max_hp_loss":0,"event_name":"Purifier","floor":14,"gold_loss":0}],"is_beta":false,"boss_relics":[],"items_purged_floors":[8],"is_endless":false,"potions_floor_spawned":[1,2,4,13],"killed_by":"Slime Boss","ascension_level":11}}