{"host":"pf47v7h0307523iy","time":1608057639,"event":{"mods":["BaseMod","Minty Spire (QoL Compilation)"],"gold_per_floor":[113,113,113,62,77,77,106,106,106,133,151,165,182,182,182,258,258,278,278,291,291,38,38,49,49,49,49,68,68,99,116,116,189,189,206,176,193,118,0,35,47,76,76,106,28,38,50,61,61,61,61,61],"floor_reached":51,"playtime":3244,"items_purged":["Strike_G"],"score":1634,"play_id":"b6a1cf80-b473-40e3-a865-e7d553729465","local_time":"20201215204039","is_ascension_mode":true,"campfire_choices":[{"data":"Bouncing Flask","floor":6,"key":"SMITH"},{"data":"Glass Knife","floor":8,"key":"SMITH"},{"data":"Neutralize","floor":15,"key":"SMITH"},{"data":"Well Laid Plans","floor":23,"key":"SMITH"},{"data":"Calculated Gamble","floor":25,"key":"SMITH"},{"data":"Catalyst","floor":27,"key":"SMITH"},{"data":"Night Terror","floor":29,"key":"SMITH"},{"floor":32,"key":"REST"},{"floor":49,"key":"RECALL"}],"circlet_count":0,"master_deck":["AscendersBane","Strike_G","Strike_G","Defend_G","Defend_G","Defend_G","Defend_G","Defend_G","Survivor","Neutralize+1","Bouncing Flask+1","PiercingWail","Dodge and Roll+1","Glass Knife+1","Blur","Night Terror+1","Well Laid Plans+1","Calculated Gamble+1","Catalyst+1","Acrobatics+1","Acrobatics","After Image","Reflex","Escape Plan","Escape Plan"],"relics":["Ring of the Snake","NeowsBlessing","Calipers","Ninja Scroll","Mercury Hourglass","Omamori","Tingsha","SlaversCollar","Anchor","Bag of Marbles","Busted Crown","Red Mask","CaptainsWheel","Letter Opener","Pen Nib"],"acts_visited":["Exordium","TheCity","TheBeyond"],"potions_floor_usage":[18,18,18,20,29,31,33,33,48,51],"damage_taken":[{"damage":0,"enemies":"2 Louse","floor":1,"turns":1},{"damage":0,"enemies":"Cultist","floor":5,"turns":1},{"damage":0,"enemies":"3 Sentries","floor":7,"turns":2},{"damage":4,"enemies":"Gremlin Nob","floor":10,"turns":3},{"damage":0,"enemies":"Jaw Worm","floor":11,"turns":3},{"damage":0,"enemies":"Exordium Wildlife","floor":12,"turns":2},{"damage":0,"enemies":"Red Slaver","floor":13,"turns":2},{"damage":2,"enemies":"The Guardian","floor":16,"turns":11},{"damage":2,"enemies":"2 Thieves","floor":18,"turns":4},{"damage":0,"enemies":"Spheric Guardian","floor":20,"turns":3},{"damage":30,"enemies":"Centurion and Healer","floor":24,"turns":11},{"damage":0,"enemies":"Chosen and Byrds","floor":28,"turns":4},{"damage":0,"enemies":"Book of Stabbing","floor":30,"turns":3},{"damage":0,"enemies":"Shelled Parasite and Fungi","floor":31,"turns":2},{"damage":30,"enemies":"Automaton","floor":33,"turns":8},{"damage":0,"enemies":"Orb Walker","floor":35,"turns":2},{"damage":2,"enemies":"3 Darklings","floor":37,"turns":6},{"damage":0,"enemies":"Giant Head","floor":40,"turns":4},{"damage":16,"enemies":"Spire Growth","floor":41,"turns":3},{"damage":6,"enemies":"Reptomancer","floor":42,"turns":4},{"damage":1,"enemies":"Nemesis","floor":44,"turns":3},{"damage":0,"enemies":"Transient","floor":46,"turns":4},{"damage":0,"enemies":"4 Shapes","floor":47,"turns":4},{"damage":1,"enemies":"Jaw Worm Horde","floor":48,"turns":4},{"damage":16,"enemies":"Time Eater","floor":50,"turns":4},{"damage":19,"enemies":"Donu and Deca","floor":51,"turns":4}],"seed_played":"2341433824094216660","potions_obtained":[{"floor":7,"key":"LiquidBronze"},{"floor":13,"key":"GamblersBrew"},{"floor":16,"key":"EntropicBrew"},{"floor":28,"key":"EntropicBrew"},{"floor":31,"key":"EssenceOfSteel"},{"floor":36,"key":"LiquidMemories"},{"floor":36,"key":"Fire Potion"},{"floor":40,"key":"Explosive Potion"},{"floor":47,"key":"SpeedPotion"},{"floor":48,"key":"Fruit Juice"}],"is_trial":false,"path_per_floor":["M","?","?","$","M","R","E","R","T","E","M","M","M","T","R","B",null,"M","?","M","?","$","R","M","R","T","R","M","R","E","M","R","B",null,"M","?","M","$","?","E","M","E","T","E","$","M","M","M","R","B","B"],"character_chosen":"THE_SILENT","items_purchased":["PiercingWail","Well Laid Plans","Calculated Gamble","Catalyst","Escape Plan"],"campfire_rested":1,"item_purchase_floors":[4,22,22,22,45],"current_hp_per_floor":[59,48,48,48,48,48,48,48,48,44,44,44,44,44,44,42,60,58,58,58,58,58,58,28,28,28,28,28,28,28,28,47,17,54,54,54,52,52,52,52,36,30,30,29,29,29,29,33,33,17,0,0],"gold":61,"neow_bonus":"THREE_ENEMY_KILL","is_daily":false,"chose_seed":false,"campfire_upgraded":7,"win_rate":0.0,"timestamp":1608057639,"path_taken":["M","?","?","$","M","R","E","R","T","E","M","?","M","?","R","BOSS","M","?","?","?","?","R","M","R","T","R","?","R","E","M","R","BOSS","M","?","M","?","?","E","?","E","T","E","$","M","M","M","R","BOSS","BOSS"],"items_purchased_type":["Card","Card","Card","Card","Card"],"build_version":"2020-12-13","purchased_purges":1,"victory":false,"max_hp_per_floor":[66,66,66,66,66,66,66,66,66,66,66,66,66,66,66,66,66,66,66,66,66,66,66,66,66,66,66,66,66,66,66,66,66,66,66,66,66,66,66,66,66,66,66,66,66,66,66,71,71,71,71,71],"card_choices":[{"not_picked":["Flying Knee","Quick Slash"],"picked":"Bouncing Flask","floor":1},{"not_picked":["Quick Slash","Slice"],"picked":"Dodge and Roll","floor":5},{"not_picked":["Dodge and Roll","Infinite Blades"],"picked":"Glass Knife","floor":7},{"not_picked":["Slice","Deadly Poison","Flying Knee"],"picked":"SKIP","floor":10},{"not_picked":["Slice","Predator","Sucker Punch"],"picked":"SKIP","floor":11},{"not_picked":["Terror","Bouncing Flask"],"picked":"Blur","floor":12},{"not_picked":["Finisher","Expertise","Underhanded Strike"],"picked":"SKIP","floor":13},{"not_picked":["Die Die Die","A Thousand Cuts"],"picked":"Night Terror","floor":16},{"not_picked":["Sucker Punch","Setup","Dagger Spray"],"picked":"SKIP","floor":18},{"not_picked":["Bane","Flying Knee","Dagger Throw"],"picked":"SKIP","floor":20},{"not_picked":["Dodge and Roll","Outmaneuver"],"picked":"Acrobatics+1","floor":24},{"not_picked":["Setup","Dodge and Roll","Caltrops"],"picked":"SKIP","floor":28},{"not_picked":["Well Laid Plans","Poisoned Stab","Infinite Blades"],"picked":"SKIP","floor":30},{"not_picked":["Expertise","Grand Finale"],"picked":"Acrobatics","floor":31},{"not_picked":["Doppelganger","Night Terror"],"picked":"After Image","floor":33},{"not_picked":["Flying Knee"],"picked":"SKIP","floor":35},{"not_picked":["Dagger Throw+1"],"picked":"SKIP","floor":37},{"not_picked":["Storm of Steel"],"picked":"SKIP","floor":40},{"not_picked":["Reflex"],"picked":"SKIP","floor":41},{"not_picked":[],"picked":"Reflex","floor":41},{"not_picked":["Quick Slash"],"picked":"SKIP","floor":42},{"not_picked":["Well Laid Plans"],"picked":"SKIP","floor":44},{"not_picked":["Prepared"],"picked":"SKIP","floor":46},{"not_picked":["Heel Hook"],"picked":"SKIP","floor":47},{"not_picked":[],"picked":"Escape Plan","floor":48}],"player_experience":1487458,"relics_obtained":[{"floor":7,"key":"Ninja Scroll"},{"floor":9,"key":"Mercury Hourglass"},{"floor":10,"key":"Omamori"},{"floor":14,"key":"Tingsha"},{"floor":26,"key":"Anchor"},{"floor":30,"key":"Bag of Marbles"},{"floor":40,"key":"CaptainsWheel"},{"floor":42,"key":"Letter Opener"},{"floor":44,"key":"Pen Nib"}],"event_choices":[{"damage_healed":0,"gold_gain":0,"player_choice":"Success","damage_taken":11,"relics_obtained":["Calipers"],"max_hp_gain":0,"max_hp_loss":0,"event_name":"Scrap Ooze","floor":2,"gold_loss":0},{"cards_removed":["Strike_G"],"damage_healed":0,"gold_gain":0,"player_choice":"Purged","damage_taken":0,"max_hp_gain":0,"max_hp_loss":0,"event_name":"Purifier","floor":3,"gold_loss":0},{"cards_removed":["Strike_G"],"damage_healed":0,"gold_gain":0,"player_choice":"Purged","damage_taken":0,"max_hp_gain":0,"max_hp_loss":0,"event_name":"Purifier","floor":19,"gold_loss":0},{"damage_healed":0,"gold_gain":0,"player_choice":"Upgraded","damage_taken":0,"max_hp_gain":0,"max_hp_loss":0,"event_name":"Upgrade Shrine","floor":21,"gold_loss":0,"cards_upgraded":["Dodge and Roll"]},{"damage_healed":0,"gold_gain":0,"player_choice":"Bought 2 Potions","damage_taken":0,"max_hp_gain":0,"max_hp_loss":0,"event_name":"The Woman in Blue","floor":36,"gold_loss":0},{"damage_healed":0,"gold_gain":0,"player_choice":"Paid","damage_taken":0,"relics_obtained":["Red Mask"],"max_hp_gain":0,"max_hp_loss":0,"event_name":"Tomb of Lord Red Mask","floor":39,"gold_loss":118}],"is_beta":false,"boss_relics":[{"not_picked":["Runic Dome","Snecko Eye"],"picked":"SlaversCollar"},{"not_picked":["Empty Cage","Black Star"],"picked":"Busted Crown"}],"items_purged_floors":[38],"is_endless":false,"potions_floor_spawned":[7,13,16,28,31,40,47,48],"killed_by":"Donu and Deca","ascension_level":20}}