{"host":"icrrc9b69c1a6188","time":1608058104,"event":{"mods":["BaseMod","Better Altar","Better Match","Better Note","Better Sensory Stone","Better Skull","Better Third Choice","BetterRewards","Colored Map","Colored Powertips","Displayed Cursed Tome","Faster Ascension Climbing","HexUI Lib","Minty Spire (QoL Compilation)","Random Character Mod","Spicy Shops","StSLib","Unceasing Turn Reminder"],"gold_per_floor":[109,52,72,72,29,29,50,50,50,65,0,40,58,58,58,58,58],"floor_reached":16,"playtime":621,"items_purged":[],"score":200,"play_id":"e921ec2b-6757-4ae8-898a-dde2837019aa","local_time":"20201215124824","is_ascension_mode":true,"campfire_choices":[{"floor":6,"key":"REST"},{"data":"Zap","floor":8,"key":"SMITH"},{"data":"Enlightenment","floor":15,"key":"SMITH"}],"circlet_count":0,"master_deck":["AscendersBane","Strike_B","Strike_B","Strike_B","Strike_B","Defend_B","Defend_B","Defend_B","Defend_B","Zap+1","Dualcast","Coolheaded","Coolheaded","Compile Driver","BootSequence","Glacier","Doom and Gloom","Enlightenment+1","Cold Snap","Undo"],"relics":["Inserter","Golden Idol","Tiny Chest","Mummified Hand","Vajra"],"acts_visited":["Exordium"],"potions_floor_usage":[12,13],"damage_taken":[{"damage":7,"enemies":"Jaw Worm","floor":1,"turns":4},{"damage":15,"enemies":"Small Slimes","floor":3,"turns":5},{"damage":1,"enemies":"2 Louse","floor":7,"turns":4},{"damage":0,"enemies":"Blue Slaver","floor":10,"turns":6},{"damage":11,"enemies":"Lagavulin","floor":12,"turns":8},{"damage":0,"enemies":"3 Louse","floor":13,"turns":2},{"damage":39,"enemies":"Slime Boss","floor":16,"turns":10}],"seed_played":"-2306630576202468232","potions_obtained":[{"floor":3,"key":"PotionOfCapacity"},{"floor":12,"key":"Explosive Potion"}],"is_trial":false,"path_per_floor":["M","$","M","?","$","R","M","R","T","M","?","E","M","?","R","B"],"character_chosen":"DEFECT","items_purchased":["Coolheaded","BootSequence"],"campfire_rested":1,"item_purchase_floors":[2,5],"current_hp_per_floor":[57,57,42,18,18,39,38,38,38,38,44,33,33,28,28,0,0],"gold":58,"neow_bonus":"BOSS_RELIC","is_daily":false,"chose_seed":false,"campfire_upgraded":2,"win_rate":0.0,"timestamp":1608058104,"path_taken":["M","$","M","?","$","R","M","R","T","M","?","E","M","?","R","BOSS"],"items_purchased_type":["Card","Card"],"build_version":"2020-12-13","purchased_purges":0,"victory":false,"max_hp_per_floor":[71,71,71,71,71,71,71,71,71,71,77,77,77,77,77,77,77],"card_choices":[{"not_picked":["Sunder","Stack"],"picked":"Coolheaded","floor":1},{"not_picked":["Conserve Battery","Steam"],"picked":"Compile Driver","floor":3},{"not_picked":["Barrage","Rebound"],"picked":"Glacier","floor":7},{"not_picked":["Steam Power","Gash"],"picked":"Doom and Gloom","floor":10},{"not_picked":["Tempest","Scrape"],"picked":"Cold Snap","floor":12},{"not_picked":["Barrage","Recycle"],"picked":"Undo","floor":13}],"player_experience":641165,"relics_obtained":[{"floor":9,"key":"Tiny Chest"},{"floor":12,"key":"Mummified Hand"}],"event_choices":[{"damage_healed":0,"gold_gain":0,"player_choice":"Take Damage","damage_taken":24,"relics_obtained":["Golden Idol"],"max_hp_gain":0,"max_hp_loss":0,"event_name":"Golden Idol","floor":4,"gold_loss":0},{"damage_healed":0,"gold_gain":0,"player_choice":"RENOUNCE","damage_taken":65,"max_hp_gain":0,"max_hp_loss":0,"event_name":"betterThird:BetterSerpent","floor":11,"gold_loss":65,"cards_obtained":["Enlightenment"]},{"damage_healed":0,"gold_gain":1,"player_choice":"Relic ","damage_taken":5,"max_hp_gain":0,"max_hp_loss":0,"event_name":"betterThird:BetterScrap","floor":14,"gold_loss":0,"cards_obtained":["Hemokinesis"]}],"is_beta":false,"boss_relics":[],"items_purged_floors":[],"is_endless":false,"potions_floor_spawned":[3,12],"killed_by":"Slime Boss","ascension_level":20}}