{"host":"fvsruk02bthdqpa4","time":1608027143,"event":{"mods":["AchievementEnabler","Aspiration","BaseMod","Colored Map","Colored Powertips","Conspire","Energized Spire","Hubris","Infinite Spire","Minty Spire (QoL Compilation)","Quick Restart","Replay The Spire","Shop Mod","StSLib","SuperFastMode","The Blue Laboratory","The Runesmith","vexMod"],"gold_per_floor":[117,42,56,56,74,101,276,302,327,337,337,352,369,382,382,485,485,425,437,437,347,347,347,367,367,435,435,173,187,187,203,203,303,303,313,14,64,75,75,75,9,64,64,64,64,64,77,90,90,90],"floor_reached":51,"playtime":39153,"items_purged":["hubris:Compulsion","Runesmith:Defend_RS+1","Runesmith:Permafrost"],"score":607,"play_id":"5ace286b-c18d-4b96-9c8e-a448a87fcc65","local_time":"20201215051223","is_ascension_mode":false,"campfire_choices":[{"data":"Runesmith:Grindstone","floor":11,"key":"SMITH"},{"floor":15,"key":"REST"},{"data":"Runesmith:Fortify","floor":23,"key":"SMITH"},{"data":"Runesmith:BackupBattery","floor":25,"key":"SMITH"},{"data":"Runesmith:Permafrost","floor":30,"key":"SMITH"},{"floor":32,"key":"REST"},{"data":"Runesmith:Firestorm","floor":40,"key":"SMITH"},{"floor":46,"key":"REST"},{"floor":49,"key":"REST"}],"circlet_count":0,"master_deck":["Runesmith:Strike_RS+1","Runesmith:Strike_RS+1","Runesmith:Strike_RS+1","Runesmith:Strike_RS+1","Runesmith:Defend_RS+1","Runesmith:Defend_RS+1","Runesmith:Defend_RS+1","Runesmith:CraftFirestone","Runesmith:Fortify+1","Runesmith:Supernova+1","Runesmith:CraftIncendium","Runesmith:Accelerate+1","Runesmith:Grindstone+1","Runesmith:CraftObretio","Runesmith:CraftProtectio","Runesmith:CraftMedicinae","Runesmith:CraftProtectio","Runesmith:MetallurgicalResearch","Runesmith:BackupBattery+1","Runesmith:LithiumIon","hubris:Fate","Runesmith:Permafrost+1","Runesmith:RunicBlueprint","Runesmith:BackupBattery","Runesmith:ArcReactor","Runesmith:Firestorm","Finesse","Runesmith:Firestorm+1","Runesmith:Reinforce","Runesmith:GenerateForcefield","Runesmith:DoubleUp+1"],"relics":["Runesmith:BrokenRuby","aspiration:TomeofQuesting","Juzu Bracelet","energizedSpire:NeverEndingSparkler","infinitespire:FocusingShard","MerchantsRug","energizedSpire:SpiderWeb","TungstenRod","hubris:Icosahedron","hubris:Potato","hubris:Teleporter","conspire:GiftBox"],"acts_visited":["Exordium","TheCity","TheBeyond"],"potions_floor_usage":[6,14,14,33,42,45,45,50,50],"damage_taken":[{"damage":2,"enemies":"conspire:RoseBush","floor":1,"turns":3},{"damage":0,"enemies":"Cultist","floor":3,"turns":4},{"damage":0,"enemies":"Jaw Worm","floor":5,"turns":4},{"damage":8,"enemies":"3 Sentries","floor":6,"turns":10},{"damage":18,"enemies":"Replay:BlueRogue","floor":8,"turns":10},{"damage":4,"enemies":"Blue Slaver","floor":10,"turns":5},{"damage":6,"enemies":"conspire:2 RoseBushes","floor":12,"turns":6},{"damage":4,"enemies":"Large Slime","floor":13,"turns":7},{"damage":25,"enemies":"Exordium Thugs","floor":14,"turns":8},{"damage":14,"enemies":"Hexaghost","floor":16,"turns":17},{"damage":18,"enemies":"2 Thieves","floor":18,"turns":4},{"damage":5,"enemies":"Chosen","floor":19,"turns":12},{"damage":0,"enemies":"Centurion and Healer","floor":24,"turns":6},{"damage":18,"enemies":"Snake Plant","floor":29,"turns":5},{"damage":16,"enemies":"Shelled Parasite and Fungi","floor":31,"turns":6},{"damage":20,"enemies":"Automaton","floor":33,"turns":10},{"damage":25,"enemies":"3 Darklings","floor":35,"turns":6},{"damage":0,"enemies":"Mind Bloom Boss Battle","floor":37,"turns":8},{"damage":21,"enemies":"3 Shapes","floor":38,"turns":6},{"damage":28,"enemies":"2 Orb Walkers","floor":42,"turns":6},{"damage":0,"enemies":"Spire Growth","floor":45,"turns":2},{"damage":18,"enemies":"Writhing Mass","floor":47,"turns":5},{"damage":23,"enemies":"Jaw Worm Horde","floor":48,"turns":8},{"damage":8,"enemies":"conspire:OrnateMirror","floor":50,"turns":18}],"seed_played":"-4555040564397473237","potions_obtained":[{"floor":3,"key":"blueLaboratory:Moonshine"},{"floor":5,"key":"blueLaboratory:HummingbirdPotion"},{"floor":8,"key":"Adrenaline Potion"},{"floor":19,"key":"SmokeBomb"},{"floor":24,"key":"blueLaboratory:NullPotion"},{"floor":29,"key":"SpeedPotion"},{"floor":38,"key":"blueLaboratory:LouseDecoction"},{"floor":47,"key":"Adrenaline Potion"},{"floor":48,"key":"blueLaboratory:LouseDecoction"}],"is_trial":false,"path_per_floor":["M","$","M","?","M","E","?","E","T","M","R","M","M","M","R","B",null,"M","M","?","?","?","R","M","R","T","?","$","M","R","M","R","B",null,"M","$","?","M","?","R","$","?","T","T","M","R","M","M","R","B",null],"character_chosen":"RUNESMITH_CLASS","items_purchased":["Runesmith:Permafrost","MerchantsRug","Runesmith:Firestorm","Finesse","Adrenaline Potion","Fire Potion"],"campfire_rested":4,"item_purchase_floors":[28,28,36,36,41,41],"current_hp_per_floor":[68,68,68,68,68,60,60,42,42,38,38,32,28,3,24,10,70,52,47,47,47,47,47,52,52,52,36,36,43,43,27,48,28,70,53,53,60,52,52,52,52,24,24,24,24,45,27,13,34,33],"gold":90,"neow_bonus":"THREE_RARE_CARDS","is_daily":false,"chose_seed":false,"campfire_upgraded":5,"win_rate":0.0,"timestamp":1608027143,"path_taken":["M","$","M","?","M","E","?","E","T","M","R","M","M","M","R","BOSS","M","M","?","?","?","R","M","R","T","?","$","M","R","M","R","BOSS","M","$","?","M","?","R","$","?","T","?","M","R","M","M","R","BOSS"],"items_purchased_type":["Card","Relic","Card","Card","Potion","Potion"],"build_version":"2020-12-13","purchased_purges":3,"victory":true,"max_hp_per_floor":[70,70,70,70,70,70,70,70,70,70,70,70,70,70,70,70,70,70,70,70,70,70,70,70,70,70,70,70,70,70,70,70,70,70,70,70,70,70,70,70,70,70,70,70,70,70,70,70,70,70],"card_choices":[{"not_picked":["Runesmith:ReplicatingBarrier","Runesmith:Duplicate"],"picked":"Runesmith:Supernova","floor":0},{"not_picked":["Runesmith:FrozenChisel","Runesmith:ElementalConversion"],"picked":"Runesmith:CraftIncendium","floor":1},{"not_picked":["Runesmith:StaticCage","Runesmith:ChiselStab"],"picked":"Runesmith:Accelerate","floor":3},{"not_picked":["Runesmith:Overpower","Runesmith:ChiselStab"],"picked":"Runesmith:Grindstone","floor":5},{"not_picked":["Runesmith:ElementalConversion","Runesmith:Permafrost"],"picked":"Runesmith:CraftObretio","floor":6},{"not_picked":["Runesmith:UnstableHammer","Runesmith:Retool","Runesmith:Superposition"],"picked":"SKIP","floor":8},{"not_picked":["Runesmith:Grindstone","Runesmith:EarthShield"],"picked":"Runesmith:CraftProtectio","floor":10},{"not_picked":["Runesmith:HammerTime","Runesmith:Repurpose","Runesmith:StaticCage"],"picked":"SKIP","floor":12},{"not_picked":["Runesmith:EarthShield","Runesmith:CraftMagma"],"picked":"Runesmith:CraftMedicinae","floor":13},{"not_picked":["Runesmith:ShiftingStrike","Runesmith:PerfectChisel"],"picked":"Runesmith:CraftProtectio","floor":14},{"not_picked":["Runesmith:Supernova","Runesmith:FissionHammer"],"picked":"Runesmith:MetallurgicalResearch","floor":16},{"not_picked":["Runesmith:RuneHurl+1","Runesmith:Grindstone"],"picked":"Runesmith:BackupBattery","floor":18},{"not_picked":["Runesmith:HeatedChisel+1","Runesmith:CraftObretio"],"picked":"Runesmith:LithiumIon","floor":19},{"not_picked":["Runesmith:NanitesCloud+1","Runesmith:ElementalConversion","Runesmith:Retool"],"picked":"SKIP","floor":24},{"not_picked":["infinitespire:Menacing","infinitespire:Gouge"],"picked":"hubris:Fate","floor":27},{"not_picked":["Runesmith:Refine","Runesmith:RuneHurl+1"],"picked":"Runesmith:RunicBlueprint","floor":29},{"not_picked":["Runesmith:ElementalConversion","Runesmith:RuneHurl"],"picked":"Runesmith:BackupBattery","floor":31},{"not_picked":["Runesmith:FissionHammer","Runesmith:DuctTape"],"picked":"Runesmith:ArcReactor","floor":33},{"not_picked":["Runesmith:EnergizedChisel","Runesmith:HeatExchange+1","Runesmith:GoWithTheFlow"],"picked":"SKIP","floor":35},{"not_picked":["Runesmith:CraftProtectio","Runesmith:Permafrost+1"],"picked":"Runesmith:Firestorm","floor":37},{"not_picked":["Runesmith:HeatedChisel+1","Runesmith:UnstableHammer+1"],"picked":"Runesmith:Reinforce","floor":38},{"not_picked":["Runesmith:Duplicate","Runesmith:MetallurgicalResearch"],"picked":"Runesmith:GenerateForcefield","floor":44},{"not_picked":["Runesmith:LastStand","Runesmith:ChiselStab","Runesmith:ShiftingStrike+1"],"picked":"SKIP","floor":47},{"not_picked":["Runesmith:Overpower","Runesmith:Repurpose"],"picked":"Runesmith:DoubleUp+1","floor":48}],"player_experience":328605,"relics_obtained":[{"floor":6,"key":"aspiration:TomeofQuesting"},{"floor":8,"key":"Juzu Bracelet"},{"floor":9,"key":"ReplayFunnel"},{"floor":26,"key":"infinitespire:FocusingShard"},{"floor":37,"key":"TungstenRod"},{"floor":42,"key":"hubris:Potato"},{"floor":43,"key":"hubris:Teleporter"},{"floor":44,"key":"conspire:GiftBox"}],"event_choices":[{"damage_healed":0,"gold_gain":175,"player_choice":"AGREE","damage_taken":0,"max_hp_gain":0,"max_hp_loss":0,"event_name":"Liars Game","floor":7,"gold_loss":0,"cards_obtained":["Doubt"]},{"damage_healed":0,"gold_gain":0,"player_choice":"Simplicity","damage_taken":0,"max_hp_gain":0,"max_hp_loss":0,"event_name":"Back to Basics","floor":20,"gold_loss":0,"cards_upgraded":["Runesmith:Strike_RS","Runesmith:Strike_RS","Runesmith:Strike_RS","Runesmith:Strike_RS","Runesmith:Defend_RS","Runesmith:Defend_RS","Runesmith:Defend_RS","Runesmith:Defend_RS"]},{"cards_removed":["Doubt"],"damage_healed":0,"gold_gain":0,"player_choice":"Upgrade and Remove","damage_taken":0,"max_hp_gain":0,"max_hp_loss":0,"event_name":"Designer","floor":21,"gold_loss":90,"cards_upgraded":["Runesmith:Accelerate"]},{"damage_healed":0,"gold_gain":0,"player_choice":"Ignored","damage_taken":0,"max_hp_gain":0,"max_hp_loss":0,"event_name":"Ghosts","floor":22,"gold_loss":0},{"damage_healed":0,"gold_gain":0,"player_choice":"Fight","damage_taken":0,"max_hp_gain":0,"max_hp_loss":0,"event_name":"MindBloom","floor":37,"gold_loss":0},{"damage_healed":0,"gold_gain":0,"player_choice":"Fight","damage_taken":0,"max_hp_gain":0,"max_hp_loss":0,"event_name":"Mysterious Sphere","floor":42,"gold_loss":0}],"is_beta":false,"boss_relics":[{"not_picked":["vexMod:MysteryBossChallenge","vexMod:ImprovementManual"],"picked":"energizedSpire:NeverEndingSparkler"},{"not_picked":["aspiration:RunicSpoon","Ring of Chaos"],"picked":"energizedSpire:SpiderWeb"}],"items_purged_floors":[2,28,36],"is_endless":false,"potions_floor_spawned":[3,5,8,19,24,29,38,45,47,48],"ascension_level":0}}