{"host":"dth8fvkfiulu86fi","time":1608038609,"event":{"mods":["2.2 Compatiblity","AchievementEnabler","BaseMod","Better Third Choice","Colored Map","Colored Powertips","Minty Spire (QoL Compilation)","Rare Cards Sparkle","StSLib","SuperFastMode","Synergy Search"],"gold_per_floor":[114,189,204,379,379,379,394,150,150,150,150,165,83,98,98,198,198,213,213,213,213,228,228,23,38,38,53,53,68,68,98,98,198,198,213,228,243,243,258,288,303,303,303],"floor_reached":42,"playtime":1572,"items_purged":[],"score":690,"play_id":"6bebaade-c046-4ff1-a557-6a40c95c5bfd","local_time":"20201215142329","daily_mods":["Allstar","Hoarder","Night Terrors"],"is_ascension_mode":false,"campfire_choices":[{"floor":6.0,"key":"REST"},{"data":"Dramatic Entrance","floor":11.0,"key":"SMITH"},{"data":"Dramatic Entrance","floor":15.0,"key":"SMITH"},{"floor":23.0,"key":"REST"},{"floor":32.0,"key":"REST"}],"circlet_count":0,"master_deck":["Strike_B+1","Strike_B+1","Strike_B+1","Strike_B+1","Defend_B+1","Defend_B+1","Defend_B+1","Defend_B+1","Zap","Dualcast","Discovery","Discovery","Discovery","Dramatic Entrance+1","Dramatic Entrance+1","Dramatic Entrance","Forethought","Forethought","Forethought","Jack Of All Trades","Jack Of All Trades","Jack Of All Trades+1","Forethought+1","Forethought","Forethought","Cold Snap","Cold Snap","Cold Snap+1","Leap","Leap","Leap+1","Doubt","Doubt","Chill","Chill","Chill","Master of Strategy","Master of Strategy","Master of Strategy","Leap","Leap","Leap","Static Discharge","Static Discharge","Static Discharge","Cold Snap","Cold Snap","Cold Snap","Reboot","Reboot","Reboot","Static Discharge","Static Discharge","Static Discharge","Writhe","Writhe","Writhe","Cold Snap","Cold Snap","Cold Snap","Panache","Panache","Panache","Finesse","Finesse","Finesse","Glacier+1","Glacier+1","Glacier+1","Cold Snap","Cold Snap","Cold Snap"],"relics":["Cracked Core","Shuriken","SlaversCollar","The Courier","Singing Bowl","Toxic Egg 2","War Paint","Busted Crown","Bottled Flame"],"acts_visited":["Exordium","TheCity","TheBeyond"],"potions_floor_usage":[],"damage_taken":[{"damage":0.0,"enemies":"Small Slimes","floor":1.0,"turns":1.0},{"damage":0.0,"enemies":"Jaw Worm","floor":3.0,"turns":2.0},{"damage":0.0,"enemies":"2 Louse","floor":7.0,"turns":1.0},{"damage":0.0,"enemies":"Large Slime","floor":12.0,"turns":4.0},{"damage":0.0,"enemies":"2 Fungi Beasts","floor":14.0,"turns":1.0},{"damage":13.0,"enemies":"Hexaghost","floor":16.0,"turns":13.0},{"damage":7.0,"enemies":"Shell Parasite","floor":18.0,"turns":4.0},{"damage":20.0,"enemies":"Spheric Guardian","floor":22.0,"turns":5.0},{"damage":10.0,"enemies":"Chosen and Byrds","floor":25.0,"turns":5.0},{"damage":30.0,"enemies":"Snecko","floor":27.0,"turns":7.0},{"damage":11.0,"enemies":"Centurion and Healer","floor":29.0,"turns":7.0},{"damage":14.0,"enemies":"Book of Stabbing","floor":31.0,"turns":5.0},{"damage":25.0,"enemies":"Champ","floor":33.0,"turns":11.0},{"damage":6.0,"enemies":"3 Darklings","floor":35.0,"turns":7.0},{"damage":22.0,"enemies":"3 Shapes","floor":36.0,"turns":3.0},{"damage":16.0,"enemies":"Jaw Worm Horde","floor":37.0,"turns":5.0},{"damage":20.0,"enemies":"3 Darklings","floor":39.0,"turns":5.0},{"damage":6.0,"enemies":"Reptomancer","floor":40.0,"turns":7.0},{"damage":9,"enemies":"4 Shapes","floor":41,"turns":2},{"damage":40,"enemies":"Transient","floor":42,"turns":4}],"seed_played":"8833210206598683822","potions_obtained":[{"floor":3.0,"key":"SpeedPotion"},{"floor":16.0,"key":"Swift Potion"},{"floor":22.0,"key":"Dexterity Potion"},{"floor":25.0,"key":"Strength Potion"},{"floor":31.0,"key":"Swift Potion"},{"floor":36.0,"key":"Block Potion"},{"floor":41,"key":"Explosive Potion"}],"is_trial":false,"path_per_floor":["M","?","M","?","?","R","M","$","T","?","R","M","$","M","R","B",null,"M","?","?","?","M","R","$","M","T","M","?","M","?","E","R","B",null,"M","M","M","?","M","E","M","M"],"character_chosen":"DEFECT","items_purchased":["Master of Strategy","Leap","Static Discharge","Panache","Finesse"],"campfire_rested":3,"item_purchase_floors":[8,8,13,24,24],"current_hp_per_floor":[75,64,64,64,49,70,70,70,70,70,70,70,70,70,70,57,70,63,63,63,63,43,65,65,55,55,27,27,18,18,6,66,43,68,64,44,30,65,47,41,32,0,0],"gold":303,"neow_bonus":"","is_daily":true,"chose_seed":false,"campfire_upgraded":2,"win_rate":0.0,"timestamp":1608038609,"path_taken":["M","?","M","?","?","R","M","$","T","?","R","M","$","M","R","BOSS","M","?","?","?","M","R","$","M","T","M","?","M","?","E","R","BOSS","M","?","M","?","M","E","M","M"],"items_purchased_type":["Card","Card","Card","Card","Card"],"build_version":"2020-12-13","purchased_purges":0,"victory":false,"max_hp_per_floor":[75,75,75,75,75,70,70,70,70,70,70,70,70,70,70,70,70,70,70,70,70,70,65,65,65,65,67,67,69,69,71,66,68,68,70,72,74,65,67,67,67,67,67],"card_choices":[{"not_picked":["Stack","Reinforced Body"],"picked":"Cold Snap","floor":1.0},{"not_picked":["Consume","Redo"],"picked":"Leap","floor":3.0},{"not_picked":["Rebound","Gash"],"picked":"Chill","floor":7.0},{"not_picked":["Barrage","Gash","Tempest"],"picked":"SKIP","floor":12.0},{"not_picked":["Compile Driver","Genetic Algorithm"],"picked":"Cold Snap","floor":14.0},{"not_picked":["Amplify","Creative AI"],"picked":"Reboot","floor":16.0},{"not_picked":["Barrage+1","Chaos","Capacitor+1"],"picked":"SKIP","floor":18.0},{"not_picked":["Stack+1","Compile Driver"],"picked":"Cold Snap","floor":22.0},{"not_picked":["Rebound","Auto Shields"],"picked":"Glacier+1","floor":25.0},{"not_picked":["Genetic Algorithm","Compile Driver","Redo"],"picked":"Singing Bowl","floor":27.0},{"not_picked":["Redo","Streamline","Consume"],"picked":"Singing Bowl","floor":29.0},{"not_picked":["Reinforced Body+1","Barrage+1","Hologram+1"],"picked":"Singing Bowl","floor":31.0},{"not_picked":["Meteor Strike","Fission+1","Creative AI"],"picked":"Singing Bowl","floor":33.0},{"not_picked":["Streamline"],"picked":"Singing Bowl","floor":35.0},{"not_picked":["Steam Power+1"],"picked":"Singing Bowl","floor":36.0},{"not_picked":["Ball Lightning"],"picked":"Singing Bowl","floor":37.0},{"not_picked":["Redo+1"],"picked":"Singing Bowl","floor":39.0},{"not_picked":["Go for the Eyes+1"],"picked":"SKIP","floor":40},{"not_picked":[],"picked":"Cold Snap","floor":41}],"player_experience":1106055,"relics_obtained":[{"floor":9.0,"key":"Shuriken"},{"floor":26.0,"key":"Singing Bowl"},{"floor":30.0,"key":"Toxic Egg 2"},{"floor":31.0,"key":"War Paint"},{"floor":40,"key":"Bottled Flame"}],"event_choices":[{"damage_healed":0.0,"max_hp_gain":0.0,"max_hp_loss":0.0,"gold_gain":75.0,"event_name":"betterThird:BetterGoop","player_choice":"Gold","floor":2.0,"gold_loss":0.0,"damage_taken":11.0},{"damage_healed":0.0,"max_hp_gain":0.0,"max_hp_loss":0.0,"gold_gain":175.0,"event_name":"betterThird:BetterSerpent","player_choice":"AGREE","floor":4.0,"gold_loss":0.0,"damage_taken":204.0},{"damage_healed":64.0,"max_hp_gain":0.0,"max_hp_loss":75.0,"gold_gain":0.0,"event_name":"betterThird:BetterShining","player_choice":"Upgrade","floor":5.0,"gold_loss":0.0,"damage_taken":15.0,"cards_upgraded":["Forethought","Cold Snap"]},{"cards_removed":["Doubt"],"damage_healed":0.0,"max_hp_gain":0.0,"max_hp_loss":0.0,"gold_gain":0.0,"event_name":"Living Wall","player_choice":"Forget","floor":10.0,"gold_loss":0.0,"damage_taken":0.0},{"damage_healed":0.0,"max_hp_gain":0.0,"max_hp_loss":0.0,"gold_gain":0.0,"event_name":"The Library","player_choice":"Read","floor":19.0,"gold_loss":0.0,"damage_taken":0.0,"cards_obtained":["Static Discharge"]},{"damage_healed":0.0,"max_hp_gain":0.0,"max_hp_loss":0.0,"gold_gain":0.0,"event_name":"The Mausoleum","player_choice":"Opened","floor":20.0,"gold_loss":0.0,"damage_taken":0.0,"relics_obtained":["The Courier"],"cards_obtained":["Writhe"]},{"damage_healed":0.0,"max_hp_gain":0.0,"max_hp_loss":8.0,"gold_gain":0.0,"event_name":"betterThird:BetterWriting","player_choice":"Simplicity","floor":21.0,"gold_loss":0.0,"damage_taken":0.0},{"damage_healed":0.0,"max_hp_gain":0.0,"max_hp_loss":0.0,"gold_gain":0.0,"event_name":"Ghosts","player_choice":"Ignored","floor":28.0,"gold_loss":0.0,"damage_taken":0.0},{"damage_healed":0.0,"max_hp_gain":0.0,"max_hp_loss":0.0,"gold_gain":0.0,"event_name":"Wheel of Change","player_choice":"Relic","floor":30.0,"gold_loss":0.0,"damage_taken":0.0},{"damage_healed":65.0,"max_hp_gain":0.0,"max_hp_loss":9.0,"gold_gain":0.0,"event_name":"The Moai Head","player_choice":"Heal","floor":38.0,"gold_loss":0.0,"damage_taken":0.0}],"is_beta":false,"boss_relics":[{"not_picked":["Inserter","Runic Dome"],"picked":"SlaversCollar"},{"not_picked":["SacredBark","Philosopher\u0027s Stone"],"picked":"Busted Crown"}],"items_purged_floors":[],"is_endless":false,"potions_floor_spawned":[3,16,22,25,31,36,41],"killed_by":"Transient","ascension_level":0}}