{"host":"daa8jqyg4gqfaysm","time":1608012154,"event":{"mods":["BaseMod","Colored Powertips","Minty Spire (QoL Compilation)","StSLib"],"gold_per_floor":[361,377,391,417,436,67,93,143,143,153,185,185,185,197,197,269,269,286,286,286,8,20,20,55,55,55,55,72,107,107,119,119,197,197,215,228,0,0,17,17,52,52,52,65,65,75,1,26,26,26,26,26,26,61,61],"floor_reached":56,"playtime":2498,"items_purged":["Strike_R","Writhe"],"score":2134,"play_id":"8861b690-b79e-4fbe-895c-8b94c2ffdcfb","local_time":"20201215140234","is_ascension_mode":true,"campfire_choices":[{"data":"Shockwave","floor":13,"key":"SMITH"},{"data":"Fiend Fire","floor":15,"key":"SMITH"},{"data":"True Grit","floor":23,"key":"SMITH"},{"data":"Dark Embrace","floor":25,"key":"SMITH"},{"data":"Immolate","floor":32,"key":"SMITH"},{"data":"Corruption","floor":40,"key":"SMITH"},{"floor":45,"key":"RECALL"},{"data":"Feel No Pain","floor":49,"key":"SMITH"},{"data":"Flame Barrier","floor":52,"key":"SMITH"}],"circlet_count":0,"master_deck":["AscendersBane","Defend_R","Defend_R","Defend_R","Defend_R","Bash","Sword Boomerang","Clash","Flame Barrier+1","Iron Wave","Cleave","Shockwave+1","Fiend Fire+1","Shrug It Off","Immolate+1","Ghostly Armor","Bite","Bite","Bite","Bite","True Grit+1","Havoc","Dark Embrace+1","Feed","Inflame","Pommel Strike+1","Corruption+1","Battle Trance","Sentinel","Feel No Pain","Inflame","Corruption+1","Shame","Intimidate+1","Armaments+1","Feel No Pain+1","Flame Barrier"],"relics":["Burning Blood","Vajra","Letter Opener","Lantern","Dead Branch","StrikeDummy","Gremlin Horn","Cursed Key","Magic Flower","Frozen Eye","Champion Belt","Ancient Tea Set","Mummified Hand","Empty Cage","Red Mask","Potion Belt","Question Card","Bag of Preparation","HornCleat"],"acts_visited":["Exordium","TheCity","TheBeyond","TheEnding"],"potions_floor_usage":[7,11,24,33,54,55,55],"damage_taken":[{"damage":5,"enemies":"Cultist","floor":1,"turns":4},{"damage":8,"enemies":"Small Slimes","floor":2,"turns":4},{"damage":13,"enemies":"2 Louse","floor":3,"turns":3},{"damage":10,"enemies":"Large Slime","floor":5,"turns":7},{"damage":15,"enemies":"3 Sentries","floor":7,"turns":9},{"damage":0,"enemies":"2 Fungi Beasts","floor":10,"turns":2},{"damage":4,"enemies":"Lagavulin","floor":11,"turns":7},{"damage":6,"enemies":"Gremlin Gang","floor":14,"turns":3},{"damage":22,"enemies":"The Guardian","floor":16,"turns":9},{"damage":7,"enemies":"Shell Parasite","floor":18,"turns":3},{"damage":0,"enemies":"Chosen","floor":22,"turns":3},{"damage":16,"enemies":"Slavers","floor":24,"turns":5},{"damage":10,"enemies":"Centurion and Healer","floor":28,"turns":6},{"damage":14,"enemies":"Gremlin Leader","floor":29,"turns":4},{"damage":4,"enemies":"Cultist and Chosen","floor":31,"turns":4},{"damage":22,"enemies":"Collector","floor":33,"turns":6},{"damage":9,"enemies":"Orb Walker","floor":35,"turns":3},{"damage":16,"enemies":"3 Darklings","floor":36,"turns":4},{"damage":7,"enemies":"Transient","floor":39,"turns":5},{"damage":3,"enemies":"Giant Head","floor":41,"turns":5},{"damage":12,"enemies":"Sphere and 2 Shapes","floor":44,"turns":2},{"damage":0,"enemies":"Maw","floor":46,"turns":6},{"damage":1,"enemies":"Nemesis","floor":48,"turns":3},{"damage":1,"enemies":"Donu and Deca","floor":50,"turns":3},{"damage":34,"enemies":"Shield and Spear","floor":54,"turns":4},{"damage":55,"enemies":"The Heart","floor":55,"turns":7}],"seed_played":"5624339358134973334","potions_obtained":[{"floor":2,"key":"ElixirPotion"},{"floor":7,"key":"SkillPotion"},{"floor":11,"key":"FearPotion"},{"floor":22,"key":"PowerPotion"},{"floor":24,"key":"SpeedPotion"},{"floor":29,"key":"DistilledChaos"},{"floor":35,"key":"Energy Potion"},{"floor":41,"key":"FearPotion"},{"floor":54,"key":"FearPotion"}],"is_trial":false,"path_per_floor":["M","M","M","T","M","$","E","?","T","M","E","?","R","M","R","B",null,"M","?","?","$","M","R","E","R","T","?","M","E","?","M","R","B",null,"M","M","?","$","M","R","E","?","T","M","R","M","?","E","R","B",null,"R","$","E","B",null],"character_chosen":"IRONCLAD","items_purchased":["Fire Potion","Letter Opener","Frozen Eye","True Grit"],"campfire_rested":0,"item_purchase_floors":[6,6,21,21],"current_hp_per_floor":[51,49,42,42,38,38,29,29,29,35,37,32,32,32,32,16,60,59,59,52,52,52,52,52,52,52,52,55,55,55,55,55,48,53,55,56,56,56,58,58,61,61,61,64,64,67,67,67,67,67,67,67,67,57,20],"gold":61,"neow_bonus":"TWO_FIFTY_GOLD","is_daily":false,"chose_seed":false,"campfire_upgraded":8,"win_rate":0.0,"timestamp":1608012154,"path_taken":["M","?","M","?","M","$","E","?","T","?","E","?","R","M","R","BOSS","M","?","?","$","M","R","E","R","T","?","?","E","?","M","R","BOSS","M","M","?","?","M","R","E","?","T","M","R","?","?","E","R","BOSS","R","$","E","BOSS"],"items_purchased_type":["Potion","Relic","Relic","Card"],"build_version":"2020-12-13","purchased_purges":2,"victory":true,"max_hp_per_floor":[75,75,75,75,75,75,75,75,75,75,75,75,75,75,75,75,75,75,75,52,52,52,52,52,52,52,52,55,55,55,55,55,55,55,55,58,58,58,58,58,61,61,61,64,64,67,67,67,67,67,67,67,67,67,67],"card_choices":[{"not_picked":["Body Slam","Havoc"],"picked":"Sword Boomerang","floor":1},{"not_picked":["Clothesline","Body Slam"],"picked":"Clash","floor":2},{"not_picked":["Ghostly Armor","Wild Strike"],"picked":"Flame Barrier","floor":3},{"not_picked":["Rampage","Thunderclap"],"picked":"Iron Wave","floor":5},{"not_picked":["Warcry","Power Through"],"picked":"Cleave","floor":7},{"not_picked":["Sever Soul","Rage"],"picked":"Shockwave","floor":10},{"not_picked":["Pommel Strike","Shrug It Off"],"picked":"Fiend Fire","floor":11},{"not_picked":["Wild Strike","Perfected Strike"],"picked":"Shrug It Off","floor":14},{"not_picked":["Offering","Impervious"],"picked":"Immolate","floor":16},{"not_picked":["True Grit","Clash"],"picked":"Ghostly Armor","floor":18},{"not_picked":["Perfected Strike","Thunderclap"],"picked":"Havoc","floor":22},{"not_picked":["Sentinel","Bludgeon"],"picked":"Dark Embrace","floor":24},{"not_picked":["Cleave","Clash"],"picked":"Inflame","floor":28},{"not_picked":["Heavy Blade","Dual Wield","Pommel Strike"],"picked":"SKIP","floor":29},{"not_picked":["Seeing Red","Heavy Blade+1"],"picked":"Pommel Strike+1","floor":31},{"not_picked":["Demon Form","Limit Break"],"picked":"Corruption","floor":33},{"not_picked":["Flame Barrier","Anger"],"picked":"Battle Trance","floor":35},{"not_picked":["Shockwave","Power Through"],"picked":"Sentinel","floor":36},{"not_picked":["Shockwave","Clash"],"picked":"Feel No Pain","floor":39},{"not_picked":["Evolve","Twin Strike"],"picked":"Inflame","floor":41},{"not_picked":["Hemokinesis+1","Twin Strike"],"picked":"Intimidate+1","floor":44},{"not_picked":["Perfected Strike","Thunderclap+1"],"picked":"Armaments+1","floor":46},{"not_picked":["Seeing Red","Bloodletting","Havoc+1"],"picked":"Feel No Pain","floor":48},{"not_picked":["Inflame","Body Slam","Twin Strike"],"picked":"Flame Barrier","floor":54}],"player_experience":674365,"relics_obtained":[{"floor":4,"key":"Vajra"},{"floor":7,"key":"Lantern"},{"floor":9,"key":"Dead Branch"},{"floor":11,"key":"StrikeDummy"},{"floor":24,"key":"Champion Belt"},{"floor":26,"key":"Ancient Tea Set"},{"floor":29,"key":"Mummified Hand"},{"floor":41,"key":"Potion Belt"},{"floor":48,"key":"Bag of Preparation"},{"floor":54,"key":"HornCleat"}],"event_choices":[{"damage_healed":0,"gold_gain":50,"player_choice":"Pray","damage_taken":0,"max_hp_gain":0,"max_hp_loss":0,"event_name":"Golden Shrine","floor":8,"gold_loss":0},{"damage_healed":0,"gold_gain":0,"player_choice":"Success","damage_taken":5,"relics_obtained":["Gremlin Horn"],"max_hp_gain":0,"max_hp_loss":0,"event_name":"Scrap Ooze","floor":12,"gold_loss":0},{"damage_healed":0,"gold_gain":0,"player_choice":"Opened","damage_taken":0,"relics_obtained":["Magic Flower"],"max_hp_gain":0,"max_hp_loss":0,"event_name":"The Mausoleum","floor":19,"gold_loss":0,"cards_obtained":["Writhe"]},{"damage_healed":0,"gold_gain":0,"player_choice":"Became a vampire","damage_taken":0,"max_hp_gain":0,"max_hp_loss":23,"event_name":"Vampires","floor":20,"gold_loss":0,"cards_obtained":["Bite","Bite","Bite","Bite","Bite"]},{"damage_healed":0,"gold_gain":0,"player_choice":"1 cards matched","damage_taken":0,"max_hp_gain":0,"max_hp_loss":0,"event_name":"Match and Keep!","floor":27,"gold_loss":0,"cards_obtained":["Feed"]},{"damage_healed":0,"gold_gain":0,"player_choice":"Ignored","damage_taken":0,"max_hp_gain":0,"max_hp_loss":0,"event_name":"Ghosts","floor":30,"gold_loss":0},{"damage_healed":0,"gold_gain":0,"player_choice":"Paid","damage_taken":0,"relics_obtained":["Red Mask"],"max_hp_gain":0,"max_hp_loss":0,"event_name":"Tomb of Lord Red Mask","floor":37,"gold_loss":228},{"damage_healed":0,"gold_gain":0,"player_choice":"Copied","damage_taken":0,"max_hp_gain":0,"max_hp_loss":0,"event_name":"Duplicator","floor":42,"gold_loss":0,"cards_obtained":["Corruption"]},{"damage_healed":0,"gold_gain":0,"player_choice":"Paid Gold","damage_taken":0,"relics_obtained":["Question Card"],"max_hp_gain":0,"max_hp_loss":0,"event_name":"WeMeetAgain","floor":47,"gold_loss":74}],"is_beta":false,"boss_relics":[{"not_picked":["Pandora\u0027s Box","Coffee Dripper"],"picked":"Cursed Key"},{"not_picked":["Velvet Choker","Snecko Eye"],"picked":"Empty Cage"}],"items_purged_floors":[6,21],"is_endless":false,"potions_floor_spawned":[2,7,11,16,18,22,24,29,35,41,54],"ascension_level":15}}