{"host":"qwttrqaysb380yri","time":1608031046,"event":{"mods":["BaseMod","Custom Start","Minty Spire (QoL Compilation)","Puzzle Mod","Relic Stats","StSLib","The Cursed","The Hierophant"],"gold_per_floor":[361,81,81,108,165,165,202,202,228,228,278,342,393,393,393,492,492,553,676,735,685,92,92,182,166,166],"floor_reached":25,"playtime":1066,"items_purged":["Shame","hierophant:Strike_Hierophant"],"score":425,"play_id":"702eb86c-10be-41b4-bfad-0340c9f4d7f6","local_time":"20201215121726","is_ascension_mode":true,"campfire_choices":[{"data":"hierophant:Sermon","floor":6,"key":"SMITH"},{"data":"hierophant:RustyCrate","floor":8,"key":"SMITH"},{"floor":10,"key":"REST"},{"floor":15,"key":"REST"},{"data":"hierophant:Charity","floor":23,"key":"SMITH"}],"circlet_count":0,"master_deck":["AscendersBane","hierophant:Strike_Hierophant","hierophant:Strike_Hierophant","hierophant:Punish","hierophant:Defend_Hierophant","hierophant:Defend_Hierophant","hierophant:Defend_Hierophant","hierophant:Defend_Hierophant","hierophant:ChurchCoffers","hierophant:RustyCrate+1","hierophant:Doubloon","hierophant:Doubloon","hierophant:TollTheBells","hierophant:FlamingChariot","hierophant:Sermon+1","hierophant:PassingBell","hierophant:Empathy","hierophant:HammerAndAnvil","hierophant:Doubloon","hierophant:Remorse","hierophant:Doubloon","hierophant:CoinFling","hierophant:FieryStrike","hierophant:Smite","hierophant:Zeal","hierophant:BulkyChest","hierophant:OrnateBuckler+1","hierophant:Doubloon","hierophant:Charity+1","Good Instincts","hierophant:Shelter"],"relics":["hierophant:PropheticMaskRelic","Orrery","Golden Idol","Bag of Preparation","Anchor","Unceasing Top","InkBottle","Runic Pyramid","Eternal Feather","PreservedInsect"],"acts_visited":["Exordium","TheCity"],"potions_floor_usage":[13,16,19,20,24,24,24],"damage_taken":[{"damage":10,"enemies":"Small Slimes","floor":1,"turns":3},{"damage":1,"enemies":"2 Louse","floor":4,"turns":3},{"damage":0,"enemies":"Cultist","floor":5,"turns":3},{"damage":36,"enemies":"Gremlin Nob","floor":7,"turns":4},{"damage":25,"enemies":"Lagavulin","floor":11,"turns":5},{"damage":0,"enemies":"3 Louse","floor":12,"turns":1},{"damage":5,"enemies":"3 Sentries","floor":13,"turns":4},{"damage":18,"enemies":"Slime Boss","floor":16,"turns":6},{"damage":18,"enemies":"2 Thieves","floor":18,"turns":4},{"damage":2,"enemies":"Chosen","floor":19,"turns":3},{"damage":22,"enemies":"Centurion and Healer","floor":20,"turns":7},{"damage":0,"enemies":"Slavers","floor":24,"turns":4},{"damage":43,"enemies":"Snecko","floor":25,"turns":4}],"seed_played":"1825816064932472874","potions_obtained":[{"floor":1,"key":"Energy Potion"},{"floor":7,"key":"Fire Potion"},{"floor":16,"key":"Regen Potion"},{"floor":18,"key":"ColorlessPotion"}],"is_trial":false,"path_per_floor":["M","$","?","M","M","R","E","R","T","R","E","M","E","?","R","B",null,"M","M","M","?","$","R","E","M"],"character_chosen":"HIEROPHANT","items_purchased":["Orrery","hierophant:HammerAndAnvil","Eternal Feather","EntropicBrew","Good Instincts","hierophant:Shelter"],"campfire_rested":2,"item_purchase_floors":[2,2,22,22,22,22],"current_hp_per_floor":[58,58,58,57,57,57,21,21,21,41,16,16,11,4,24,6,53,35,45,23,23,23,41,41,0,0],"gold":166,"neow_bonus":"TWO_FIFTY_GOLD","is_daily":false,"chose_seed":false,"campfire_upgraded":3,"win_rate":0.0,"timestamp":1608031046,"path_taken":["M","$","?","M","M","R","E","R","T","R","E","M","E","?","R","BOSS","M","M","M","?","$","R","E","M"],"items_purchased_type":["Relic","Card","Relic","Potion","Card","Card"],"build_version":"2020-12-13","purchased_purges":2,"victory":false,"max_hp_per_floor":[75,75,68,68,68,68,68,68,68,68,68,68,68,68,68,68,68,68,68,68,68,68,68,68,68,68],"relic_stats":{"counters":[13,51],"Golden Idol":75,"Eternal Feather":18,"PreservedInsect":0,"Bag of Preparation":[18],"obtain_stats":[{"Anchor":9,"Golden Idol":3,"hierophant:PropheticMaskRelic":0,"Orrery":2,"Eternal Feather":22,"PreservedInsect":24,"Bag of Preparation":7,"Unceasing Top":11,"InkBottle":13,"Runic Pyramid":17},{"Anchor":4,"Golden Idol":1,"hierophant:PropheticMaskRelic":0,"Orrery":1,"Eternal Feather":11,"PreservedInsect":12,"Bag of Preparation":4,"Unceasing Top":5,"InkBottle":7,"Runic Pyramid":8},{"Anchor":13,"Golden Idol":3,"hierophant:PropheticMaskRelic":0,"Orrery":3,"Eternal Feather":43,"PreservedInsect":47,"Bag of Preparation":13,"Unceasing Top":18,"InkBottle":23,"Runic Pyramid":29}],"Unceasing Top":[0],"InkBottle":[11]},"card_choices":[{"not_picked":["hierophant:Bribe","hierophant:FaithHealing"],"picked":"hierophant:RustyCrate","floor":1},{"not_picked":["hierophant:AuricBeam","hierophant:FlamingChariot"],"picked":"hierophant:TollTheBells","floor":2},{"not_picked":["hierophant:ArchangelShield","hierophant:LocustPlague"],"picked":"hierophant:FlamingChariot","floor":2},{"not_picked":["hierophant:Levitation","hierophant:AuricBeam"],"picked":"hierophant:Sermon","floor":2},{"not_picked":["hierophant:Encroach","hierophant:Doubloon"],"picked":"hierophant:PassingBell","floor":2},{"not_picked":["hierophant:RepressedViolence","hierophant:AuricShield"],"picked":"hierophant:Empathy","floor":2},{"not_picked":["hierophant:Shelter","hierophant:Zeal"],"picked":"hierophant:Remorse","floor":4},{"not_picked":["hierophant:Martyrdom","hierophant:FieryStrike"],"picked":"hierophant:CoinFling","floor":5},{"not_picked":["hierophant:Chorus","hierophant:MirrorShield","hierophant:Doomsaying"],"picked":"SKIP","floor":7},{"not_picked":["hierophant:Repentance","hierophant:CursedGold"],"picked":"hierophant:FieryStrike","floor":11},{"not_picked":["hierophant:Endure","hierophant:Sermon"],"picked":"hierophant:Smite","floor":12},{"not_picked":["hierophant:DisplayOfPower","hierophant:RecallFunds"],"picked":"hierophant:Zeal","floor":13},{"not_picked":["hierophant:DeathKnell","hierophant:Determination"],"picked":"hierophant:BulkyChest","floor":16},{"not_picked":["hierophant:HolyVerse","hierophant:Patience","hierophant:MorningPrayer"],"picked":"SKIP","floor":18},{"not_picked":["hierophant:Empathy","hierophant:ArchangelShield"],"picked":"hierophant:OrnateBuckler+1","floor":19},{"not_picked":["hierophant:Doubloon","hierophant:Sermon"],"picked":"hierophant:Charity","floor":20},{"not_picked":["hierophant:SecretStash+1","hierophant:Encroach","hierophant:DisplayOfPower"],"picked":"SKIP","floor":24}],"player_experience":1845608,"relics_obtained":[{"floor":7,"key":"Bag of Preparation"},{"floor":9,"key":"Anchor"},{"floor":11,"key":"Unceasing Top"},{"floor":13,"key":"InkBottle"},{"floor":24,"key":"PreservedInsect"}],"event_choices":[{"damage_healed":0,"gold_gain":0,"player_choice":"Lose Max HP","damage_taken":0,"relics_obtained":["Golden Idol"],"max_hp_gain":0,"max_hp_loss":7,"event_name":"Golden Idol","floor":3,"gold_loss":0},{"cards_removed":["hierophant:Strike_Hierophant"],"damage_healed":0,"gold_gain":0,"player_choice":"Card Removal","damage_taken":7,"max_hp_gain":0,"max_hp_loss":0,"event_name":"Golden Wing","floor":14,"gold_loss":0},{"damage_healed":0,"gold_gain":0,"player_choice":"Bet on Murderer","damage_taken":0,"max_hp_gain":0,"max_hp_loss":0,"event_name":"The Joust","floor":21,"gold_loss":50}],"is_beta":false,"boss_relics":[{"not_picked":["Coffee Dripper","SacredBark"],"picked":"Runic Pyramid"}],"items_purged_floors":[2,22],"is_endless":false,"potions_floor_spawned":[1,7,11,16,18],"killed_by":"Snecko","ascension_level":15}}