{"host":"at64dhdf9kc8hjax","time":1608059560,"event":{"mods":["Act Like it!","BaseMod","Dota2Spire","Friendly Minions","Gensokyo","Highlight Path","Minty Spire (QoL Compilation)","Quick Restart","RumiaBox-露米娅的神秘盒子","Spicy Shops","StSLib","SuperFastMode","【遗物卡牌】REMEMod"],"gold_per_floor":[119,119,139,149,159,159,169,169,169,189,189,200,215,228,228,323,323,336,350,265,265,277,277,295,295,319,319,319,337,348,37,37,138,138,149,168,168,217,228,228,245,245,245,278,278,296,311,30,30,30],"floor_reached":51,"playtime":2854,"items_purged":["Regret"],"score":903,"play_id":"31cbcb23-06cf-438d-9de1-7bce0c1900f3","local_time":"20201216031240","is_ascension_mode":true,"campfire_choices":[{"data":"Blur","floor":6.0,"key":"SMITH"},{"data":"Neutralize","floor":8.0,"key":"SMITH"},{"data":"Deadly Poison","floor":15.0,"key":"SMITH"},{"data":"Terror","floor":23.0,"key":"SMITH"},{"data":"Prepared","floor":25.0,"key":"SMITH"},{"data":"Poisoned Stab","floor":27.0,"key":"SMITH"},{"data":"Bouncing Flask","floor":32.0,"key":"SMITH"},{"data":"Catalyst","floor":40.0,"key":"SMITH"},{"data":"Bouncing Flask","floor":42.0,"key":"SMITH"},{"data":"Leg Sweep","floor":49,"key":"SMITH"}],"circlet_count":0,"master_deck":["Strike_G+1","Strike_G+1","Strike_G+1","Strike_G+1","Strike_G+1","Defend_G+1","Defend_G+1","Defend_G+1","Defend_G+1","Defend_G+1","Survivor","Neutralize+1","Sadistic Nature+1","Blur+1","Deadly Poison+1","Poisoned Stab+1","Dagger Throw+1","REME_SpectralBlade+1","Terror+1","PiercingWail","Prepared+1","Bouncing Flask+1","Leg Sweep+1","Acrobatics+1","Dagger Throw+1","Catalyst+1","Bouncing Flask+1","Catalyst+1","Deadly Poison+1","Terror"],"relics":["Ring of the Serpent","REME_ComplimentaryCards","Vajra","Lantern","Coffee Dripper","MagicDraw4","Whetstone","Lee\u0027s Waffle","Gambling Chip","Dota2Spire:MagicBottle","Dota2Spire:Vanguard","Dota2Spire:AghanimScepter"],"acts_visited":["Exordium","TheCity","TheBeyond"],"potions_floor_usage":[46,47,47,50],"damage_taken":[{"damage":1.0,"enemies":"2 Louse","floor":1.0,"turns":3.0},{"damage":0.0,"enemies":"Cultist","floor":3.0,"turns":3.0},{"damage":1.0,"enemies":"Small Slimes","floor":4.0,"turns":4.0},{"damage":0.0,"enemies":"Looter","floor":5.0,"turns":3.0},{"damage":0.0,"enemies":"Exordium Wildlife","floor":7.0,"turns":4.0},{"damage":0.0,"enemies":"Large Slime","floor":10.0,"turns":6.0},{"damage":1.0,"enemies":"Blue Slaver","floor":12.0,"turns":3.0},{"damage":4.0,"enemies":"2 Fungi Beasts","floor":13.0,"turns":3.0},{"damage":5.0,"enemies":"Looter","floor":14.0,"turns":3.0},{"damage":9.0,"enemies":"Slime Boss","floor":16.0,"turns":7.0},{"damage":36.0,"enemies":"Spheric Guardian","floor":18.0,"turns":6.0},{"damage":2.0,"enemies":"Shell Parasite","floor":19.0,"turns":4.0},{"damage":0.0,"enemies":"Snake Plant","floor":22.0,"turns":3.0},{"damage":7.0,"enemies":"Centurion and Healer","floor":24.0,"turns":6.0},{"damage":21.0,"enemies":"Sentry and Sphere","floor":29.0,"turns":5.0},{"damage":7.0,"enemies":"Shelled Parasite and Fungi","floor":30.0,"turns":3.0},{"damage":26.0,"enemies":"Collector","floor":33.0,"turns":7.0},{"damage":0.0,"enemies":"Orb Walker","floor":35.0,"turns":2.0},{"damage":0.0,"enemies":"3 Shapes","floor":36.0,"turns":3.0},{"damage":8.0,"enemies":"2 Orb Walkers","floor":38.0,"turns":3.0},{"damage":1.0,"enemies":"3 Darklings","floor":39.0,"turns":5.0},{"damage":1.0,"enemies":"Writhing Mass","floor":41.0,"turns":3.0},{"damage":10.0,"enemies":"Reptomancer","floor":44.0,"turns":4.0},{"damage":0,"enemies":"Spire Growth","floor":46,"turns":2},{"damage":2,"enemies":"Sphere and 2 Shapes","floor":47,"turns":4},{"damage":86,"enemies":"Donu and Deca","floor":50,"turns":7}],"seed_played":"7038164130710268751","potions_obtained":[{"floor":3.0,"key":"CunningPotion"},{"floor":4.0,"key":"Dota2Spire:Clarity"},{"floor":7.0,"key":"SteroidPotion"},{"floor":12.0,"key":"FearPotion"},{"floor":13.0,"key":"Dota2Spire:Clarity"},{"floor":22.0,"key":"Dota2Spire:Clarity"},{"floor":24.0,"key":"Weak Potion"},{"floor":29.0,"key":"CunningPotion"},{"floor":33.0,"key":"PowerPotion"},{"floor":38.0,"key":"Regen Potion"},{"floor":41.0,"key":"Weak Potion"},{"floor":44.0,"key":"DistilledChaos"},{"floor":46,"key":"PowerPotion"}],"is_trial":false,"path_per_floor":["M","?","M","M","M","R","M","R","T","M","?","M","M","M","R","B",null,"M","M","?","?","M","R","M","R","T","R","?","M","M","$","R","B",null,"M","M","?","?","M","R","M","R","T","E","$","M","M","$","R","B",null],"character_chosen":"THE_SILENT","items_purchased":["Lee\u0027s Waffle","Leg Sweep","Dota2Spire:AghanimScepter","Terror"],"campfire_rested":0,"item_purchase_floors":[31,31,48,48],"current_hp_per_floor":[69,69,69,68,68,68,68,68,68,68,68,67,63,58,58,49,70,34,32,32,32,32,32,27,27,27,27,27,6,1,84,84,58,78,78,78,78,70,69,69,68,68,68,67,67,73,71,71,71,4],"gold":30,"neow_bonus":"TEN_PERCENT_HP_BONUS","is_daily":false,"chose_seed":false,"campfire_upgraded":10,"win_rate":0.0,"timestamp":1608059560,"path_taken":["M","?","M","M","M","R","?","R","T","M","?","M","M","M","R","BOSS","M","M","?","?","M","R","M","R","T","R","?","M","M","$","R","BOSS","M","M","?","?","M","R","M","R","T","E","$","M","M","$","R","BOSS"],"items_purchased_type":["Relic","Card","Relic","Card"],"build_version":"2020-12-13","purchased_purges":1,"victory":true,"max_hp_per_floor":[77,77,77,77,77,77,77,77,77,77,77,77,77,77,77,77,77,77,77,77,77,77,77,77,77,77,77,77,77,77,84,84,84,84,84,84,84,84,84,84,84,84,84,84,84,84,84,84,84,84],"card_choices":[{"not_picked":["Outmaneuver","Dagger Spray","Caltrops"],"picked":"SKIP","floor":1.0},{"not_picked":["Calculated Gamble","Dagger Spray","Flechettes"],"picked":"SKIP","floor":3.0},{"not_picked":["Backflip","Dash","Caltrops"],"picked":"SKIP","floor":4.0},{"not_picked":["Bane","Outmaneuver"],"picked":"Blur","floor":5.0},{"not_picked":["Choke","Blade Dance","Predator"],"picked":"SKIP","floor":7.0},{"not_picked":["Escape Plan","Underhanded Strike"],"picked":"Deadly Poison","floor":10.0},{"not_picked":["Dodge and Roll","Underhanded Strike"],"picked":"Poisoned Stab","floor":12.0},{"not_picked":["Dodge and Roll","Outmaneuver","Bane"],"picked":"SKIP","floor":13.0},{"not_picked":["Flechettes","Outmaneuver"],"picked":"Dagger Throw","floor":14.0},{"not_picked":["Phantasmal Killer","Night Terror"],"picked":"REME_SpectralBlade","floor":16.0},{"not_picked":["Heel Hook","Accuracy+1"],"picked":"Terror","floor":18.0},{"not_picked":["Dagger Throw+1","Dodge and Roll"],"picked":"PiercingWail","floor":19.0},{"not_picked":["Bane","Cloak And Dagger","Deflect+1"],"picked":"SKIP","floor":22.0},{"not_picked":["Choke","Footwork"],"picked":"Prepared","floor":24.0},{"not_picked":["Sucker Punch+1","Skewer+1"],"picked":"Bouncing Flask","floor":29.0},{"not_picked":["Deflect","Outmaneuver","Reflex"],"picked":"SKIP","floor":30.0},{"not_picked":["Backflip","Expertise"],"picked":"Acrobatics+1","floor":35.0},{"not_picked":["Bane+1","Caltrops+1"],"picked":"Dagger Throw+1","floor":36.0},{"not_picked":["Skewer","Dagger Throw"],"picked":"Catalyst","floor":39.0},{"not_picked":["REME_ShadowStrike","Acrobatics"],"picked":"Bouncing Flask","floor":41.0},{"not_picked":["Dagger Throw","Leg Sweep+1"],"picked":"Catalyst+1","floor":44.0},{"not_picked":["Bane+1","Underhanded Strike+1","Slice+1"],"picked":"SKIP","floor":46},{"not_picked":["Blade Dance","Flying Knee+1"],"picked":"Deadly Poison+1","floor":47}],"player_experience":200646,"relics_obtained":[{"floor":9.0,"key":"Vajra"},{"floor":26.0,"key":"Whetstone"},{"floor":38.0,"key":"Gambling Chip"},{"floor":43.0,"key":"Dota2Spire:MagicBottle"},{"floor":44.0,"key":"Dota2Spire:Vanguard"}],"event_choices":[{"damage_healed":0.0,"max_hp_gain":0.0,"max_hp_loss":0.0,"gold_gain":0.0,"event_name":"Accursed Blacksmith","player_choice":"Forge","floor":2.0,"gold_loss":0.0,"damage_taken":0.0,"cards_upgraded":["Sadistic Nature"]},{"damage_healed":0.0,"max_hp_gain":0.0,"max_hp_loss":0.0,"gold_gain":0.0,"event_name":"Big Fish","player_choice":"Box","floor":11.0,"gold_loss":0.0,"damage_taken":0.0,"relics_obtained":["Lantern"],"cards_obtained":["Regret"]},{"damage_healed":0.0,"max_hp_gain":0.0,"max_hp_loss":0.0,"gold_gain":0.0,"event_name":"Addict","player_choice":"Obtained Relic","floor":20.0,"gold_loss":85.0,"damage_taken":0.0,"relics_obtained":["MagicDraw4"]},{"damage_healed":0.0,"max_hp_gain":0.0,"max_hp_loss":0.0,"gold_gain":0.0,"event_name":"Back to Basics","player_choice":"Simplicity","floor":21.0,"gold_loss":0.0,"damage_taken":0.0,"cards_upgraded":["Strike_G","Strike_G","Strike_G","Strike_G","Strike_G","Defend_G","Defend_G","Defend_G","Defend_G","Defend_G"]},{"damage_healed":0.0,"max_hp_gain":0.0,"max_hp_loss":0.0,"gold_gain":0.0,"event_name":"Vampires","player_choice":"Ignored","floor":28.0,"gold_loss":0.0,"damage_taken":0.0},{"damage_healed":0.0,"max_hp_gain":0.0,"max_hp_loss":0.0,"gold_gain":0.0,"event_name":"Tomb of Lord Red Mask","player_choice":"Ignored","floor":37.0,"gold_loss":0.0,"damage_taken":0.0},{"damage_healed":0.0,"max_hp_gain":0.0,"max_hp_loss":0.0,"gold_gain":0.0,"event_name":"Mysterious Sphere","player_choice":"Fight","floor":38.0,"gold_loss":0.0,"damage_taken":0.0}],"is_beta":false,"boss_relics":[{"not_picked":["REME_DemonsWealth","Velvet Choker"],"picked":"Coffee Dripper"},{"not_picked":["Cursed Key","Pandora\u0027s Box"],"picked":"Ring of the Serpent"}],"items_purged_floors":[31],"is_endless":false,"potions_floor_spawned":[3,4,7,12,13,22,24,29,33,38,41,44,46],"ascension_level":8}}