{"host":"jm9833yuloeli2yd","time":1608007544,"event":{"mods":["AchievementEnabler","BaseMod","Better Altar","Better Match","Better Note","Better Sensory Stone","Better Skull","Better Vampires","Colored Map","Colored Powertips","DeckTracker","Minty Spire (QoL Compilation)","Permanent Neow","Quick Restart","Replay The Spire","StSLib","SuperFastMode"],"gold_per_floor":[114,129,140,140,164,164,184,184,184,218,30,30,55,88,0,95,95,116,79,97,110,130,130,165,181,181,101,64,64,64],"floor_reached":29,"playtime":857,"items_purged":[],"score":568,"play_id":"a5bd8514-954b-4574-8e9d-bc15bad91722","local_time":"20201214234544","is_ascension_mode":true,"campfire_choices":[{"data":"Dash","floor":6.0,"key":"SMITH"},{"floor":8.0,"key":"REST"},{"floor":23,"key":"REST"}],"circlet_count":0,"master_deck":["AscendersBane","Strike_G","Strike_G","Strike_G","Strike_G","Strike_G","Defend_G","Defend_G","Defend_G","Defend_G","Defend_G","Survivor","Neutralize","Dash+1","Predator","Poisoned Stab","Flying Knee","Noxious Fumes","Apotheosis","Calculated Gamble","Malaise","Heel Hook","Cloak And Dagger+1","ReplayTheSpireMod:Tripwire","Leg Sweep"],"relics":["Ring of the Snake","Golden Idol","Divine Protection","Singing Bowl","ReplayTheSpireMod:Lightbulb","Bronze Scales","Fusion Hammer","Pen Nib","Pantograph"],"acts_visited":["Exordium","TheCity"],"potions_floor_usage":[21,22,24,29,29],"damage_taken":[{"damage":6.0,"enemies":"Jaw Worm","floor":1.0,"turns":4.0},{"damage":6.0,"enemies":"Small Slimes","floor":2.0,"turns":3.0},{"damage":0.0,"enemies":"Cultist","floor":3.0,"turns":3.0},{"damage":12.0,"enemies":"Gremlin Gang","floor":5.0,"turns":5.0},{"damage":34.0,"enemies":"Exordium Thugs","floor":7.0,"turns":6.0},{"damage":0.0,"enemies":"Gremlin Nob","floor":10.0,"turns":3.0},{"damage":0.0,"enemies":"2 Fungi Beasts","floor":13.0,"turns":4.0},{"damage":11.0,"enemies":"3 Sentries","floor":14.0,"turns":9.0},{"damage":71.0,"enemies":"Fading Forest","floor":16.0,"turns":13.0},{"damage":8.0,"enemies":"3 Byrds","floor":18.0,"turns":4.0},{"damage":12.0,"enemies":"2 Thieves","floor":19.0,"turns":5.0},{"damage":13.0,"enemies":"Snecko","floor":20.0,"turns":6.0},{"damage":0,"enemies":"Cultist and Chosen","floor":21,"turns":8},{"damage":9,"enemies":"Chosen and Byrds","floor":22,"turns":5},{"damage":28,"enemies":"Book of Stabbing","floor":24,"turns":6},{"damage":9,"enemies":"Snake Plant","floor":25,"turns":5},{"damage":11,"enemies":"Sentry and Sphere","floor":29,"turns":5}],"seed_played":"7884451735155788267","potions_obtained":[{"floor":1.0,"key":"AttackPotion"},{"floor":2.0,"key":"FearPotion"},{"floor":7.0,"key":"Strength Potion"},{"floor":16.0,"key":"Ancient Potion"},{"floor":19.0,"key":"Poison Potion"},{"floor":21,"key":"SpeedPotion"},{"floor":22,"key":"AttackPotion"},{"floor":24,"key":"AttackPotion"}],"is_trial":false,"path_per_floor":["M","M","M","?","M","R","M","R","T","E","$","?","M","E","R_BF","B",null,"M","M","M","M","M","R","E","M","T","?","$","M"],"character_chosen":"THE_SILENT","items_purchased":["Apotheosis","Leg Sweep"],"campfire_rested":2,"item_purchase_floors":[11,28],"current_hp_per_floor":[53,47,47,47,35,35,1,19,19,21,21,72,74,63,63,6,57,51,41,30,30,21,45,17,10,10,10,10,0,0],"gold":64,"neow_bonus":"ONE_RANDOM_RARE_CARD","is_daily":false,"chose_seed":false,"campfire_upgraded":1,"win_rate":0.0,"timestamp":1608007544,"path_taken":["M","M","M","?","M","R","M","R","T","E","$","?","?","E","R_BF","BOSS","M","M","M","M","M","R","E","M","T","?","?","M"],"items_purchased_type":["Card","Card"],"build_version":"2020-12-13","purchased_purges":0,"victory":false,"max_hp_per_floor":[66,66,66,60,60,60,60,60,60,62,62,72,74,74,74,74,74,76,78,80,80,80,80,80,82,82,82,82,82,82],"card_choices":[{"not_picked":["Quick Slash","ReplayTheSpireMod:Exploit Weakness"],"picked":"Dash","floor":1.0},{"not_picked":["Accuracy","Deadly Poison"],"picked":"Predator","floor":2.0},{"not_picked":["Slice","Dodge and Roll"],"picked":"Poisoned Stab","floor":3.0},{"not_picked":["Infinite Blades","Eviscerate"],"picked":"Flying Knee","floor":5.0},{"not_picked":["Atom Bomb","Blur"],"picked":"Noxious Fumes","floor":7.0},{"not_picked":["Terror","ReplayTheSpireMod:The Works","Sucker Punch"],"picked":"Singing Bowl","floor":10.0},{"not_picked":["Hidden Blade","ReplayTheSpireMod:Exploit Weakness","Eviscerate"],"picked":"Singing Bowl","floor":13.0},{"not_picked":["Underhanded Strike","Expertise"],"picked":"Calculated Gamble","floor":14.0},{"not_picked":["Bullet Time","Doppelganger"],"picked":"Malaise","floor":16.0},{"not_picked":["Poisoned Stab","Flying Knee","Deflect"],"picked":"Singing Bowl","floor":18.0},{"not_picked":["Bane","Choke","Cloak And Dagger"],"picked":"Singing Bowl","floor":19.0},{"not_picked":["Infinite Blades","Outmaneuver","Accuracy"],"picked":"Singing Bowl","floor":20.0},{"not_picked":["Dodge and Roll","Dagger Throw"],"picked":"Heel Hook","floor":21},{"not_picked":["Underhanded Strike","Poisoned Stab"],"picked":"Cloak And Dagger+1","floor":22},{"not_picked":["Glass Knife","Underhanded Strike+1"],"picked":"ReplayTheSpireMod:Tripwire","floor":24},{"not_picked":["Flying Knee","Poisoned Stab","Dagger Throw"],"picked":"Singing Bowl","floor":25}],"player_experience":1081011,"relics_obtained":[{"floor":9.0,"key":"Divine Protection"},{"floor":10.0,"key":"Singing Bowl"},{"floor":14.0,"key":"ReplayTheSpireMod:Lightbulb"},{"floor":24,"key":"Pen Nib"},{"floor":26,"key":"Pantograph"}],"event_choices":[{"damage_healed":0.0,"max_hp_gain":0.0,"max_hp_loss":6.0,"gold_gain":0.0,"event_name":"Golden Idol","player_choice":"Lose Max HP","floor":4.0,"gold_loss":0.0,"damage_taken":0.0,"relics_obtained":["Golden Idol"]},{"cards_removed":["Storm of Steel"],"damage_healed":41.0,"max_hp_gain":10.0,"max_hp_loss":0.0,"gold_gain":0.0,"event_name":"Bonfire Elementals","player_choice":"Offered Rare","floor":12.0,"gold_loss":0.0,"damage_taken":0.0},{"damage_healed":0.0,"max_hp_gain":0.0,"max_hp_loss":0.0,"gold_gain":0.0,"event_name":"WeMeetAgain","player_choice":"Paid Gold","floor":15.0,"gold_loss":88.0,"damage_taken":0.0,"relics_obtained":["Bronze Scales"]}],"is_beta":false,"boss_relics":[{"not_picked":["Empty Cage","ReplayTheSpireMod:DimensionalGlitch"],"picked":"Fusion Hammer"}],"items_purged_floors":[],"is_endless":false,"potions_floor_spawned":[1,2,7,16,19,21,22,24,25],"killed_by":"Sentry and Sphere","ascension_level":20}}