{"host":"y30n8hbqlqxhztg8","time":1608018225,"event":{"mods":["A Magickal Journey","AchievementEnabler","BaseMod","BetterRewards","Block Reminder","Colored Map","Conspire","Downfall","GifTheSpireLib","Glutton Mod","Hubris","Infinite Spire","Koishi","Lobotomy","LobotomyExtend","Marisa????????","Minty Spire (QoL Compilation)","Prisma Mod","Replay The Spire","Shop Mod","Somnambulant","StSLib","Stuff the Spire","The Factory","The Forsaken","The Jungle","[IsaacMod]????"],"gold_per_floor":[117,117,132,53,53,53,71,97,97,97,108,108,108,136,136,237,237,252,265,265,265,180,180,197,197,248,248,262,278,278,288,288,384,384,402,245,260,260,260,260,260],"floor_reached":40,"playtime":1572,"items_purged":[],"score":419,"play_id":"608d6f5f-8e92-4edd-9ceb-9dcb7543923a","local_time":"20201214234345","is_ascension_mode":false,"campfire_choices":[{"data":"PrismaMod:ChloeGaeBolg","floor":6,"key":"SMITH"},{"data":"PrismaMod:ChloeCommonDefend","floor":10,"key":"SMITH"},{"data":"PrismaMod:ChloeCommonAttack","floor":13,"key":"SMITH"},{"data":"PrismaMod:ChloeCommonDefend","floor":15,"key":"SMITH"},{"data":"PrismaMod:ChloeCommonAttack","floor":23,"key":"SMITH"},{"data":"PrismaMod:ChloeCommonDefend","floor":25,"key":"SMITH"},{"data":"PrismaMod:ChloeCommonAttack","floor":27,"key":"SMITH"},{"floor":32,"key":"REST"}],"circlet_count":0,"master_deck":["PrismaMod:ChloeCommonAttack+1","PrismaMod:ChloeCommonAttack+1","PrismaMod:ChloeCommonAttack+1","PrismaMod:ChloeCommonAttack+1","PrismaMod:ChloeCommonAttack+1","PrismaMod:ChloeCommonDefend","PrismaMod:ChloeCommonDefend+1","PrismaMod:ChloeCommonDefend+1","PrismaMod:ChloeCommonDefend+1","PrismaMod:ChloeCommonDefend","PrismaMod:ChloeCheapAttack","PrismaMod:ChloeCheapDefend","PrismaMod:ChloeCheapAttack","PrismaMod:ChloeGaeBolg+1","PrismaMod:ChloeUncommonDefend","PrismaMod:ChloeEyeOfTheEuryale","PrismaMod:ChloeCheapAttackTwo","PrismaMod:ChloeUncommonAttack","PrismaMod:ChloeCarnivalDefend","PrismaMod:ChloeEyeOfTheEuryale","PrismaMod:ChloeCheapDefend","PrismaMod:ChloeExcalibur","PrismaMod:ChloeCommonAOEAttack","PrismaMod:ChloeCaladbolg+1","PrismaMod:ChloeExcalibur","PrismaMod:ChloeEyeOfTheEuryale+1","PrismaMod:ChloeCheapAttackTwo","StuffTheSpire:Innocence"],"relics":["PrismaMod:PrismaTraceOn","HushsDoor","HowToJump","LetterFromLob","Chameleon Ring","infinitespire:Golems Mask","SacredBark","hubris:GlazedTorus","Pen Nib","StuffTheSpire:Barrel"],"acts_visited":["Exordium","TheCity","TheBeyond"],"potions_floor_usage":[16,16,18,33,33,33,40],"damage_taken":[{"damage":1,"enemies":"conspire:RoseBush","floor":1,"turns":3},{"damage":0,"enemies":"Cultist","floor":3,"turns":3},{"damage":1,"enemies":"2 Louse","floor":7,"turns":3},{"damage":0,"enemies":"3 Sentries","floor":8,"turns":2},{"damage":0,"enemies":"Exordium Thugs","floor":11,"turns":3},{"damage":8,"enemies":"Gremlin Nob","floor":14,"turns":4},{"damage":19,"enemies":"Hexaghost","floor":16,"turns":6},{"damage":0,"enemies":"conspire:FuzzyDice","floor":18,"turns":6},{"damage":0,"enemies":"Chosen","floor":19,"turns":3},{"damage":3,"enemies":"conspire:HollyBat","floor":24,"turns":7},{"damage":4,"enemies":"Centurion and Healer","floor":28,"turns":5},{"damage":11,"enemies":"Snake Plant","floor":29,"turns":4},{"damage":0,"enemies":"Chosen and Byrds","floor":31,"turns":4},{"damage":47,"enemies":"Champ","floor":33,"turns":7},{"damage":11,"enemies":"3 Shapes","floor":35,"turns":5},{"damage":6,"enemies":"Orb Walker","floor":37,"turns":3},{"damage":65,"enemies":"Nemesis","floor":40,"turns":4}],"seed_played":"777248064735695620","potions_obtained":[{"floor":1,"key":"Reflective Coating"},{"floor":3,"key":"Regen Potion"},{"floor":16,"key":"Explosive Potion"},{"floor":18,"key":"SkillPotion"},{"floor":19,"key":"Adrenaline Potion"},{"floor":29,"key":"Elixir"},{"floor":30,"key":"Adrenaline Potion"},{"floor":35,"key":"BlessingOfTheForge"},{"floor":37,"key":"SpeedPotion"}],"is_trial":false,"path_per_floor":["M","?","M","$","?","R","M","E","T","R","M","?","R","E","R","B",null,"M","M","?","?","?","R","M","R","T","R","M","M","?","M","R","B",null,"M","$","M","?","?","E"],"character_chosen":"CHLOE","items_purchased":["PrismaMod:ChloeUncommonDefend","StuffTheSpire:Barrel"],"campfire_rested":1,"item_purchase_floors":[4,36],"current_hp_per_floor":[74,74,74,74,74,74,74,74,74,74,74,74,74,66,66,69,76,76,76,76,76,76,76,73,73,73,73,69,58,58,58,76,29,76,65,65,59,59,59,0,0],"gold":260,"neow_bonus":"UPGRADE_CARD","is_daily":false,"chose_seed":false,"campfire_upgraded":7,"win_rate":0.0,"timestamp":1608018225,"path_taken":["M","?","?","$","?","R","?","E","T","R","M","?","R","E","R","BOSS","M","M","?","?","?","R","M","R","T","R","?","M","?","M","R","BOSS","M","$","M","?","?","E"],"items_purchased_type":["Card","Relic"],"build_version":"2020-12-13","purchased_purges":0,"victory":false,"max_hp_per_floor":[75,75,75,75,75,75,76,76,76,76,76,76,76,76,76,76,76,76,76,76,76,76,76,76,76,76,76,76,76,76,76,76,76,76,76,76,76,76,76,76,76],"card_choices":[{"not_picked":["Bomb","PrismaMod:ChloeChristmas"],"picked":"PrismaMod:ChloeCheapAttack","floor":1},{"not_picked":["Bomb","PrismaMod:ChloeDiscardRecovery"],"picked":"PrismaMod:ChloeGaeBolg","floor":3},{"not_picked":["PrismaMod:ChloeDiscardRecovery","PrismaMod:ChloeRuleBreaker"],"picked":"Bomb","floor":7},{"not_picked":["Bomb","PrismaMod:ChloeMaid"],"picked":"PrismaMod:ChloeEyeOfTheEuryale","floor":8},{"not_picked":["PrismaMod:ChloeChristmas","PrismaMod:ChloeCheapAttack"],"picked":"PrismaMod:ChloeCheapAttackTwo","floor":11},{"not_picked":["PrismaMod:ChloeCheapAttackTwo","PrismaMod:ChloeCheapAttack"],"picked":"PrismaMod:ChloeUncommonAttack","floor":14},{"not_picked":["PrismaMod:ChloeExhaustThree","PrismaMod:ChloeAnySkillTrace"],"picked":"PrismaMod:ChloeCarnivalDefend","floor":16},{"not_picked":["PrismaMod:ChloeBetterTracePools","PrismaMod:ChloeCheapDefendTwo"],"picked":"PrismaMod:ChloeEyeOfTheEuryale","floor":18},{"not_picked":["PrismaMod:ChloeDiscardRecovery","PrismaMod:ChloeUncommonDefend"],"picked":"PrismaMod:ChloeCheapDefend","floor":19},{"not_picked":["PrismaMod:ChloeDemonicTutor","PrismaMod:ChloeCheapDefend"],"picked":"PrismaMod:ChloeExcalibur","floor":24},{"not_picked":["PrismaMod:ChloeUncommonDefend","PrismaMod:ChloeRhongomyniad"],"picked":"PrismaMod:ChloeCommonAOEAttack","floor":28},{"not_picked":["PrismaMod:ChloeCheapAttackTwo","PrismaMod:ChloeMordred"],"picked":"PrismaMod:ChloeCaladbolg+1","floor":29},{"not_picked":["PrismaMod:ChloeAnySkillTrace","PrismaMod:ChloeMordred+1"],"picked":"PrismaMod:ChloeExcalibur","floor":31},{"not_picked":["PrismaMod:ChloeDiscardRecovery","PrismaMod:ChloeCheapDefendTwo"],"picked":"PrismaMod:ChloeEyeOfTheEuryale+1","floor":35},{"not_picked":["PrismaMod:ChloeCommonAOEAttack","PrismaMod:ChloeExhaustOne"],"picked":"PrismaMod:ChloeCheapAttackTwo","floor":37},{"not_picked":["StuffTheSpire:Vigor","StuffTheSpire:BrainWave"],"picked":"StuffTheSpire:Innocence","floor":39}],"player_experience":51723,"relics_obtained":[{"floor":1,"key":"LetterFromLob"},{"floor":8,"key":"ReplayFunnel"},{"floor":9,"key":"Chameleon Ring"},{"floor":14,"key":"infinitespire:Golems Mask"},{"floor":26,"key":"Pen Nib"}],"event_choices":[{"damage_healed":0,"gold_gain":0,"player_choice":"Bought 0 Potions","damage_taken":0,"max_hp_gain":0,"max_hp_loss":0,"event_name":"The Woman in Blue","floor":5,"gold_loss":0},{"damage_healed":0,"gold_gain":0,"player_choice":"Forge","damage_taken":0,"max_hp_gain":0,"max_hp_loss":0,"event_name":"Accursed Blacksmith","floor":12,"gold_loss":0,"cards_upgraded":["PrismaMod:ChloeCommonAttack"]},{"damage_healed":0,"gold_gain":0,"player_choice":"Obtained Relic","damage_taken":0,"relics_obtained":["hubris:GlazedTorus"],"max_hp_gain":0,"max_hp_loss":0,"event_name":"Addict","floor":22,"gold_loss":85},{"damage_healed":0,"gold_gain":0,"player_choice":"Got Potions","damage_taken":0,"max_hp_gain":0,"max_hp_loss":0,"event_name":"Lab","floor":30,"gold_loss":0},{"damage_healed":0,"gold_gain":0,"player_choice":"Ignored","damage_taken":0,"max_hp_gain":0,"max_hp_loss":0,"event_name":"Purifier","floor":38,"gold_loss":0}],"is_beta":false,"boss_relics":[{"not_picked":["Kintsugi","hubris:BlackHole"],"picked":"SacredBark"},{"not_picked":[]},{"not_picked":["Coffee Dripper","hubris:CrackedHourglass","Cursed Key"]}],"items_purged_floors":[],"is_endless":false,"potions_floor_spawned":[1,3,16,18,19,29,31,35,37],"killed_by":"Nemesis","ascension_level":0}}