{"host":"newqdrzxfhh2im9e","time":1608019608,"event":{"mods":["AchievementEnabler","BaseMod","BetterRewards","Block Reminder","Colored Map","Jorbs\u0027s Wanderer Trilogy","Minty Spire (QoL Compilation)","Rare Cards Sparkle","Shop Mod","StSLib"],"gold_per_floor":[112,112,34,34,34,34,49,49,49,83,100,100,114,114,114,114,114],"floor_reached":16,"playtime":574,"items_purged":[],"score":132,"play_id":"8ac7b764-526e-4151-bd98-6ecf4183e75d","local_time":"20201215000648","is_ascension_mode":true,"campfire_choices":[{"data":"Thunderclap","floor":6,"key":"SMITH"},{"data":"Barricade","floor":8,"key":"SMITH"},{"floor":12,"key":"REST"},{"floor":15,"key":"REST"}],"circlet_count":0,"master_deck":["Strike_R","Strike_R","Strike_R","Strike_R","Defend_R","Defend_R","Defend_R","Defend_R","Bash","Thunderclap+1","Barricade+1","Brutality+1","Dark Embrace+1"],"relics":["Burning Blood","Vajra","Unceasing Top","Frozen Egg 2"],"acts_visited":["Exordium"],"potions_floor_usage":[10,11,16],"damage_taken":[{"damage":13,"enemies":"2 Louse","floor":1,"turns":3},{"damage":7,"enemies":"Jaw Worm","floor":7,"turns":3},{"damage":56,"enemies":"Lagavulin","floor":10,"turns":7},{"damage":22,"enemies":"Small Slimes","floor":11,"turns":4},{"damage":32,"enemies":"3 Louse","floor":13,"turns":4},{"damage":54,"enemies":"The Guardian","floor":16,"turns":7}],"seed_played":"-9137324794025574797","potions_obtained":[{"floor":7,"key":"SpeedPotion"},{"floor":10,"key":"Regen Potion"},{"floor":13,"key":"SteroidPotion"}],"is_trial":false,"path_per_floor":["M","?","$","?","?","R","M","R","T","E","M","R","M","?","R","B"],"character_chosen":"IRONCLAD","items_purchased":["Carnage"],"campfire_rested":2,"item_purchase_floors":[3],"current_hp_per_floor":[65,70,70,70,85,85,84,84,84,34,30,55,29,29,54,0,0],"gold":114,"neow_bonus":"RANDOM_COMMON_RELIC","is_daily":false,"chose_seed":false,"campfire_upgraded":2,"win_rate":0.0,"timestamp":1608019608,"path_taken":["M","?","?","?","?","R","M","R","T","E","?","R","M","?","R","BOSS"],"items_purchased_type":["Card"],"build_version":"2020-12-13","purchased_purges":0,"victory":false,"max_hp_per_floor":[80,85,85,85,85,85,85,85,85,85,85,85,85,85,85,85,85],"card_choices":[{"not_picked":["Sword Boomerang","Flex"],"picked":"Thunderclap","floor":1},{"not_picked":["Shrug It Off","Rupture"],"picked":"Barricade","floor":7},{"not_picked":["Iron Wave","Warcry"],"picked":"Brutality+1","floor":10},{"not_picked":["Anger","Havoc","Flex"],"picked":"SKIP","floor":11},{"not_picked":["Searing Blow","Warcry"],"picked":"Dark Embrace+1","floor":13}],"player_experience":599850,"relics_obtained":[{"floor":9,"key":"Unceasing Top"},{"floor":10,"key":"Frozen Egg 2"}],"event_choices":[{"damage_healed":0,"gold_gain":0,"player_choice":"Donut","damage_taken":0,"max_hp_gain":5,"max_hp_loss":0,"event_name":"Big Fish","floor":2,"gold_loss":0},{"damage_healed":0,"gold_gain":0,"player_choice":"Grow","damage_taken":0,"max_hp_gain":0,"max_hp_loss":0,"event_name":"Living Wall","floor":4,"gold_loss":0,"cards_upgraded":["Carnage"]},{"cards_removed":["Carnage"],"damage_healed":15,"gold_gain":0,"player_choice":"Offered Uncommon","damage_taken":0,"max_hp_gain":0,"max_hp_loss":0,"event_name":"Bonfire Elementals","floor":5,"gold_loss":0},{"cards_removed":["Strike_R"],"damage_healed":0,"gold_gain":0,"player_choice":"Purged","damage_taken":0,"max_hp_gain":0,"max_hp_loss":0,"event_name":"Purifier","floor":14,"gold_loss":0}],"is_beta":false,"boss_relics":[],"items_purged_floors":[],"is_endless":false,"potions_floor_spawned":[7,10,13],"killed_by":"The Guardian","ascension_level":7}}