{"host":"8aazbu429xvxw5ti","time":1608027774,"event":{"mods":["2.2 Compatiblity","BaseMod","Colored Map","DeckTracker","Highlight Path","Keyboard Shortcuts","Minty Spire (QoL Compilation)","Permanent Neow","Quick Restart","StSLib","SuperFastMode","everything is the same but u backflip on backflip"],"gold_per_floor":[18,18,30,41,58,91,266,276,352,364,364,399,67,98,98,98,98],"floor_reached":16,"playtime":1053,"items_purged":["Strike_R"],"score":165,"play_id":"94c6dd9a-197e-4240-bee2-6c6d183dc482","local_time":"20201215192254","is_ascension_mode":true,"campfire_choices":[{"data":"The Bomb","floor":15.0,"key":"SMITH"}],"circlet_count":0,"master_deck":["Strike_R","Strike_R","Strike_R","Strike_R","Defend_R","Defend_R","Defend_R","Defend_R","Bash","The Bomb+1","True Grit+1","Burning Pact","Shrug It Off","Bloodletting"],"relics":["Burning Blood","Meat on the Bone","Frozen Egg 2","Unceasing Top","Shuriken","CeramicFish"],"acts_visited":["Exordium"],"potions_floor_usage":[16,16],"damage_taken":[{"damage":2.0,"enemies":"Jaw Worm","floor":1.0,"turns":5.0},{"damage":0.0,"enemies":"Small Slimes","floor":3.0,"turns":3.0},{"damage":1.0,"enemies":"Cultist","floor":4.0,"turns":4.0},{"damage":15.0,"enemies":"Exordium Thugs","floor":5.0,"turns":4.0},{"damage":37.0,"enemies":"Gremlin Nob","floor":6.0,"turns":5.0},{"damage":28.0,"enemies":"3 Louse","floor":8.0,"turns":3.0},{"damage":9.0,"enemies":"Red Slaver","floor":10.0,"turns":3.0},{"damage":19.0,"enemies":"Lagavulin","floor":12.0,"turns":8.0},{"damage":14.0,"enemies":"3 Sentries","floor":14.0,"turns":4.0},{"damage":36,"enemies":"The Guardian","floor":16,"turns":4}],"seed_played":"5624933059754309331","potions_obtained":[{"floor":5.0,"key":"FearPotion"},{"floor":8.0,"key":"SkillPotion"},{"floor":10.0,"key":"DuplicationPotion"},{"floor":12.0,"key":"ColorlessPotion"}],"is_trial":false,"path_per_floor":["M","?","M","M","M","E","?","M","T","M","?","E","$","E","R","B"],"character_chosen":"IRONCLAD","items_purchased":["Shuriken"],"campfire_rested":0,"item_purchase_floors":[13],"current_hp_per_floor":[76,76,80,80,71,40,40,30,30,39,39,38,38,42,42,6,6],"gold":98,"neow_bonus":"RANDOM_COLORLESS_2","is_daily":false,"chose_seed":false,"campfire_upgraded":1,"win_rate":0.0,"timestamp":1608027774,"path_taken":["M","?","M","M","M","E","?","M","T","M","?","E","$","E","R","BOSS"],"items_purchased_type":["Relic"],"build_version":"2020-12-13","purchased_purges":1,"victory":false,"max_hp_per_floor":[80,80,80,80,80,80,80,80,80,80,80,80,80,80,80,80,80],"card_choices":[{"not_picked":["Secret Weapon","Metamorphosis"],"picked":"The Bomb","floor":0.0},{"not_picked":["Havoc","Flex"],"picked":"True Grit","floor":1.0},{"not_picked":["Anger","Body Slam","Combust"],"picked":"SKIP","floor":3.0},{"not_picked":["Clash","Iron Wave","Flex"],"picked":"SKIP","floor":4.0},{"not_picked":["Perfected Strike","Searing Blow","Heavy Blade"],"picked":"SKIP","floor":5.0},{"not_picked":["Disarm","Twin Strike"],"picked":"Burning Pact","floor":6.0},{"not_picked":["Infernal Blade","Inflame"],"picked":"Shrug It Off","floor":8.0},{"not_picked":["Rage","Rupture+1"],"picked":"Bloodletting","floor":10.0},{"not_picked":["Inflame+1","Twin Strike","Burning Pact"],"picked":"SKIP","floor":12.0},{"not_picked":["Feel No Pain+1","Iron Wave","Clothesline"],"picked":"SKIP","floor":14.0}],"player_experience":407706,"relics_obtained":[{"floor":6.0,"key":"Meat on the Bone"},{"floor":9.0,"key":"Frozen Egg 2"},{"floor":12.0,"key":"Unceasing Top"},{"floor":14.0,"key":"CeramicFish"}],"event_choices":[{"damage_healed":0.0,"max_hp_gain":0.0,"max_hp_loss":0.0,"gold_gain":0.0,"event_name":"Living Wall","player_choice":"Grow","floor":2.0,"gold_loss":0.0,"damage_taken":0.0,"cards_upgraded":["True Grit"]},{"damage_healed":0.0,"max_hp_gain":0.0,"max_hp_loss":0.0,"gold_gain":175.0,"event_name":"Liars Game","player_choice":"AGREE","floor":7.0,"gold_loss":0.0,"damage_taken":0.0,"cards_obtained":["Doubt"]},{"cards_removed":["Doubt"],"damage_healed":0.0,"max_hp_gain":0.0,"max_hp_loss":0.0,"gold_gain":0.0,"event_name":"Fountain of Cleansing","player_choice":"Removed Curses","floor":11.0,"gold_loss":0.0,"damage_taken":0.0}],"is_beta":false,"boss_relics":[],"items_purged_floors":[13],"is_endless":false,"potions_floor_spawned":[5,8,10,12],"killed_by":"The Guardian","ascension_level":7}}