{"host":"o3b7ow6d1xe49css","time":1608072090,"event":{"mods":["2.2 Compatiblity","Act Like it!","Aspiration","BaseMod","Bestiary","Better Altar","Better Match","Better Note","Better Sensory Stone","Better Skull","Better Third Choice","Colored Powertips","Conspire","Downfall","Elementarium","Energized Spire","Force Act Four","GifTheSpireLib","Halation","Hermit","Hubris","Infinite Spire","Minty Spire (QoL Compilation)","Quick Restart","Replay The Spire","Spicy Shops","Spikes Relics","StSLib","Stuff the Spire","The Blue Laboratory","The Jungle","Wandering Minibosses","vexMod"],"gold_per_floor":[112,125,140,158,168,193,193,223,248,282,316,316,316,43,43,160,160,174,191,191,191,51,96,128,128,128,128,161,121,150,176,176,280,280,300,320,26,26,26,26,55,55,81,81,81,112,125,157,157,157,157,157,8,37,59],"floor_reached":56,"playtime":3343,"items_purged":["Strike_R","Strike_R","Strike_R+1"],"score":1919,"play_id":"1cd4747f-e70b-4709-ad07-674459d78ccf","local_time":"20201215134130","daily_mods":["Heirloom","Flight"],"is_ascension_mode":true,"campfire_choices":[{"data":"Bash","floor":7,"key":"SMITH"},{"floor":13,"key":"RECALL"},{"data":"Uppercut","floor":15,"key":"SMITH"},{"data":"Metallicize","floor":15,"key":"SMITH"},{"data":"Replay:Fractal Strike","floor":25,"key":"SMITH"},{"data":"Demon Form","floor":25,"key":"SMITH"},{"data":"Armaments","floor":27,"key":"SMITH"},{"data":"StuffTheSpire:Slingshot","floor":27,"key":"SMITH"},{"data":"Offering","floor":32,"key":"SMITH"},{"data":"Defend_R","floor":32,"key":"SMITH"},{"floor":40,"key":"REST"},{"data":"Feed","floor":42,"key":"SMITH"},{"data":"Defend_R","floor":42,"key":"SMITH"},{"data":"AbeCurse","floor":45,"key":"SMITH"},{"data":"Defend_R","floor":45,"key":"SMITH"},{"data":"Defend_R","floor":49,"key":"SMITH"},{"data":"Strike_R","floor":49,"key":"SMITH"},{"floor":52,"key":"REST"}],"circlet_count":0,"master_deck":["Strike_R+1","Defend_R+1","Defend_R+1","Defend_R+1","Defend_R+1","Bash+1","Metallicize+1","Thunderclap+1","Spot Weakness+1","Offering+1","Armaments+1","StuffTheSpire:Slingshot+1","Uppercut+1","hubris:ReadiedAction+1","Demon Form+1","Twin Strike+1","Disarm+1","Replay:Fractal Strike+1","Flame Barrier+1","Limit Break+1","Battle Trance+1","Wild Strike+1","Feed+1","Cleave+1","Battle Trance+1"],"relics":["Burning Blood","Ring of Chaos","vexMod:RetaliationKit","Snecko Eye","infinitespire:Midas Blood","Rawhide","Another Sword","Replay:Arrowhead","halation:EternalFortune","Toxic Egg 2","Abe\u0027s Treasure","StuffTheSpire:Experiment12","GolemAmulet","ReplayTheSpireMod:TigerMarble","aspiration:StickyExplosives_weak","StuffTheSpire:Wildfire","Dream Catcher","hexamod:BolsterEngine","infinitespire:EmpoweringShard","conspire:RoyalGoblet","Thread and Needle","conspire:TreasureMap","hubris:FruitBowl","hubris:EvacipatedBox","FossilizedHelix","halation:PrussianBluePaint","Regal Pillow","wanderingMiniBosses:Blackblade","infinitespire:BottledMercury","Chameleon Ring"],"acts_visited":["Exordium","TheCity","TheBeyond","TheEnding"],"potions_floor_usage":[6,8,10,23,47,55,55],"damage_taken":[{"damage":0,"enemies":"Cultist","floor":1,"turns":3},{"damage":2,"enemies":"Jaw Worm","floor":2,"turns":3},{"damage":4,"enemies":"2 Louse","floor":3,"turns":2},{"damage":12,"enemies":"Exordium Wildlife","floor":4,"turns":7},{"damage":0,"enemies":"3 Louse","floor":5,"turns":3},{"damage":26,"enemies":"Lagavulin","floor":6,"turns":10},{"damage":9,"enemies":"3 Sentries","floor":8,"turns":4},{"damage":15,"enemies":"Lagavulin","floor":10,"turns":7},{"damage":14,"enemies":"3 Sentries","floor":11,"turns":5},{"damage":30,"enemies":"Fading Forest","floor":16,"turns":11},{"damage":9,"enemies":"Shell Parasite","floor":18,"turns":3},{"damage":8,"enemies":"2 Thieves","floor":19,"turns":3},{"damage":21,"enemies":"Gremlin Leader","floor":23,"turns":3},{"damage":2,"enemies":"Replay:Snechameleon","floor":24,"turns":3},{"damage":0,"enemies":"conspire:SneckoGhost","floor":28,"turns":4},{"damage":7,"enemies":"conspire:Head Lice","floor":30,"turns":2},{"damage":0,"enemies":"Nightmare","floor":31,"turns":4},{"damage":10,"enemies":"Collector","floor":33,"turns":4},{"damage":3,"enemies":"3 Shapes","floor":35,"turns":5},{"damage":2,"enemies":"3 Darklings","floor":36,"turns":2},{"damage":2,"enemies":"Nemesis","floor":41,"turns":3},{"damage":0,"enemies":"Giant Head","floor":46,"turns":3},{"damage":0,"enemies":"Sphere and 2 Shapes","floor":47,"turns":4},{"damage":0,"enemies":"Reptomancer","floor":48,"turns":1},{"damage":0,"enemies":"Time Eater","floor":50,"turns":4},{"damage":0,"enemies":"Shield and Spear","floor":54,"turns":3},{"damage":43,"enemies":"The Heart","floor":55,"turns":8}],"seed_played":"5744110693135670635","potions_obtained":[{"floor":1,"key":"blueLaboratory:HorrorPotion"},{"floor":4,"key":"Weak Potion"},{"floor":5,"key":"blueLaboratory:NullPotion"},{"floor":16,"key":"blueLaboratory:Moonshine"},{"floor":23,"key":"blueLaboratory:PhilterOfMotion"},{"floor":30,"key":"blueLaboratory:LouseDecoction"},{"floor":35,"key":"HeartOfIron"},{"floor":41,"key":"ColorlessPotion"}],"is_trial":true,"path_per_floor":["M","M","M","M","M","E","R","E","T","E","E","?","R","$","R","B",null,"M","M","?","AVR","$","E","E","R","T","R","E","?","E","NM","R","B",null,"M","M","$","AVR","$","R","E","R","T","?","R","E","M","E","R","B",null,"R","$","E","B",null],"character_chosen":"IRONCLAD","items_purchased":["Toxic Egg 2","hubris:ReadiedAction+1","Flame Barrier+1","GolemAmulet","Thread and Needle","hubris:FruitBowl","hubris:EvacipatedBox","EssenceOfSteel"],"campfire_rested":2,"item_purchase_floors":[14,14,22,22,37,39,39,53],"current_hp_per_floor":[80,80,80,74,80,60,60,57,57,48,40,43,43,43,43,27,69,66,64,64,64,64,49,53,53,53,53,59,59,82,86,86,82,85,88,88,88,88,50,76,83,83,83,87,87,93,101,105,105,105,105,105,105,105,72],"gold":59,"neow_bonus":"","is_daily":false,"chose_seed":false,"campfire_upgraded":15,"win_rate":0.0,"timestamp":1608072090,"path_taken":["M","M","M","M","?","E","R","E","T","E","E","?","R","$","R","BOSS","M","M","?","AVR","$","E","E","R","T","R","E","?","E","NM","R","BOSS","M","M","$","AVR","?","R","E","R","T","?","R","E","M","E","R","BOSS","R","$","E","BOSS"],"items_purchased_type":["Relic","Card","Card","Relic","Relic","Relic","Relic","Potion"],"build_version":"2020-12-13","purchased_purges":3,"victory":true,"max_hp_per_floor":[80,80,80,80,80,80,80,80,80,80,80,83,83,83,83,83,83,83,83,83,83,83,83,83,83,83,83,83,83,83,86,86,86,86,88,88,88,88,88,88,91,91,91,95,95,95,101,105,105,105,105,105,105,105,109],"card_choices":[{"not_picked":["Evolve","Dual Wield","conspire:Charge"],"picked":"SKIP","floor":1},{"not_picked":["ReplayTheSpireMod:Strike From Hell","Headbutt","ReplayTheSpireMod:Corrosion Curse"],"picked":"SKIP","floor":2},{"not_picked":["Sword Boomerang","Sentinel"],"picked":"Metallicize","floor":3},{"not_picked":["Metallicize","Flex"],"picked":"Thunderclap","floor":4},{"not_picked":["Clash","StuffTheSpire:Slingshot"],"picked":"Spot Weakness","floor":5},{"not_picked":["conspire:ExplosiveBarrier","Sword Boomerang"],"picked":"Offering","floor":6},{"not_picked":["StuffTheSpire:RockThrow","Feel No Pain"],"picked":"Armaments","floor":8},{"not_picked":["Run Through","StuffTheSpire:RockThrow"],"picked":"StuffTheSpire:Slingshot","floor":10},{"not_picked":["Body Slam","Run Through"],"picked":"Uppercut","floor":11},{"not_picked":["Reaper","StuffTheSpire:TitanForm"],"picked":"Demon Form","floor":16},{"not_picked":["True Grit+1","Shrug It Off+1"],"picked":"Twin Strike+1","floor":18},{"not_picked":["Defy Death+1","Feel No Pain+1"],"picked":"Disarm+1","floor":19},{"not_picked":["Dual Wield+1","Hemokinesis"],"picked":"Limit Break+1","floor":23},{"not_picked":["Perfected Strike+1","hubris:SharpeningStone+1"],"picked":"Battle Trance+1","floor":24},{"not_picked":["Flex+1","hubris:CleavingFinish+1","Life Link"],"picked":"SKIP","floor":28},{"not_picked":["Perfected Strike","Burning Pact+1"],"picked":"Wild Strike+1","floor":30},{"not_picked":["Clash+1","StuffTheSpire:Slingshot+1","hubris:ReadiedAction+1"],"picked":"SKIP","floor":31},{"not_picked":["Impervious+1","Brutality"],"picked":"Feed","floor":33},{"not_picked":["StuffTheSpire:BloodClot+1","Seeing Red+1","Flex+1"],"picked":"SKIP","floor":35},{"not_picked":["Havoc+1","ReplayTheSpireMod:Limb From Limb","Sentinel+1"],"picked":"SKIP","floor":36},{"not_picked":["Dark Embrace","StuffTheSpire:Incineration+1","Clothesline"],"picked":"SKIP","floor":41},{"not_picked":["StuffTheSpire:Resist","Anger"],"picked":"Cleave+1","floor":46},{"not_picked":["wanderingMiniBosses:FinaleOfPromise"],"picked":"SKIP","floor":47},{"not_picked":["StuffTheSpire:Incineration+1","Inflame","Clash"],"picked":"SKIP","floor":47},{"not_picked":["StuffTheSpire:Slingshot+1","Entrench+1","Thunderclap"],"picked":"SKIP","floor":48},{"not_picked":["Anger+1","Combust+1"],"picked":"Battle Trance+1","floor":52},{"not_picked":["Whirlwind+1","Hemokinesis","hubris:ReadiedAction+1"],"picked":"SKIP","floor":54}],"player_experience":1708753,"relics_obtained":[{"floor":6,"key":"infinitespire:Midas Blood"},{"floor":8,"key":"Rawhide"},{"floor":10,"key":"Another Sword"},{"floor":11,"key":"Replay:Arrowhead"},{"floor":23,"key":"ReplayTheSpireMod:TigerMarble"},{"floor":24,"key":"aspiration:StickyExplosives_weak"},{"floor":26,"key":"StuffTheSpire:Wildfire"},{"floor":28,"key":"Dream Catcher"},{"floor":30,"key":"hexamod:BolsterEngine"},{"floor":31,"key":"halation:EternalFortune"},{"floor":31,"key":"infinitespire:EmpoweringShard"},{"floor":41,"key":"FossilizedHelix"},{"floor":43,"key":"halation:PrussianBluePaint"},{"floor":46,"key":"Regal Pillow"},{"floor":47,"key":"wanderingMiniBosses:Blackblade"},{"floor":48,"key":"halation:EternalFortune"},{"floor":48,"key":"infinitespire:BottledMercury"},{"floor":54,"key":"Chameleon Ring"}],"event_choices":[{"cards_removed":["Strike_R"],"damage_healed":0,"gold_gain":0,"player_choice":"Give","damage_taken":0,"max_hp_gain":0,"max_hp_loss":0,"event_name":"betterNote:BetterNote","floor":20,"gold_loss":0,"cards_obtained":["Strike_G"]},{"damage_healed":0,"gold_gain":0,"player_choice":"Upgraded Two","damage_taken":0,"max_hp_gain":0,"max_hp_loss":0,"event_name":"Designer","floor":29,"gold_loss":40,"cards_upgraded":["Spot Weakness","Strike_R"]}],"is_beta":false,"boss_relics":[{"not_picked":["aspiration:PoetsPen_weak","Velvet Choker"],"picked":"Abe\u0027s Treasure"},{"not_picked":["aspiration:SecretTechniqueScroll","halation:Yufonium"],"picked":"conspire:RoyalGoblet"}],"items_purged_floors":[21,38,53],"is_endless":true,"potions_floor_spawned":[1,4,5,16,23,30,33,35,41],"ascension_level":5}}