{"host":"bvkbjljjfzajhda9","time":1608042572,"event":{"mods":["2.2 Compatiblity","AchievementEnabler","Act Like it!","Ascension Reborn","Aspiration","BaseMod","Better Altar","Better Match","Better Note","Better Sensory Stone","Better Silent Start","Better Skull","Better Third Choice","Better-Laid Plans","BetterRewards","CCEM","Colored Powertips","Conspire","Custom Start","Defuse TimeMaze Blight","Downfall","Energized Spire","Friendly Minions","GifTheSpireLib","Gold Saver","HexUI Lib","Hubris","Infinite Spire","Minty Spire (QoL Compilation)","Permanent Neow","Prisma Mod","Relic Filter","Replay The Spire","Shop Mod","Small Relic Pack","Spicy Shops","Spikes Relics","StSLib","Transform Curses"],"gold_per_floor":[1110,862,873,650,660,660,678,678,732,751,784,798,816,816,816,920,920,932,932,932,403,420,420,434,434,458,487,366,401,411,421,485,595,595,631,631,480,491,491,491,491,491],"floor_reached":41,"playtime":6042,"items_purged":["hexamod:Strike","hexamod:Strike"],"score":433,"play_id":"3c737d01-0e26-4c4d-86e4-f34379fbb2fb","local_time":"20201215152932","daily_mods":["Heirloom"],"is_ascension_mode":true,"campfire_choices":[{"data":"hexamod:GhostflameBarrier","floor":6,"key":"SMITH"},{"data":"hexamod:SwordOfDarkness","floor":8,"key":"SMITH"},{"data":"hexamod:VolcanoVisage","floor":15,"key":"SMITH"},{"data":"hexamod:ThermalTransfer","floor":23,"key":"SMITH"},{"data":"hexamod:GhostOfSpirePresent","floor":25,"key":"SMITH"},{"data":"hexamod:TimeOfNeed","floor":40,"key":"SMITH"}],"circlet_count":0,"master_deck":["hexamod:Strike","hexamod:Strike","hexamod:Defend","hexamod:Defend","hexamod:Defend","hexamod:Sear","hexamod:Float","hexamod:HauntingEcho","hexamod:GhostflameBarrier+1","hexamod:FirstSeal","hexamod:SwordOfDarkness+1","hexamod:FourthSeal","hexamod:VolcanoVisage+1","hexamod:ChargedBarrage","hexamod:SearingWound","hexamod:GhostOfSpirePresent+1","hexamod:VolcanoVisage+1","hexamod:EmpoweredFlame","hexamod:AdvancingGuard","Replay:Dark Deal","hexamod:ThermalTransfer+1","hexamod:PhantomFireball","Pot Of Greed","Pot Of Greed","hexamod:EmpoweringStance","Pot Of Greed","hexamod:SecondSeal","hexamod:TimeOfNeed+1"],"relics":["hexamod:SpiritBrand","infinitespire:Golems Mask","hexamod:MatchstickCase","relicPack:SpireResearchBook","hubris:TenFootPole","Peace Pipe","Regal Pillow","Grinning Jar","hubris:Teleporter","Membership Card","ShockBauble","Ring of Chaos","Lantern","Replay:Rubber Ducky"],"acts_visited":["Exordium","TheCity","TheBeyond"],"potions_floor_usage":[12,24,29,30,33,38,41],"damage_taken":[{"damage":6,"enemies":"Jaw Worm","floor":1,"turns":3},{"damage":0,"enemies":"conspire:RoseBush","floor":3,"turns":3},{"damage":0,"enemies":"2 Louse","floor":5,"turns":3},{"damage":2,"enemies":"conspire:2 RoseBushes","floor":7,"turns":4},{"damage":4,"enemies":"Looter","floor":10,"turns":2},{"damage":16,"enemies":"Gremlin Nob","floor":11,"turns":4},{"damage":2,"enemies":"Exordium Wildlife","floor":12,"turns":4},{"damage":4,"enemies":"3 Louse","floor":13,"turns":3},{"damage":4,"enemies":"Hexaghost","floor":16,"turns":6},{"damage":0,"enemies":"Spheric Guardian","floor":18,"turns":2},{"damage":1,"enemies":"3 Byrds","floor":22,"turns":6},{"damage":0,"enemies":"Snecko","floor":24,"turns":5},{"damage":9,"enemies":"conspire:SneckoGhost","floor":27,"turns":6},{"damage":3,"enemies":"conspire:Head Lice","floor":29,"turns":6},{"damage":3,"enemies":"Centurion and Healer","floor":30,"turns":5},{"damage":0,"enemies":"conspire:HollyBat","floor":31,"turns":6},{"damage":3,"enemies":"Champ","floor":33,"turns":10},{"damage":12,"enemies":"Orb Walker","floor":35,"turns":6},{"damage":12,"enemies":"3 Darklings","floor":38,"turns":5},{"damage":59,"enemies":"Reptomancer","floor":41,"turns":3}],"seed_played":"-5489387867299737348","potions_obtained":[{"floor":1,"key":"SteroidPotion"},{"floor":5,"key":"Doom Potion"},{"floor":11,"key":"Elixir"},{"floor":13,"key":"Block Potion"},{"floor":18,"key":"SteroidPotion"},{"floor":27,"key":"BlessingOfTheForge"},{"floor":29,"key":"Weak Potion"},{"floor":31,"key":"LifebloodPotion"},{"floor":33,"key":"hexamod:DoubleChargePotion"},{"floor":35,"key":"Block Potion"}],"is_trial":true,"path_per_floor":["M","$","M","$","M","R","M","R","T","M","E","M","M","?","R","B",null,"M","?","?","$","M","R","M","R","T","E","$","E","M","M","R","B",null,"M","?","$","M","?","R","E"],"character_chosen":"THE_SPIRIT","items_purchased":["hexamod:MatchstickCase","hexamod:GhostflameBarrier","relicPack:SpireResearchBook","hexamod:FirstSeal","hexamod:EmpoweredFlame","hexamod:AdvancingGuard","Replay:Dark Deal","hexamod:ThermalTransfer","hexamod:PhantomFireball","Membership Card","Lantern","Replay:Rubber Ducky"],"campfire_rested":0,"item_purchase_floors":[2,2,4,4,21,21,21,21,21,28,37,37],"current_hp_per_floor":[64,64,64,64,70,70,68,68,68,64,55,53,56,56,56,59,70,70,70,70,70,69,69,69,69,69,60,60,57,61,61,61,58,70,62,62,62,50,50,50,0,0],"gold":491,"neow_bonus":"","is_daily":false,"chose_seed":false,"campfire_upgraded":6,"win_rate":0.0,"timestamp":1608042572,"path_taken":["M","$","M","$","M","R","M","R","T","M","E","M","M","?","R","BOSS","M","?","?","$","M","R","M","R","T","E","?","E","M","?","R","BOSS","M","?","$","M","?","R","E"],"items_purchased_type":["Relic","Card","Relic","Card","Card","Card","Card","Card","Card","Relic","Relic","Relic"],"build_version":"2020-12-13","purchased_purges":2,"victory":false,"max_hp_per_floor":[70,70,70,70,70,70,70,70,70,70,70,70,70,70,70,70,70,70,70,70,70,70,70,70,70,70,70,70,70,70,70,70,70,70,70,70,70,70,70,70,70,70],"card_choices":[{"not_picked":["hexamod:NightmareGuise","hexamod:FourthSeal"],"picked":"hexamod:HauntingEcho","floor":1},{"not_picked":["hexamod:ThermalTransfer","hexamod:BurningTouch","hexamod:Firestarter"],"picked":"SKIP","floor":3},{"not_picked":["hexamod:Incineration","hexamod:BurningTouch","hexamod:CatchUp"],"picked":"SKIP","floor":5},{"not_picked":["hexamod:NightmareStrike","hexamod:HeatCrush"],"picked":"hexamod:SwordOfDarkness","floor":7},{"not_picked":["hexamod:RecurringNightmare","hexamod:Firestarter"],"picked":"hexamod:FourthSeal","floor":10},{"not_picked":["hexamod:RetreatToShadows","hexamod:RainOfEmbers"],"picked":"hexamod:VolcanoVisage","floor":11},{"not_picked":["hexamod:Hexaguard","hexamod:NightmareStrike"],"picked":"hexamod:ChargedBarrage","floor":12},{"not_picked":["hexamod:GhostOfSpireFuture","hexamod:ChargedBarrage","hexamod:InspiringFlames"],"picked":"SKIP","floor":13},{"not_picked":["hexamod:UnleashSpirits","hexamod:CrushingStance"],"picked":"hexamod:SearingWound","floor":16},{"not_picked":["hexamod:HeatMetal+1","hexamod:Incineration+1"],"picked":"hexamod:GhostOfSpirePresent","floor":18},{"not_picked":["hexamod:CatchUp+1","hexamod:HauntingEcho+1","hexamod:ExtraCrispy"],"picked":"SKIP","floor":22},{"not_picked":["hexamod:NightmareGuise","hexamod:NightmareStrike","hexamod:Hexaguard+1"],"picked":"SKIP","floor":24},{"not_picked":["hexamod:RadiantFlame","hexamod:RetreatToShadows"],"picked":"hexamod:EmpoweringStance","floor":27},{"not_picked":["hexamod:PhantomCloak","hexamod:BurningTouch","hexamod:FastForward+1"],"picked":"SKIP","floor":29},{"not_picked":["hexamod:GhostShield+1","hexamod:GhostOfSpirePast"],"picked":"hexamod:SecondSeal","floor":30},{"not_picked":["hexamod:InspiringFlames+1","hexamod:HauntingEcho","hexamod:ShieldOfDarkness"],"picked":"SKIP","floor":31},{"not_picked":["hexamod:InspiringFlames+1","hexamod:HauntingEcho","hexamod:ShieldOfDarkness"],"picked":"SKIP","floor":31},{"not_picked":["hexamod:VolcanoVisage","hexamod:UnleashSpirits"],"picked":"hexamod:TimeOfNeed","floor":33},{"not_picked":["hexamod:PhantomCloak+1","hexamod:Again+1","hexamod:Hexaguard"],"picked":"SKIP","floor":35},{"not_picked":["hexamod:FourthSeal","hexamod:ChargedBarrage+1","hexamod:HeatMetal+1"],"picked":"SKIP","floor":38}],"player_experience":171639,"relics_obtained":[{"floor":9,"key":"hubris:TenFootPole"},{"floor":11,"key":"Peace Pipe"},{"floor":14,"key":"Regal Pillow"},{"floor":26,"key":"Grinning Jar"},{"floor":27,"key":"hubris:Teleporter"},{"floor":29,"key":"ShockBauble"}],"event_choices":[{"damage_healed":0,"gold_gain":0,"player_choice":"Copied","damage_taken":0,"max_hp_gain":0,"max_hp_loss":0,"event_name":"Duplicator","floor":19,"gold_loss":0,"cards_obtained":["hexamod:VolcanoVisage"]},{"cards_removed":["hexamod:Defend"],"damage_healed":0,"gold_gain":0,"player_choice":"Purged","damage_taken":0,"max_hp_gain":0,"max_hp_loss":0,"event_name":"Purifier","floor":20,"gold_loss":0},{"damage_healed":0,"gold_gain":0,"player_choice":"Ignored","damage_taken":0,"max_hp_gain":0,"max_hp_loss":0,"event_name":"Tomb of Lord Red Mask","floor":36,"gold_loss":0}],"is_beta":false,"boss_relics":[{"not_picked":["conspire:RunicOctahedron","aspiration:PoetsPen","Philosopher\u0027s Stone"]},{"not_picked":["Pandora\u0027s Box","infinitespire:Cupcake"],"picked":"Ring of Chaos"}],"items_purged_floors":[21,28],"is_endless":false,"potions_floor_spawned":[1,5,11,13,18,27,31,33,35],"killed_by":"Reptomancer","ascension_level":0}}