{"host":"61pxv8qo5t6mwz68","time":1608073136,"event":{"mods":["BaseMod","Block Reminder","Colored Map","Highlight Path","Minty Spire (QoL Compilation)","Permanent Neow"],"gold_per_floor":[109,125,136,136,211,245,245,102,102,102,120,135,135,170,170,268,268,281,301,319,319,335,335,365,365,365,383,383,393,407,407,407,407,407],"floor_reached":33,"playtime":2810,"items_purged":[],"score":279,"play_id":"066bb229-1a8b-474a-a4a2-1b60e863aa26","local_time":"20201215175856","is_ascension_mode":false,"campfire_choices":[{"floor":7,"key":"REST"},{"floor":10,"key":"REST"},{"data":"Crippling Poison","floor":13,"key":"SMITH"},{"floor":15,"key":"REST"},{"floor":23,"key":"REST"},{"floor":25,"key":"REST"},{"floor":28,"key":"REST"},{"floor":32,"key":"REST"}],"circlet_count":0,"master_deck":["Strike_G","Strike_G","Strike_G","Strike_G","Strike_G","Defend_G","Survivor","Neutralize","Expertise","Prepared","Flying Knee","Eviscerate","Dagger Throw","Adrenaline","Noxious Fumes","Bullet Time","Crippling Poison+1","Bouncing Flask","Adrenaline","Escape Plan+1","Night Terror+1","Bullet Time+1","Terror","Deadly Poison","Backflip","Bandage Up","Forethought","Blur","Finisher","Masterful Stab","Outmaneuver+1","Quick Slash","Writhe"],"relics":["Ring of the Snake","Calipers","Pocketwatch","Paper Crane","Astrolabe","WingedGreaves","Blood Vial","Bag of Marbles"],"acts_visited":["Exordium","TheCity"],"potions_floor_usage":[6,16,24,29,30,33],"damage_taken":[{"damage":5,"enemies":"Small Slimes","floor":1,"turns":4},{"damage":6,"enemies":"2 Louse","floor":2,"turns":3},{"damage":9,"enemies":"Cultist","floor":3,"turns":4},{"damage":38,"enemies":"Lagavulin","floor":6,"turns":7},{"damage":0,"enemies":"Blue Slaver","floor":11,"turns":2},{"damage":0,"enemies":"3 Louse","floor":12,"turns":3},{"damage":22,"enemies":"3 Sentries","floor":14,"turns":8},{"damage":7,"enemies":"Slime Boss","floor":16,"turns":10},{"damage":13,"enemies":"2 Thieves","floor":18,"turns":3},{"damage":0,"enemies":"3 Byrds","floor":19,"turns":4},{"damage":7,"enemies":"Centurion and Healer","floor":20,"turns":6},{"damage":19,"enemies":"Snake Plant","floor":22,"turns":3},{"damage":18,"enemies":"Book of Stabbing","floor":24,"turns":5},{"damage":47,"enemies":"Cultist and Chosen","floor":27,"turns":7},{"damage":29,"enemies":"Centurion and Healer","floor":29,"turns":7},{"damage":12,"enemies":"Snake Plant","floor":30,"turns":3},{"damage":44,"enemies":"Collector","floor":33,"turns":5}],"seed_played":"6783236048542303160","potions_obtained":[{"floor":1,"key":"Regen Potion"},{"floor":11,"key":"ColorlessPotion"},{"floor":16,"key":"Weak Potion"},{"floor":18,"key":"SneckoOil"},{"floor":20,"key":"DuplicationPotion"},{"floor":24,"key":"Strength Potion"},{"floor":30,"key":"Explosive Potion"}],"is_trial":false,"path_per_floor":["M","M","M","?","?","E","R","$","T","R","M","M","R","E","R","B",null,"M","M","M","?","M","R","E","R","T","M","R","M","M","?","R","B"],"character_chosen":"THE_SILENT","items_purchased":["Adrenaline","Noxious Fumes"],"campfire_rested":7,"item_purchase_floors":[8,8],"current_hp_per_floor":[65,59,50,43,32,9,30,30,30,51,51,51,51,29,50,43,70,57,57,50,31,12,33,19,40,40,11,32,9,3,3,24,0,0],"gold":407,"neow_bonus":"THREE_CARDS","is_daily":false,"chose_seed":false,"campfire_upgraded":1,"win_rate":0.0,"timestamp":1608073136,"path_taken":["M","M","M","?","?","E","R","$","T","R","M","M","R","E","R","BOSS","M","M","M","?","M","R","E","R","T","M","R","M","?","?","R","BOSS"],"items_purchased_type":["Card","Card"],"build_version":"2020-12-13","purchased_purges":0,"victory":false,"max_hp_per_floor":[70,70,70,70,70,70,70,70,70,70,70,70,70,70,70,70,70,70,70,70,70,70,70,70,70,70,70,70,70,70,70,70,70,70],"card_choices":[{"not_picked":["Sucker Punch","Heel Hook"],"picked":"Expertise","floor":0},{"not_picked":["Well Laid Plans","Acrobatics"],"picked":"Prepared","floor":1},{"not_picked":["Dagger Spray","Sucker Punch"],"picked":"Flying Knee","floor":2},{"not_picked":["Dagger Throw","Deflect"],"picked":"Eviscerate","floor":3},{"not_picked":["Predator","PiercingWail"],"picked":"Dagger Throw","floor":6},{"not_picked":["Quick Slash","Acrobatics"],"picked":"Bullet Time","floor":11},{"not_picked":["Escape Plan","Heel Hook"],"picked":"Crippling Poison","floor":12},{"not_picked":["Flechettes","Outmaneuver"],"picked":"Bouncing Flask","floor":14},{"not_picked":["Tools of the Trade","Die Die Die"],"picked":"Adrenaline","floor":16},{"not_picked":["Dagger Throw+1","Flechettes"],"picked":"Terror","floor":18},{"not_picked":["Deflect","Underhanded Strike+1"],"picked":"Deadly Poison","floor":19},{"not_picked":["Prepared","Acrobatics"],"picked":"Backflip","floor":20},{"not_picked":["Deadly Poison","Dash+1"],"picked":"Blur","floor":22},{"not_picked":["Expertise","Dagger Spray"],"picked":"Finisher","floor":24},{"not_picked":["Outmaneuver","Deflect"],"picked":"Masterful Stab","floor":27},{"not_picked":["Caltrops","Slice"],"picked":"Outmaneuver+1","floor":29},{"not_picked":["Terror","Masterful Stab"],"picked":"Quick Slash","floor":30}],"player_experience":12877,"relics_obtained":[{"floor":6,"key":"Calipers"},{"floor":9,"key":"Pocketwatch"},{"floor":14,"key":"Paper Crane"},{"floor":24,"key":"WingedGreaves"},{"floor":26,"key":"Blood Vial"}],"event_choices":[{"cards_removed":["Defend_G"],"damage_healed":0,"gold_gain":0,"player_choice":"Card Removal","damage_taken":7,"max_hp_gain":0,"max_hp_loss":0,"event_name":"Golden Wing","floor":4,"gold_loss":0},{"damage_healed":0,"gold_gain":75,"player_choice":"Gather Gold","damage_taken":11,"max_hp_gain":0,"max_hp_loss":0,"event_name":"World of Goop","floor":5,"gold_loss":0},{"damage_healed":0,"gold_gain":0,"player_choice":"CARD CARD ","damage_taken":19,"max_hp_gain":0,"max_hp_loss":0,"event_name":"Knowing Skull","floor":21,"potions_obtained":[],"gold_loss":0,"cards_obtained":["Bandage Up","Forethought"]},{"damage_healed":0,"gold_gain":0,"player_choice":"Opened","damage_taken":0,"relics_obtained":["Bag of Marbles"],"max_hp_gain":0,"max_hp_loss":0,"event_name":"The Mausoleum","floor":31,"gold_loss":0,"cards_obtained":["Writhe"]}],"is_beta":false,"boss_relics":[{"not_picked":["Cursed Key","HoveringKite"],"picked":"Astrolabe"}],"items_purged_floors":[],"is_endless":false,"potions_floor_spawned":[1,11,16,18,20,24,30],"killed_by":"Collector","ascension_level":0}}