{"host":"e4hse1vg61zltgzv","time":1608035300,"event":{"mods":["AchievementEnabler","BaseMod","Block Reminder","Colored Map","DeckTracker","GifTheSpireLib","Minty Spire (QoL Compilation)","Rare Cards Sparkle","StSLib","SuperFastMode","everything is the same but u backflip on backflip"],"gold_per_floor":[20,31,31,31,79,118,137,158,182,232,248,284,184,218,218,311,311,324,274,299,136,155,155,194,230,230,266,266,286,286,330,330,424,487,502,515,573,209,224,268,599,640,667,701,715,715,715,715,715,715,715,715,715,40,78,78,78],"floor_reached":56,"playtime":798,"items_purged":["Defend_G","Defend_G","Neutralize"],"score":3137,"play_id":"691b9855-716b-4296-a096-56501018e6f5","local_time":"20201215212820","is_ascension_mode":true,"campfire_choices":[{"data":"Well Laid Plans","floor":15.0,"key":"SMITH"},{"data":"Adrenaline","floor":23.0,"key":"SMITH"},{"data":"Prepared","floor":30.0,"key":"SMITH"},{"data":"Grand Finale","floor":32.0,"key":"SMITH"},{"floor":46.0,"key":"RECALL"},{"floor":49.0,"key":"REST"},{"floor":53.0,"key":"REST"}],"circlet_count":0,"master_deck":["Grand Finale+1","Escape Plan+1","Reflex+1","Well Laid Plans+1","Adrenaline+1","Prepared+1"],"relics":["Ring of the Snake","Singing Bowl","Golden Idol","Akabeko","Omamori","War Paint","Black Star","Calling Bell","Smiling Mask","Ornamental Fan","WingedGreaves","Tiny Chest","InkBottle","Blood Vial","Prayer Wheel","MealTicket","Eternal Feather","Molten Egg 2","Toxic Egg 2","The Courier","Pear","Tiny House","Unceasing Top","Lee\u0027s Waffle","Gremlin Horn","FossilizedHelix","Matryoshka","Old Coin","Sundial","Bag of Marbles","CeramicFish","Tough Bandages","Centennial Puzzle","Boot","Anchor","The Courier","Bottled Lightning","Mercury Hourglass","Strawberry","Toy Ornithopter","Happy Flower","Bronze Scales"],"acts_visited":["Exordium","TheCity","TheBeyond","TheEnding"],"potions_floor_usage":[],"damage_taken":[{"damage":0.0,"enemies":"Jaw Worm","floor":1.0,"turns":1.0},{"damage":0.0,"enemies":"2 Louse","floor":2.0,"turns":1.0},{"damage":0.0,"enemies":"Gremlin Nob","floor":6.0,"turns":1.0},{"damage":0.0,"enemies":"Cultist","floor":7.0,"turns":1.0},{"damage":0.0,"enemies":"Exordium Thugs","floor":8.0,"turns":1.0},{"damage":0.0,"enemies":"2 Fungi Beasts","floor":11.0,"turns":1.0},{"damage":0.0,"enemies":"Lagavulin","floor":12.0,"turns":2.0},{"damage":0.0,"enemies":"3 Sentries","floor":14.0,"turns":1.0},{"damage":0.0,"enemies":"Slime Boss","floor":16.0,"turns":1.0},{"damage":0.0,"enemies":"Spheric Guardian","floor":18.0,"turns":1.0},{"damage":0.0,"enemies":"Shell Parasite","floor":20.0,"turns":1.0},{"damage":0.0,"enemies":"Centurion and Healer","floor":22.0,"turns":1.0},{"damage":0.0,"enemies":"Slavers","floor":24.0,"turns":1.0},{"damage":0.0,"enemies":"Book of Stabbing","floor":25.0,"turns":1.0},{"damage":0.0,"enemies":"Slavers","floor":27.0,"turns":1.0},{"damage":0.0,"enemies":"Sentry and Sphere","floor":29.0,"turns":1.0},{"damage":0.0,"enemies":"Book of Stabbing","floor":31.0,"turns":1.0},{"damage":0.0,"enemies":"Collector","floor":33.0,"turns":1.0},{"damage":0.0,"enemies":"Orb Walker","floor":35.0,"turns":1.0},{"damage":0.0,"enemies":"3 Darklings","floor":36.0,"turns":1.0},{"damage":0.0,"enemies":"2 Orb Walkers","floor":37.0,"turns":1.0},{"damage":0.0,"enemies":"Maw","floor":39.0,"turns":1.0},{"damage":0.0,"enemies":"Nemesis","floor":40.0,"turns":1.0},{"damage":0.0,"enemies":"Mind Bloom Boss Battle","floor":41.0,"turns":1.0},{"damage":0.0,"enemies":"Reptomancer","floor":42.0,"turns":1.0},{"damage":0.0,"enemies":"Giant Head","floor":44.0,"turns":1.0},{"damage":0.0,"enemies":"Sphere and 2 Shapes","floor":45.0,"turns":1.0},{"damage":0.0,"enemies":"Time Eater","floor":50.0,"turns":1.0},{"damage":0.0,"enemies":"Awakened One","floor":51.0,"turns":2.0},{"damage":0.0,"enemies":"Shield and Spear","floor":55.0,"turns":1.0},{"damage":0,"enemies":"The Heart","floor":56,"turns":1}],"seed_played":"-8269336069050994676","potions_obtained":[{"floor":1.0,"key":"SpeedPotion"},{"floor":2.0,"key":"PowerPotion"}],"is_trial":false,"path_per_floor":["M","M","?","?","$","E","M","M","T","?","M","E","$","E","R","B",null,"M","$","M","$","M","R","E","E","T","E","?","M","R","E","R","B",null,"M","M","?","$","M","E","?","E","T","E","M","R","T","?","R","B","B",null,"R","$","E","B"],"character_chosen":"THE_SILENT","items_purchased":["Reflex","Tiny Chest","Lee\u0027s Waffle","Gremlin Horn","Bottled Lightning","Mercury Hourglass","Strawberry","Toy Ornithopter"],"campfire_rested":2,"item_purchase_floors":[5,21,38,38,54,54,54,54],"current_hp_per_floor":[61,61,38,31,31,33,33,35,35,28,30,32,32,34,34,34,67,69,69,71,71,73,73,73,77,77,81,81,87,90,104,104,106,113,117,121,123,130,134,136,138,140,140,142,146,146,146,139,139,139,139,139,139,146,148,148,148],"gold":78,"neow_bonus":"THREE_RARE_CARDS","is_daily":false,"chose_seed":false,"campfire_upgraded":4,"win_rate":0.0,"timestamp":1608035300,"path_taken":["M","M","?","?","?","E","?","M","T","?","M","E","?","E","R","BOSS","M","$","M","$","M","R","E","E","T","E","?","M","R","E","R","BOSS","M","M","?","$","M","E","?","E","T","E","M","R","?","?","R","BOSS","BOSS","R","$","E","BOSS"],"items_purchased_type":["Card","Relic","Relic","Relic","Relic","Relic","Relic","Relic"],"build_version":"2020-12-13","purchased_purges":3,"victory":false,"max_hp_per_floor":[68,68,68,68,68,70,70,72,72,72,74,76,76,78,78,78,78,80,80,82,82,84,84,84,86,86,88,88,92,92,104,104,106,113,117,121,123,130,134,136,138,140,140,142,146,146,146,139,139,139,139,139,139,146,148,148,148],"card_choices":[{"not_picked":["Wraith Form v2","Adrenaline"],"picked":"Grand Finale","floor":0.0},{"not_picked":["Dodge and Roll","Flying Knee","Finisher"],"picked":"Singing Bowl","floor":1.0},{"not_picked":["Riddle With Holes","Deadly Poison"],"picked":"Escape Plan","floor":2.0},{"not_picked":["Deadly Poison","Dagger Spray","Bane"],"picked":"Singing Bowl","floor":6.0},{"not_picked":["Sucker Punch","Footwork"],"picked":"Well Laid Plans","floor":7.0},{"not_picked":["Deadly Poison","Prepared","Backflip"],"picked":"Singing Bowl","floor":8.0},{"not_picked":["PiercingWail","Deflect","Underhanded Strike"],"picked":"Singing Bowl","floor":11.0},{"not_picked":["Prepared","Underhanded Strike","Slice"],"picked":"Singing Bowl","floor":12.0},{"not_picked":["Dagger Spray","Eviscerate","Skewer"],"picked":"Singing Bowl","floor":14.0},{"not_picked":["Venomology","Tools of the Trade"],"picked":"Adrenaline","floor":16.0},{"not_picked":["Dagger Throw+1","Bane","Acrobatics"],"picked":"Singing Bowl","floor":18.0},{"not_picked":["Poisoned Stab","Caltrops","Footwork"],"picked":"Singing Bowl","floor":20.0},{"not_picked":["Concentrate","Backflip","Terror"],"picked":"Singing Bowl","floor":22.0},{"not_picked":["Dagger Spray","Quick Slash"],"picked":"Prepared","floor":24.0},{"not_picked":["Backflip","Flying Knee","Flechettes"],"picked":"Singing Bowl","floor":25.0},{"not_picked":["Masterful Stab+1","Grand Finale+1","Sucker Punch+1"],"picked":"Singing Bowl","floor":27.0},{"not_picked":["Catalyst+1","Backstab+1","Cloak And Dagger+1"],"picked":"Singing Bowl","floor":29.0},{"not_picked":["Noxious Fumes","Flying Knee+1","Reflex+1"],"picked":"Singing Bowl","floor":29.0},{"not_picked":["Backflip+1","Flechettes+1","Dodge and Roll+1"],"picked":"Singing Bowl","floor":31.0},{"not_picked":["Adrenaline+1","Storm of Steel+1","Corpse Explosion+1"],"picked":"Singing Bowl","floor":33.0},{"not_picked":["Cloak And Dagger+1","Slice+1","Eviscerate+1"],"picked":"Singing Bowl","floor":34.0},{"not_picked":["Footwork+1","All Out Attack+1","Cloak And Dagger+1"],"picked":"Singing Bowl","floor":35.0},{"not_picked":["Cloak And Dagger+1","Masterful Stab+1","Poisoned Stab+1"],"picked":"Singing Bowl","floor":35.0},{"not_picked":["Dagger Spray+1","Prepared+1","Deflect+1"],"picked":"Singing Bowl","floor":36.0},{"not_picked":["Cloak And Dagger+1","Quick Slash+1","Die Die Die+1"],"picked":"Singing Bowl","floor":36.0},{"not_picked":["Setup+1","Choke+1","Prepared+1"],"picked":"Singing Bowl","floor":37.0},{"not_picked":["Accuracy","Choke+1","Sucker Punch+1"],"picked":"Singing Bowl","floor":39.0},{"not_picked":["Outmaneuver+1","Well Laid Plans","Slice+1"],"picked":"Singing Bowl","floor":39.0},{"not_picked":["Deflect+1","Glass Knife+1","Quick Slash+1"],"picked":"Singing Bowl","floor":40.0},{"not_picked":["Riddle With Holes+1","Expertise+1","Dodge and Roll+1"],"picked":"Singing Bowl","floor":41.0},{"not_picked":["Leg Sweep+1","Dagger Spray+1","Dagger Throw+1"],"picked":"Singing Bowl","floor":42.0},{"not_picked":["All Out Attack+1","Sucker Punch+1","Accuracy"],"picked":"Singing Bowl","floor":44.0},{"not_picked":["Flying Knee+1","Crippling Poison+1","Bane+1"],"picked":"Singing Bowl","floor":45.0},{"not_picked":["Dagger Spray+1","Crippling Poison+1","Flechettes+1"],"picked":"Singing Bowl","floor":45.0},{"not_picked":["Outmaneuver+1","Terror+1","Acrobatics+1"],"picked":"Singing Bowl","floor":55.0}],"player_experience":737426,"relics_obtained":[{"floor":6.0,"key":"Akabeko"},{"floor":12.0,"key":"Omamori"},{"floor":14.0,"key":"War Paint"},{"floor":17.0,"key":"Smiling Mask"},{"floor":17.0,"key":"Ornamental Fan"},{"floor":17.0,"key":"WingedGreaves"},{"floor":24.0,"key":"InkBottle"},{"floor":24.0,"key":"Blood Vial"},{"floor":25.0,"key":"Prayer Wheel"},{"floor":25.0,"key":"MealTicket"},{"floor":26.0,"key":"Eternal Feather"},{"floor":27.0,"key":"Molten Egg 2"},{"floor":27.0,"key":"Toxic Egg 2"},{"floor":31.0,"key":"The Courier"},{"floor":31.0,"key":"Pear"},{"floor":37.0,"key":"Unceasing Top"},{"floor":40.0,"key":"FossilizedHelix"},{"floor":40.0,"key":"Matryoshka"},{"floor":41.0,"key":"Old Coin"},{"floor":42.0,"key":"Ninja Scroll"},{"floor":42.0,"key":"Sundial"},{"floor":43.0,"key":"Bag of Marbles"},{"floor":43.0,"key":"CeramicFish"},{"floor":44.0,"key":"Tough Bandages"},{"floor":44.0,"key":"Centennial Puzzle"},{"floor":47.0,"key":"Boot"},{"floor":47.0,"key":"Anchor"},{"floor":55.0,"key":"Happy Flower"},{"floor":55.0,"key":"Bronze Scales"}],"event_choices":[{"damage_healed":0.0,"max_hp_gain":0.0,"max_hp_loss":0.0,"gold_gain":0.0,"event_name":"Golden Idol","player_choice":"Take Damage","floor":3.0,"gold_loss":0.0,"damage_taken":23.0,"relics_obtained":["Golden Idol"]},{"cards_removed":["Defend_G"],"damage_healed":0.0,"max_hp_gain":0.0,"max_hp_loss":0.0,"gold_gain":0.0,"event_name":"Golden Wing","player_choice":"Card Removal","floor":4.0,"gold_loss":0.0,"damage_taken":7.0},{"damage_healed":0.0,"max_hp_gain":0.0,"max_hp_loss":0.0,"gold_gain":50.0,"event_name":"FaceTrader","player_choice":"Touch","floor":10.0,"gold_loss":0.0,"damage_taken":7.0},{"cards_removed":["Survivor"],"damage_healed":0.0,"max_hp_gain":0.0,"max_hp_loss":0.0,"gold_gain":0.0,"event_name":"Back to Basics","player_choice":"Elegance","floor":28.0,"gold_loss":0.0,"damage_taken":0.0},{"damage_healed":0.0,"max_hp_gain":0.0,"max_hp_loss":0.0,"gold_gain":0.0,"event_name":"Mysterious Sphere","player_choice":"Fight","floor":37.0,"gold_loss":0.0,"damage_taken":0.0},{"damage_healed":0.0,"max_hp_gain":0.0,"max_hp_loss":0.0,"gold_gain":0.0,"event_name":"MindBloom","player_choice":"Fight","floor":41.0,"gold_loss":0.0,"damage_taken":0.0},{"damage_healed":0.0,"max_hp_gain":0.0,"max_hp_loss":7.0,"gold_gain":0.0,"event_name":"Winding Halls","player_choice":"Max HP","floor":48.0,"gold_loss":0.0,"damage_taken":0.0}],"is_beta":false,"boss_relics":[{"not_picked":["Calling Bell","Runic Dome"],"picked":"Black Star"},{"not_picked":["Velvet Choker","Ring of the Serpent"],"picked":"Tiny House"}],"items_purged_floors":[5,13,19],"is_endless":false,"potions_floor_spawned":[1,2,14,16,18,25,31,35,40,42,44,55],"killed_by":"The Heart","ascension_level":20}}