{"host":"5g4swet0bj9kkdb5","time":1608076524,"event":{"mods":["Aspiration","BaseMod","Better Altar","Better Note","BetterRewards","Colored Map","Colored Powertips","DeckTracker","Highlight Path","Hubris","Infinite Spire","Minty Spire (QoL Compilation)","Quick Restart","Random Character Button","Rare Cards Sparkle","Relic Sorter","Replay The Spire","StSLib","SuperFastMode","Synergy Search","The Cursed","The Disciple","The IronCluck","The Jungle","The Runesmith","The Servant 0.9.4","Waifu the Spire"],"gold_per_floor":[117,117,131,131,131,156,174,174,223,223,240,252,252,252,252],"floor_reached":14,"playtime":1045,"items_purged":[],"score":90,"play_id":"5e7b7887-72d4-45d9-9c9a-1031b9644af9","local_time":"20201215185524","is_ascension_mode":false,"campfire_choices":[{"floor":8,"key":"REST"},{"floor":13,"key":"REST"}],"circlet_count":0,"master_deck":["Strike_S","Strike_S","Strike_S","Defend_S","Defend_S","Defend_S","Defend_S","KidneyShot","Exchange","BestPractice","Rearm","LightFlow","DualDimension","Barrier","Defy","DoubleEdge","RealityMarble"],"relics":["Uniform","Gambling Chip"],"acts_visited":["Exordium"],"potions_floor_usage":[],"damage_taken":[{"damage":0,"enemies":"Jaw Worm","floor":1,"turns":4},{"damage":5,"enemies":"2 Louse","floor":3,"turns":3},{"damage":50,"enemies":"Gremlin Nob","floor":6,"turns":6},{"damage":8,"enemies":"Small Slimes","floor":7,"turns":3},{"damage":12,"enemies":"3 Louse","floor":11,"turns":4},{"damage":7,"enemies":"Blue Slaver","floor":12,"turns":3},{"damage":30,"enemies":"3 Sentries","floor":14,"turns":4}],"seed_played":"-3989064640416111277","potions_obtained":[{"floor":6,"key":"DuplicationPotion"},{"floor":12,"key":"Block Potion"}],"is_trial":false,"path_per_floor":["M","?","M","?","?","E","M","R","T","?","M","M","R","E"],"character_chosen":"THE_SERVANT","items_purchased":[],"campfire_rested":2,"item_purchase_floors":[],"current_hp_per_floor":[65,65,60,60,65,15,7,28,28,28,16,9,30,0,0],"gold":252,"neow_bonus":"","is_daily":false,"chose_seed":false,"campfire_upgraded":0,"win_rate":0.0,"timestamp":1608076524,"path_taken":["M","?","M","?","?","E","M","R","T","?","?","M","R","E"],"items_purchased_type":[],"build_version":"2020-12-13","purchased_purges":0,"victory":false,"max_hp_per_floor":[65,65,65,65,70,70,70,70,70,70,70,70,70,70,70],"card_choices":[{"not_picked":["SurpressingFire","Starlight"],"picked":"BestPractice","floor":1},{"not_picked":["Replace","Unruled"],"picked":"Rearm","floor":3},{"not_picked":["Shuttle","RealityMarble"],"picked":"DualDimension","floor":6},{"not_picked":["Comet","RealityMarble"],"picked":"Barrier","floor":7},{"not_picked":["Alleviate","Barrier"],"picked":"DoubleEdge","floor":11},{"not_picked":["DualDimension","Defy"],"picked":"RealityMarble","floor":12}],"player_experience":113941,"relics_obtained":[{"floor":6,"key":"Gambling Chip"}],"event_choices":[{"damage_healed":0,"gold_gain":0,"cards_transformed":["Strike_S"],"player_choice":"Change","damage_taken":0,"max_hp_gain":0,"max_hp_loss":0,"event_name":"Living Wall","floor":4,"gold_loss":0,"cards_obtained":["LightFlow"]},{"damage_healed":0,"gold_gain":0,"player_choice":"Donut","damage_taken":0,"max_hp_gain":5,"max_hp_loss":0,"event_name":"Big Fish","floor":5,"gold_loss":0}],"is_beta":false,"boss_relics":[],"items_purged_floors":[],"is_endless":false,"potions_floor_spawned":[6,12],"killed_by":"3 Sentries","ascension_level":0}}