{"host":"tbhNathan","time":1608038272,"event":{"mods":["AchievementEnabler","BaseMod","Better Third Choice","Highlight Path","Minty Spire (QoL Compilation)","StSLib"],"gold_per_floor":[110,121,133,133,145,145,180,28,28,0,0,26,46,32,32,133,133,147,147,166,166,166,166,195,34,34,34,34,34,52,52,52,52,52],"floor_reached":33,"playtime":2970,"items_purged":[],"score":296,"play_id":"9e5a396f-3ba4-4cc2-8c4e-d99e0f56726d","local_time":"20201215131752","is_ascension_mode":false,"campfire_choices":[{"data":"ClearTheMind","floor":6,"key":"SMITH"},{"floor":11,"key":"REST"},{"floor":15,"key":"REST"},{"floor":23,"key":"REST"},{"floor":28,"key":"REST"},{"floor":32,"key":"REST"}],"circlet_count":0,"master_deck":["Strike_P","Strike_P","Strike_P","Strike_P","Defend_P","Defend_P","Defend_P","Defend_P","Eruption+1","Vigilance","FollowUp","FlurryOfBlows","CrushJoints","ClearTheMind+1","FlurryOfBlows","Eruption+1","Collect","SashWhip+1","FlurryOfBlows","DeusExMachina","FlurryOfBlows","BattleHymn+1","Vengeance","DeusExMachina","ThirdEye"],"relics":["PureWater","Juzu Bracelet","DollysMirror","Sundial","betterThird:SlimedRelic","Peace Pipe","Odd Mushroom","VioletLotus","Oddly Smooth Stone","Toy Ornithopter","MutagenicStrength","betterThird:NestCultRelic"],"acts_visited":["Exordium","TheCity"],"potions_floor_usage":[7,7,12,14,33],"damage_taken":[{"damage":0,"enemies":"2 Louse","floor":1,"turns":5},{"damage":7,"enemies":"Cultist","floor":2,"turns":3},{"damage":10,"enemies":"Small Slimes","floor":3,"turns":2},{"damage":0,"enemies":"2 Fungi Beasts","floor":5,"turns":3},{"damage":13,"enemies":"Lagavulin","floor":7,"turns":5},{"damage":2,"enemies":"Gremlin Nob","floor":12,"turns":3},{"damage":8,"enemies":"The Mushroom Lair","floor":13,"turns":3},{"damage":20,"enemies":"Exordium Thugs","floor":14,"turns":4},{"damage":43,"enemies":"Hexaghost","floor":16,"turns":11},{"damage":27,"enemies":"3 Byrds","floor":18,"turns":4},{"damage":26,"enemies":"Spheric Guardian","floor":20,"turns":5},{"damage":28,"enemies":"Book of Stabbing","floor":24,"turns":6},{"damage":24,"enemies":"Snecko","floor":30,"turns":5},{"damage":65,"enemies":"Automaton","floor":33,"turns":6}],"seed_played":"7928056910607712151","potions_obtained":[{"floor":2,"key":"Ambrosia"},{"floor":3,"key":"Swift Potion"},{"floor":5,"key":"Strength Potion"},{"floor":7,"key":"GamblersBrew"},{"floor":30,"key":"Ancient Potion"}],"is_trial":false,"path_per_floor":["M","M","M","?","M","R","E","$","T","?","R","E","?","M","R","B",null,"M","$","M","$","?","R","E","$","T","?","R","?","M","?","R","B"],"character_chosen":"WATCHER","items_purchased":["DollysMirror","DeusExMachina"],"campfire_rested":5,"item_purchase_floors":[8,25],"current_hp_per_floor":[79,72,62,62,62,62,49,49,49,38,61,59,51,31,54,11,79,52,52,26,26,26,49,21,21,21,21,44,44,20,20,43,0,0],"gold":52,"neow_bonus":"TEN_PERCENT_HP_BONUS","is_daily":false,"chose_seed":false,"campfire_upgraded":1,"win_rate":0.0,"timestamp":1608038272,"path_taken":["M","M","M","?","M","R","E","?","T","?","R","E","?","M","R","BOSS","M","$","M","$","?","R","E","?","T","?","R","?","M","?","R","BOSS"],"items_purchased_type":["Relic","Card"],"build_version":"2020-12-07","purchased_purges":0,"victory":false,"max_hp_per_floor":[79,79,79,79,79,79,79,79,79,79,79,79,79,79,79,79,79,79,79,79,79,79,79,79,79,79,79,79,79,79,79,79,79,79],"card_choices":[{"not_picked":["Consecrate","WindmillStrike"],"picked":"FollowUp","floor":1},{"not_picked":["TalkToTheHand","Nirvana"],"picked":"FlurryOfBlows","floor":2},{"not_picked":["WreathOfFlame","LikeWater"],"picked":"CrushJoints","floor":3},{"not_picked":["JustLucky","Protect"],"picked":"ClearTheMind","floor":5},{"not_picked":["EmptyBody","BowlingBash"],"picked":"FlurryOfBlows","floor":7},{"not_picked":["Fasting2","Indignation"],"picked":"Collect","floor":12},{"not_picked":["Crescendo","ConjureBlade"],"picked":"SashWhip","floor":13},{"not_picked":["BowlingBash","Sanctity"],"picked":"FlurryOfBlows","floor":14},{"not_picked":["Establishment","Omniscience"],"picked":"DeusExMachina","floor":16},{"not_picked":["ClearTheMind","Consecrate"],"picked":"FlurryOfBlows","floor":18},{"not_picked":["Halt+1","FollowUp"],"picked":"BattleHymn+1","floor":20},{"not_picked":["Swivel+1","EmptyBody"],"picked":"Vengeance","floor":24},{"not_picked":["Conclude","Nirvana"],"picked":"ThirdEye","floor":30}],"player_experience":141518,"relics_obtained":[{"floor":7,"key":"Juzu Bracelet"},{"floor":9,"key":"Sundial"},{"floor":12,"key":"Peace Pipe"},{"floor":13,"key":"Odd Mushroom"},{"floor":24,"key":"Oddly Smooth Stone"},{"floor":26,"key":"Toy Ornithopter"}],"event_choices":[{"damage_healed":0,"gold_gain":0,"player_choice":"Upgraded","damage_taken":0,"max_hp_gain":0,"max_hp_loss":0,"event_name":"Upgrade Shrine","floor":4,"gold_loss":0,"cards_upgraded":["Eruption"]},{"damage_healed":0,"gold_gain":0,"player_choice":"Slimed","damage_taken":11,"max_hp_gain":0,"max_hp_loss":0,"event_name":"betterThird:BetterGoop","floor":10,"gold_loss":28},{"damage_healed":0,"gold_gain":0,"player_choice":"Fought Mushrooms","damage_taken":0,"max_hp_gain":0,"max_hp_loss":0,"event_name":"Mushrooms","floor":13,"gold_loss":0},{"damage_healed":0,"gold_gain":0,"player_choice":"Ignored","damage_taken":0,"max_hp_gain":0,"max_hp_loss":0,"event_name":"Vampires","floor":22,"gold_loss":0},{"damage_healed":0,"gold_gain":0,"player_choice":"Upgraded","damage_taken":0,"max_hp_gain":0,"max_hp_loss":0,"event_name":"Upgrade Shrine","floor":27,"gold_loss":0,"cards_upgraded":["SashWhip"]},{"damage_healed":0,"gold_gain":0,"player_choice":"Inject Mutagens","damage_taken":0,"relics_obtained":["MutagenicStrength"],"max_hp_gain":0,"max_hp_loss":0,"event_name":"Drug Dealer","floor":29,"gold_loss":0},{"damage_healed":0,"gold_gain":0,"player_choice":"Madness","damage_taken":0,"relics_obtained":["betterThird:NestCultRelic"],"max_hp_gain":0,"max_hp_loss":0,"event_name":"betterThird:BetterNest","floor":31,"gold_loss":0}],"is_beta":true,"boss_relics":[{"not_picked":["Coffee Dripper","Astrolabe"],"picked":"VioletLotus"}],"items_purged_floors":[],"is_endless":false,"potions_floor_spawned":[2,3,5,7,30],"killed_by":"Automaton","ascension_level":0}}