{"host":"mm0v83pkg2fvsdgl","time":1608064929,"event":{"mods":["2.2 Compatiblity","Alarm Clock","AlwaysNeverKeys","BaseMod","Beaked The Cultist","Better Altar","Better Match","Better Note","Better Sensory Stone","Better Silent Start","Better Third Choice","Clawfect","Displayed Cursed Tome","Energized Spire","Friendly Minions","Highlight Path","Ironclad Rager","Keyboard Shortcuts","Lotus Mark","Marisa????????","Marked Mod","Mimic Mod","Minty Spire (QoL Compilation)","Permanent Neow","Railgun Mod","Remove Card Discount Mod","Shade Mod","Somnambulant","Spicy Shops","StSLib","Swap Starting Deck Mod","The Construct","The Disciple","The Hierophant","TheHeartMod","TheVacant","Transform Curses","Unceasing Turn Reminder","Wandering Minibosses"],"gold_per_floor":[114,114,133,133,133,133,152,36,36,36,36,55,55,74,74,199,199,218,218,218,218,18,56,256,275,325,325,325,325],"floor_reached":28,"playtime":2039,"items_purged":["Discovery","Discovery","Discovery+1","Forethought","Forethought","Forethought","Forethought","Forethought","Forethought","Jack Of All Trades","Jack Of All Trades","Jack Of All Trades","construct:Defend_Gold","construct:Defend_Gold","construct:Defend_Gold","construct:Defend_Gold","construct:Defend_Gold","Decay","Decay","Decay","Mind Blast","Mind Blast","Mind Blast","construct:Strike_Gold","construct:Strike_Gold","construct:Strike_Gold","construct:Strike_Gold","construct:Strike_Gold","Bite","Bite","Bite","Bite","Bite","Bite","Bite","Bite","Bite","Bite","Bite","Bite"],"score":249,"play_id":"8ba65834-92d6-4604-adaa-6b64547de61a","local_time":"20201215154209","daily_mods":["Allstar","Hoarder","Night Terrors"],"is_ascension_mode":false,"campfire_choices":[{"floor":6,"key":"REST"},{"data":"construct:Enhance","floor":11,"key":"SMITH"},{"data":"construct:Enhance","floor":15,"key":"SMITH"},{"data":"construct:AttackMode","floor":27,"key":"SMITH"}],"circlet_count":0,"master_deck":["construct:AttackMode+1","construct:DefenseMode+1","Dramatic Entrance","Dramatic Entrance","Dramatic Entrance","construct:Stasis","construct:Stasis","construct:Stasis","construct:SuppressiveFire","construct:SuppressiveFire","construct:SuppressiveFire","construct:Reinforce","construct:Reinforce","construct:Reinforce","construct:GuardCore","construct:GuardCore","construct:GuardCore","construct:Enhance+1","construct:Enhance+1","construct:Enhance+1","construct:MetalShell","construct:MetalShell","construct:MetalShell","construct:Failsafe","construct:Failsafe","construct:Failsafe","construct:LaserCore+1","construct:LaserCore+1","construct:LaserCore+1","Bite","Bite","Bite","construct:Autoturret","construct:Autoturret","construct:Autoturret","Panacea","Panacea","Panacea","construct:Hazardproof+1","construct:Hazardproof+1","construct:Hazardproof+1","construct:ScrapCannon","construct:ScrapCannon","construct:ScrapCannon"],"relics":["construct:Cogwheel","Golden Idol","War Paint","Orrery","Pear","energizedSpire:OgreHead","MutagenicStrength","beaked:ShinyBauble","Sundial"],"acts_visited":["Exordium","TheCity"],"potions_floor_usage":[16],"damage_taken":[{"damage":0,"enemies":"Small Slimes","floor":1,"turns":1},{"damage":30,"enemies":"Jaw Worm","floor":3,"turns":8},{"damage":0,"enemies":"2 Louse","floor":7,"turns":1},{"damage":16,"enemies":"Large Slime","floor":12,"turns":6},{"damage":0,"enemies":"2 Fungi Beasts","floor":14,"turns":1},{"damage":48,"enemies":"Hexaghost","floor":16,"turns":28},{"damage":10,"enemies":"Chosen","floor":18,"turns":19},{"damage":21,"enemies":"Gremlin Leader","floor":23,"turns":9},{"damage":19,"enemies":"Spheric Guardian","floor":25,"turns":4},{"damage":30,"enemies":"Cultist and Chosen","floor":26,"turns":11},{"damage":16,"enemies":"Cultist and Chosen","floor":28,"turns":4}],"seed_played":"8833210206598683822","potions_obtained":[{"floor":3,"key":"AttackPotion"},{"floor":7,"key":"Explosive Potion"},{"floor":23,"key":"Strength Potion"}],"is_trial":false,"path_per_floor":["M","?","M","?","?","R","M","$","T","?","R","M","$","M","R","B",null,"M","?","?","?","$","E","?","M","MIM","R","M"],"character_chosen":"THE_CONSTRUCT_MOD","items_purchased":["Orrery","construct:Autoturret","Panacea"],"campfire_rested":1,"item_purchase_floors":[8,22,22],"current_hp_per_floor":[85,64,34,1,1,80,80,80,90,90,90,74,74,74,74,26,90,80,80,62,62,62,50,50,35,11,11,0,0],"gold":325,"neow_bonus":"","is_daily":true,"chose_seed":false,"campfire_upgraded":3,"win_rate":0.0,"timestamp":1608064929,"path_taken":["M","?","M","?","?","R","M","$","T","?","R","M","$","M","R","BOSS","M","?","?","?","$","E","?","?","MIM","R","M"],"items_purchased_type":["Relic","Card","Card"],"build_version":"2020-12-13","purchased_purges":40,"victory":false,"max_hp_per_floor":[85,85,85,85,85,80,80,80,90,90,90,90,90,90,90,90,90,90,90,62,62,62,62,62,62,62,62,62,62],"card_choices":[{"not_picked":["construct:VentSteam","construct:SaveState"],"picked":"construct:Stasis","floor":1},{"not_picked":["construct:SweepLaser","construct:Synchronize"],"picked":"construct:SuppressiveFire","floor":3},{"not_picked":["Finesse","Flash of Steel"],"picked":"Mind Blast","floor":5},{"not_picked":["construct:GuardCore","construct:SaveState","construct:ForceCore"],"picked":"SKIP","floor":7},{"not_picked":["construct:Backup","construct:Reserves"],"picked":"construct:Reinforce","floor":8},{"not_picked":["construct:ModeShift","construct:SaveState"],"picked":"construct:GuardCore","floor":8},{"not_picked":["construct:HyperBeam","construct:ShiftStrike"],"picked":"construct:Enhance","floor":8},{"not_picked":["construct:SweepLaser","construct:Forcefield"],"picked":"construct:MetalShell","floor":8},{"not_picked":["construct:LaserCore","construct:SweepLaser"],"picked":"construct:Failsafe","floor":12},{"not_picked":["construct:Reinforce","construct:CriticalHit","construct:ClusterMines"],"picked":"SKIP","floor":14},{"not_picked":["construct:Analyze+1","construct:Construct_Overclock"],"picked":"construct:LaserCore+1","floor":18},{"not_picked":["construct:PointDefense","construct:SyphonStrike","construct:Versatility"],"picked":"SKIP","floor":23},{"not_picked":["construct:SaveState","construct:ScrapCannon"],"picked":"construct:Hazardproof+1","floor":25},{"not_picked":["construct:Analyze","construct:CriticalHit+1"],"picked":"construct:ScrapCannon","floor":26}],"player_experience":633187,"relics_obtained":[{"floor":9,"key":"Pear"},{"floor":23,"key":"beaked:ShinyBauble"},{"floor":26,"key":"Sundial"}],"event_choices":[{"damage_healed":0,"gold_gain":0,"player_choice":"Take Damage","damage_taken":21,"relics_obtained":["Golden Idol"],"max_hp_gain":0,"max_hp_loss":0,"event_name":"Golden Idol","floor":2,"gold_loss":0},{"damage_healed":0,"gold_gain":0,"player_choice":"Relic ","damage_taken":33,"max_hp_gain":0,"max_hp_loss":0,"event_name":"betterThird:BetterScrap","floor":4,"gold_loss":0,"cards_obtained":["Reflex"]},{"damage_healed":0,"gold_gain":1,"player_choice":"1","damage_taken":0,"max_hp_gain":0,"max_hp_loss":0,"event_name":"betterStone:BetterStone","floor":5,"gold_loss":0},{"damage_healed":0,"gold_gain":0,"player_choice":"Grow","damage_taken":0,"max_hp_gain":0,"max_hp_loss":0,"event_name":"Living Wall","floor":10,"gold_loss":0,"cards_upgraded":["construct:Enhance"]},{"damage_healed":0,"gold_gain":0,"player_choice":"Ignored","damage_taken":0,"max_hp_gain":0,"max_hp_loss":0,"event_name":"Ghosts","floor":19,"gold_loss":0},{"damage_healed":0,"gold_gain":0,"player_choice":"Became a vampire","damage_taken":0,"max_hp_gain":0,"max_hp_loss":28,"event_name":"Vampires","floor":20,"gold_loss":0,"cards_obtained":["Bite","Bite","Bite","Bite","Bite"]},{"damage_healed":0,"gold_gain":0,"player_choice":"Inject Mutagens","damage_taken":0,"relics_obtained":["MutagenicStrength"],"max_hp_gain":0,"max_hp_loss":0,"event_name":"Drug Dealer","floor":21,"gold_loss":0},{"damage_healed":0,"gold_gain":200,"player_choice":"Gold","damage_taken":0,"max_hp_gain":0,"max_hp_loss":0,"event_name":"Wheel of Change","floor":24,"gold_loss":0}],"is_beta":false,"boss_relics":[{"not_picked":["Velvet Choker","Calling Bell"],"picked":"energizedSpire:OgreHead"}],"items_purged_floors":[8,8,8,8,8,8,8,8,8,8,8,8,8,8,8,8,8,8,8,8,8,8,8,8,8,8,8,8,22,22,22,22,22,22,22,22,22,22,22,22],"is_endless":false,"potions_floor_spawned":[3,7,23],"killed_by":"Cultist and Chosen","ascension_level":0}}