{"host":"ufl0k2so27eic2iy","time":1608028312,"event":{"mods":["BaseMod","Minty Spire (QoL Compilation)","StSLib","The Animator"],"gold_per_floor":[114,133,33,33,58,58,85,114,114,152,152,198,74,106,106,198,198,213,213,259,297,308,308,338,2,29,58,75,75,125,146,146,224,224,252,268,301,28,50,50,50],"floor_reached":40,"playtime":3410,"items_purged":["animator:Strike","animator:Strike","animator:Strike"],"score":859,"play_id":"5b789864-000a-4a1c-9c19-669f04fef5c9","local_time":"20201215103152","is_ascension_mode":true,"campfire_choices":[{"data":"animator:DwarfShaman","floor":6,"key":"SMITH"},{"floor":11,"key":"REST"},{"data":"animator:Spearman","floor":15,"key":"SMITH"},{"data":"animator:Priestess","floor":23,"key":"SMITH"},{"data":"animator:Biyorigo","floor":29,"key":"SMITH"},{"data":"animator:Suigintou","floor":32,"key":"SMITH"}],"circlet_count":0,"master_deck":["AscendersBane","animator:Strike_GoblinSlayer","animator:Defend_GoblinSlayer","animator:Defend","animator:Defend","animator:Defend+1","animator:LizardPriest","animator:DwarfShaman+1","animator:Kaijin","animator:Nanami","animator:YuiTsuruno","animator:Priestess+1","animator:Spearman+1","animator:GuildGirl","animator:Suigintou+1","animator:Biyorigo+1","animator:Shuna+1","animator:HiiragiShinya+1","animator:HomuraAkemi+1","animator:CowGirl+1","animator:Urushihara","animator:HighElfArcher","animator:NarberalGamma+1","animator:Azekura+1","animator:Witch+1","animator:FeridBathory","animator:Mikaela","animator:PandorasActor+1","animator:Togame+1","animator:Nanami+1","animator:Guren+1","animator:MadokaKaname+1","animator:Shirosaki+1","animator:SayakaMiki+1","animator:Nanami+1","animator:Mitsuba","animator:CowGirl+1"],"relics":["animator:VividPicture","animator:TheMissingPiece","Odd Mushroom","Du-Vu Doll","Toxic Egg 2","Pantograph","HornCleat","animator:HolyGrailRelic","Singing Bowl","Shuriken","animator:ShionDessert"],"acts_visited":["Exordium","TheCity","TheBeyond"],"potions_floor_usage":[10,10,27],"damage_taken":[{"damage":0,"enemies":"2 Louse","floor":1,"turns":3},{"damage":5,"enemies":"Jaw Worm","floor":2,"turns":4},{"damage":0,"enemies":"Cultist","floor":5,"turns":4},{"damage":22,"enemies":"The Mushroom Lair","floor":7,"turns":5},{"damage":0,"enemies":"Looter","floor":8,"turns":4},{"damage":7,"enemies":"Gremlin Nob","floor":10,"turns":4},{"damage":18,"enemies":"3 Sentries","floor":12,"turns":9},{"damage":30,"enemies":"Gremlin Nob","floor":14,"turns":5},{"damage":2,"enemies":"The Guardian","floor":16,"turns":10},{"damage":0,"enemies":"3 Byrds","floor":18,"turns":2},{"damage":4,"enemies":"Spheric Guardian","floor":20,"turns":5},{"damage":1,"enemies":"Centurion and Healer","floor":21,"turns":8},{"damage":1,"enemies":"Sentry and Sphere","floor":22,"turns":4},{"damage":22,"enemies":"animator:HornedBat","floor":24,"turns":9},{"damage":8,"enemies":"Book of Stabbing","floor":27,"turns":9},{"damage":1,"enemies":"Snake Plant","floor":28,"turns":6},{"damage":9,"enemies":"Shelled Parasite and Fungi","floor":31,"turns":9},{"damage":24,"enemies":"Champ","floor":33,"turns":18},{"damage":0,"enemies":"3 Shapes","floor":35,"turns":5},{"damage":0,"enemies":"Orb Walker","floor":36,"turns":5},{"damage":0,"enemies":"Spire Growth","floor":37,"turns":9},{"damage":47,"enemies":"Transient","floor":39,"turns":6},{"damage":155,"enemies":"Giant Head","floor":40,"turns":13}],"seed_played":"-6037479737782571893","potions_obtained":[{"floor":1,"key":"FearPotion"},{"floor":7,"key":"SpeedPotion"},{"floor":14,"key":"DuplicationPotion"},{"floor":22,"key":"Explosive Potion"},{"floor":27,"key":"LiquidMemories"},{"floor":33,"key":"ColorlessPotion"},{"floor":39,"key":"FairyPotion"}],"is_trial":false,"path_per_floor":["M","M","$","?","M","R","?","M","T","E","R","E","$","E","R","B",null,"M","?","M","M","M","R","E","$","T","E","M","R","?","M","R","B",null,"M","M","M","$","M","E"],"character_chosen":"THE_ANIMATOR","items_purchased":["animator:YuiTsuruno","animator:Shuna+1","animator:FeridBathory","animator:Mikaela","animator:ShionDessert","animator:Nanami+1","animator:Mitsuba"],"campfire_rested":1,"item_purchase_floors":[3,13,25,25,38,38,38],"current_hp_per_floor":[60,55,55,60,60,60,39,39,39,32,53,35,35,5,5,28,69,72,60,58,59,60,60,42,42,42,37,38,38,38,31,31,34,85,88,88,94,94,49,0,0],"gold":50,"neow_bonus":"TEN_PERCENT_HP_BONUS","is_daily":false,"chose_seed":true,"campfire_upgraded":5,"win_rate":0.0,"timestamp":1608028312,"path_taken":["M","M","$","?","M","R","?","M","T","E","R","E","$","E","R","BOSS","M","?","M","?","M","R","E","$","T","E","M","R","?","M","R","BOSS","M","M","M","$","M","E"],"items_purchased_type":["Card","Card","Card","Card","Relic","Card","Card"],"build_version":"2020-12-13","purchased_purges":3,"victory":false,"max_hp_per_floor":[66,66,66,71,71,71,72,72,72,72,72,72,72,72,72,72,80,83,83,85,87,89,89,93,93,93,96,98,98,98,100,100,102,102,105,102,99,99,101,101,101],"card_choices":[{"not_picked":["animator:Spearman","animator:Emonzaemon"],"picked":"animator:Kaijin","floor":1},{"not_picked":["animator:PandorasActor","animator:YachiyoNanami"],"picked":"animator:Nanami","floor":2},{"not_picked":["animator:Entoma","animator:CowGirl"],"picked":"animator:Priestess","floor":5},{"not_picked":["animator:Souseiseki","animator:Mitsuba"],"picked":"animator:Spearman","floor":7},{"not_picked":["animator:DwarfShaman","animator:Spearman"],"picked":"animator:GuildGirl","floor":8},{"not_picked":["animator:NoriSakurada+1","animator:Nanami+1"],"picked":"animator:Suigintou","floor":10},{"not_picked":["animator:LizardPriest+1","animator:TomoeKashiwaba"],"picked":"animator:Biyorigo","floor":12},{"not_picked":["animator:Shigure","animator:NoriSakurada+1"],"picked":"animator:HiiragiShinya+1","floor":14},{"not_picked":["animator:Albedo","animator:Ainz"],"picked":"animator:HomuraAkemi+1","floor":16},{"not_picked":["animator:GuildGirl","animator:DwarfShaman"],"picked":"animator:CowGirl+1","floor":18},{"not_picked":["animator:Shinoa+1","animator:Cocytus"],"picked":"animator:HighElfArcher","floor":20},{"not_picked":["animator:JunSakurada+1","animator:GuildGirl+1"],"picked":"animator:NarberalGamma+1","floor":21},{"not_picked":["animator:Millim","animator:SuzuneAmano"],"picked":"animator:Azekura+1","floor":22},{"not_picked":["animator:Spearman","animator:HighElfArcher"],"picked":"animator:Witch+1","floor":24},{"not_picked":["animator:Souei+1","animator:Hitei"],"picked":"animator:PandorasActor+1","floor":27},{"not_picked":["animator:Hinaichigo+1","animator:CrowleyEusford"],"picked":"animator:Togame+1","floor":28},{"not_picked":["animator:Souseiseki","animator:Emonzaemon"],"picked":"animator:Nanami+1","floor":31},{"not_picked":["animator:Biyorigo","animator:Shizu"],"picked":"animator:Guren+1","floor":33},{"not_picked":["animator:SayakaMiki+1","animator:MamiTomoe"],"picked":"animator:MadokaKaname+1","floor":35},{"not_picked":["animator:SayakaMiki+1","animator:CowGirl+1"],"picked":"animator:Shirosaki+1","floor":36},{"not_picked":["animator:Shinoa+1","animator:Suiseiseki+1"],"picked":"animator:SayakaMiki+1","floor":37},{"not_picked":["animator:Benimaru","animator:Mitsuba"],"picked":"animator:CowGirl+1","floor":39}],"player_experience":2278927,"relics_obtained":[{"floor":7,"key":"Odd Mushroom"},{"floor":9,"key":"Du-Vu Doll"},{"floor":10,"key":"Toxic Egg 2"},{"floor":12,"key":"Pantograph"},{"floor":14,"key":"HornCleat"},{"floor":24,"key":"Singing Bowl"},{"floor":27,"key":"Shuriken"}],"event_choices":[{"damage_healed":0,"gold_gain":0,"player_choice":"Donut","damage_taken":0,"max_hp_gain":5,"max_hp_loss":0,"event_name":"Big Fish","floor":4,"gold_loss":0},{"damage_healed":0,"gold_gain":0,"player_choice":"Fought Mushrooms","damage_taken":0,"max_hp_gain":0,"max_hp_loss":0,"event_name":"Mushrooms","floor":7,"gold_loss":0},{"damage_healed":0,"gold_gain":0,"player_choice":"CARD ","damage_taken":12,"max_hp_gain":0,"max_hp_loss":0,"event_name":"Knowing Skull","floor":19,"potions_obtained":[],"gold_loss":0,"cards_obtained":["animator:Urushihara"]},{"damage_healed":0,"gold_gain":50,"player_choice":"Stole From Cult","damage_taken":0,"max_hp_gain":0,"max_hp_loss":0,"event_name":"Nest","floor":30,"gold_loss":0}],"is_beta":false,"boss_relics":[{"not_picked":["Busted Crown","Tiny House"],"picked":"animator:HolyGrailRelic"},{"not_picked":["SlaversCollar","SacredBark"],"picked":"animator:VividPicture"}],"items_purged_floors":[3,13,25],"is_endless":false,"potions_floor_spawned":[1,7,14,22,24,27,28,31,33,39],"killed_by":"Giant Head","ascension_level":15}}