{"host":"hz7oro4zaett5eh9","time":1608066722,"event":{"mods":["BaseMod","Hermit","Hubris","Marisa????????","Minty Spire (QoL Compilation)","StSLib","The Bladedancer","The Construct","The Cursed","The Disciple","The Hierophant","The Mystic","The Runesmith"],"gold_per_floor":[118,134,134,150,325,325,345,3,81,4,24,57,57,71,71,175,175,185,185,185,185,110,110,84,97,97,113,113,113],"floor_reached":28,"playtime":2270,"items_purged":[],"score":243,"play_id":"b9516943-3eda-4e6c-95dd-5f1943924c03","local_time":"20201215211202","is_ascension_mode":false,"campfire_choices":[{"data":"Runesmith:CraftReservo","floor":6,"key":"SMITH"},{"floor":13,"key":"RECALL"},{"floor":15,"key":"REST"},{"data":"Runesmith:CraftMagma","floor":23,"key":"SMITH"}],"circlet_count":0,"master_deck":["Runesmith:Strike_RS","Runesmith:Strike_RS","Runesmith:Strike_RS","Runesmith:Strike_RS","Runesmith:Defend_RS","Runesmith:Defend_RS","Runesmith:Defend_RS","Runesmith:Defend_RS","Runesmith:CraftFirestone","Runesmith:Fortify","Runesmith:PerfectChisel","Runesmith:CraftReservo+1","Runesmith:EarthShield","Runesmith:PerfectChisel","Doubt","Runesmith:Malloc","Runesmith:Firestorm","Runesmith:CraftMagma+1","Runesmith:CraftVitae","Runesmith:CraftPrismatica","Runesmith:CraftProtectio","Runesmith:CraftProtectio","Runesmith:LastStand","Runesmith:FrozenChisel+1","Ghostly","Ghostly","Ghostly","Ghostly","Ghostly","Runesmith:EnergizedChisel","Runesmith:ShiftingStrike","Runesmith:Electrocute","Runesmith:CraftIncendium"],"relics":["Runesmith:BrokenRuby","NeowsBlessing","Pear","Centennial Puzzle","Black Star","hubris:BottledHeart","Eternal Feather"],"acts_visited":["Exordium","TheCity"],"potions_floor_usage":[16,18,18,22,27,27,27,27],"damage_taken":[{"damage":0,"enemies":"Cultist","floor":1,"turns":1},{"damage":0,"enemies":"2 Louse","floor":2,"turns":1},{"damage":0,"enemies":"Small Slimes","floor":4,"turns":1},{"damage":6,"enemies":"Blue Slaver","floor":7,"turns":4},{"damage":15,"enemies":"2 Fungi Beasts","floor":11,"turns":4},{"damage":19,"enemies":"3 Sentries","floor":12,"turns":7},{"damage":4,"enemies":"Large Slime","floor":14,"turns":5},{"damage":44,"enemies":"Slime Boss","floor":16,"turns":14},{"damage":1,"enemies":"Shell Parasite","floor":18,"turns":8},{"damage":0,"enemies":"2 Thieves","floor":22,"turns":5},{"damage":0,"enemies":"Snake Plant","floor":25,"turns":6},{"damage":0,"enemies":"Centurion and Healer","floor":27,"turns":8},{"damage":6,"enemies":"Chosen and Byrds","floor":28,"turns":8}],"seed_played":"-8632718461870126737","potions_obtained":[{"floor":1,"key":"Swift Potion"},{"floor":2,"key":"GamblersBrew"},{"floor":4,"key":"Energy Potion"},{"floor":16,"key":"Fire Potion"},{"floor":25,"key":"EntropicBrew"}],"is_trial":false,"path_per_floor":["M","M","?","M","?","R","M","$","T","$","M","E","R","M","R","B",null,"M","?","?","?","M","R","$","M","T","M","M"],"character_chosen":"RUNESMITH_CLASS","items_purchased":["Runesmith:Firestorm","Runesmith:CraftMagma","Pear","Runesmith:CraftVitae","Runesmith:ShiftingStrike"],"campfire_rested":1,"item_purchase_floors":[8,8,8,10,24],"current_hp_per_floor":[70,70,70,70,70,70,64,74,74,74,59,40,40,36,60,16,80,79,1,1,1,1,1,1,1,1,1,0,0],"gold":113,"neow_bonus":"THREE_ENEMY_KILL","is_daily":false,"chose_seed":false,"campfire_upgraded":2,"win_rate":0.0,"timestamp":1608066722,"path_taken":["M","?","?","M","?","R","M","$","T","?","M","E","R","M","R","BOSS","M","?","?","?","M","R","?","?","T","M","M"],"items_purchased_type":["Card","Card","Relic","Card","Card"],"build_version":"2020-12-13","purchased_purges":0,"victory":false,"max_hp_per_floor":[70,70,70,70,70,70,70,80,80,80,80,80,80,80,80,80,80,80,1,1,1,1,1,1,1,1,1,1,1],"card_choices":[{"not_picked":["Runesmith:ShiftingStrike","Runesmith:MakeshiftArmor"],"picked":"Runesmith:PerfectChisel","floor":1},{"not_picked":["Runesmith:EarthShield","Runesmith:RuneHurl"],"picked":"Runesmith:CraftReservo","floor":2},{"not_picked":["Runesmith:StaticCage","Runesmith:Retool"],"picked":"Runesmith:PerfectChisel","floor":4},{"not_picked":["Runesmith:Accelerate","Runesmith:BackupBattery"],"picked":"Runesmith:Malloc","floor":7},{"not_picked":["Runesmith:ChiselStab","Runesmith:NegativeSpace"],"picked":"Runesmith:CraftPrismatica","floor":11},{"not_picked":["Runesmith:HammerThrow","Runesmith:Repurpose"],"picked":"Runesmith:CraftProtectio","floor":12},{"not_picked":["Runesmith:StaticCage","Runesmith:HeatExchange"],"picked":"Runesmith:CraftProtectio","floor":14},{"not_picked":["Runesmith:CreatorForm","Runesmith:CraftMedicinae"],"picked":"Runesmith:LastStand","floor":16},{"not_picked":["Runesmith:Firestorm","Runesmith:CraftMagma"],"picked":"Runesmith:FrozenChisel+1","floor":18},{"not_picked":["Runesmith:Attraction+1","Runesmith:HammerThrow"],"picked":"Runesmith:EnergizedChisel","floor":22},{"not_picked":["Runesmith:NegativeSpace","Runesmith:FieryHammer+1"],"picked":"Runesmith:Electrocute","floor":25},{"not_picked":["Runesmith:FrozenChisel","Runesmith:EarthShield"],"picked":"Runesmith:CraftIncendium","floor":27}],"player_experience":623801,"relics_obtained":[{"floor":12,"key":"Centennial Puzzle"},{"floor":26,"key":"Eternal Feather"}],"event_choices":[{"damage_healed":0,"gold_gain":175,"player_choice":"AGREE","damage_taken":0,"max_hp_gain":0,"max_hp_loss":0,"event_name":"Liars Game","floor":5,"gold_loss":0,"cards_obtained":["Doubt"]},{"damage_healed":0,"gold_gain":0,"player_choice":"Became a Ghost","damage_taken":0,"max_hp_gain":0,"max_hp_loss":0,"event_name":"Ghosts","floor":20,"gold_loss":0,"cards_obtained":["Ghostly","Ghostly","Ghostly","Ghostly","Ghostly"]},{"damage_healed":0,"gold_gain":0,"player_choice":"Ignored","damage_taken":0,"max_hp_gain":0,"max_hp_loss":0,"event_name":"The Mausoleum","floor":21,"gold_loss":0}],"is_beta":false,"boss_relics":[{"not_picked":["SlaversCollar","hubris:GrandSneckoEye"],"picked":"Black Star"}],"items_purged_floors":[],"is_endless":false,"potions_floor_spawned":[1,2,4,16,25],"killed_by":"Chosen and Byrds","ascension_level":0}}