{"host":"axrdhsaugr8t8srp","time":1608005160,"event":{"mods":["BaseMod","Minty Spire (QoL Compilation)","StSLib"],"gold_per_floor":[115,37,105,183,200,200,235,78,78,106,121,121,121,121],"floor_reached":13,"playtime":246,"items_purged":[],"score":209,"play_id":"b609da1e-b719-4215-929e-3548eb97787d","local_time":"20201215150600","is_ascension_mode":true,"campfire_choices":[{"data":"Whirlwind","floor":6,"key":"SMITH"}],"circlet_count":0,"master_deck":["AscendersBane","Strike_R","Strike_R","Strike_R+1","Strike_R","Strike_R","Defend_R","Defend_R+1","Defend_R","Defend_R","Bash","Intimidate","Hemokinesis","Whirlwind+1","Ghostly Armor","Shrug It Off"],"relics":["Burning Blood","NeowsBlessing","Bottled Flame","Mummified Hand","Regal Pillow","Charon\u0027s Ashes","Question Card"],"acts_visited":["Exordium"],"potions_floor_usage":[10],"damage_taken":[{"damage":0,"enemies":"Jaw Worm","floor":1,"turns":1},{"damage":0,"enemies":"Cultist","floor":5,"turns":1},{"damage":0,"enemies":"3 Sentries","floor":7,"turns":1},{"damage":37,"enemies":"Lagavulin","floor":10,"turns":6},{"damage":8,"enemies":"2 Louse","floor":11,"turns":3},{"damage":19,"enemies":"3 Sentries","floor":13,"turns":4}],"seed_played":"-8560052626580205627","potions_obtained":[{"floor":7,"key":"Weak Potion"},{"floor":10,"key":"Weak Potion"}],"is_trial":false,"path_per_floor":["M","$","?","T","M","R","E","$","T","E","M","?","E"],"character_chosen":"IRONCLAD","items_purchased":["Hemokinesis","Regal Pillow"],"campfire_rested":0,"item_purchase_floors":[2,8],"current_hp_per_floor":[74,74,74,74,75,75,75,75,75,44,42,19,0,0],"gold":121,"neow_bonus":"THREE_ENEMY_KILL","is_daily":false,"chose_seed":false,"campfire_upgraded":1,"win_rate":0.0,"timestamp":1608005160,"path_taken":["M","$","?","?","?","R","E","$","T","E","M","?","E"],"items_purchased_type":["Card","Relic"],"build_version":"2020-12-13","purchased_purges":0,"victory":false,"max_hp_per_floor":[75,75,75,75,75,75,75,75,75,75,75,75,75,75],"card_choices":[{"not_picked":["Heavy Blade","Second Wind"],"picked":"Intimidate","floor":1},{"not_picked":["Sword Boomerang","Heavy Blade"],"picked":"Whirlwind","floor":5},{"not_picked":["Body Slam","Whirlwind"],"picked":"Ghostly Armor","floor":7},{"not_picked":["Seeing Red","Perfected Strike"],"picked":"Shrug It Off","floor":10},{"not_picked":["Iron Wave","Twin Strike","Blood for Blood","Perfected Strike"],"picked":"SKIP","floor":11}],"player_experience":788873,"relics_obtained":[{"floor":4,"key":"Bottled Flame"},{"floor":7,"key":"Mummified Hand"},{"floor":9,"key":"Charon\u0027s Ashes"},{"floor":10,"key":"Question Card"}],"event_choices":[{"damage_healed":0,"gold_gain":68,"player_choice":"Gained Gold","damage_taken":0,"max_hp_gain":0,"max_hp_loss":0,"event_name":"Golden Wing","floor":3,"gold_loss":0},{"damage_healed":0,"gold_gain":0,"player_choice":"Entered Light","damage_taken":23,"max_hp_gain":0,"max_hp_loss":0,"event_name":"Shining Light","floor":12,"gold_loss":0,"cards_upgraded":["Strike_R","Defend_R"]}],"is_beta":false,"boss_relics":[],"items_purged_floors":[],"is_endless":false,"potions_floor_spawned":[7,10],"killed_by":"3 Sentries","ascension_level":16}}