{"host":"z26j60ycepuqi9th","time":1608027994,"event":{"mods":["Act Like it!","BaseMod","CapriCore","Card Filter","Card Forge","DeckTracker","Dota2Spire","Friendly Minions","Highlight Path","Mari Mod (Legacy)","Mari\u0027s V1 Patch","Minty Spire (QoL Compilation)","MostiFishMod","Permanent Neow","Quick Restart","Relic Stats","Robot Space Explorer","Shop Mod","Spicy Shops","StSLib","SuperFastMode","TestMod","The Alterego","The Dragon Tamer","TheWitcher","[地精首领爬塔]The Maniac","【遗物卡牌】REMEMod","篝火指南"],"gold_per_floor":[119,119,119,132,143,177,177,352,352,377,390,409,182,199,199,295,295,310,326,171,171,184,217,235,235,235,263,263,213,231,257,257,360,360,372,388,404,414,414,414,441,452,452,502,49,64,92,0,0,0],"floor_reached":51,"playtime":1925,"items_purged":["Doubt","RobotSpaceExplorer:Strike","RobotSpaceExplorer:Strike"],"score":1254,"play_id":"785cd5a5-e83a-42cb-ad38-01e540c5d831","local_time":"20201215182634","is_ascension_mode":false,"campfire_choices":[{"data":"RobotSpaceExplorer:TrailblazerForm","floor":7,"key":"SMITH"},{"data":"RobotSpaceExplorer:ChargingLaser","floor":15,"key":"SMITH"},{"data":"RobotSpaceExplorer:Exploration","floor":28,"key":"SMITH"},{"data":"1","floor":32,"key":"LIFT"},{"data":"RobotSpaceExplorer:Multitool","floor":40,"key":"SMITH"},{"data":"2","floor":49,"key":"LIFT"}],"circlet_count":0,"master_deck":["RobotSpaceExplorer:Strike","RobotSpaceExplorer:Strike","RobotSpaceExplorer:Defend","RobotSpaceExplorer:Defend","RobotSpaceExplorer:Defend","RobotSpaceExplorer:Defend","RobotSpaceExplorer:Scan","RobotSpaceExplorer:MiniLasers","RobotSpaceExplorer:TrailblazerForm+1","RobotSpaceExplorer:StarLightning","RobotSpaceExplorer:FreezingShield","RobotSpaceExplorer:ChargingLaser+1","RobotSpaceExplorer:DroneSwarm","RobotSpaceExplorer:Multitool+1"],"relics":["RobotSpaceExplorer:RoboCore","Hammer of Thor","Seething Fire","Anvil of the Gods","DaveBox","testmod-TestBox","REME_ComplimentaryCards","testmod-Faith","BionicSphere","Question Card","Dota2Spire:Desolator","testmod-TurbochargingSystem","TimeFreeze","Bag of Preparation","ImportantClient","ChiXiaoBlade","RobotSpaceExplorer:PlasmaHourglass","Dota2Spire:PhaseBoots","Girya","Dota2Spire:EtherealBlade","Question Card","Ginger","BirthdayGift-Icosahedron","testmod-AssaultLearning","testmod-FatalChain","testmod-ObsoleteBoomerang","BrkXgEgg","Dota2Spire:ShivaGuard","Dota2Spire:MantaStyle","Medical Kit"],"acts_visited":["Exordium","TheCity","TheBeyond"],"potions_floor_usage":[23],"damage_taken":[{"damage":0.0,"enemies":"2 Louse","floor":1.0,"turns":3.0},{"damage":0,"enemies":"Jaw Worm","floor":4,"turns":4},{"damage":0,"enemies":"Small Slimes","floor":5,"turns":3},{"damage":0,"enemies":"3 Sentries","floor":6,"turns":12},{"damage":0,"enemies":"Lagavulin","floor":10,"turns":8},{"damage":0,"enemies":"Looter","floor":11,"turns":2},{"damage":0,"enemies":"Lots of Slimes","floor":12,"turns":4},{"damage":1,"enemies":"Exordium Wildlife","floor":14,"turns":4},{"damage":0,"enemies":"Hexaghost","floor":16,"turns":11},{"damage":0,"enemies":"Spheric Guardian","floor":18,"turns":5},{"damage":0,"enemies":"3 Byrds","floor":19,"turns":5},{"damage":0,"enemies":"Snake Plant","floor":22,"turns":6},{"damage":12,"enemies":"Slavers","floor":23,"turns":7},{"damage":0,"enemies":"Snecko","floor":24,"turns":6},{"damage":0,"enemies":"Book of Stabbing","floor":27,"turns":7},{"damage":0,"enemies":"Cultist and Chosen","floor":30,"turns":6},{"damage":28,"enemies":"Slavers","floor":31,"turns":6},{"damage":0,"enemies":"Automaton","floor":33,"turns":11},{"damage":0,"enemies":"3 Darklings","floor":35,"turns":2},{"damage":0,"enemies":"3 Shapes","floor":36,"turns":2},{"damage":0,"enemies":"Spire Growth","floor":37,"turns":3},{"damage":0,"enemies":"Writhing Mass","floor":38,"turns":4},{"damage":0,"enemies":"Reptomancer","floor":41,"turns":3},{"damage":0,"enemies":"4 Shapes","floor":42,"turns":2},{"damage":0,"enemies":"Mind Bloom Boss Battle","floor":44,"turns":3},{"damage":0,"enemies":"Jaw Worm Horde","floor":46,"turns":2},{"damage":0,"enemies":"Giant Head","floor":47,"turns":4},{"damage":0,"enemies":"Awakened One","floor":50,"turns":6}],"seed_played":"8762441254030443587","potions_obtained":[{"floor":1.0,"key":"Dota2Spire:Clarity"},{"floor":4,"key":"Regen Potion"},{"floor":6,"key":"SkillPotion"},{"floor":24,"key":"Dota2Spire:HealingSalve"}],"is_trial":false,"path_per_floor":["M","?","?","M","M","E","R","?","T","E","M","M","$","M","R","B",null,"M","M","$","?","M","E","M","?","T","E","R","?","M","E","R","B",null,"M","M","M","M","?","R","E","M","T","?","$","M","E","$","R","B",null],"character_chosen":"RobotSpaceExplorer","items_purchased":["TimeFreeze","Bag of Preparation","RobotSpaceExplorer:PlasmaHourglass","BrkXgEgg","Dota2Spire:ShivaGuard","Medical Kit"],"campfire_rested":0,"item_purchase_floors":[13,13,20,45,45,48],"current_hp_per_floor":[75,75,75,75,75,75,75,75,75,75,75,75,75,74,74,74,75,75,75,75,75,75,63,63,63,63,63,63,63,63,35,35,35,75,75,75,75,75,75,75,75,75,75,75,75,75,75,57,57,58],"gold":0,"neow_bonus":"RANDOM_COLORLESS","is_daily":false,"chose_seed":false,"campfire_upgraded":4,"win_rate":0.0,"timestamp":1608027994,"path_taken":["M","?","?","M","M","E","R","?","T","E","M","M","$","M","R","BOSS","M","M","$","?","M","E","?","?","T","E","R","?","M","E","R","BOSS","M","M","?","M","?","R","E","?","T","?","$","M","E","?","R","BOSS"],"items_purchased_type":["Relic","Relic","Relic","Relic","Relic","Relic"],"build_version":"2020-12-13","purchased_purges":3,"victory":true,"max_hp_per_floor":[75,75,75,75,75,75,75,75,75,75,75,75,75,75,75,75,75,75,75,75,75,75,75,75,75,75,75,75,75,75,75,75,75,75,75,75,75,75,75,75,75,75,75,75,75,75,75,75,75,75],"relic_stats":{"counters":[28,141],"Bag of Preparation":[42],"Ginger":[4],"Question Card":38,"Medical Kit":[0],"obtain_stats":[{"DaveBox":0,"RobotSpaceExplorer:PlasmaHourglass":20,"Hammer of Thor":0,"Bag of Preparation":13,"BirthdayGift-Icosahedron":34,"Ginger":30,"Dota2Spire:EtherealBlade":26,"testmod-ObsoleteBoomerang":44,"ImportantClient":16,"Girya":23,"Dota2Spire:MantaStyle":47,"testmod-TestBox":0,"testmod-FatalChain":43,"RobotSpaceExplorer:RoboCore":0,"Dota2Spire:ShivaGuard":45,"BrkXgEgg":45,"Seething Fire":0,"testmod-TurbochargingSystem":10,"Question Card":1,"TimeFreeze":13,"Medical Kit":48,"Anvil of the Gods":0,"BionicSphere":0,"testmod-AssaultLearning":41,"ChiXiaoBlade":17,"testmod-Faith":0,"REME_ComplimentaryCards":0,"Dota2Spire:Desolator":6,"Dota2Spire:PhaseBoots":22},{"DaveBox":0,"RobotSpaceExplorer:PlasmaHourglass":11,"Hammer of Thor":0,"Bag of Preparation":7,"BirthdayGift-Icosahedron":18,"Ginger":16,"Dota2Spire:EtherealBlade":14,"testmod-ObsoleteBoomerang":25,"ImportantClient":9,"Girya":13,"Dota2Spire:MantaStyle":27,"testmod-TestBox":0,"testmod-FatalChain":24,"RobotSpaceExplorer:RoboCore":0,"Dota2Spire:ShivaGuard":25,"BrkXgEgg":25,"Seething Fire":0,"testmod-TurbochargingSystem":5,"Question Card":1,"TimeFreeze":7,"Medical Kit":27,"Anvil of the Gods":0,"BionicSphere":0,"testmod-AssaultLearning":23,"ChiXiaoBlade":9,"testmod-Faith":0,"REME_ComplimentaryCards":0,"Dota2Spire:Desolator":4,"Dota2Spire:PhaseBoots":12},{"DaveBox":0,"RobotSpaceExplorer:PlasmaHourglass":61,"Hammer of Thor":0,"Bag of Preparation":36,"BirthdayGift-Icosahedron":110,"Ginger":93,"Dota2Spire:EtherealBlade":80,"testmod-ObsoleteBoomerang":129,"ImportantClient":51,"Girya":74,"Dota2Spire:MantaStyle":135,"testmod-TestBox":0,"testmod-FatalChain":126,"RobotSpaceExplorer:RoboCore":0,"Dota2Spire:ShivaGuard":129,"BrkXgEgg":129,"Seething Fire":0,"testmod-TurbochargingSystem":30,"Question Card":3,"TimeFreeze":36,"Medical Kit":135,"Anvil of the Gods":0,"BionicSphere":0,"testmod-AssaultLearning":124,"ChiXiaoBlade":51,"testmod-Faith":0,"REME_ComplimentaryCards":0,"Dota2Spire:Desolator":22,"Dota2Spire:PhaseBoots":67}]},"card_choices":[{"not_picked":["RobotSpaceExplorer:ShovelStrike","RobotSpaceExplorer:ImprovisedAttack"],"picked":"RobotSpaceExplorer:StarLightning","floor":1.0},{"not_picked":["RobotSpaceExplorer:Ammunition","RobotSpaceExplorer:ShockKick","RobotSpaceExplorer:PowerCollector"],"picked":"RobotSpaceExplorer:FreezingShield","floor":4},{"not_picked":["RobotSpaceExplorer:Counterblock","RobotSpaceExplorer:StarDust","RobotSpaceExplorer:StunGrenade","RobotSpaceExplorer:Ammunition"],"picked":"SKIP","floor":5},{"not_picked":["RobotSpaceExplorer:GlueShot","RobotSpaceExplorer:Probe","RobotSpaceExplorer:SlimeMissile"],"picked":"RobotSpaceExplorer:ChargingLaser","floor":6},{"not_picked":["RobotSpaceExplorer:ScrapMissile","RobotSpaceExplorer:Blaster","RobotSpaceExplorer:Probe","RobotSpaceExplorer:Smokescreen"],"picked":"SKIP","floor":10},{"not_picked":["RobotSpaceExplorer:StunGrenade","RobotSpaceExplorer:Smokescreen","RobotSpaceExplorer:FranticSearch","RobotSpaceExplorer:PowerGlove"],"picked":"SKIP","floor":11},{"not_picked":["RobotSpaceExplorer:SwiftStep","RobotSpaceExplorer:ImprovisedAttack","RobotSpaceExplorer:Blitz","RobotSpaceExplorer:MiniDrones"],"picked":"SKIP","floor":12},{"not_picked":["RobotSpaceExplorer:StarDust","RobotSpaceExplorer:BigMissile","RobotSpaceExplorer:FreezeRay","RobotSpaceExplorer:ShockKick"],"picked":"SKIP","floor":14},{"not_picked":["RobotSpaceExplorer:Autoloader","RobotSpaceExplorer:TrailblazerForm","RobotSpaceExplorer:ChargingLaser"],"picked":"RobotSpaceExplorer:DroneSwarm","floor":16},{"not_picked":["RobotSpaceExplorer:PowerCollector","RobotSpaceExplorer:IronShell","RobotSpaceExplorer:Discharger","RobotSpaceExplorer:FrostMissile"],"picked":"SKIP","floor":18},{"not_picked":["RobotSpaceExplorer:SurgingShield","RobotSpaceExplorer:SlimeMissile","RobotSpaceExplorer:ScrapMissile+1","RobotSpaceExplorer:Blitz+1"],"picked":"SKIP","floor":19},{"not_picked":["RobotSpaceExplorer:GearShield","RobotSpaceExplorer:Smokescreen","RobotSpaceExplorer:Counterblock+1","RobotSpaceExplorer:GlueShot"],"picked":"SKIP","floor":22},{"not_picked":["RobotSpaceExplorer:Pulsar","RobotSpaceExplorer:Smokescreen+1","RobotSpaceExplorer:ScrapMissile","RobotSpaceExplorer:SwiftStep"],"picked":"SKIP","floor":23},{"not_picked":["RobotSpaceExplorer:SurgingStrike","RobotSpaceExplorer:SlimeMissile","RobotSpaceExplorer:FranticSearch","RobotSpaceExplorer:ShovelStrike"],"picked":"SKIP","floor":24},{"not_picked":["RobotSpaceExplorer:DualCore","RobotSpaceExplorer:MetalStrike","RobotSpaceExplorer:FreezeRay","RobotSpaceExplorer:PowerCollector"],"picked":"SKIP","floor":27},{"not_picked":["RobotSpaceExplorer:Reload","RobotSpaceExplorer:SlimeMissile","RobotSpaceExplorer:ShockKick","RobotSpaceExplorer:SurgingStrike","RobotSpaceExplorer:ChargingLaser"],"picked":"SKIP","floor":30},{"not_picked":["RobotSpaceExplorer:SurgingShield","RobotSpaceExplorer:StarLightning","RobotSpaceExplorer:ShockMissile","RobotSpaceExplorer:MiniDrones","RobotSpaceExplorer:PowerGlove"],"picked":"SKIP","floor":31},{"not_picked":["RobotSpaceExplorer:Autoloader","RobotSpaceExplorer:Asteroid","RobotSpaceExplorer:ChargingLaser","RobotSpaceExplorer:BlastShield"],"picked":"RobotSpaceExplorer:Multitool","floor":33},{"not_picked":["RobotSpaceExplorer:MetalStrike+1","RobotSpaceExplorer:Discharger","RobotSpaceExplorer:GlueSpray","RobotSpaceExplorer:Pulsar+1","RobotSpaceExplorer:SurgingShield"],"picked":"SKIP","floor":35},{"not_picked":["RobotSpaceExplorer:ImprovisedAttack+1","RobotSpaceExplorer:FranticSearch","RobotSpaceExplorer:FrostMissile","RobotSpaceExplorer:FreezeRay+1","RobotSpaceExplorer:GlueShot+1"],"picked":"SKIP","floor":36},{"not_picked":["RobotSpaceExplorer:SelfCleaning+1","RobotSpaceExplorer:StarDust","RobotSpaceExplorer:FrostMissile","RobotSpaceExplorer:MiniDrones+1","RobotSpaceExplorer:GlueSpray"],"picked":"SKIP","floor":37},{"not_picked":["RobotSpaceExplorer:GlueShot+1","RobotSpaceExplorer:StarDust+1","RobotSpaceExplorer:Reload+1","RobotSpaceExplorer:Pulsar+1","RobotSpaceExplorer:RigExplosive+1"],"picked":"SKIP","floor":38},{"not_picked":["RobotSpaceExplorer:Electroshield","RobotSpaceExplorer:ScrapToss+1","RobotSpaceExplorer:FranticSearch","RobotSpaceExplorer:SlimeMissile+1","RobotSpaceExplorer:Reload+1"],"picked":"SKIP","floor":41},{"not_picked":["RobotSpaceExplorer:MetalStrike+1","RobotSpaceExplorer:Pulsar+1","RobotSpaceExplorer:SwiftStep","RobotSpaceExplorer:ScrapMissile+1","RobotSpaceExplorer:Blaster"],"picked":"SKIP","floor":42},{"not_picked":["RobotSpaceExplorer:FrostMissile","RobotSpaceExplorer:FranticSearch+1","RobotSpaceExplorer:Smokescreen","RobotSpaceExplorer:SurgingStrike+1","RobotSpaceExplorer:GearShield+1"],"picked":"SKIP","floor":46},{"not_picked":["RobotSpaceExplorer:FrostMissile+1","RobotSpaceExplorer:DoubleBlock","RobotSpaceExplorer:ScrapToss","RobotSpaceExplorer:Probe+1","RobotSpaceExplorer:SurgingShield"],"picked":"SKIP","floor":47}],"player_experience":110009,"relics_obtained":[{"floor":1.0,"key":"Question Card"},{"floor":6,"key":"Dota2Spire:Desolator"},{"floor":10,"key":"testmod-TurbochargingSystem"},{"floor":16,"key":"ImportantClient"},{"floor":22,"key":"Dota2Spire:PhaseBoots"},{"floor":23,"key":"Girya"},{"floor":26,"key":"Dota2Spire:EtherealBlade"},{"floor":27,"key":"Question Card"},{"floor":30,"key":"Ginger"},{"floor":41,"key":"testmod-AssaultLearning"},{"floor":43,"key":"testmod-FatalChain"},{"floor":44,"key":"testmod-ObsoleteBoomerang"},{"floor":47,"key":"Dota2Spire:MantaStyle"}],"event_choices":[{"damage_healed":0.0,"max_hp_gain":0.0,"max_hp_loss":0.0,"gold_gain":0.0,"event_name":"给自己的盒子","player_choice":"Ignored","floor":2.0,"gold_loss":0.0,"damage_taken":0.0},{"damage_healed":0,"gold_gain":175,"player_choice":"AGREE","damage_taken":0,"max_hp_gain":0,"max_hp_loss":0,"event_name":"Liars Game","floor":8,"gold_loss":0,"cards_obtained":["Doubt"]},{"damage_healed":0,"gold_gain":0,"player_choice":"1 cards matched","damage_taken":0,"max_hp_gain":0,"max_hp_loss":0,"event_name":"Match and Keep!","floor":21,"gold_loss":0,"cards_obtained":["RobotSpaceExplorer:LuckyFind"]},{"damage_healed":0,"gold_gain":0,"player_choice":"1 cards matched","damage_taken":0,"max_hp_gain":0,"max_hp_loss":0,"event_name":"Match and Keep!","floor":21,"gold_loss":0,"cards_obtained":["RobotSpaceExplorer:LuckyFind"]},{"damage_healed":0,"gold_gain":0,"player_choice":"Read","damage_taken":0,"max_hp_gain":0,"max_hp_loss":0,"event_name":"The Library","floor":25,"gold_loss":0,"cards_obtained":["RobotSpaceExplorer:Exploration"]},{"damage_healed":0,"gold_gain":0,"player_choice":"Bet on Owner","damage_taken":0,"max_hp_gain":0,"max_hp_loss":0,"event_name":"The Joust","floor":29,"gold_loss":50},{"damage_healed":0,"gold_gain":0,"player_choice":"Ignored","damage_taken":0,"max_hp_gain":0,"max_hp_loss":0,"event_name":"Transmorgrifier","floor":39,"gold_loss":0},{"damage_healed":0,"gold_gain":0,"player_choice":"Fight","damage_taken":0,"max_hp_gain":0,"max_hp_loss":0,"event_name":"MindBloom","floor":44,"gold_loss":0}],"is_beta":false,"boss_relics":[{"not_picked":["Calling Bell","Empty Cage"],"picked":"ChiXiaoBlade"},{"not_picked":["MoonlightInvasionPlan","testmod-StringDisintegrator"],"picked":"BirthdayGift-Icosahedron"}],"items_purged_floors":[13,20,45],"is_endless":false,"potions_floor_spawned":[1,4,6,12,16,18,19,24,31,33,36,37,38,41,47],"ascension_level":0}}