{"host":"5fvgtb0bbibro7vz","time":1608060852,"event":{"mods":["AchievementEnabler","BaseMod","Bestiary","Colored Map","Colored Powertips","Highlight Path","Minty Spire (QoL Compilation)","Quick Restart","StSLib"],"gold_per_floor":[17,34,34,7,7,7,32,47,94,126,126,136,136,136,136,231,231,247,247,227,237,49,49,66,81,81,94,43,0,0,11,11,108,108,121,121,121,137,187,212,212,224,248,262,262,262,5,19,19,19],"floor_reached":51,"playtime":4234,"items_purged":["Strike_G"],"score":817,"play_id":"19591459-e6c4-486c-ae43-6426568ab01e","local_time":"20201215203412","is_ascension_mode":true,"campfire_choices":[{"data":"Neutralize","floor":6.0,"key":"SMITH"},{"data":"Tools of the Trade","floor":11.0,"key":"SMITH"},{"data":"Well Laid Plans","floor":13.0,"key":"SMITH"},{"data":"Leg Sweep","floor":15.0,"key":"SMITH"},{"data":"Noxious Fumes","floor":23.0,"key":"SMITH"},{"floor":32.0,"key":"REST"},{"data":"Accuracy","floor":41,"key":"SMITH"},{"data":"Cloak And Dagger","floor":49,"key":"SMITH"}],"circlet_count":0,"master_deck":["Defend_G","Defend_G","Defend_G","Defend_G","Defend_G","Survivor","Neutralize+1","Apotheosis+1","Dagger Throw","Prepared","Dagger Spray","Tools of the Trade+1","Underhanded Strike","Well Laid Plans+1","Leg Sweep+1","Envenom","Infinite Blades+1","Noxious Fumes+1","Venomology+1","Accuracy+1","Dodge and Roll","Noxious Fumes+1","Cloak And Dagger+1","Dagger Spray+1","Cloak And Dagger+1","Poisoned Stab+1","Die Die Die","Infinite Blades","PiercingWail+1","Blur+1","Parasite","Accuracy+1","Madness","Underhanded Strike+1"],"relics":["Ring of the Snake","Centennial Puzzle","Anchor","Orichalcum","Calipers","Astrolabe","Ice Cream","Nilry\u0027s Codex","HoveringKite","Prayer Wheel","Bottled Tornado","Pen Nib","Kunai"],"acts_visited":["TheCity","TheBeyond"],"potions_floor_usage":[38,39,40,40,40,44,50,50,50,50],"damage_taken":[{"damage":0.0,"enemies":"Cultist","floor":1.0,"turns":5.0},{"damage":0.0,"enemies":"Small Slimes","floor":2.0,"turns":6.0},{"damage":1.0,"enemies":"Lagavulin","floor":7.0,"turns":6.0},{"damage":1.0,"enemies":"2 Louse","floor":8.0,"turns":2.0},{"damage":13.0,"enemies":"Gremlin Nob","floor":10.0,"turns":3.0},{"damage":0.0,"enemies":"Exordium Thugs","floor":12.0,"turns":3.0},{"damage":16.0,"enemies":"Hexaghost","floor":16.0,"turns":11.0},{"damage":2.0,"enemies":"Chosen","floor":18.0,"turns":5.0},{"damage":8.0,"enemies":"3 Byrds","floor":21.0,"turns":4.0},{"damage":19.0,"enemies":"Snake Plant","floor":24.0,"turns":6.0},{"damage":13.0,"enemies":"3 Cultists","floor":25.0,"turns":4.0},{"damage":5.0,"enemies":"Centurion and Healer","floor":27.0,"turns":4.0},{"damage":0.0,"enemies":"Sentry and Sphere","floor":31.0,"turns":6.0},{"damage":14.0,"enemies":"Collector","floor":33.0,"turns":8.0},{"damage":21,"enemies":"3 Darklings","floor":35,"turns":3},{"damage":7,"enemies":"Orb Walker","floor":38,"turns":4},{"damage":0,"enemies":"Mind Bloom Boss Battle","floor":39,"turns":6},{"damage":0,"enemies":"Reptomancer","floor":40,"turns":5},{"damage":8,"enemies":"Writhing Mass","floor":42,"turns":6},{"damage":10,"enemies":"Maw","floor":44,"turns":7},{"damage":0,"enemies":"4 Shapes","floor":48,"turns":1},{"damage":46,"enemies":"Time Eater","floor":50,"turns":10}],"seed_played":"-2722638047861319926","potions_obtained":[{"floor":1.0,"key":"FearPotion"},{"floor":7.0,"key":"Explosive Potion"},{"floor":20.0,"key":"LiquidMemories"},{"floor":25.0,"key":"AttackPotion"},{"floor":27.0,"key":"Explosive Potion"},{"floor":31.0,"key":"ColorlessPotion"},{"floor":37,"key":"Regen Potion"},{"floor":37,"key":"CunningPotion"},{"floor":37,"key":"Ancient Potion"},{"floor":38,"key":"DistilledChaos"},{"floor":42,"key":"BlessingOfTheForge"},{"floor":48,"key":"Poison Potion"}],"is_trial":false,"path_per_floor":["M","M","?","$","?","R","E","M","T","E","R","M","R","?","R","B",null,"M","?","?","M","$","R","M","M","T","M","$","?","?","M","R","B",null,"M","?","?","M","?","E","R","M","T","M","?","?","$","M","R","B",null],"character_chosen":"THE_SILENT","items_purchased":["Dagger Spray","Noxious Fumes","Crippling Poison","Cloak And Dagger","Kunai"],"campfire_rested":1,"item_purchase_floors":[4,22,22,28,47],"current_hp_per_floor":[70,70,70,70,70,70,69,68,68,55,55,55,55,48,48,32,70,68,68,68,60,60,60,41,28,28,23,23,23,7,7,28,14,70,49,49,49,51,51,51,51,43,43,33,33,61,61,61,61,15],"gold":19,"neow_bonus":"RANDOM_COLORLESS_2","is_daily":false,"chose_seed":false,"campfire_upgraded":7,"win_rate":0.0,"timestamp":1608060852,"path_taken":["M","M","?","$","?","R","E","?","T","E","R","M","R","?","R","BOSS","M","?","?","M","$","R","M","?","T","M","$","?","?","M","R","BOSS","M","?","?","?","?","E","R","M","T","M","?","?","?","M","R","BOSS"],"items_purchased_type":["Card","Card","Card","Card","Relic"],"build_version":"2020-12-13","purchased_purges":1,"victory":true,"max_hp_per_floor":[70,70,70,70,70,70,70,70,70,70,70,70,70,70,70,70,70,70,70,70,70,70,70,70,70,70,70,70,70,70,70,70,70,70,70,70,70,70,70,70,70,70,70,70,70,61,61,61,61,61],"card_choices":[{"not_picked":["The Bomb","Sadistic Nature"],"picked":"Apotheosis","floor":0.0},{"not_picked":["Concentrate","Bane"],"picked":"Dagger Throw","floor":1.0},{"not_picked":["Reflex","Tactician"],"picked":"Prepared","floor":2.0},{"not_picked":["Backstab","Slice"],"picked":"Tools of the Trade","floor":7.0},{"not_picked":["Sucker Punch","Dagger Throw"],"picked":"Underhanded Strike","floor":8.0},{"not_picked":["Setup","All Out Attack"],"picked":"Well Laid Plans","floor":10.0},{"not_picked":["Sucker Punch","Flechettes"],"picked":"Leg Sweep","floor":12.0},{"not_picked":["Die Die Die","A Thousand Cuts"],"picked":"Envenom","floor":16.0},{"not_picked":["Tactician+1","Choke+1"],"picked":"Accuracy","floor":18.0},{"not_picked":["Quick Slash","Well Laid Plans"],"picked":"Dodge and Roll","floor":21.0},{"not_picked":["Outmaneuver","Predator"],"picked":"Cloak And Dagger+1","floor":24.0},{"not_picked":["Predator","Reflex","Backflip"],"picked":"SKIP","floor":25.0},{"not_picked":["Flying Knee","Dagger Throw+1"],"picked":"Dagger Spray+1","floor":27.0},{"not_picked":["PiercingWail","Setup"],"picked":"Poisoned Stab+1","floor":31.0},{"not_picked":["Unload","Storm of Steel"],"picked":"Die Die Die","floor":33.0},{"not_picked":["Bane","Catalyst"],"picked":"Infinite Blades","floor":35},{"not_picked":["Deflect","Deadly Poison"],"picked":"PiercingWail+1","floor":38},{"not_picked":["Slice","Dagger Throw+1"],"picked":"Blur+1","floor":39},{"not_picked":["Expertise+1","Bane+1","Terror"],"picked":"SKIP","floor":40},{"not_picked":["Prepared","Expertise","Distraction"],"picked":"SKIP","floor":42},{"not_picked":["Distraction+1","Acrobatics+1","PiercingWail"],"picked":"SKIP","floor":42},{"not_picked":["Acrobatics+1","Escape Plan+1"],"picked":"Accuracy+1","floor":44},{"not_picked":["Quick Slash+1","Dagger Spray","Bane"],"picked":"SKIP","floor":44},{"not_picked":["Mind Blast","Impatience"],"picked":"Madness","floor":45},{"not_picked":["Deadly Poison+1","Backflip+1"],"picked":"Underhanded Strike+1","floor":48},{"not_picked":["Sucker Punch+1","Storm of Steel","PiercingWail+1"],"picked":"SKIP","floor":48}],"player_experience":298468,"relics_obtained":[{"floor":7.0,"key":"Centennial Puzzle"},{"floor":9.0,"key":"Anchor"},{"floor":10.0,"key":"Orichalcum"},{"floor":26.0,"key":"Ice Cream"},{"floor":30.0,"key":"Nilry\u0027s Codex"},{"floor":39,"key":"Prayer Wheel"},{"floor":40,"key":"Bottled Tornado"},{"floor":43,"key":"Pen Nib"}],"event_choices":[{"damage_healed":0.0,"max_hp_gain":0.0,"max_hp_loss":0.0,"gold_gain":0.0,"event_name":"Living Wall","player_choice":"Grow","floor":3.0,"gold_loss":0.0,"damage_taken":0.0,"cards_upgraded":["Apotheosis"]},{"damage_healed":0.0,"max_hp_gain":0.0,"max_hp_loss":0.0,"gold_gain":0.0,"event_name":"Wheel of Change","player_choice":"Full Heal","floor":5.0,"gold_loss":0.0,"damage_taken":0.0},{"damage_healed":0.0,"max_hp_gain":0.0,"max_hp_loss":0.0,"gold_gain":0.0,"event_name":"Scrap Ooze","player_choice":"Success","floor":14.0,"gold_loss":0.0,"damage_taken":7.0,"relics_obtained":["Calipers"]},{"cards_removed":["Strike_G"],"damage_healed":0.0,"max_hp_gain":0.0,"max_hp_loss":0.0,"gold_gain":0.0,"event_name":"Back to Basics","player_choice":"Elegance","floor":19.0,"gold_loss":0.0,"damage_taken":0.0},{"damage_healed":0.0,"max_hp_gain":0.0,"max_hp_loss":0.0,"gold_gain":0.0,"event_name":"The Woman in Blue","player_choice":"Bought 1 Potion","floor":20.0,"gold_loss":0.0,"damage_taken":0.0},{"damage_healed":0.0,"max_hp_gain":0.0,"max_hp_loss":0.0,"gold_gain":0.0,"event_name":"Masked Bandits","player_choice":"Paid Fearfully","floor":29.0,"gold_loss":43.0,"damage_taken":0.0},{"damage_healed":0.0,"max_hp_gain":0.0,"max_hp_loss":0.0,"gold_gain":0.0,"event_name":"Cursed Tome","player_choice":"Obtained Book","floor":30.0,"gold_loss":0.0,"damage_taken":16.0},{"cards_removed":["Crippling Poison"],"damage_healed":0,"gold_gain":0,"player_choice":"Removed Skill","damage_taken":0,"max_hp_gain":0,"max_hp_loss":0,"event_name":"Falling","floor":36,"gold_loss":0},{"damage_healed":0,"gold_gain":0,"player_choice":"Got Potions","damage_taken":0,"max_hp_gain":0,"max_hp_loss":0,"event_name":"Lab","floor":37,"gold_loss":0},{"damage_healed":0,"gold_gain":0,"player_choice":"Fight","damage_taken":0,"max_hp_gain":0,"max_hp_loss":0,"event_name":"MindBloom","floor":39,"gold_loss":0},{"damage_healed":0,"gold_gain":0,"player_choice":"Memory 1","damage_taken":0,"max_hp_gain":0,"max_hp_loss":0,"event_name":"SensoryStone","floor":45,"gold_loss":0},{"damage_healed":61,"gold_gain":0,"player_choice":"Heal","damage_taken":0,"max_hp_gain":0,"max_hp_loss":9,"event_name":"The Moai Head","floor":46,"gold_loss":0}],"is_beta":false,"boss_relics":[{"not_picked":["Cursed Key","Snecko Eye"],"picked":"Astrolabe"},{"not_picked":["Busted Crown","Black Star"],"picked":"HoveringKite"}],"items_purged_floors":[22],"is_endless":false,"potions_floor_spawned":[1,7,25,27,31,38,42,48],"ascension_level":4}}