{"host":"kta213tp32cz47du","time":1608041216,"event":{"mods":["BaseMod","Better Altar","Better Third Choice","Colored Map","Colored Powertips","Conspire","Curses Come First","Displayed Cursed Tome","Hubris","Minty Spire (QoL Compilation)","Rare Cards Sparkle","Replay The Spire","Shop Mod","StSLib","The Blue Laboratory","vexMod"],"gold_per_floor":[119,119,94,94,19,54,81,91,117,117,117,117],"floor_reached":11,"playtime":398,"items_purged":["Strike_G"],"score":94,"play_id":"1369e453-f982-42fa-b3a3-07ba4774886d","local_time":"20201215140656","is_ascension_mode":false,"campfire_choices":[{"data":"Dash","floor":10,"key":"SMITH"}],"circlet_count":0,"master_deck":["Strike_G","Strike_G","Strike_G","Defend_G","Defend_G","Defend_G","Defend_G","Defend_G","Survivor+1","Neutralize","Draining Mist","Draining Mist+1","Dagger Throw","Dash+1"],"relics":["Ring of the Snake","NeowsBlessing","hubris:Icosahedron","hubris:BottledRain","War Paint","Replay:Wax Seal"],"acts_visited":["Exordium"],"potions_floor_usage":[],"damage_taken":[{"damage":0,"enemies":"2 Louse","floor":1,"turns":1},{"damage":0,"enemies":"Lagavulin","floor":6,"turns":4},{"damage":0,"enemies":"Small Slimes","floor":8,"turns":1},{"damage":20,"enemies":"3 Sentries","floor":11,"turns":5}],"seed_played":"-1915958663313188761","potions_obtained":[{"floor":6,"key":"blueLaboratory:PolymorphPotion"}],"is_trial":false,"path_per_floor":["M","?","?","?","$","E","T","M","T","R","E"],"character_chosen":"THE_SILENT","items_purchased":[],"campfire_rested":0,"item_purchase_floors":[],"current_hp_per_floor":[70,70,70,70,70,70,70,70,70,70,50,50],"gold":117,"neow_bonus":"THREE_ENEMY_KILL","is_daily":false,"chose_seed":false,"campfire_upgraded":1,"win_rate":0.0,"timestamp":1608041216,"path_taken":["M","?","?","?","?","E","?","?","T","R","E"],"items_purchased_type":[],"build_version":"2020-12-13","purchased_purges":1,"victory":false,"max_hp_per_floor":[70,70,70,70,70,70,70,70,70,70,70,70],"card_choices":[{"not_picked":["Dodge and Roll","Calculated Gamble"],"picked":"Draining Mist","floor":1},{"not_picked":["hubris:TrickCloak","ReplayTheSpireMod:The Works"],"picked":"Dagger Throw","floor":6},{"not_picked":["Caltrops","hubris:SlightOfHand"],"picked":"Dash","floor":8}],"player_experience":218274,"relics_obtained":[{"floor":6,"key":"hubris:BottledRain"},{"floor":7,"key":"War Paint"},{"floor":9,"key":"Replay:Wax Seal"}],"event_choices":[{"damage_healed":0,"gold_gain":0,"cards_transformed":["Strike_G"],"player_choice":"Change","damage_taken":0,"max_hp_gain":0,"max_hp_loss":0,"event_name":"Living Wall","floor":4,"gold_loss":0,"cards_obtained":["Draining Mist"]}],"is_beta":false,"boss_relics":[],"items_purged_floors":[5],"is_endless":false,"potions_floor_spawned":[6],"killed_by":"3 Sentries","ascension_level":0}}