{"host":"ptzx9a22gag0b7tg","time":1608021266,"event":{"mods":["BaseMod","Better Note","ChefMod","Downfall","Minty Spire (QoL Compilation)","Replay The Spire","StSLib","TheFirefly"],"gold_per_floor":[109,284,284,298,91,117,117,132,186,198,198,209,227,240,240,344,344,362,362,131,231,231,231,244,264,264,264,281,281,125,125,125,230,230,240,258,258,258],"floor_reached":37,"playtime":4972,"items_purged":["thefirefly:Strike"],"score":546,"play_id":"6cecfa4a-7fd6-4017-a77f-c4a4cd61715b","local_time":"20201215003426","is_ascension_mode":false,"campfire_choices":[{"data":"chefmod:SliceAndDice","floor":7,"key":"SMITH"},{"data":"chefmod:Defrost","floor":15,"key":"SMITH"},{"data":"chefmod:DinoKale","floor":23,"key":"SMITH"}],"circlet_count":0,"master_deck":["chefmod:Strike","chefmod:Strike","chefmod:Strike","chefmod:Strike","chefmod:Strike","chefmod:Defend","chefmod:Defend","chefmod:Defend","chefmod:QuickThaw","chefmod:TodaysSpecial","chefmod:Fillet+1","chefmod:HotSoup","chefmod:SliceAndDice+1","chefmod:DinoKale+1","chefmod:FireUp","chefmod:OldCookbook","chefmod:Defrost+1","chefmod:Flambe","chefmod:FireUp","chefmod:Fillet","chefmod:RisingDough","chefmod:FreezerBurn+1","PanicButton","Thinking Ahead","chefmod:SliceAndDice+1","chefmod:Tenderizer","chefmod:Leftovers","chefmod:TonkotsuRamen","chefmod:FrozenTuna","chefmod:NewMenu+1","chefmod:FarmersMarket+1"],"relics":["chefmod:TrustyPot","NeowsBlessing","Bag of Marbles","Regal Pillow","Honey Jar","Divine Protection","Matryoshka","GremlinMask","chefmod:WoodenSpoon","Busted Crown"],"acts_visited":["Exordium","TheCity","TheBeyond"],"potions_floor_usage":[13,16,16,28,33,33,33,35],"damage_taken":[{"damage":0,"enemies":"Cultist","floor":1,"turns":1},{"damage":0,"enemies":"Small Slimes","floor":4,"turns":1},{"damage":0,"enemies":"Lagavulin","floor":6,"turns":1},{"damage":0,"enemies":"Jaw Worm","floor":8,"turns":1},{"damage":3,"enemies":"Blue Slaver","floor":10,"turns":3},{"damage":3,"enemies":"2 Fungi Beasts","floor":12,"turns":3},{"damage":7,"enemies":"Gremlin Gang","floor":13,"turns":4},{"damage":0,"enemies":"Looter","floor":14,"turns":2},{"damage":18,"enemies":"Slime Boss","floor":16,"turns":9},{"damage":0,"enemies":"2 Thieves","floor":18,"turns":3},{"damage":10,"enemies":"Spheric Guardian","floor":24,"turns":3},{"damage":13,"enemies":"Cultist and Chosen","floor":25,"turns":6},{"damage":0,"enemies":"Centurion and Healer","floor":28,"turns":3},{"damage":23,"enemies":"Pondfish","floor":33,"turns":9},{"damage":16,"enemies":"3 Darklings","floor":35,"turns":4},{"damage":0,"enemies":"Orb Walker","floor":36,"turns":3},{"damage":152,"enemies":"Transient","floor":37,"turns":5}],"seed_played":"-190173243470189077","potions_obtained":[{"floor":1,"key":"Venom Potion"},{"floor":8,"key":"Guardian:BlockOnCardUsePotion"},{"floor":16,"key":"Elixir"},{"floor":18,"key":"SpeedPotion"},{"floor":32,"key":"Toxic Potion"},{"floor":32,"key":"Cursed Concoction"},{"floor":33,"key":"SpeedPotion"}],"is_trial":false,"path_per_floor":["M","?","?","M","$","E","R","M","T","M","?","M","M","M","R","B",null,"M","?","$","?","?","R","M","M","T","T","M","?","$","?","R","B",null,"M","M","M"],"character_chosen":"THE_CHEF","items_purchased":["CultistPotion","chefmod:SliceAndDice","chefmod:DinoKale","Thinking Ahead","Explosive Potion","chefmod:TonkotsuRamen"],"campfire_rested":0,"item_purchase_floors":[5,5,5,20,20,30],"current_hp_per_floor":[76,76,76,76,76,76,76,76,76,73,73,70,63,63,63,45,76,76,76,76,76,76,76,66,53,53,53,53,53,53,53,53,30,76,60,60,0,0],"gold":258,"neow_bonus":"THREE_ENEMY_KILL","is_daily":false,"chose_seed":false,"campfire_upgraded":3,"win_rate":0.0,"timestamp":1608021266,"path_taken":["M","?","?","M","$","E","R","M","T","M","?","M","?","M","R","BOSS","M","?","$","?","?","R","M","M","T","?","?","?","?","?","R","BOSS","M","M","M"],"items_purchased_type":["Potion","Card","Card","Card","Potion","Card"],"build_version":"2020-12-13","purchased_purges":1,"victory":false,"max_hp_per_floor":[76,76,76,76,76,76,76,76,76,76,76,76,76,76,76,76,76,76,76,76,76,76,76,76,76,76,76,76,76,76,76,76,76,76,76,76,76,76],"card_choices":[{"not_picked":["chefmod:Defrost","chefmod:BaoBuns"],"picked":"chefmod:Fillet","floor":1},{"not_picked":["chefmod:ColdSteel","chefmod:AllYouCanEat"],"picked":"chefmod:HotSoup","floor":4},{"not_picked":["chefmod:SliceAndDice","chefmod:BananaSplit"],"picked":"chefmod:FireUp","floor":6},{"not_picked":["chefmod:Fillet","chefmod:Granita"],"picked":"chefmod:OldCookbook","floor":8},{"not_picked":["chefmod:FryPan","chefmod:Puree"],"picked":"chefmod:Defrost","floor":10},{"not_picked":["chefmod:Granita","chefmod:Defrost"],"picked":"chefmod:Flambe","floor":12},{"not_picked":["chefmod:Sorbet","chefmod:IcePick"],"picked":"chefmod:FireUp","floor":13},{"not_picked":["chefmod:ColdSteel","chefmod:KnifeFlurry"],"picked":"chefmod:Fillet","floor":14},{"not_picked":["chefmod:TastyDistraction","chefmod:DeepFreeze"],"picked":"chefmod:RisingDough","floor":16},{"not_picked":["chefmod:SliceAndDice","chefmod:FireUp","chefmod:HotSoup"],"picked":"chefmod:FreezerBurn+1","floor":18},{"not_picked":["chefmod:Granita+1","chefmod:IcePick","chefmod:FryPan"],"picked":"chefmod:SliceAndDice+1","floor":24},{"not_picked":["chefmod:DinoKale","chefmod:Sorbet","chefmod:ColdSteel"],"picked":"chefmod:Tenderizer","floor":25},{"not_picked":["chefmod:FryPan","chefmod:BleedOut+1","chefmod:Granita"],"picked":"chefmod:Leftovers","floor":28},{"not_picked":["chefmod:CandyBowl","chefmod:DeathByChocolate","chefmod:RisingDough"],"picked":"chefmod:FrozenTuna","floor":33},{"not_picked":["chefmod:BaoBuns"],"picked":"chefmod:NewMenu+1","floor":35},{"not_picked":["chefmod:Bruschetta"],"picked":"chefmod:FarmersMarket+1","floor":36}],"player_experience":74047,"relics_obtained":[{"floor":6,"key":"Bag of Marbles"},{"floor":9,"key":"Regal Pillow"},{"floor":26,"key":"Divine Protection"},{"floor":27,"key":"Matryoshka"}],"event_choices":[{"damage_healed":0,"gold_gain":175,"player_choice":"AGREE","damage_taken":0,"max_hp_gain":0,"max_hp_loss":0,"event_name":"Liars Game","floor":2,"gold_loss":0,"cards_obtained":["Doubt"]},{"cards_removed":["Doubt"],"damage_healed":0,"gold_gain":0,"player_choice":"Forget","damage_taken":0,"max_hp_gain":0,"max_hp_loss":0,"event_name":"Living Wall","floor":11,"gold_loss":0},{"damage_healed":0,"gold_gain":0,"player_choice":"1 cards matched","damage_taken":0,"max_hp_gain":0,"max_hp_loss":0,"event_name":"Match and Keep!","floor":19,"gold_loss":0,"cards_obtained":["PanicButton"]},{"damage_healed":0,"gold_gain":100,"player_choice":"Pray","damage_taken":0,"max_hp_gain":0,"max_hp_loss":0,"event_name":"Golden Shrine","floor":21,"gold_loss":0},{"cards_removed":["PanicButton"],"damage_healed":0,"gold_gain":0,"player_choice":"Take \u0026 Give","damage_taken":0,"max_hp_gain":0,"max_hp_loss":0,"event_name":"betterNote:BetterNote","floor":22,"gold_loss":0,"cards_obtained":["thefirefly:Strike"]},{"damage_healed":0,"gold_gain":0,"player_choice":"Trade","damage_taken":0,"relics_obtained":["GremlinMask"],"max_hp_gain":0,"max_hp_loss":0,"event_name":"FaceTrader","floor":29,"gold_loss":0}],"is_beta":false,"boss_relics":[{"not_picked":["Replay:Bronze Core","Replay:Ancient Bell"],"picked":"Honey Jar"},{"not_picked":["Empty Cage","Replay:Drink Me"],"picked":"Busted Crown"}],"items_purged_floors":[30],"is_endless":false,"potions_floor_spawned":[1,8,16,18,33],"killed_by":"Transient","ascension_level":0}}