{"host":"8a3g9edf69u3epoz","time":1608007947,"event":{"mods":["BaseMod","Minty Spire (QoL Compilation)","MostiFishMod","Relic Stats","Remilia（蕾米莉亚）","StSLib","TestMod","UnlockEverythingMod","WarShipGirlsR/战舰少女R mod"],"gold_per_floor":[117,117,128,128,141,141,152,182,208,243,256,256,276,291,291,395,395,408,408,418,436,535,535,567,56,128,162,562,574,603,618,618,716,716,731,750,740,758,758,785,785,810,810,810,820,832,852,882,882,882,882,882,273,305,305],"floor_reached":56,"playtime":5438,"items_purged":["Strike_RM"],"score":2061,"play_id":"2a32f2e7-ff52-4cd3-aab0-afb0dd5e1bb4","local_time":"20201215125227","is_ascension_mode":true,"campfire_choices":[{"data":"MillenniumVampire","floor":6,"key":"SMITH"},{"data":"DemonKingCradle","floor":12,"key":"SMITH"},{"data":"EquivalentExchange","floor":15,"key":"SMITH"},{"data":"QueenOfMidnight","floor":23,"key":"SMITH"},{"data":"RedMoon","floor":32,"key":"SMITH"},{"data":"BloodySeventeenLaser","floor":41,"key":"SMITH"},{"floor":49,"key":"RECALL"},{"data":"TricksterDevil","floor":52,"key":"SMITH"}],"circlet_count":0,"master_deck":["Defend_RM","Defend_RM","Defend_RM","Defend_RM","RedMoon+1","ScarletShoot","AfternoonTea","Ultimatum","MillenniumVampire+1","RedNightlessCastle","DemonKingCradle+1","ReincarnationDial","EquivalentExchange+1","QueenOfMidnight+1","BombardNight+1","testmod-Bloodthirsty+1","BloodySeventeenLaser+1","MastersStateliness+1","BloodyMagicSquare+1","Madness+1","Madness+1","UltimateOffering+1","BloodAndWine+1","TricksterDevil+1","testmod-ConditionedReflex"],"relics":["testmod-TestBox","FeatherPendant","testmod-Justice","Coffee Dripper","Question Card","Nunchaku","Oddly Smooth Stone","Bronze Scales","ImportantClient","JellyFishMachine","Ornamental Fan","ChiLing","Chi","Ling","Toxic Egg 2","Happy Flower","Pear","Turnip","Omamori","PatriotShield","Gremlin Horn","testmod-BalancedPeriapt","Vajra","OrangePellets","Bag of Marbles","Gungnir","Blood Vial"],"acts_visited":["Exordium","TheCity","TheBeyond","TheEnding"],"potions_floor_usage":[11,33,33,33],"damage_taken":[{"damage":0,"enemies":"2 Louse","floor":1,"turns":2},{"damage":0,"enemies":"Cultist","floor":3,"turns":3},{"damage":0,"enemies":"Jaw Worm","floor":5,"turns":5},{"damage":0,"enemies":"Lots of Slimes","floor":7,"turns":3},{"damage":0,"enemies":"Gremlin Nob","floor":8,"turns":5},{"damage":0,"enemies":"Lagavulin","floor":10,"turns":6},{"damage":0,"enemies":"Exordium Wildlife","floor":11,"turns":2},{"damage":0,"enemies":"Looter","floor":13,"turns":2},{"damage":0,"enemies":"Large Slime","floor":14,"turns":8},{"damage":29,"enemies":"The Guardian","floor":16,"turns":7},{"damage":0,"enemies":"Shell Parasite","floor":18,"turns":3},{"damage":10,"enemies":"2 Thieves","floor":20,"turns":3},{"damage":12,"enemies":"3 Cultists","floor":21,"turns":5},{"damage":0,"enemies":"Book of Stabbing","floor":24,"turns":4},{"damage":12,"enemies":"Slavers","floor":27,"turns":3},{"damage":2,"enemies":"Centurion and Healer","floor":29,"turns":3},{"damage":15,"enemies":"Gremlin Leader","floor":30,"turns":3},{"damage":13,"enemies":"Cultist and Chosen","floor":31,"turns":3},{"damage":2,"enemies":"Champ","floor":33,"turns":3},{"damage":1,"enemies":"3 Shapes","floor":35,"turns":2},{"damage":4,"enemies":"Orb Walker","floor":36,"turns":2},{"damage":64,"enemies":"Jaw Worm Horde","floor":38,"turns":2},{"damage":56,"enemies":"Reptomancer","floor":40,"turns":1},{"damage":65,"enemies":"Giant Head","floor":42,"turns":2},{"damage":65,"enemies":"Writhing Mass","floor":45,"turns":1},{"damage":66,"enemies":"Spire Growth","floor":46,"turns":2},{"damage":65,"enemies":"Transient","floor":47,"turns":2},{"damage":65,"enemies":"Nemesis","floor":48,"turns":1},{"damage":66,"enemies":"Donu and Deca","floor":50,"turns":3},{"damage":65,"enemies":"Shield and Spear","floor":54,"turns":1},{"damage":81,"enemies":"The Heart","floor":55,"turns":4}],"seed_played":"2038314839770581797","potions_obtained":[{"floor":3,"key":"Explosive Potion"},{"floor":7,"key":"DestinyDice"},{"floor":8,"key":"LiquidMemories"},{"floor":13,"key":"DistilledChaos"},{"floor":33,"key":"Fire Potion"},{"floor":36,"key":"Swift Potion"},{"floor":38,"key":"BlessingOfTheForge"}],"is_trial":false,"path_per_floor":["M","?","M","$","M","R","M","E","T","E","M","R","M","M","R","B",null,"M","?","M","M","?","R","E","$","T","E","?","M","E","M","R","B",null,"M","M","?","M","?","E","R","E","T","?","M","M","M","E","R","B",null,"R","$","E","B",null],"character_chosen":"REMILIA","items_purchased":["ChiLing","Toxic Egg 2","Happy Flower","testmod-Bloodthirsty+1","OrangePellets","Bag of Marbles","Gungnir","testmod-ConditionedReflex"],"campfire_rested":0,"item_purchase_floors":[25,25,25,25,53,53,53,53],"current_hp_per_floor":[68,68,72,72,72,72,72,72,72,75,75,75,75,75,75,55,70,70,70,62,54,54,54,60,60,70,60,60,70,62,50,50,85,85,85,85,85,85,74,85,85,85,85,85,85,85,85,85,85,85,85,85,85,85,85],"gold":305,"neow_bonus":"BOSS_RELIC","is_daily":false,"chose_seed":false,"campfire_upgraded":7,"win_rate":0.0,"timestamp":1608007947,"path_taken":["M","?","M","?","M","R","M","E","T","E","M","R","?","M","R","BOSS","M","?","?","M","?","R","E","$","T","E","?","M","E","M","R","BOSS","M","M","?","M","?","E","R","E","T","?","M","M","M","E","R","BOSS","R","$","E","BOSS"],"items_purchased_type":["Relic","Relic","Relic","Card","Relic","Relic","Relic","Card"],"build_version":"2020-12-13","purchased_purges":1,"victory":true,"max_hp_per_floor":[75,75,75,75,75,75,75,75,75,75,75,75,75,75,75,75,75,75,75,75,75,75,75,75,75,85,85,85,85,85,85,85,85,85,85,85,85,85,85,85,85,85,85,85,85,85,85,85,85,85,85,85,85,85,85],"relic_stats":{"Blood Vial":0,"OrangePellets":[5],"Nunchaku":[19],"Happy Flower":[12],"Gremlin Horn":[2,2],"counters":[31,96],"Ornamental Fan":[100],"Bronze Scales":[192],"Turnip":[6],"Question Card":36,"obtain_stats":[{"PatriotShield":34,"DaveBox":0,"Gremlin Horn":40,"Chi":25,"Vajra":48,"ScarletHat":0,"Blood Vial":54,"Nunchaku":8,"Toxic Egg 2":25,"ImportantClient":16,"testmod-TestBox":0,"Pear":26,"Happy Flower":25,"JellyFishMachine":17,"Oddly Smooth Stone":9,"Omamori":30,"testmod-Justice":0,"Question Card":1,"Gungnir":53,"OrangePellets":53,"Ling":25,"FeatherPendant":0,"Ornamental Fan":24,"Bronze Scales":10,"Turnip":27,"Coffee Dripper":0,"Bag of Marbles":53,"testmod-BalancedPeriapt":42,"ChiLing":25},{"PatriotShield":19,"DaveBox":0,"Gremlin Horn":23,"Chi":14,"Vajra":28,"ScarletHat":0,"Blood Vial":30,"Nunchaku":5,"Toxic Egg 2":14,"ImportantClient":10,"testmod-TestBox":0,"Pear":14,"Happy Flower":14,"JellyFishMachine":10,"Oddly Smooth Stone":5,"Omamori":17,"testmod-Justice":0,"Question Card":1,"Gungnir":29,"OrangePellets":29,"Ling":14,"FeatherPendant":0,"Ornamental Fan":14,"Bronze Scales":6,"Turnip":15,"Coffee Dripper":0,"Bag of Marbles":29,"testmod-BalancedPeriapt":24,"ChiLing":14},{"PatriotShield":73,"DaveBox":0,"Gremlin Horn":80,"Chi":58,"Vajra":88,"ScarletHat":0,"Blood Vial":92,"Nunchaku":18,"Toxic Egg 2":58,"ImportantClient":43,"testmod-TestBox":0,"Pear":58,"Happy Flower":58,"JellyFishMachine":43,"Oddly Smooth Stone":18,"Omamori":67,"testmod-Justice":0,"Question Card":2,"Gungnir":91,"OrangePellets":91,"Ling":58,"FeatherPendant":0,"Ornamental Fan":58,"Bronze Scales":24,"Turnip":61,"Coffee Dripper":0,"Bag of Marbles":91,"testmod-BalancedPeriapt":82,"ChiLing":58}]},"card_choices":[{"not_picked":["Stigmanizer","StarOfDavid"],"picked":"AfternoonTea","floor":1},{"not_picked":["BombardNight","NightDance","VampirishNight"],"picked":"Ultimatum","floor":3},{"not_picked":["ChainGang","UnderTheZenith","CharismaGuard"],"picked":"MillenniumVampire","floor":5},{"not_picked":["BlasphemousPunishment","UnderTheZenith","CharismaGuard"],"picked":"RedNightlessCastle","floor":5},{"not_picked":["AfternoonTea","BloodyMagicSquare","DiffusionOfMisfortune"],"picked":"DemonKingCradle","floor":7},{"not_picked":["BlasphemousPunishment","ScarletImprint","RedMagic","SuperhumanBloodyKnife"],"picked":"SKIP","floor":7},{"not_picked":["MastersStateliness","StarOfDavid","BombardNight"],"picked":"ReincarnationDial","floor":8},{"not_picked":["RedRainbow","ScarletImprint","NightDance","BlasphemousPunishment"],"picked":"SKIP","floor":8},{"not_picked":["ScarletDevil","FavorOfDestiny","VampireClaw"],"picked":"EquivalentExchange","floor":10},{"not_picked":["UnstableMagic","RedRainbow","CharismaGuard","ScarletSymphony"],"picked":"SKIP","floor":10},{"not_picked":["MastersStateliness","VampireKiss","CharismaGuard","BombardNight"],"picked":"SKIP","floor":11},{"not_picked":["Stigmanizer","StarOfDavid","EndlessAdversity","Ultimatum"],"picked":"SKIP","floor":13},{"not_picked":["EndlessAdversity","RedMagic","BombardNight","HellCatastrophe"],"picked":"SKIP","floor":14},{"not_picked":["DevilSight","Ultimatum","BloodyTrap","Stigmanizer"],"picked":"SKIP","floor":14},{"not_picked":["EquivalentExchange","CeilingFear","CurseOfVladTepes"],"picked":"QueenOfMidnight","floor":16},{"not_picked":["EternalNight","CharismaGuard","ChainGang+1","BlasphemousPunishment+1"],"picked":"SKIP","floor":18},{"not_picked":["LeisurelyOfLord","VampireKiss","ReincarnationDial","UnderTheZenith"],"picked":"SKIP","floor":20},{"not_picked":["RedRainbow","BombardNight+1","BlasphemousPunishment","VampireKiss"],"picked":"SKIP","floor":20},{"not_picked":["BadLadyScramble","ReincarnationDial","DiffusionOfMisfortune","UnstableMagic"],"picked":"SKIP","floor":21},{"not_picked":["RedNightlessCastle","SuperhumanBloodyKnife","StarOfDavid"],"picked":"BombardNight+1","floor":24},{"not_picked":["Maim","BombardNight","VampireSweep","RedMagic+1"],"picked":"SKIP","floor":24},{"not_picked":["BlasphemousPunishment+1","FitfulNightmare","BloodHunter+1","BloodRain+1"],"picked":"SKIP","floor":27},{"not_picked":["BombardNight","EmergencyRegeneration+1","UnstableMagic+1","VampireKiss"],"picked":"SKIP","floor":29},{"not_picked":["UnstableMagic+1","StarOfDavid+1","LeisurelyOfLord","UltimateOffering"],"picked":"SKIP","floor":30},{"not_picked":["DiffusionOfMisfortune","FavorOfDestiny+1","CurseOfVladTepes","BombardNight"],"picked":"SKIP","floor":30},{"not_picked":["DiffusionOfMisfortune","StarOfDavid+1","ScarletGensokyo+1","UnderTheZenith+1"],"picked":"SKIP","floor":31},{"not_picked":["HellCatastrophe","ChaoticDestiny+1","EquivalentExchange"],"picked":"BloodySeventeenLaser","floor":33},{"not_picked":["CharismaGuard","VampireKiss+1","NightLord"],"picked":"MastersStateliness+1","floor":35},{"not_picked":["TwelveNightmare+1","BombardNight+1","RedNightlessCastle"],"picked":"BloodyMagicSquare+1","floor":36},{"not_picked":["FavorOfDestiny+1","NightDance","BlasphemousPunishment+1","MillenniumVampire+1"],"picked":"SKIP","floor":38},{"not_picked":["UnderTheZenith+1","RedNightlessCastle","FavorOfDestiny+1"],"picked":"UltimateOffering+1","floor":40},{"not_picked":["EndlessAdversity","AfternoonTea+1","BadLadyScramble+1","BloodyMagicSquare+1"],"picked":"SKIP","floor":42},{"not_picked":["Stigmanizer+1","ChainGang","Septette+1","BloodRain+1"],"picked":"SKIP","floor":45},{"not_picked":["RedRainbow","Stigmanizer+1","BlasphemousPunishment+1","ScarletDevil"],"picked":"SKIP","floor":46},{"not_picked":["RedNightlessCastle","StarOfDavid","SuperhumanBloodyKnife"],"picked":"BloodAndWine+1","floor":47},{"not_picked":["SuperhumanBloodyKnife+1","ScarletDevil","UnderTheZenith+1"],"picked":"TricksterDevil","floor":48},{"not_picked":["ScarletNetherworld","EndlessAdversity+1","MastersStateliness","BloodRain+1"],"picked":"SKIP","floor":54}],"player_experience":51296,"relics_obtained":[{"floor":1,"key":"Question Card"},{"floor":8,"key":"Nunchaku"},{"floor":9,"key":"Oddly Smooth Stone"},{"floor":10,"key":"Bronze Scales"},{"floor":16,"key":"ImportantClient"},{"floor":24,"key":"Ornamental Fan"},{"floor":26,"key":"Pear"},{"floor":27,"key":"Turnip"},{"floor":30,"key":"Omamori"},{"floor":40,"key":"Gremlin Horn"},{"floor":42,"key":"testmod-BalancedPeriapt"},{"floor":48,"key":"Vajra"},{"floor":54,"key":"Blood Vial"}],"event_choices":[{"cards_removed":["Strike_RM"],"damage_healed":0,"gold_gain":0,"player_choice":"Purged","damage_taken":0,"max_hp_gain":0,"max_hp_loss":0,"event_name":"Purifier","floor":2,"gold_loss":0},{"cards_removed":["Strike_RM"],"damage_healed":0,"gold_gain":0,"player_choice":"Purged","damage_taken":0,"max_hp_gain":0,"max_hp_loss":0,"event_name":"Purifier","floor":19,"gold_loss":0},{"damage_healed":0,"gold_gain":99,"player_choice":"Stole From Cult","damage_taken":0,"max_hp_gain":0,"max_hp_loss":0,"event_name":"Nest","floor":22,"gold_loss":0},{"damage_healed":0,"gold_gain":400,"player_choice":"Sell","damage_taken":0,"max_hp_gain":0,"max_hp_loss":0,"event_name":"恩洛斯的盘子","floor":28,"relics_lost":["DaveBox"],"gold_loss":0},{"damage_healed":0,"gold_gain":0,"player_choice":"Embrace Madness","damage_taken":11,"max_hp_gain":0,"max_hp_loss":0,"event_name":"Winding Halls","floor":39,"gold_loss":0,"cards_obtained":["Madness","Madness"]},{"cards_removed":["Strike_RM"],"damage_healed":0,"gold_gain":0,"player_choice":"Removed Attack","damage_taken":0,"max_hp_gain":0,"max_hp_loss":0,"event_name":"Falling","floor":44,"gold_loss":0}],"is_beta":false,"boss_relics":[{"not_picked":["GuanYuAspect","ScarletEmblem"],"picked":"JellyFishMachine"},{"not_picked":["Cursed Key","Empty Cage"],"picked":"PatriotShield"}],"items_purged_floors":[53],"is_endless":false,"potions_floor_spawned":[3,7,8,11,13,16,24,29,31,33,36,38,47,48,54],"ascension_level":7}}