{"host":"ks12kfi5c4d9hdxy","time":1608055671,"event":{"mods":["Act Like it!","BaseMod","Conspire","Gensokyo","GifTheSpireLib","Koishi","LagranYue(拉格朗・月)","Marisa（F雨　魔理沙）","Minty Spire (QoL Compilation)","Quick Restart","Reimu（博丽灵梦）","Remilia（蕾米莉亚）","Replay The Spire","RumiaBox-露米娅的神秘盒子","Shop Mod","StSLib","SuperFastMode","The Administrix","The Servant 0.9.4","Youmu（魂魄妖梦）","Yuyuko","【东方二次创作】八云紫mod","【功能Mod】混沌之环修复补丁","【功能Mod】聪明的最终Boss","篝火指南"],"gold_per_floor":[116,130,145,164,184,215,215,215,215,228,260,5,44,96,96,217,217,229,276,276,315,315,315],"floor_reached":22,"playtime":807,"items_purged":[],"score":280,"play_id":"34c2c4e4-9c88-42ad-bd47-5d71045fcfc2","local_time":"20201216020751","is_ascension_mode":true,"campfire_choices":[{"data":"KillingBlow","floor":7.0,"key":"SMITH"},{"data":"ScarletDevilSign","floor":15.0,"key":"SMITH"}],"circlet_count":0,"master_deck":["Strike_RM","Strike_RM","Strike_RM","Strike_RM","Defend_RM","Defend_RM","Defend_RM","Defend_RM","RedMoon","ScarletShoot+1","Spreading Infection","ScarletDevilSign+1","DevilSight","KillingBlow+1","FavorOfDestiny","VampirishNight","ReplayTheSpireMod:Splinters","SuperhumanBloodyKnife+1"],"relics":["ScarletHat","LagranYue:RandomDrawCardRelic","MagicDraw2","LagranYue:GuideDeadRelic","Meat on the Bone","ReplayTheSpireMod:Lightbulb","FossilizedHelix","Replay:Bronze Core","Snack Pack"],"acts_visited":["Exordium","TheCity"],"potions_floor_usage":[21,21],"damage_taken":[{"damage":2.0,"enemies":"Small Slimes","floor":1.0,"turns":4.0},{"damage":0.0,"enemies":"2 Louse","floor":2.0,"turns":3.0},{"damage":0.0,"enemies":"Jaw Worm","floor":3.0,"turns":4.0},{"damage":0.0,"enemies":"Blue Slaver","floor":4.0,"turns":3.0},{"damage":22.0,"enemies":"Exordium Thugs","floor":5.0,"turns":7.0},{"damage":48.0,"enemies":"Replay:BlueRogue","floor":6.0,"turns":3.0},{"damage":0.0,"enemies":"Exordium Wildlife","floor":10.0,"turns":3.0},{"damage":11.0,"enemies":"3 Sentries","floor":11.0,"turns":6.0},{"damage":1.0,"enemies":"Large Slime","floor":13.0,"turns":8.0},{"damage":0.0,"enemies":"Gremlin Nob","floor":14.0,"turns":2.0},{"damage":47.0,"enemies":"Hexaghost","floor":16.0,"turns":10.0},{"damage":0,"enemies":"Shell Parasite","floor":18,"turns":1},{"damage":45,"enemies":"conspire:FuzzyDice","floor":21,"turns":10},{"damage":0,"enemies":"Centurion and Healer","floor":22,"turns":2}],"seed_played":"9146910375194829464","potions_obtained":[{"floor":2.0,"key":"Elixir"},{"floor":6.0,"key":"Block Potion"},{"floor":10.0,"key":"Ancient Potion"},{"floor":11.0,"key":"SteroidPotion"}],"is_trial":false,"path_per_floor":["M","M","M","M","M","E","R","?","T","M","E","$","M","E","R","B",null,"M","?","?","M","M"],"character_chosen":"REMILIA","items_purchased":["FavorOfDestiny","ReplayTheSpireMod:Lightbulb"],"campfire_rested":0,"item_purchase_floors":[12,12],"current_hp_per_floor":[87,87,89,89,69,28,28,28,28,29,21,21,37,56,56,37,89,89,89,89,52,52,52],"gold":315,"neow_bonus":"TWENTY_PERCENT_HP_BONUS","is_daily":false,"chose_seed":false,"campfire_upgraded":2,"win_rate":0.0,"timestamp":1608055671,"path_taken":["M","M","M","M","M","E","R","?","T","M","E","$","M","E","R","BOSS","BOSS","M","?","?","M","?"],"items_purchased_type":["Card","Relic"],"build_version":"2020-12-13","purchased_purges":0,"victory":false,"max_hp_per_floor":[89,89,89,89,89,89,89,89,89,89,89,89,89,89,89,89,89,89,89,89,89,89,89],"card_choices":[{"not_picked":["AfternoonTea","DiffusionOfMisfortune"],"picked":"ScarletDevilSign","floor":1.0},{"not_picked":["EndlessAdversity","BlasphemousPunishment"],"picked":"DevilSight","floor":2.0},{"not_picked":["RedNightlessCastle","ScarletImprint","AfternoonTea"],"picked":"SKIP","floor":3.0},{"not_picked":["BombardNight","BloodyMagicSquare","MillenniumVampire"],"picked":"SKIP","floor":4.0},{"not_picked":["ReincarnationDial","ScarletImprint"],"picked":"KillingBlow","floor":5.0},{"not_picked":["Stigmanizer","RedRainbow","ScarletImprint"],"picked":"SKIP","floor":6.0},{"not_picked":["DiffusionOfMisfortune","Stigmanizer","EndlessAdversity"],"picked":"SKIP","floor":10.0},{"not_picked":["BadLadyScramble","RedNightlessCastle","BloodRain"],"picked":"SKIP","floor":11.0},{"not_picked":["Ultimatum","FavorOfDestiny"],"picked":"VampirishNight","floor":13.0},{"not_picked":["CeilingFear","BloodyTrap","VampireFantasy"],"picked":"SKIP","floor":14.0},{"not_picked":["ScarletGensokyo","CharismaGuard","BloodyMagicSquare"],"picked":"SKIP","floor":18},{"not_picked":["TwelveNightmare","DiffusionOfMisfortune"],"picked":"SuperhumanBloodyKnife+1","floor":21}],"player_experience":525987,"relics_obtained":[{"floor":6.0,"key":"MagicDraw2"},{"floor":9.0,"key":"LagranYue:GuideDeadRelic"},{"floor":11.0,"key":"Meat on the Bone"},{"floor":14.0,"key":"FossilizedHelix"},{"floor":19,"key":"Snack Pack"}],"event_choices":[{"damage_healed":0.0,"max_hp_gain":0.0,"max_hp_loss":0.0,"gold_gain":0.0,"event_name":"conspire:LoneGhost","player_choice":"Disagree","floor":8.0,"gold_loss":0.0,"damage_taken":0.0},{"damage_healed":0,"gold_gain":0,"player_choice":"Upgraded","damage_taken":0,"max_hp_gain":0,"max_hp_loss":0,"event_name":"Upgrade Shrine","floor":20,"gold_loss":0,"cards_upgraded":["ScarletShoot"]}],"is_beta":false,"boss_relics":[{"not_picked":["Busted Crown","Painkiller Herb"],"picked":"Replay:Bronze Core"}],"items_purged_floors":[],"is_endless":false,"potions_floor_spawned":[2,6,10,11,13,14,16],"killed_by":"Centurion and Healer","ascension_level":4}}