{"host":"fbqvzfq8f1yzoo4u","time":1608059061,"event":{"mods":["BaseMod","Minty Spire (QoL Compilation)","Replay The Spire","StSLib"],"gold_per_floor":[119,139,36,56,106,106,124,124,148,168,44,71,71,16,16,90,90,107,119,119,119],"floor_reached":20,"playtime":552,"items_purged":[],"score":328,"play_id":"717d33b4-5a48-426e-a20c-ad50c3754199","local_time":"20201216030421","is_ascension_mode":true,"campfire_choices":[{"data":"Dualcast","floor":6.0,"key":"SMITH"},{"floor":8.0,"key":"REST"},{"data":"Recycle","floor":13.0,"key":"SMITH"},{"data":"Consume","floor":15.0,"key":"SMITH"}],"circlet_count":0,"master_deck":["AscendersBane","Strike_B","Strike_B","Strike_B","Strike_B","Defend_B","Defend_B","Defend_B","Defend_B","Zap","Dualcast+1","BootSequence","Beam Cell","Consume+1","Cold Snap","Ball Lightning","Ball Lightning","Ball Lightning","Recycle+1","Capacitor","Echo Form","Sweeping Beam","Self Repair"],"relics":["Cracked Core","NeowsBlessing","Geode","ReplayTheSpireMod:TigerMarble","SacredBark"],"acts_visited":["Exordium","TheCity"],"potions_floor_usage":[19],"damage_taken":[{"damage":0.0,"enemies":"Cultist","floor":1.0,"turns":1.0},{"damage":0.0,"enemies":"Jaw Worm","floor":2.0,"turns":1.0},{"damage":0.0,"enemies":"2 Louse","floor":4.0,"turns":1.0},{"damage":14.0,"enemies":"Exordium Wildlife","floor":7.0,"turns":3.0},{"damage":2.0,"enemies":"3 Louse","floor":10.0,"turns":2.0},{"damage":28.0,"enemies":"Hexaghost","floor":16.0,"turns":6.0},{"damage":17.0,"enemies":"Shell Parasite","floor":18.0,"turns":6.0},{"damage":18,"enemies":"3 Byrds","floor":19,"turns":5},{"damage":8,"enemies":"Cultist and Chosen","floor":20,"turns":3}],"seed_played":"7462696459186293967","potions_obtained":[{"floor":1.0,"key":"SpeedPotion"},{"floor":7.0,"key":"Elixir"},{"floor":18.0,"key":"SkillPotion"}],"is_trial":false,"path_per_floor":["M","M","$","M","?","R","M","R","T","M","$","T","R","$","R","B",null,"M","M","M"],"character_chosen":"DEFECT","items_purchased":["Consume","Cold Snap","Recycle","Capacitor","FocusPotion"],"campfire_rested":1,"item_purchase_floors":[3,3,11,11,14],"current_hp_per_floor":[64,64,64,64,57,57,43,64,64,62,62,62,62,62,62,34,62,45,27,19,19],"gold":119,"neow_bonus":"THREE_ENEMY_KILL","is_daily":false,"chose_seed":false,"campfire_upgraded":3,"win_rate":0.0,"timestamp":1608059061,"path_taken":["M","M","$","M","?","R","M","R","T","M","$","?","R","$","R","BOSS","M","M","M"],"items_purchased_type":["Card","Card","Card","Card","Potion"],"build_version":"2020-12-13","purchased_purges":0,"victory":false,"max_hp_per_floor":[71,71,71,71,71,71,71,71,71,71,71,71,71,71,71,71,71,71,71,71,71],"card_choices":[{"not_picked":["Force Field","Undo"],"picked":"BootSequence","floor":1.0},{"not_picked":["Fusion","Steam"],"picked":"Beam Cell","floor":2.0},{"not_picked":["Redo","Barrage"],"picked":"Ball Lightning","floor":4.0},{"not_picked":["ReplayTheSpireMod:System Scan","Go for the Eyes"],"picked":"Ball Lightning","floor":7.0},{"not_picked":["Cold Snap","BasicCrystalCard"],"picked":"Ball Lightning","floor":10.0},{"not_picked":["Amplify","Machine Learning"],"picked":"Echo Form","floor":16.0},{"not_picked":["Compile Driver","Stack"],"picked":"Sweeping Beam","floor":18.0},{"not_picked":["Rebound","BasicCrystalCard"],"picked":"Self Repair","floor":19}],"player_experience":590796,"relics_obtained":[{"floor":9.0,"key":"Geode"},{"floor":12.0,"key":"ReplayTheSpireMod:TigerMarble"}],"event_choices":[{"damage_healed":0.0,"max_hp_gain":0.0,"max_hp_loss":0.0,"gold_gain":50.0,"event_name":"FaceTrader","player_choice":"Touch","floor":5.0,"gold_loss":0.0,"damage_taken":7.0}],"is_beta":false,"boss_relics":[{"not_picked":["Tiny House","Ring of Chaos"],"picked":"SacredBark"}],"items_purged_floors":[],"is_endless":false,"potions_floor_spawned":[1,7,18],"killed_by":"Cultist and Chosen","ascension_level":20}}