{"host":"i9wanet4r0ff4t9y","time":1608020155,"event":{"mods":["2.2 Compatiblity","Act Like it!","BaseMod","Better Altar","Better Match","Better Note","Better Sensory Stone","Better Skull","Better Third Choice","Better Vampires","BetterRewards","CapriCore","Downfall","Minty Spire (QoL Compilation)","READ ME - Guardian Mod","READ ME - Snecko Mod","Relic Stats","Replay The Spire","Spicy Shops","StSLib","The Disciple","Waifu the Spire"],"gold_per_floor":[112,112,65,19,19,51,63,63,63,80,57,67,81,94,94,195,195,214,40,40,60,60,86,103,138,161,189,0,12,28,42,42,147,147,165,165,165,252,267,267,26,26,26,45,71,83,83,113,113,113],"floor_reached":51,"playtime":2238,"items_purged":["Normality"],"score":1316,"play_id":"b56d3361-4008-4eae-a610-b2f24d5771b7","local_time":"20201215091555","is_ascension_mode":true,"campfire_choices":[{"data":"Discovery","floor":8.0,"key":"SMITH"},{"data":"Feed","floor":15.0,"key":"SMITH"},{"floor":49,"key":"REST"}],"circlet_count":0,"master_deck":["Strike_R+1","Strike_R","Strike_R","Strike_R","Strike_R+1","Defend_R","Defend_R","Defend_R","Defend_R","Bash","Panache","Armaments","Sever Soul","ReplayTheSpireMod:Strike From Hell","ReplayTheSpireMod:Stacked","Regret","Havoc+1","Discovery+1","Pot Of Greed","Pot Of Greed","Cleave","Power Through","Iron Wave","Flame Barrier","Feed+1","ReplayTheSpireMod:Limb From Limb","Pot Of Greed","Eclipse","ReplayTheSpireMod:LeadingStrike+1","Decay","expansioncontent:QuickStudy","Ghostly","Ghostly","Ghostly","Ghostly","Ghostly","Armaments","Run Through","Apotheosis","Pot Of Greed","ReplayTheSpireMod:Corrosion Curse","Iron Wave","Flex","Disarm+1","Wild Strike+1","Hemogenesis","Madness","Madness","Disarm"],"relics":["Burning Blood","Lee\u0027s Waffle","Bag of Marbles","Singing Bowl","Toolbox","Centennial Puzzle","betterThird:SlimedRelic","Grinning Jar","Bottled Flame","Busted Crown","ReplayTheSpireMod:CursedCoin","Juzu Bracelet","Girya","Replay:Multitool","Omamori","Simple Rune","Lizard Tail","Calling Bell","Replay:Rubber Ducky","InkBottle","Replay:PocketPolymizer","WarpedTongs","Anchor","Kunai","Ring of Misfortune","ReplayTheSpireMod:Ring of Addiction","Chameleon Ring","Toy Ornithopter","Nunchaku","Bronze Scales","ReplayTheSpireMod:Ninjato"],"acts_visited":["Exordium","TheCity","TheBeyond"],"potions_floor_usage":[40,44,44,44,44,46,48,48],"damage_taken":[{"damage":0.0,"enemies":"2 Louse","floor":1.0,"turns":2.0},{"damage":20.0,"enemies":"Lagavulin","floor":6.0,"turns":4.0},{"damage":1.0,"enemies":"Small Slimes","floor":7.0,"turns":4.0},{"damage":0.0,"enemies":"Jaw Worm","floor":10.0,"turns":1.0},{"damage":6.0,"enemies":"3 Louse","floor":12.0,"turns":1.0},{"damage":6.0,"enemies":"Looter","floor":13.0,"turns":2.0},{"damage":1.0,"enemies":"Large Slime","floor":14.0,"turns":5.0},{"damage":30.0,"enemies":"Hexaghost","floor":16.0,"turns":9.0},{"damage":23.0,"enemies":"3 Byrds","floor":18.0,"turns":5.0},{"damage":0.0,"enemies":"Chosen","floor":21.0,"turns":5.0},{"damage":1.0,"enemies":"Book of Stabbing","floor":23.0,"turns":8.0},{"damage":9.0,"enemies":"Snake Plant","floor":24.0,"turns":4.0},{"damage":0.0,"enemies":"Slavers","floor":25.0,"turns":5.0},{"damage":19.0,"enemies":"Book of Stabbing","floor":27.0,"turns":6.0},{"damage":17.0,"enemies":"Sentry and Sphere","floor":29.0,"turns":6.0},{"damage":3.0,"enemies":"Snecko","floor":30.0,"turns":5.0},{"damage":7.0,"enemies":"Snake Plant","floor":31.0,"turns":6.0},{"damage":43.0,"enemies":"Collector","floor":33.0,"turns":14.0},{"damage":5.0,"enemies":"3 Shapes","floor":35.0,"turns":5.0},{"damage":3,"enemies":"3 Darklings","floor":39,"turns":7},{"damage":9,"enemies":"3 Darklings","floor":40,"turns":3},{"damage":22,"enemies":"Spire Growth","floor":44,"turns":4},{"damage":0,"enemies":"R_Hoarder","floor":45,"turns":9},{"damage":11,"enemies":"Writhing Mass","floor":46,"turns":5},{"damage":68,"enemies":"Giant Head","floor":48,"turns":10},{"damage":48,"enemies":"Time Eater","floor":50,"turns":17}],"seed_played":"3868368321981702085","potions_obtained":[{"floor":1.0,"key":"SpeedPotion"},{"floor":10.0,"key":"Venom Potion"},{"floor":16.0,"key":"EssenceOfSteel"},{"floor":23.0,"key":"Milkshake"},{"floor":24.0,"key":"Adrenaline Potion"},{"floor":25.0,"key":"BloodPotion"},{"floor":27.0,"key":"Elixir"},{"floor":30.0,"key":"BlessingOfTheForge"},{"floor":33.0,"key":"Ancient Potion"},{"floor":35.0,"key":"EntropicBrew"},{"floor":39,"key":"Explosive Potion"},{"floor":42,"key":"champ:CounterPotion"},{"floor":45,"key":"champ:CounterPotion"}],"is_trial":false,"path_per_floor":["M","?","?","$","?","E","M","R","T","M","$","M","M","M","R","B",null,"M","$","?","M","?","E","M","E","T","E","$","M","M","M","R","B",null,"M","?","?","?","M","R","$","?","T","M","E","M","?","E","R","B",null],"character_chosen":"IRONCLAD","items_purchased":["Lee\u0027s Waffle","Bag of Marbles","Singing Bowl","Toolbox","Panache","Armaments","Sever Soul","ReplayTheSpireMod:Strike From Hell","Havoc+1","Iron Wave","ReplayTheSpireMod:CursedCoin","Juzu Bracelet","expansioncontent:QuickStudy","Apotheosis","Kunai"],"campfire_rested":1,"item_purchase_floors":[0,0,0,0,0,0,0,0,4,11,19,19,19,28,41],"current_hp_per_floor":[87,87,76,76,76,64,69,69,69,75,75,75,75,80,80,56,89,76,76,46,48,48,50,47,50,50,39,39,28,31,40,40,32,52,52,62,62,51,56,59,59,59,59,63,69,71,61,36,58,33],"gold":113,"neow_bonus":"","is_daily":false,"chose_seed":false,"campfire_upgraded":2,"win_rate":0.0,"timestamp":1608020155,"path_taken":["M","?","?","?","?","E","M","R","T","M","?","M","M","M","R","BOSS","M","$","?","M","?","E","M","E","T","E","$","M","M","M","R","BOSS","M","?","?","?","M","R","$","?","T","M","E","M","?","E","R","BOSS"],"items_purchased_type":["Relic","Relic","Relic","Relic","Card","Card","Card","Card","Card","Card","Relic","Relic","Card","Card","Relic"],"build_version":"2020-12-13","purchased_purges":1,"victory":true,"max_hp_per_floor":[87,87,87,87,87,89,89,89,89,89,89,89,89,89,89,89,89,93,93,46,48,48,50,50,50,50,52,52,52,52,52,52,52,52,52,62,62,66,68,74,74,74,74,74,74,76,76,76,76,76],"relic_stats":{"Lee\u0027s Waffle":47,"Singing Bowl":18,"counters":[130,625],"Juzu Bracelet":3,"Burning Blood":787,"WarpedTongs":[46],"Centennial Puzzle":[63],"Lizard Tail":26,"Nunchaku":[7],"Busted Crown":42,"Bronze Scales":[135],"Kunai":[34],"obtain_stats":[{"Sling":47,"Old Coin":24,"Blood Vial":22,"Replay:Ringing Soul":47,"Sundial":17,"MealTicket":26,"Kunai":10,"Replay:Wax Seal":0,"Electric Blood":17,"ReplayTheSpireMod:Ring of Addiction":36,"Replay:Ancient Bell":34,"Akabeko":31,"Bird Faced Urn":9,"Mark of Pain":17,"Regal Pillow":24,"Lantern":34,"Torii":47,"Singing Bowl":0,"Magic Flower":0,"StoneCalendar":0,"King of Hearts":47,"Replay:Multitool":25,"Cursed Key":34,"Burning Blood":0,"Pet Ghost":44,"Replay:Rubber Ducky":34,"Shovel":34,"Toolbox":0,"Chemical X":21,"InkBottle":34,"Paper Frog":23,"Potion Belt":36,"Lee\u0027s Waffle":44,"Omamori":42,"MawBank":27,"Busted Crown":17,"Bloody Idol":22,"Ring of Misfortune":36,"betterThird:SlimedRelic":3,"Art of War":40,"ReplayTheSpireMod:Lightbulb":27,"Toy Ornithopter":28,"Ice Cream":6,"Calipers":6,"Nilry\u0027s Codex":22,"CeramicFish":24,"Vajra":8,"Lizard Tail":42,"Centennial Puzzle":2,"HornCleat":52,"FaceOfCleric":13,"Strawberry":10,"Prayer Wheel":40,"Iron Hammer":9,"Toxic Egg 2":36,"Girya":23,"Happy Flower":14,"ReplayTheSpireMod:CursedCoin":19,"Dead Branch":17,"Oddly Smooth Stone":41,"Letter Opener":9,"Replay:Kaleidoscope":37,"WarpedTongs":29,"Bottled Flame":26,"Replay:Baseball":38,"ReplayTheSpireMod:Shallot":27,"Shuriken":34,"Bronze Scales":45,"Molten Egg 2":43,"Onion Ring":54,"Simple Rune":27,"ReplayTheSpireMod:TigerMarble":23,"Grinning Jar":6,"Replay:PocketPolymizer":34,"Mango":40,"Juzu Bracelet":19,"Replay:Mystery Machine":26,"ClockworkSouvenir":44,"Nunchaku":45,"Chameleon Ring":49,"Pantograph":0,"Red Mask":41,"Red Skull":17,"Gremlin Food":37,"BargainBundle":19,"ReplayTheSpireMod:Ninjato":48,"Quantum Egg":42,"Replay:WaspNest":3,"Odd Mushroom":12,"Orichalcum":43,"White Beast Statue":36,"Mercury Hourglass":43,"Calling Bell":17,"CaptainsWheel":0,"Anchor":38,"Another Sword":47,"Snack Pack":28,"Bag of Marbles":0,"Membership Card":24,"FossilizedHelix":12,"TungstenRod":7},{"Sling":102,"Old Coin":92,"Blood Vial":39,"Replay:Ringing Soul":102,"Sundial":11,"MealTicket":14,"Kunai":33,"Replay:Wax Seal":28,"Electric Blood":62,"ReplayTheSpireMod:Ring of Addiction":47,"Replay:Ancient Bell":46,"Akabeko":94,"Bird Faced Urn":7,"Mark of Pain":37,"Regal Pillow":14,"Lantern":46,"Torii":77,"Singing Bowl":104,"Magic Flower":28,"StoneCalendar":55,"King of Hearts":102,"Replay:Multitool":117,"Cursed Key":19,"Burning Blood":0,"Pet Ghost":75,"Replay:Rubber Ducky":122,"Shovel":46,"Toolbox":28,"Chemical X":13,"InkBottle":122,"Paper Frog":40,"Potion Belt":47,"Lee\u0027s Waffle":75,"Omamori":100,"MawBank":92,"Busted Crown":112,"Bloody Idol":39,"Ring of Misfortune":47,"betterThird:SlimedRelic":105,"Art of War":49,"ReplayTheSpireMod:Lightbulb":92,"Toy Ornithopter":92,"Ice Cream":83,"Calipers":32,"Nilry\u0027s Codex":13,"CeramicFish":66,"Vajra":7,"Lizard Tail":24,"Centennial Puzzle":105,"HornCleat":54,"FaceOfCleric":9,"Strawberry":85,"Prayer Wheel":23,"Iron Hammer":33,"Toxic Egg 2":20,"Girya":115,"Happy Flower":36,"ReplayTheSpireMod:CursedCoin":113,"Dead Branch":11,"Oddly Smooth Stone":75,"Letter Opener":60,"Replay:Kaleidoscope":73,"WarpedTongs":67,"Bottled Flame":41,"Replay:Baseball":97,"ReplayTheSpireMod:Shallot":67,"Shuriken":46,"Bronze Scales":127,"Molten Egg 2":24,"Onion Ring":55,"Simple Rune":118,"ReplayTheSpireMod:TigerMarble":66,"Grinning Jar":106,"Replay:PocketPolymizer":122,"Mango":99,"Juzu Bracelet":113,"Replay:Mystery Machine":66,"ClockworkSouvenir":75,"Nunchaku":51,"Chameleon Ring":53,"Pantograph":55,"Red Mask":23,"Red Skull":11,"Gremlin Food":47,"BargainBundle":89,"ReplayTheSpireMod:Ninjato":129,"Quantum Egg":50,"Replay:WaspNest":29,"Odd Mushroom":9,"Orichalcum":100,"White Beast Statue":47,"Mercury Hourglass":75,"Calling Bell":11,"CaptainsWheel":0,"Anchor":123,"Another Sword":102,"Snack Pack":92,"Bag of Marbles":104,"Membership Card":66,"FossilizedHelix":34,"TungstenRod":59},{"Sling":464,"Old Coin":431,"Blood Vial":183,"Replay:Ringing Soul":464,"Sundial":38,"MealTicket":52,"Kunai":146,"Replay:Wax Seal":125,"Electric Blood":319,"ReplayTheSpireMod:Ring of Addiction":228,"Replay:Ancient Bell":224,"Akabeko":436,"Bird Faced Urn":28,"Mark of Pain":174,"Regal Pillow":52,"Lantern":224,"Torii":381,"Singing Bowl":473,"Magic Flower":125,"StoneCalendar":286,"King of Hearts":464,"Replay:Multitool":528,"Cursed Key":81,"Burning Blood":0,"Pet Ghost":375,"Replay:Rubber Ducky":565,"Shovel":224,"Toolbox":125,"Chemical X":46,"InkBottle":565,"Paper Frog":188,"Potion Belt":228,"Lee\u0027s Waffle":375,"Omamori":460,"MawBank":431,"Busted Crown":501,"Bloody Idol":183,"Ring of Misfortune":228,"betterThird:SlimedRelic":475,"Art of War":239,"ReplayTheSpireMod:Lightbulb":431,"Toy Ornithopter":431,"Ice Cream":404,"Calipers":142,"Nilry\u0027s Codex":46,"CeramicFish":335,"Vajra":28,"Lizard Tail":102,"Centennial Puzzle":475,"HornCleat":280,"FaceOfCleric":32,"Strawberry":409,"Prayer Wheel":101,"Iron Hammer":146,"Toxic Egg 2":85,"Girya":519,"Happy Flower":161,"ReplayTheSpireMod:CursedCoin":506,"Dead Branch":38,"Oddly Smooth Stone":375,"Letter Opener":306,"Replay:Kaleidoscope":363,"WarpedTongs":338,"Bottled Flame":193,"Replay:Baseball":448,"ReplayTheSpireMod:Shallot":338,"Shuriken":224,"Bronze Scales":593,"Molten Egg 2":102,"Onion Ring":286,"Simple Rune":534,"ReplayTheSpireMod:TigerMarble":335,"Grinning Jar":479,"Replay:PocketPolymizer":565,"Mango":458,"Juzu Bracelet":506,"Replay:Mystery Machine":335,"ClockworkSouvenir":375,"Nunchaku":256,"Chameleon Ring":267,"Pantograph":286,"Red Mask":101,"Red Skull":38,"Gremlin Food":228,"BargainBundle":422,"ReplayTheSpireMod:Ninjato":608,"Quantum Egg":245,"Replay:WaspNest":129,"Odd Mushroom":32,"Orichalcum":460,"White Beast Statue":228,"Mercury Hourglass":375,"Calling Bell":38,"CaptainsWheel":0,"Anchor":570,"Another Sword":464,"Snack Pack":431,"Bag of Marbles":473,"Membership Card":335,"FossilizedHelix":150,"TungstenRod":303}],"InkBottle":[24],"Toy Ornithopter":40},"card_choices":[{"not_picked":["Clash","Armaments"],"picked":"ReplayTheSpireMod:Stacked","floor":1.0},{"not_picked":["Replay:SS_fish_3","Chrysalis"],"picked":"Discovery","floor":5.0},{"not_picked":["Shrug It Off","Evolve","Pommel Strike"],"picked":"Singing Bowl","floor":6.0},{"not_picked":["Shrug It Off","True Grit"],"picked":"Cleave","floor":7.0},{"not_picked":["Run Through","Searing Blow"],"picked":"Power Through","floor":10.0},{"not_picked":["Body Slam","Heavy Blade"],"picked":"Flame Barrier","floor":12.0},{"not_picked":["Battle Trance","Disarm"],"picked":"Feed","floor":13.0},{"not_picked":["Havoc","Battle Trance"],"picked":"ReplayTheSpireMod:Limb From Limb","floor":14.0},{"not_picked":["Feed","Berserk"],"picked":"Eclipse","floor":16.0},{"not_picked":[],"picked":"ReplayTheSpireMod:LeadingStrike+1","floor":18.0},{"not_picked":["Clash"],"picked":"Singing Bowl","floor":21.0},{"not_picked":["Replay:Undeath\u0027s Touch"],"picked":"Singing Bowl","floor":23.0},{"not_picked":[],"picked":"Armaments","floor":24.0},{"not_picked":[],"picked":"Run Through","floor":25.0},{"not_picked":["Dual Wield"],"picked":"Singing Bowl","floor":27.0},{"not_picked":[],"picked":"ReplayTheSpireMod:Corrosion Curse","floor":29.0},{"not_picked":[],"picked":"Iron Wave","floor":30.0},{"not_picked":[],"picked":"Flex","floor":31.0},{"not_picked":[],"picked":"Impervious","floor":33.0},{"not_picked":[],"picked":"Disarm+1","floor":35.0},{"not_picked":["Massacre"],"picked":"Singing Bowl","floor":38},{"not_picked":["Heavy Blade"],"picked":"Singing Bowl","floor":38},{"not_picked":["Pommel Strike"],"picked":"Singing Bowl","floor":39},{"not_picked":["Flex"],"picked":"Singing Bowl","floor":40},{"not_picked":[],"picked":"Wild Strike+1","floor":44},{"not_picked":[],"picked":"Hemogenesis","floor":45},{"not_picked":["Clothesline+1"],"picked":"Singing Bowl","floor":46},{"not_picked":[],"picked":"Disarm","floor":48}],"player_experience":351692,"relics_obtained":[{"floor":6.0,"key":"Grinning Jar"},{"floor":9.0,"key":"Bottled Flame"},{"floor":23.0,"key":"Girya"},{"floor":25.0,"key":"Replay:Multitool"},{"floor":26.0,"key":"Omamori"},{"floor":27.0,"key":"Simple Rune"},{"floor":34.0,"key":"Replay:Rubber Ducky"},{"floor":34.0,"key":"InkBottle"},{"floor":34.0,"key":"Replay:PocketPolymizer"},{"floor":38,"key":"Anchor"},{"floor":42,"key":"Ring of Misfortune"},{"floor":42,"key":"ReplayTheSpireMod:Ring of Addiction"},{"floor":42,"key":"Chameleon Ring"},{"floor":42,"key":"Toy Ornithopter"},{"floor":43,"key":"Nunchaku"},{"floor":45,"key":"Bronze Scales"},{"floor":48,"key":"ReplayTheSpireMod:Ninjato"}],"event_choices":[{"damage_healed":0.0,"max_hp_gain":0.0,"max_hp_loss":0.0,"gold_gain":0.0,"event_name":"Big Fish","player_choice":"Box","floor":2.0,"gold_loss":0.0,"damage_taken":0.0,"relics_obtained":["Centennial Puzzle"],"cards_obtained":["Regret"]},{"damage_healed":0.0,"max_hp_gain":0.0,"max_hp_loss":0.0,"gold_gain":0.0,"event_name":"betterThird:BetterGoop","player_choice":"Slimed","floor":3.0,"gold_loss":47.0,"damage_taken":11.0},{"damage_healed":0.0,"max_hp_gain":0.0,"max_hp_loss":0.0,"gold_gain":1.0,"event_name":"betterStone:BetterStone","player_choice":"1","floor":5.0,"gold_loss":0.0,"damage_taken":0.0},{"damage_healed":0.0,"max_hp_gain":0.0,"max_hp_loss":47.0,"gold_gain":0.0,"event_name":"Ghosts","player_choice":"Became a Ghost","floor":20.0,"gold_loss":0.0,"damage_taken":0.0,"cards_obtained":["Ghostly","Ghostly","Ghostly","Ghostly","Ghostly"]},{"damage_healed":0.0,"max_hp_gain":0.0,"max_hp_loss":0.0,"gold_gain":0.0,"event_name":"The Woman in Blue","player_choice":"Bought 0 Potions","floor":22.0,"gold_loss":0.0,"damage_taken":0.0},{"damage_healed":0.0,"max_hp_gain":0.0,"max_hp_loss":0.0,"gold_gain":0.0,"event_name":"WeMeetAgain","player_choice":"Gave Potion","floor":32.0,"gold_loss":0.0,"damage_taken":0.0,"relics_obtained":["Lizard Tail"]},{"cards_removed":["Impervious"],"damage_healed":0.0,"max_hp_gain":10.0,"max_hp_loss":0.0,"gold_gain":0.0,"event_name":"Bonfire Elementals","player_choice":"Offered Rare","floor":36.0,"gold_loss":0.0,"damage_taken":0.0},{"damage_healed":0.0,"max_hp_gain":0.0,"max_hp_loss":0.0,"gold_gain":0.0,"event_name":"Accursed Blacksmith","player_choice":"Rummage","floor":37.0,"gold_loss":0.0,"damage_taken":0.0,"relics_obtained":["WarpedTongs"],"cards_obtained":["Pain"]},{"damage_healed":0,"gold_gain":0,"player_choice":"Embrace Madness","damage_taken":10,"max_hp_gain":0,"max_hp_loss":0,"event_name":"Winding Halls","floor":47,"gold_loss":0,"cards_obtained":["Madness","Madness"]}],"is_beta":false,"boss_relics":[{"not_picked":["Runic Cube","Coffee Dripper"],"picked":"Busted Crown"},{"not_picked":["ReplayTheSpireMod:DimensionalGlitch","Velvet Choker"],"picked":"Calling Bell"}],"items_purged_floors":[0],"is_endless":false,"potions_floor_spawned":[1,10,16,23,24,25,27,30,33,35,39,45],"ascension_level":3}}