{"host":"msfr2axb1w9025n0","time":1608026296,"event":{"mods":["BaseMod","Colored Map","DeckTracker","Minty Spire (QoL Compilation)"],"gold_per_floor":[118,10,21,96,96,131,131,156,156,156,189,248,258,287,287,386,386,397,397,408,128,128,128,162,181,204,204,216,257,257,257],"floor_reached":30,"playtime":882,"items_purged":[],"score":396,"play_id":"123ee637-f96c-4e98-b356-c6771cc5d9fb","local_time":"20201215165816","is_ascension_mode":true,"campfire_choices":[{"data":"TalkToTheHand","floor":7,"key":"SMITH"},{"floor":15,"key":"REST"},{"data":"MasterReality","floor":23,"key":"SMITH"}],"circlet_count":0,"master_deck":["Strike_P","Strike_P","Strike_P","Defend_P","Defend_P","Defend_P","Defend_P","Eruption","Vigilance","BowlingBash","ReachHeaven","TalkToTheHand+1","Crescendo","FlyingSleeves","BowlingBash+1","MasterReality+1","ClearTheMind","DeusExMachina","WaveOfTheHand","SignatureMove+1","Flash of Steel+1","CutThroughFate+1","Perseverance","Establishment","EmptyMind+1","FlurryOfBlows+1"],"relics":["PureWater","NeowsBlessing","GoldenEye","Yang","Molten Egg 2","Pen Nib","Anchor","Bottled Flame","VioletLotus","Nunchaku","PreservedInsect","Art of War","CeramicFish"],"acts_visited":["Exordium","TheCity"],"potions_floor_usage":[],"damage_taken":[{"damage":0,"enemies":"Small Slimes","floor":1,"turns":1},{"damage":0,"enemies":"2 Louse","floor":3,"turns":1},{"damage":0,"enemies":"Lagavulin","floor":6,"turns":1},{"damage":20,"enemies":"3 Sentries","floor":8,"turns":4},{"damage":13,"enemies":"Gremlin Nob","floor":11,"turns":4},{"damage":0,"enemies":"Jaw Worm","floor":13,"turns":3},{"damage":7,"enemies":"Lagavulin","floor":14,"turns":5},{"damage":12,"enemies":"Hexaghost","floor":16,"turns":9},{"damage":0,"enemies":"Chosen","floor":18,"turns":4},{"damage":0,"enemies":"Shell Parasite","floor":20,"turns":4},{"damage":18,"enemies":"Slavers","floor":24,"turns":4},{"damage":0,"enemies":"Chosen and Byrds","floor":25,"turns":4},{"damage":23,"enemies":"3 Cultists","floor":28,"turns":4},{"damage":42,"enemies":"Gremlin Leader","floor":29,"turns":5},{"damage":5,"enemies":"Snake Plant","floor":30,"turns":2}],"seed_played":"-7544500789779581335","potions_obtained":[{"floor":3,"key":"Explosive Potion"},{"floor":8,"key":"AttackPotion"},{"floor":14,"key":"Explosive Potion"},{"floor":27,"key":"FearPotion"},{"floor":27,"key":"AttackPotion"},{"floor":28,"key":"FairyPotion"},{"floor":29,"key":"SmokeBomb"}],"is_trial":false,"path_per_floor":["M","$","M","?","?","E","R","E","T","?","E","?","M","E","R","B",null,"M","?","M","$","?","R","E","M","T","?","M","E","M"],"character_chosen":"WATCHER","items_purchased":["BowlingBash","ReachHeaven","Nunchaku","Flash of Steel+1","CutThroughFate+1"],"campfire_rested":1,"item_purchase_floors":[2,2,21,21,21],"current_hp_per_floor":[72,72,72,61,66,66,66,46,46,28,15,15,15,8,31,19,77,77,77,77,77,63,63,45,45,45,45,22,4,0,0],"gold":257,"neow_bonus":"THREE_ENEMY_KILL","is_daily":false,"chose_seed":false,"campfire_upgraded":2,"win_rate":0.0,"timestamp":1608026296,"path_taken":["M","$","M","?","?","E","R","E","T","?","E","?","?","E","R","BOSS","M","?","M","$","?","R","E","M","T","?","?","E","M"],"items_purchased_type":["Card","Card","Relic","Card","Card"],"build_version":"2020-12-13","purchased_purges":0,"victory":false,"max_hp_per_floor":[72,72,72,72,77,77,77,77,77,77,77,77,77,77,77,77,77,77,77,77,77,82,82,82,82,82,82,82,82,82,82],"card_choices":[{"not_picked":["EmptyFist","DeceiveReality","Weave"],"picked":"SKIP","floor":1},{"not_picked":["ThirdEye","Indignation"],"picked":"TalkToTheHand","floor":3},{"not_picked":["FollowUp","LikeWater"],"picked":"Crescendo","floor":6},{"not_picked":["Adaptation","Weave"],"picked":"FlyingSleeves","floor":8},{"not_picked":["FollowUp+1","PathToVictory"],"picked":"BowlingBash+1","floor":11},{"not_picked":["BowlingBash+1","Wireheading"],"picked":"MasterReality","floor":13},{"not_picked":["Consecrate+1","LikeWater"],"picked":"ClearTheMind","floor":14},{"not_picked":["Establishment","Judgement"],"picked":"DeusExMachina","floor":16},{"not_picked":["ThirdEye","EmptyBody+1"],"picked":"WaveOfTheHand","floor":18},{"not_picked":["Consecrate+1","Conclude+1"],"picked":"SignatureMove+1","floor":20},{"not_picked":["ThirdEye+1","SashWhip+1"],"picked":"Perseverance","floor":24},{"not_picked":["Protect","WaveOfTheHand"],"picked":"Establishment","floor":25},{"not_picked":["Fasting2+1","CutThroughFate+1"],"picked":"EmptyMind+1","floor":28},{"not_picked":["PathToVictory","Worship"],"picked":"FlurryOfBlows+1","floor":29}],"player_experience":244601,"relics_obtained":[{"floor":6,"key":"GoldenEye"},{"floor":8,"key":"Yang"},{"floor":9,"key":"Molten Egg 2"},{"floor":11,"key":"Anchor"},{"floor":14,"key":"Bottled Flame"},{"floor":24,"key":"PreservedInsect"},{"floor":26,"key":"Art of War"},{"floor":29,"key":"CeramicFish"}],"event_choices":[{"damage_healed":0,"gold_gain":75,"player_choice":"Gather Gold","damage_taken":11,"max_hp_gain":0,"max_hp_loss":0,"event_name":"World of Goop","floor":4,"gold_loss":0},{"damage_healed":0,"gold_gain":0,"player_choice":"Donut","damage_taken":0,"max_hp_gain":5,"max_hp_loss":0,"event_name":"Big Fish","floor":5,"gold_loss":0},{"damage_healed":0,"gold_gain":0,"player_choice":"Success","damage_taken":18,"relics_obtained":["Pen Nib"],"max_hp_gain":0,"max_hp_loss":0,"event_name":"Scrap Ooze","floor":10,"gold_loss":0},{"damage_healed":0,"gold_gain":59,"player_choice":"Gained Gold","damage_taken":0,"max_hp_gain":0,"max_hp_loss":0,"event_name":"Golden Wing","floor":12,"gold_loss":0},{"cards_removed":["Strike_P"],"damage_healed":0,"gold_gain":0,"player_choice":"Elegance","damage_taken":0,"max_hp_gain":0,"max_hp_loss":0,"event_name":"Back to Basics","floor":19,"gold_loss":0},{"damage_healed":0,"gold_gain":0,"player_choice":"Shed Blood","damage_taken":19,"max_hp_gain":5,"max_hp_loss":0,"event_name":"Forgotten Altar","floor":22,"gold_loss":0},{"damage_healed":0,"gold_gain":0,"player_choice":"Got Potions","damage_taken":0,"max_hp_gain":0,"max_hp_loss":0,"event_name":"Lab","floor":27,"gold_loss":0}],"is_beta":false,"boss_relics":[{"not_picked":["Pandora\u0027s Box","Busted Crown"],"picked":"VioletLotus"}],"items_purged_floors":[],"is_endless":false,"potions_floor_spawned":[3,8,14,25,28,29],"killed_by":"Snake Plant","ascension_level":3}}