{"host":"ktg5lwritr12xyhv","time":1608025782,"event":{"mods":["Aspiration","BaseMod","Challenge The Spire","Conspire","Downfall","Hermit","Koishi","KomeijiMod","Minty Spire (QoL Compilation)","Quick Restart","Relic Stats","Replay The Spire","RumiaBox-露米娅的神秘盒子","SIMod","Spicy Shops","StSLib","vexMod","【东方二次创作】八云紫mod","篝火指南"],"gold_per_floor":[99,129,141,166,166,183,183,213,213,244,694,694,714,734,754,754,754],"floor_reached":16,"playtime":894,"items_purged":[],"score":143,"play_id":"ad807a26-5a0f-45a9-b93b-d4672d961455","local_time":"20201215174942","is_ascension_mode":true,"campfire_choices":[{"data":"hexamod:EmpoweringStance","floor":1,"key":"SMITH"},{"data":"hexamod:Float","floor":5,"key":"SMITH"},{"floor":9,"key":"REST"}],"circlet_count":0,"master_deck":["hexamod:Strike","hexamod:Strike","hexamod:Strike","hexamod:Strike","hexamod:Defend","hexamod:Defend","hexamod:Defend","hexamod:Defend","hexamod:Sear","hexamod:Float+1","hexamod:EmpoweringStance+1","hexamod:SpectersWail","hexamod:SpectralAdrenaline","hexamod:InspiringFlames","hexamod:TimeWarp","hexamod:AdvancingGuard","hexamod:GhostOfSpireFuture","Slimebound:Icky","Slimebound:Icky","Slimebound:Icky","hexamod:RecurringNightmare","hexamod:SkipABeat","hexamod:ShieldOfDarkness"],"relics":["hexamod:SpiritBrand","PlanX","Bag of Preparation","Oddly Smooth Stone","Nunchaku","Ornamental Fan"],"acts_visited":["Exordium"],"potions_floor_usage":[16],"damage_taken":[{"damage":29,"enemies":"Lagavulin","floor":2,"turns":7},{"damage":1,"enemies":"Jaw Worm","floor":3,"turns":3},{"damage":11,"enemies":"3 Sentries","floor":4,"turns":9},{"damage":0,"enemies":"2 Louse","floor":6,"turns":3},{"damage":10,"enemies":"Lagavulin","floor":8,"turns":5},{"damage":10,"enemies":"Gremlin Nob","floor":10,"turns":4},{"damage":0,"enemies":"Small Slimes","floor":13,"turns":3},{"damage":12,"enemies":"Exordium Wildlife","floor":14,"turns":5},{"damage":0,"enemies":"Large Slime","floor":15,"turns":5},{"damage":9,"enemies":"downfall:Silent","floor":16,"turns":2}],"seed_played":"-7624190047267377329","potions_obtained":[{"floor":8,"key":"Fire Potion"},{"floor":10,"key":"Reflective Coating"},{"floor":14,"key":"Swift Potion"}],"is_trial":false,"path_per_floor":["R","E","M","E","R","M","T","E","R","E","?","?","M","M","M","B"],"character_chosen":"THE_SPIRIT","items_purchased":[],"campfire_rested":1,"item_purchase_floors":[],"current_hp_per_floor":[63,34,33,22,22,22,22,12,30,20,20,20,20,8,8,0,0],"gold":754,"neow_bonus":"THREE_RARE_CARDS","is_daily":false,"chose_seed":false,"campfire_upgraded":2,"win_rate":0.0,"timestamp":1608025782,"path_taken":["R","E","M","E","R","M","T","E","R","E","?","?","M","M","M","BOSS"],"items_purchased_type":[],"build_version":"2020-12-13","purchased_purges":0,"victory":false,"max_hp_per_floor":[63,63,63,63,63,63,63,63,63,63,63,63,63,63,63,63,63],"relic_stats":{"Nunchaku":[3],"counters":[10,46],"Ornamental Fan":[8],"Bag of Preparation":[7],"obtain_stats":[{"Nunchaku":8,"Ornamental Fan":10,"PlanX":2,"Oddly Smooth Stone":7,"Bag of Preparation":4,"hexamod:SpiritBrand":0},{"Nunchaku":5,"Ornamental Fan":6,"PlanX":1,"Oddly Smooth Stone":4,"Bag of Preparation":3,"hexamod:SpiritBrand":0},{"Nunchaku":27,"Ornamental Fan":31,"PlanX":7,"Oddly Smooth Stone":22,"Bag of Preparation":19,"hexamod:SpiritBrand":0}]},"card_choices":[{"not_picked":["hexamod:UnlimitedPower","hexamod:VolcanoVisage"],"picked":"hexamod:EmpoweringStance","floor":0},{"not_picked":["hexamod:SwordOfDarkness","hexamod:RecurringNightmare"],"picked":"hexamod:SpectersWail","floor":2},{"not_picked":["hexamod:HauntingEcho","hexamod:Haunt"],"picked":"hexamod:SpectralAdrenaline","floor":3},{"not_picked":["hexamod:RecurringNightmare","hexamod:GhostShield"],"picked":"hexamod:InspiringFlames","floor":4},{"not_picked":["hexamod:NightmareStrike","hexamod:GhostShield"],"picked":"hexamod:TimeWarp","floor":6},{"not_picked":["hexamod:HeatShield","hexamod:ExtraCrispy"],"picked":"hexamod:AdvancingGuard","floor":8},{"not_picked":["hexamod:GiftsFromTheDead","hexamod:SpectralAdrenaline"],"picked":"hexamod:GhostOfSpireFuture","floor":10},{"not_picked":["hexamod:ShieldOfDarkness","hexamod:Firestarter"],"picked":"hexamod:RecurringNightmare","floor":13},{"not_picked":["hexamod:GhostflameBarrier","hexamod:InspiringFlames"],"picked":"hexamod:SkipABeat","floor":14},{"not_picked":["hexamod:NightmareStrike","hexamod:HeatMetal"],"picked":"hexamod:ShieldOfDarkness","floor":15}],"player_experience":258462,"relics_obtained":[{"floor":2,"key":"PlanX"},{"floor":4,"key":"Bag of Preparation"},{"floor":7,"key":"Oddly Smooth Stone"},{"floor":8,"key":"Nunchaku"},{"floor":10,"key":"Ornamental Fan"}],"event_choices":[],"is_beta":false,"boss_relics":[],"items_purged_floors":[],"is_endless":false,"potions_floor_spawned":[8,10,14,15],"killed_by":"downfall:Silent","ascension_level":2}}