{"host":"2lo6hma6kymb0g9i","time":1608057481,"event":{"mods":["BaseMod","Colored Map","DeckTracker","Minty Spire (QoL Compilation)"],"gold_per_floor":[109,109,109,109,109,141,153,165,230,274,298,310,347,359,371,487,499,525,550,579,623,635,647,688,720,812,843,855,900,912,941,953,1062,1074,1101,1126,1154,637,648,680,693,693,770,805,821,136,466,485,485,485],"floor_reached":51,"playtime":4940,"items_purged":["Strike_G","Strike_G"],"score":1396,"play_id":"3153eac9-f49e-4ed2-ad5c-d13060201ba8","local_time":"20201216033801","is_ascension_mode":true,"campfire_choices":[{"data":"Neutralize","floor":8,"key":"SMITH"},{"floor":12,"key":"REST"},{"data":"Predator","floor":15,"key":"SMITH"},{"data":"Tools of the Trade","floor":23,"key":"SMITH"},{"floor":30,"key":"REST"},{"floor":32,"key":"REST"},{"data":"Underhanded Strike","floor":42,"key":"SMITH"},{"floor":49,"key":"REST"}],"circlet_count":0,"master_deck":["AscendersBane","Strike_G","Defend_G","Defend_G","Defend_G","Defend_G","Defend_G","Survivor","Neutralize+1","Blade Dance","Underhanded Strike+1","Predator+1","Escape Plan","Quick Slash","Tools of the Trade+1","Leg Sweep","Cloak And Dagger","Necronomicurse","Prepared","RitualDagger","Tactician+1","Adrenaline","Backflip+1","Deflect+1","Footwork","Choke+1","Mayhem","Eviscerate","Well Laid Plans","Doppelganger"],"relics":["Ring of the Snake","NeowsBlessing","Bronze Scales","MawBank","Blood Vial","Paper Crane","Darkstone Periapt","Busted Crown","Red Mask","Necronomicon","Gambling Chip","Mummified Hand","Vajra","Sozu","PreservedInsect","ClockworkSouvenir","Ancient Tea Set","Mercury Hourglass","Blue Candle","Bag of Marbles","Centennial Puzzle","Old Coin"],"acts_visited":["Exordium","TheCity","TheBeyond"],"potions_floor_usage":[13,16,21,21,24,29,33],"damage_taken":[{"damage":0,"enemies":"Small Slimes","floor":1,"turns":1},{"damage":0,"enemies":"3 Sentries","floor":6,"turns":1},{"damage":0,"enemies":"Lagavulin","floor":10,"turns":1},{"damage":0,"enemies":"Jaw Worm","floor":11,"turns":3},{"damage":23,"enemies":"3 Sentries","floor":13,"turns":11},{"damage":1,"enemies":"The Guardian","floor":16,"turns":12},{"damage":6,"enemies":"Spheric Guardian","floor":18,"turns":3},{"damage":0,"enemies":"Shell Parasite","floor":19,"turns":4},{"damage":4,"enemies":"Snake Plant","floor":20,"turns":4},{"damage":14,"enemies":"Masked Bandits","floor":21,"turns":5},{"damage":17,"enemies":"Slavers","floor":24,"turns":4},{"damage":0,"enemies":"Centurion and Healer","floor":25,"turns":4},{"damage":0,"enemies":"3 Cultists","floor":27,"turns":4},{"damage":11,"enemies":"Book of Stabbing","floor":29,"turns":4},{"damage":6,"enemies":"Snake Plant","floor":31,"turns":4},{"damage":40,"enemies":"Automaton","floor":33,"turns":12},{"damage":0,"enemies":"3 Shapes","floor":35,"turns":2},{"damage":0,"enemies":"3 Darklings","floor":36,"turns":4},{"damage":8,"enemies":"Transient","floor":37,"turns":5},{"damage":6,"enemies":"Maw","floor":39,"turns":6},{"damage":8,"enemies":"Reptomancer","floor":40,"turns":4},{"damage":0,"enemies":"Sphere and 2 Shapes","floor":41,"turns":2},{"damage":0,"enemies":"Giant Head","floor":44,"turns":4},{"damage":7,"enemies":"Transient","floor":45,"turns":5},{"damage":27,"enemies":"Nemesis","floor":47,"turns":3},{"damage":0,"enemies":"Writhing Mass","floor":48,"turns":1},{"damage":13,"enemies":"Donu and Deca","floor":50,"turns":6}],"seed_played":"8861928359809592052","potions_obtained":[{"floor":6,"key":"BlessingOfTheForge"},{"floor":11,"key":"EssenceOfSteel"},{"floor":16,"key":"CunningPotion"},{"floor":19,"key":"Weak Potion"},{"floor":21,"key":"Strength Potion"},{"floor":25,"key":"GhostInAJar"},{"floor":27,"key":"SmokeBomb"},{"floor":31,"key":"SpeedPotion"}],"is_trial":false,"path_per_floor":["M","?","?","$","?","E","$","R","T","E","M","R","E","?","R","B",null,"M","M","M","?","?","R","E","M","T","M","?","E","R","M","R","B",null,"M","M","M","$","M","E","M","R","T","E","M","$","E","M","R","B",null],"character_chosen":"THE_SILENT","items_purchased":["PreservedInsect","ClockworkSouvenir","Ancient Tea Set","Mayhem","Eviscerate","Well Laid Plans","Centennial Puzzle","Doppelganger"],"campfire_rested":4,"item_purchase_floors":[38,38,38,46,46,46,46,46],"current_hp_per_floor":[63,63,56,56,23,23,23,23,23,25,27,48,27,27,27,28,60,56,58,56,44,34,34,19,21,21,23,17,8,30,26,48,10,60,62,64,58,58,54,48,50,50,50,52,47,47,22,24,46,35],"gold":485,"neow_bonus":"THREE_ENEMY_KILL","is_daily":false,"chose_seed":false,"campfire_upgraded":4,"win_rate":0.0,"timestamp":1608057481,"path_taken":["M","?","?","?","?","E","$","R","T","E","M","R","E","?","R","BOSS","M","?","M","?","?","R","E","M","T","M","?","E","R","M","R","BOSS","M","M","M","$","M","E","M","R","T","E","M","$","E","M","R","BOSS"],"items_purchased_type":["Relic","Relic","Relic","Card","Card","Card","Relic","Card"],"build_version":"2020-12-13","purchased_purges":2,"victory":true,"max_hp_per_floor":[70,70,70,70,70,70,70,70,70,70,70,70,70,70,70,70,70,70,70,70,70,76,76,76,76,76,76,76,76,76,76,76,76,76,76,76,76,76,76,76,76,76,76,76,76,76,76,76,76,76],"card_choices":[{"not_picked":["PiercingWail","Deadly Poison"],"picked":"Blade Dance","floor":1},{"not_picked":["Leg Sweep","Dodge and Roll"],"picked":"Underhanded Strike","floor":6},{"not_picked":["Well Laid Plans","Riddle With Holes"],"picked":"Predator","floor":10},{"not_picked":["Footwork","Deflect"],"picked":"Escape Plan","floor":11},{"not_picked":["Slice","PiercingWail"],"picked":"Quick Slash","floor":13},{"not_picked":["After Image","Storm of Steel"],"picked":"Tools of the Trade","floor":16},{"not_picked":["Endless Agony"],"picked":"SKIP","floor":18},{"not_picked":[],"picked":"Leg Sweep","floor":19},{"not_picked":["Dagger Spray"],"picked":"SKIP","floor":20},{"not_picked":[],"picked":"Cloak And Dagger","floor":21},{"not_picked":["Bane"],"picked":"SKIP","floor":24},{"not_picked":[],"picked":"Prepared","floor":25},{"not_picked":["Sucker Punch"],"picked":"SKIP","floor":27},{"not_picked":["Sucker Punch"],"picked":"SKIP","floor":29},{"not_picked":[],"picked":"Tactician+1","floor":31},{"not_picked":[],"picked":"Adrenaline","floor":33},{"not_picked":["Quick Slash"],"picked":"SKIP","floor":35},{"not_picked":["Masterful Stab+1"],"picked":"SKIP","floor":36},{"not_picked":[],"picked":"Backflip+1","floor":37},{"not_picked":[],"picked":"Deflect+1","floor":39},{"not_picked":["Outmaneuver"],"picked":"SKIP","floor":40},{"not_picked":[],"picked":"Footwork","floor":41},{"not_picked":[],"picked":"Choke+1","floor":44},{"not_picked":["Dagger Spray+1"],"picked":"SKIP","floor":45},{"not_picked":["Grand Finale"],"picked":"SKIP","floor":47},{"not_picked":["Slice+1"],"picked":"SKIP","floor":48}],"player_experience":798347,"relics_obtained":[{"floor":6,"key":"MawBank"},{"floor":9,"key":"Blood Vial"},{"floor":10,"key":"Paper Crane"},{"floor":13,"key":"Darkstone Periapt"},{"floor":21,"key":"Red Mask"},{"floor":22,"key":"Necronomicon"},{"floor":24,"key":"Gambling Chip"},{"floor":26,"key":"Mummified Hand"},{"floor":29,"key":"Vajra"},{"floor":40,"key":"Mercury Hourglass"},{"floor":43,"key":"Blue Candle"},{"floor":44,"key":"Bag of Marbles"},{"floor":47,"key":"Old Coin"}],"event_choices":[{"cards_removed":["Strike_G"],"damage_healed":0,"gold_gain":0,"player_choice":"Forget","damage_taken":0,"max_hp_gain":0,"max_hp_loss":0,"event_name":"Living Wall","floor":2,"gold_loss":0},{"cards_removed":["Strike_G"],"damage_healed":0,"gold_gain":0,"player_choice":"Card Removal","damage_taken":7,"max_hp_gain":0,"max_hp_loss":0,"event_name":"Golden Wing","floor":3,"gold_loss":0},{"damage_healed":0,"gold_gain":0,"player_choice":"Success","damage_taken":33,"relics_obtained":["Bronze Scales"],"max_hp_gain":0,"max_hp_loss":0,"event_name":"Scrap Ooze","floor":5,"gold_loss":0},{"damage_healed":0,"gold_gain":0,"player_choice":"Bought 0 Potions","damage_taken":0,"max_hp_gain":0,"max_hp_loss":0,"event_name":"The Woman in Blue","floor":14,"gold_loss":0},{"damage_healed":0,"gold_gain":0,"player_choice":"Fought Bandits","damage_taken":0,"max_hp_gain":0,"max_hp_loss":0,"event_name":"Masked Bandits","floor":21,"gold_loss":0},{"damage_healed":0,"gold_gain":0,"player_choice":"Obtained Book","damage_taken":16,"max_hp_gain":0,"max_hp_loss":0,"event_name":"Cursed Tome","floor":22,"gold_loss":0},{"damage_healed":0,"gold_gain":0,"player_choice":"Joined the Cult","damage_taken":6,"max_hp_gain":0,"max_hp_loss":0,"event_name":"Nest","floor":28,"gold_loss":0,"cards_obtained":["RitualDagger"]}],"is_beta":false,"boss_relics":[{"not_picked":["Astrolabe","WristBlade"],"picked":"Busted Crown"},{"not_picked":["Philosopher\u0027s Stone","SacredBark"],"picked":"Sozu"}],"items_purged_floors":[38,46],"is_endless":false,"potions_floor_spawned":[6,11,16,19,21,25,27,31,36,40,44,45,48],"ascension_level":11}}