{"host":"kag8mfq4or8nkqb2","time":1608052611,"event":{"mods":["2.2 Compatiblity","BaseMod","Downfall","Minty Spire (QoL Compilation)","StSLib"],"gold_per_floor":[99,131,143,143,177,187,210,210,234,260,270,112,137,154,167,167,167],"floor_reached":16,"playtime":4236,"items_purged":["sneckomod:Strike"],"score":138,"play_id":"5b6bf711-6369-4be4-9d85-e27b5fdfad90","local_time":"20201215171651","is_ascension_mode":true,"campfire_choices":[{"data":"sneckomod:Unknown","floor":1.0,"key":"SMITH"},{"data":"sneckomod:SoulDraw","floor":4.0,"key":"SMITH"}],"circlet_count":0,"master_deck":["sneckomod:Strike","sneckomod:Strike","sneckomod:Defend","sneckomod:Defend","sneckomod:Defend","sneckomod:TailWhip","sneckomod:SnekBite","sneckomod:Unknown+1","sneckomod:Unknown","sneckomod:UnknownUncommonPower","sneckomod:SoulDraw+1","sneckomod:ImprovisedGuard","sneckomod:SoulDraw","sneckomod:UnknownVulnerable","sneckomod:UnknownRareSkill","sneckomod:UnknownX","sneckomod:UnknownBlock","sneckomod:UnknownVulnerable","sneckomod:CheapStock","sneckomod:Nope","sneckomod:ImprovisedAttack"],"relics":["SlaversCollar","Tiny Chest","Strawberry","Vajra","Happy Flower","Odd Mushroom","PreservedInsect","Smiling Mask"],"acts_visited":["Exordium"],"potions_floor_usage":[10],"damage_taken":[{"damage":25.0,"enemies":"Gremlin Nob","floor":2.0,"turns":4.0},{"damage":1.0,"enemies":"Cultist","floor":3.0,"turns":3.0},{"damage":22,"enemies":"Lagavulin","floor":5,"turns":6},{"damage":0,"enemies":"2 Louse","floor":6,"turns":3},{"damage":9,"enemies":"The Mushroom Lair","floor":9,"turns":6},{"damage":13,"enemies":"Gremlin Nob","floor":10,"turns":3},{"damage":2,"enemies":"Jaw Worm","floor":11,"turns":5},{"damage":0,"enemies":"downfall:FleeingMerchant","floor":12,"turns":4},{"damage":0,"enemies":"2 Fungi Beasts","floor":14,"turns":3},{"damage":6,"enemies":"Exordium Thugs","floor":15,"turns":5},{"damage":36,"enemies":"downfall:Ironclad","floor":16,"turns":3}],"seed_played":"525941332071929432","potions_obtained":[{"floor":3.0,"key":"champ:CounterPotion"},{"floor":5,"key":"Dexterity Potion"},{"floor":6,"key":"Strength Potion"}],"is_trial":false,"path_per_floor":["R","E","M","R","E","M","T","?","?","E","M","$","T","M","M","B"],"character_chosen":"THE_SNECKO","items_purchased":["sneckomod:CheapStock"],"campfire_rested":0,"item_purchase_floors":[12],"current_hp_per_floor":[90,65,64,64,49,49,49,46,37,31,29,29,29,29,23,0,0],"gold":167,"neow_bonus":"BOSS_RELIC","is_daily":false,"chose_seed":false,"campfire_upgraded":2,"win_rate":0.0,"timestamp":1608052611,"path_taken":["R","E","M","R","E","M","T","?","?","E","?","$","?","?","M","BOSS"],"items_purchased_type":["Card"],"build_version":"2020-12-13","purchased_purges":1,"victory":false,"max_hp_per_floor":[90,90,90,90,97,97,97,97,97,97,97,97,97,97,97,97,97],"card_choices":[{"not_picked":["sneckomod:ImprovisedAttack","sneckomod:IronFang"],"picked":"sneckomod:UnknownUncommonPower","floor":2.0},{"not_picked":["sneckomod:DiceBlock","sneckomod:SoulCleanse"],"picked":"sneckomod:SoulDraw","floor":3.0},{"not_picked":["sneckomod:UnknownClassBLUE","sneckomod:UnknownStrike"],"picked":"sneckomod:ImprovisedGuard","floor":5},{"not_picked":["sneckomod:PureSnecko","sneckomod:UnknownCommonSkill"],"picked":"sneckomod:SoulDraw","floor":6},{"not_picked":["sneckomod:SoulDraw","sneckomod:QuickBite"],"picked":"sneckomod:UnknownVulnerable","floor":9},{"not_picked":["sneckomod:UnknownVulnerable","sneckomod:SoulDraw"],"picked":"sneckomod:UnknownRareSkill","floor":10},{"not_picked":["sneckomod:UnknownCommonSkill","sneckomod:DiceBlock"],"picked":"sneckomod:UnknownX","floor":11},{"not_picked":["sneckomod:UnknownCommonSkill","sneckomod:UnknownStrike"],"picked":"sneckomod:UnknownBlock","floor":11},{"not_picked":["sneckomod:UnknownUncommonSkill","sneckomod:PureSnecko"],"picked":"sneckomod:UnknownVulnerable","floor":12},{"not_picked":["sneckomod:UnknownCommonAttack","sneckomod:WideSting"],"picked":"sneckomod:Nope","floor":14},{"not_picked":["sneckomod:IronFang","sneckomod:Unknown1Cost"],"picked":"sneckomod:ImprovisedAttack","floor":15}],"player_experience":1019796,"relics_obtained":[{"floor":2.0,"key":"Tiny Chest"},{"floor":5,"key":"Strawberry"},{"floor":7,"key":"Vajra"},{"floor":9,"key":"Odd Mushroom"},{"floor":10,"key":"PreservedInsect"},{"floor":13,"key":"Smiling Mask"}],"event_choices":[{"damage_healed":0,"gold_gain":0,"player_choice":"Success","damage_taken":3,"relics_obtained":["Happy Flower"],"max_hp_gain":0,"max_hp_loss":0,"event_name":"Scrap Ooze","floor":8,"gold_loss":0},{"damage_healed":0,"gold_gain":0,"player_choice":"Fought Mushrooms","damage_taken":0,"max_hp_gain":0,"max_hp_loss":0,"event_name":"Mushrooms","floor":9,"gold_loss":0}],"is_beta":false,"boss_relics":[],"items_purged_floors":[12],"is_endless":false,"potions_floor_spawned":[3,5,6],"killed_by":"downfall:Ironclad","ascension_level":3}}