{"host":"oc5h2hqz0xgb0igf","time":1608020821,"event":{"mods":["AchievementEnabler","BaseMod","Colored Map","Colored Powertips","Minty Spire (QoL Compilation)","Rare Cards Sparkle"],"gold_per_floor":[119,133,153,165,180,211,211,236,287,287,287,165,198,214,214,319,319,334,234,245,245,245],"floor_reached":21,"playtime":1357,"items_purged":["Strike_B","Aggregate"],"score":201,"play_id":"519b13f3-8081-4c6a-aef9-a02661454764","local_time":"20201215002701","is_ascension_mode":false,"campfire_choices":[{"floor":7,"key":"REST"},{"floor":11,"key":"REST"},{"data":"Genetic Algorithm","floor":15,"key":"SMITH"}],"circlet_count":0,"master_deck":["Zap","Dualcast","Capacitor","Barrage","FTL","Genetic Algorithm+1","Glacier","Barrage","Cold Snap","Genetic Algorithm","Fission","Multi-Cast","Genetic Algorithm","Undo","Sweeping Beam","Reboot","Hello World","Cold Snap"],"relics":["Cracked Core","Question Card","Dream Catcher","Art of War","Gremlin Horn","Pandora\u0027s Box"],"acts_visited":["Exordium","TheCity"],"potions_floor_usage":[4,5,6,8,13,16,16],"damage_taken":[{"damage":6,"enemies":"Jaw Worm","floor":1,"turns":3},{"damage":2,"enemies":"2 Louse","floor":2,"turns":3},{"damage":7,"enemies":"Small Slimes","floor":3,"turns":3},{"damage":0,"enemies":"3 Louse","floor":4,"turns":4},{"damage":3,"enemies":"Gremlin Gang","floor":5,"turns":5},{"damage":42,"enemies":"3 Sentries","floor":6,"turns":8},{"damage":30,"enemies":"Gremlin Nob","floor":8,"turns":4},{"damage":14,"enemies":"3 Sentries","floor":13,"turns":6},{"damage":9,"enemies":"Large Slime","floor":14,"turns":5},{"damage":20,"enemies":"Slime Boss","floor":16,"turns":10},{"damage":26,"enemies":"3 Byrds","floor":18,"turns":7},{"damage":0,"enemies":"Chosen","floor":20,"turns":4},{"damage":49,"enemies":"3 Cultists","floor":21,"turns":5}],"seed_played":"1466538583441417757","potions_obtained":[{"floor":0,"key":"Weak Potion"},{"floor":0,"key":"ColorlessPotion"},{"floor":0,"key":"LiquidBronze"},{"floor":4,"key":"Fire Potion"},{"floor":6,"key":"SteroidPotion"},{"floor":8,"key":"Regen Potion"},{"floor":14,"key":"EssenceOfSteel"},{"floor":16,"key":"FearPotion"}],"is_trial":false,"path_per_floor":["M","M","M","M","M","E","R","E","T","?","R","$","E","M","R","B",null,"M","$","M","M"],"character_chosen":"DEFECT","items_purchased":["Cold Snap"],"campfire_rested":2,"item_purchase_floors":[12],"current_hp_per_floor":[69,67,60,60,57,15,37,7,7,7,29,29,30,21,21,1,75,49,49,49,0,0],"gold":245,"neow_bonus":"THREE_SMALL_POTIONS","is_daily":false,"chose_seed":false,"campfire_upgraded":1,"win_rate":0.0,"timestamp":1608020821,"path_taken":["M","M","M","M","M","E","R","E","T","?","R","$","E","M","R","BOSS","M","$","M","M"],"items_purchased_type":["Card"],"build_version":"2020-12-13","purchased_purges":2,"victory":false,"max_hp_per_floor":[75,75,75,75,75,75,75,75,75,75,75,75,75,75,75,75,75,75,75,75,75,75],"card_choices":[{"not_picked":["Leap","Cold Snap"],"picked":"Capacitor","floor":1},{"not_picked":["Reprogram","Aggregate","Rebound"],"picked":"SKIP","floor":2},{"not_picked":["Sweeping Beam","Stack"],"picked":"Barrage","floor":3},{"not_picked":["Reprogram","Reinforced Body"],"picked":"FTL","floor":4},{"not_picked":["Hologram","Compile Driver","Chaos"],"picked":"SKIP","floor":5},{"not_picked":["Cold Snap","Leap"],"picked":"Genetic Algorithm","floor":6},{"not_picked":["Conserve Battery","Reboot","Leap"],"picked":"Glacier","floor":8},{"not_picked":["Steam Power","Melter","Hologram"],"picked":"Barrage","floor":11},{"not_picked":["Conserve Battery","Force Field","Stack","Steam Power"],"picked":"SKIP","floor":13},{"not_picked":["Gash","Cold Snap","Barrage"],"picked":"Genetic Algorithm","floor":14},{"not_picked":["Reboot","Seek","All For One"],"picked":"Fission","floor":16},{"not_picked":["Blizzard","Undo","Reprogram","Sweeping Beam+1"],"picked":"SKIP","floor":18},{"not_picked":["Scrape+1","Redo","Conserve Battery"],"picked":"Cold Snap","floor":20}],"player_experience":69878,"relics_obtained":[{"floor":6,"key":"Question Card"},{"floor":8,"key":"Dream Catcher"},{"floor":9,"key":"Art of War"},{"floor":13,"key":"Gremlin Horn"}],"event_choices":[{"damage_healed":0,"gold_gain":0,"player_choice":"Ignored","damage_taken":0,"max_hp_gain":0,"max_hp_loss":0,"event_name":"Shining Light","floor":10,"gold_loss":0}],"is_beta":false,"boss_relics":[{"not_picked":["Coffee Dripper","Tiny House"],"picked":"Pandora\u0027s Box"}],"items_purged_floors":[12,19],"is_endless":false,"potions_floor_spawned":[4,6,8,14,16],"killed_by":"3 Cultists","ascension_level":0}}