{"host":"jak4ncvfzor9mys0","time":1608072913,"event":{"mods":["2.2 Compatiblity","AchievementEnabler","BaseMod","Better Altar","Better Match","Better Note","Better Sensory Stone","Better Skull","Better Third Choice","BetterRewards","Block Reminder","Colored Map","Colored Powertips","Energized Spire","Gold Saver","Hubris","Infinite Spire","Key Reminder","Minty Spire (QoL Compilation)","Rare Cards Sparkle","Red Circlet Mod","Relic Sorter","Relic Stats","Replay The Spire","Retaliation","StSLib","SuperFastMode","The Blue Laboratory"],"gold_per_floor":[421,421,321,339,156,156,191,191,215,215,215,233,170,188,188,293,293,306,322,332,332,332],"floor_reached":21,"playtime":664,"items_purged":["Strike_R","Strike_R","Strike_R"],"score":279,"play_id":"df261451-f80a-4113-9efe-8c267b44e0cb","local_time":"20201215145513","is_ascension_mode":false,"campfire_choices":[{"data":"Entrench","floor":6,"key":"SMITH"},{"data":"Trip","floor":8,"key":"SMITH"},{"data":"DDmod:UnstoppableAttack","floor":10,"key":"SMITH"},{"data":"Cleave","floor":15,"key":"SMITH"}],"circlet_count":0,"master_deck":["Strike_R","Strike_R","Defend_R","Defend_R","Defend_R","Defend_R","Bash","Entrench+1","DDmod:UnstoppableAttack+1","Cleave+1","Cleave+1","Trip+1","Barricade","hubris:ReadiedAction","Body Slam"],"relics":["Burning Blood","Membership Card","ClockworkSouvenir","Blue Doll","infinitespire:CursedDice","Tiny Chest","energizedSpire:DecayingSkull"],"acts_visited":["Exordium","TheCity"],"potions_floor_usage":[20,21],"damage_taken":[{"damage":11,"enemies":"Jaw Worm","floor":1,"turns":3},{"damage":5,"enemies":"Cultist","floor":4,"turns":4},{"damage":27,"enemies":"3 Sentries","floor":7,"turns":7},{"damage":0,"enemies":"2 Louse","floor":12,"turns":2},{"damage":9,"enemies":"Blue Slaver","floor":14,"turns":4},{"damage":36,"enemies":"Fading Forest","floor":16,"turns":11},{"damage":41,"enemies":"Spheric Guardian","floor":18,"turns":8},{"damage":25,"enemies":"Shell Parasite","floor":19,"turns":7},{"damage":41,"enemies":"Centurion and Healer","floor":20,"turns":7},{"damage":9,"enemies":"Snake Plant","floor":21,"turns":4}],"seed_played":"3957119088138200472","potions_obtained":[{"floor":7,"key":"Fire Potion"},{"floor":14,"key":"blueLaboratory:LouseDecoction"},{"floor":18,"key":"blueLaboratory:RememoryPotion"}],"is_trial":false,"path_per_floor":["M","?","$","M","$","R","E","R","T","R","?","M","$","M","R","B",null,"M","M","M","M"],"character_chosen":"IRONCLAD","items_purchased":["Membership Card","Entrench","DDmod:UnstoppableAttack","ClockworkSouvenir","Cleave","Cleave","Blue Doll","Trip"],"campfire_rested":0,"item_purchase_floors":[0,0,0,3,3,5,5,5],"current_hp_per_floor":[80,80,80,80,80,80,63,63,63,63,63,74,74,76,76,50,80,50,38,8,0,0],"gold":332,"neow_bonus":"","is_daily":false,"chose_seed":false,"campfire_upgraded":4,"win_rate":0.0,"timestamp":1608072913,"path_taken":["M","?","$","M","?","R","E","R","T","R","?","M","$","M","R","BOSS","M","M","M","M"],"items_purchased_type":["Relic","Card","Card","Relic","Card","Card","Relic","Card"],"build_version":"2020-12-13","purchased_purges":3,"victory":false,"max_hp_per_floor":[80,80,80,80,80,80,80,80,80,80,80,80,80,80,80,80,80,80,80,80,80,80],"relic_stats":{"counters":[24,132],"Tiny Chest":0,"obtain_stats":[{"hubris:DisguiseKit":11,"hubris:Metronome":9,"hubris:CrystalStatue":19,"NeowsBlessing":0,"infinitespire:CursedDice":7,"Blue Doll":5,"Ring of Chaos":25,"infinitespire:Lucky Rock":7,"Bottled Tornado":28,"Burning Blood":0,"Akabeko":5,"ClockworkSouvenir":3,"Cauldron":25,"betterThird:SlimedRelic":2,"hubris:Stopwatch":17,"Tiny Chest":9,"hubris:ToyBattleship":24,"Membership Card":0,"Replay:Bottled Eggs":26,"energizedSpire:DecayingSkull":17},{"hubris:DisguiseKit":4,"hubris:Metronome":3,"hubris:CrystalStatue":8,"NeowsBlessing":0,"infinitespire:CursedDice":17,"Blue Doll":16,"Ring of Chaos":11,"infinitespire:Lucky Rock":3,"Bottled Tornado":12,"Burning Blood":0,"Akabeko":2,"ClockworkSouvenir":15,"Cauldron":11,"betterThird:SlimedRelic":1,"hubris:Stopwatch":7,"Tiny Chest":17,"hubris:ToyBattleship":11,"Membership Card":14,"Replay:Bottled Eggs":11,"energizedSpire:DecayingSkull":20},{"hubris:DisguiseKit":5,"hubris:Metronome":3,"hubris:CrystalStatue":35,"NeowsBlessing":0,"infinitespire:CursedDice":89,"Blue Doll":82,"Ring of Chaos":55,"infinitespire:Lucky Rock":3,"Bottled Tornado":59,"Burning Blood":0,"Akabeko":2,"ClockworkSouvenir":78,"Cauldron":55,"betterThird:SlimedRelic":1,"hubris:Stopwatch":26,"Tiny Chest":89,"hubris:ToyBattleship":55,"Membership Card":75,"Replay:Bottled Eggs":55,"energizedSpire:DecayingSkull":106}],"Burning Blood":118},"card_choices":[{"not_picked":["Flex","DDmod:UnstoppableAttack","Defy Death"],"picked":"SKIP","floor":1},{"not_picked":["DDmod:EasePowerCard","Sword Boomerang","Havoc"],"picked":"SKIP","floor":4},{"not_picked":["Replay:Many Hands","Battle Trance","Life Link"],"picked":"SKIP","floor":7},{"not_picked":["Clothesline","Havoc","DDmod:ScaleUpSkill"],"picked":"SKIP","floor":12},{"not_picked":["Replay:Undeath\u0027s Touch","Clash","Twin Strike"],"picked":"SKIP","floor":14},{"not_picked":["Brutality","Corruption"],"picked":"Barricade","floor":16},{"not_picked":["Clothesline","Sword Boomerang+1","Dual Wield+1"],"picked":"SKIP","floor":18},{"not_picked":["Perfected Strike","DDmod:CallousedSkill"],"picked":"hubris:ReadiedAction","floor":19},{"not_picked":["Perfected Strike+1","Seeing Red+1"],"picked":"Body Slam","floor":20}],"player_experience":2610596,"relics_obtained":[{"floor":7,"key":"infinitespire:CursedDice"},{"floor":9,"key":"Tiny Chest"}],"event_choices":[{"cards_removed":["Bash"],"damage_healed":0,"gold_gain":0,"player_choice":"Give","damage_taken":0,"max_hp_gain":0,"max_hp_loss":0,"event_name":"betterNote:BetterNote","floor":2,"gold_loss":0,"cards_obtained":["Defend_R"]}],"is_beta":false,"boss_relics":[{"not_picked":["Kintsugi","Ooze Armor"],"picked":"energizedSpire:DecayingSkull"}],"items_purged_floors":[0,5,13],"is_endless":false,"potions_floor_spawned":[7,14,18,19],"killed_by":"Snake Plant","ascension_level":0}}