{"host":"d61vkvf8c80cu18y","time":1608069194,"event":{"mods":["2.2 Compatiblity","AchievementEnabler","Aspiration","BaseMod","Better Altar","Better Note","Better Sensory Stone","Better Skull","Better Third Choice","BetterRewards","Challenge The Spire","Conspire","Custom Start","Energized Spire","GifTheSpireLib","Hermit","Highlight Path","Hubris","Infinite Spire","Ironclad Rager","Marked Mod","Minty Spire (QoL Compilation)","Quick Restart","Rare Cards Sparkle","Relic Filter","Replay The Spire","Retaliation","Shade Mod","Shop Mod","Spicy Shops","Spikes Relics","StSLib","Stuff the Spire","The Blue Laboratory","The Cursed","The Runesmith","The Sage","The Servant 0.9.4","TheVacant","Thieving Mod","Virulent Crown","thorton"],"gold_per_floor":[114,114,129,34,44,44,44],"floor_reached":6,"playtime":731,"items_purged":[],"score":36,"play_id":"a84931e1-dcab-4e1b-a22b-66b9a09fdde0","local_time":"20201215155314","is_ascension_mode":false,"campfire_choices":[],"circlet_count":0,"master_deck":["Strike_G","Strike_G","Strike_G","Strike_G","Strike_G","Defend_G","Defend_G","Defend_G","Defend_G","Defend_G","Survivor","Neutralize","Fluid Movement","Fluid Movement","Bandage Up","Mayhem","Slice","Poisoned Stab","Poisoned Stab","Accuracy","Accuracy","Regret","StuffTheSpire:MirrorStance","Toxin Wave","InfectiousVector"],"relics":["Ring of the Snake","sagemod:Red_Beast_Statue","MerchantsRug","StuffTheSpire:RedRose","ToxicTincture"],"acts_visited":["Exordium"],"potions_floor_usage":[6],"damage_taken":[{"damage":11.0,"enemies":"Jaw Worm","floor":1.0,"turns":4.0},{"damage":7.0,"enemies":"Small Slimes","floor":3.0,"turns":4.0},{"damage":0,"enemies":"Cultist","floor":5,"turns":3},{"damage":46,"enemies":"Gremlin Nob","floor":6,"turns":4}],"seed_played":"3172813448367147021","potions_obtained":[{"floor":3.0,"key":"ColorlessPotion"}],"is_trial":false,"path_per_floor":["M","?","M","$","M","E"],"character_chosen":"THE_SILENT","items_purchased":["Fluid Movement","Bandage Up","Mayhem","Slice","sagemod:Red_Beast_Statue","MerchantsRug","Poisoned Stab","Accuracy","Toxin Wave"],"campfire_rested":0,"item_purchase_floors":[0,0,0,0,0,0,0,0,4],"current_hp_per_floor":[31,31,28,28,28,0,0],"gold":44,"neow_bonus":"","is_daily":false,"chose_seed":false,"campfire_upgraded":0,"win_rate":0.0,"timestamp":1608069194,"path_taken":["M","?","M","$","M","E"],"items_purchased_type":["Card","Card","Card","Card","Relic","Relic","Card","Card","Card"],"build_version":"2020-12-13","purchased_purges":0,"victory":false,"max_hp_per_floor":[70,70,70,70,70,70,70],"card_choices":[{"not_picked":["Eviscerate","Dagger Throw"],"picked":"Accuracy","floor":1.0},{"not_picked":["StuffTheSpire:BumpUp","Flying Knee"],"picked":"StuffTheSpire:MirrorStance","floor":3.0},{"not_picked":["PiercingWail","StuffTheSpire:BumpUp"],"picked":"InfectiousVector","floor":5}],"player_experience":348024,"relics_obtained":[],"event_choices":[],"is_beta":false,"boss_relics":[],"items_purged_floors":[],"is_endless":false,"potions_floor_spawned":[3],"killed_by":"Gremlin Nob","ascension_level":0}}