{"host":"sc0o2qwpf9j16a4i","time":1608056950,"event":{"mods":["AchievementEnabler","BaseMod","BetterRewards","Block Reminder","Colored Map","Colored Powertips","Custom Start","Highlight Path","Minty Spire (QoL Compilation)","Relic Stats"],"gold_per_floor":[99,99,99,99,2,2,2,2,2,0,0,0,0,0,0,0,0,0,0,0,0,0,0],"floor_reached":22,"playtime":507,"items_purged":[],"score":376,"play_id":"feea877b-9401-4602-acad-da8ccad95003","local_time":"20201215202910","is_ascension_mode":true,"campfire_choices":[{"data":"Blood for Blood","floor":6,"key":"SMITH"},{"floor":8,"key":"REST"},{"floor":15,"key":"REST"}],"circlet_count":0,"master_deck":["AscendersBane","Strike_R","Strike_R","Strike_R","Defend_R","Defend_R","Defend_R","Defend_R","Bash","Blood for Blood+1","Flex","Battle Trance","Anger","Hemokinesis","Fiend Fire","Clothesline+1","True Grit","Metallicize","Limit Break","Juggernaut","Flex","Shrug It Off"],"relics":["Ectoplasm","StoneCalendar","Molten Egg 2","Runic Pyramid","CeramicFish"],"acts_visited":["Exordium","TheCity"],"potions_floor_usage":[7,16],"damage_taken":[{"damage":3,"enemies":"2 Louse","floor":1,"turns":3},{"damage":0,"enemies":"Cultist","floor":3,"turns":3},{"damage":7,"enemies":"Small Slimes","floor":4,"turns":4},{"damage":17,"enemies":"3 Sentries","floor":7,"turns":7},{"damage":20,"enemies":"Exordium Thugs","floor":10,"turns":3},{"damage":4,"enemies":"Red Slaver","floor":11,"turns":2},{"damage":5,"enemies":"Looter","floor":12,"turns":3},{"damage":9,"enemies":"Large Slime","floor":13,"turns":6},{"damage":15,"enemies":"Slime Boss","floor":16,"turns":7},{"damage":6,"enemies":"Chosen","floor":18,"turns":3},{"damage":18,"enemies":"Shell Parasite","floor":20,"turns":4},{"damage":45,"enemies":"Chosen and Byrds","floor":22,"turns":5}],"seed_played":"7775443816444136425","potions_obtained":[{"floor":3,"key":"LiquidMemories"},{"floor":4,"key":"SmokeBomb"},{"floor":11,"key":"CultistPotion"},{"floor":13,"key":"CultistPotion"}],"is_trial":false,"path_per_floor":["M","?","M","M","$","R","E","R","T","M","M","M","M","?","R","B",null,"M","T","M","?","M"],"character_chosen":"IRONCLAD","items_purchased":["Anger","Hemokinesis"],"campfire_rested":2,"item_purchase_floors":[5,5],"current_hp_per_floor":[65,58,58,51,51,51,34,56,56,36,32,27,18,18,40,25,63,57,57,39,39,0,0],"gold":0,"neow_bonus":"BOSS_RELIC","is_daily":false,"chose_seed":false,"campfire_upgraded":1,"win_rate":0.0,"timestamp":1608056950,"path_taken":["M","?","M","M","$","R","E","R","T","M","M","M","M","?","R","BOSS","M","?","M","?","M"],"items_purchased_type":["Card","Card"],"build_version":"2020-12-13","purchased_purges":0,"victory":false,"max_hp_per_floor":[75,75,75,75,75,75,75,75,75,75,75,75,75,75,75,75,75,75,75,75,75,75,75],"relic_stats":{"counters":[12,50],"CeramicFish":0,"StoneCalendar":[0],"Ectoplasm":247,"obtain_stats":[{"CeramicFish":19,"StoneCalendar":7,"Molten Egg 2":9,"Ectoplasm":0,"Burning Blood":0,"Runic Pyramid":17},{"CeramicFish":10,"StoneCalendar":4,"Molten Egg 2":4,"Ectoplasm":0,"Burning Blood":0,"Runic Pyramid":9},{"CeramicFish":41,"StoneCalendar":17,"Molten Egg 2":17,"Ectoplasm":0,"Burning Blood":0,"Runic Pyramid":38}]},"card_choices":[{"not_picked":["True Grit","Armaments"],"picked":"Blood for Blood","floor":1},{"not_picked":["Havoc","Second Wind"],"picked":"Flex","floor":3},{"not_picked":["Armaments","Perfected Strike"],"picked":"Battle Trance","floor":4},{"not_picked":["Warcry","Anger"],"picked":"Fiend Fire","floor":7},{"not_picked":["Feel No Pain","Warcry"],"picked":"Clothesline+1","floor":10},{"not_picked":["Anger+1","Pommel Strike+1"],"picked":"True Grit","floor":11},{"not_picked":["Sword Boomerang+1","Wild Strike+1"],"picked":"Metallicize","floor":12},{"not_picked":["Heavy Blade+1","Twin Strike+1"],"picked":"Limit Break","floor":13},{"not_picked":["Double Tap","Barricade"],"picked":"Juggernaut","floor":16},{"not_picked":["Thunderclap+1","Intimidate"],"picked":"Flex","floor":18},{"not_picked":["Havoc","Anger+1"],"picked":"Shrug It Off","floor":20}],"player_experience":346811,"relics_obtained":[{"floor":7,"key":"StoneCalendar"},{"floor":9,"key":"Molten Egg 2"},{"floor":19,"key":"CeramicFish"}],"event_choices":[{"cards_removed":["Strike_R"],"damage_healed":0,"gold_gain":0,"player_choice":"Card Removal","damage_taken":7,"max_hp_gain":0,"max_hp_loss":0,"event_name":"Golden Wing","floor":2,"gold_loss":0},{"cards_removed":["Strike_R"],"damage_healed":0,"gold_gain":0,"player_choice":"Purged","damage_taken":0,"max_hp_gain":0,"max_hp_loss":0,"event_name":"Purifier","floor":14,"gold_loss":0},{"damage_healed":0,"gold_gain":0,"player_choice":"Ignored","damage_taken":0,"max_hp_gain":0,"max_hp_loss":0,"event_name":"Golden Shrine","floor":21,"gold_loss":0}],"is_beta":false,"boss_relics":[{"not_picked":["Fusion Hammer","Velvet Choker"],"picked":"Runic Pyramid"}],"items_purged_floors":[],"is_endless":false,"potions_floor_spawned":[3,4,11,13],"killed_by":"Chosen and Byrds","ascension_level":20}}