{"host":"6qohxdms6n72zb21","time":1608022747,"event":{"mods":["Act Like it!","Ascension Reborn","BaseMod","Better Synergies","Downfall","Minty Spire (QoL Compilation)","Quick Restart","Replay The Spire","StSLib"],"gold_per_floor":[119,119,119,119,137,170,170,196,270,361,373,400,369,411,423,535,547,575,502,514,526,147,181,181,193,193,193,193,209,243,253,253,350,350,368,395,498,66,66,94,94,127,152,152,185,185,37,51,51,51],"floor_reached":51,"playtime":2442,"items_purged":[],"score":1312,"play_id":"2bfec4b3-c925-4fca-af09-438c7b945bbe","local_time":"20201215035907","is_ascension_mode":true,"campfire_choices":[{"floor":7,"key":"REST"},{"floor":11,"key":"REST"},{"data":"Perfected Strike","floor":15,"key":"SMITH"},{"floor":24,"key":"REST"},{"data":"Demonic Infusion","floor":32,"key":"SMITH"},{"data":"J.A.X.","floor":41,"key":"SMITH"},{"data":"Replay:Many Hands","floor":44,"key":"SMITH"},{"data":"Bash","floor":49,"key":"SMITH"}],"circlet_count":0,"master_deck":["Strike_R","Strike_R","Strike_R","Strike_R","Strike_R","Defend_R","Defend_R","Defend_R","Bash+1","Perfected Strike+1","ReplayTheSpireMod:Doomed","Cleave","Inflame+1","Demonic Infusion+1","Hallucinations","ReplayTheSpireMod:LeadingStrike+1","Heavy Blade+1","Languid","Feed+1","Thunderclap+1","Iron Wave+1","Regret","Uppercut+1","Replay:Undeath\u0027s Touch+1","Disarm+1","Cleave+1","Clothesline+1","Wild Strike+1","J.A.X.+1","Feel No Pain","Wild Strike+1","Clothesline+1","Overencumbered","Berserk+1","Looming Evil","Clumsy","Regret","Disarm+1","ReplayTheSpireMod:Splinters","Slimebound:Icky","Replay:Many Hands+1","Replay:Undeath\u0027s Touch+1","Defy Death","Replay:Undeath\u0027s Touch+1","Perfected Strike+1","hexamod:Haunted","Sword Boomerang+1"],"relics":["Burning Blood","Tiny Chest","ReplayTheSpireMod:Ring of Collecting","Bag of Preparation","Replay:Baseball","Counterbalance","Ring of Greed","Replay:Wax Seal","Blue Doll","MawBank","Ring of Fury","Molten Egg 2","ReplayFunnel","Busted Crown","Quantum Egg","ReplayTheSpireMod:Ring of Challenge","Bird Faced Urn","Question Card","Orrery","Snack Pack","Ring of Misfortune","War Paint","Enchiridion","Bottled Lightning","Replay:Ancient Bell","Pen Nib","Darkstone Periapt","FossilizedHelix","Lantern","Durian","Pet Ghost","Ring of Peace","ReplayTheSpireMod:Ninjato","Replay:Bottled Flurry","Peace Pipe","Ring of Searing","ReplayTheSpireMod:TigerMarble","ReplayTheSpireMod:Lightbulb","Guide Book"],"acts_visited":["Exordium","TheCity","TheBeyond"],"potions_floor_usage":[33,33,50],"damage_taken":[{"damage":9,"enemies":"2 Louse","floor":1,"turns":4},{"damage":0,"enemies":"Small Slimes","floor":5,"turns":2},{"damage":24,"enemies":"Gremlin Nob","floor":6,"turns":4},{"damage":35,"enemies":"3 Sentries","floor":8,"turns":5},{"damage":0,"enemies":"Jaw Worm","floor":12,"turns":1},{"damage":13,"enemies":"Gremlin Nob","floor":14,"turns":3},{"damage":3,"enemies":"Fading Forest","floor":16,"turns":11},{"damage":7,"enemies":"Spheric Guardian","floor":18,"turns":3},{"damage":33,"enemies":"Slavers","floor":23,"turns":4},{"damage":9,"enemies":"Shell Parasite","floor":25,"turns":2},{"damage":2,"enemies":"Sentry and Sphere","floor":29,"turns":3},{"damage":10,"enemies":"Replay:Snechameleon","floor":30,"turns":3},{"damage":11,"enemies":"Chosen and Byrds","floor":31,"turns":3},{"damage":34,"enemies":"Collector","floor":33,"turns":6},{"damage":0,"enemies":"Orb Walker","floor":35,"turns":3},{"damage":0,"enemies":"Nemesis","floor":40,"turns":3},{"damage":0,"enemies":"R_Hoarder","floor":42,"turns":3},{"damage":4,"enemies":"Giant Head","floor":45,"turns":4},{"damage":24,"enemies":"3 Shapes","floor":48,"turns":2},{"damage":20,"enemies":"Donu and Deca","floor":50,"turns":5}],"seed_played":"3127081929649533952","potions_obtained":[{"floor":6,"key":"Milkshake"},{"floor":8,"key":"SkillPotion"},{"floor":14,"key":"Energy Potion"},{"floor":16,"key":"Doom Potion"},{"floor":40,"key":"Languid Potion"}],"is_trial":false,"path_per_floor":["M","?","?","$","M","E","R","E","T","T","R","M","?","E","R","B",null,"M","?","?","T","$","E","R","M","T","?","?","M","E","M","R","B",null,"M","T","?","$","T","E","R","E","T","R","E","?","$","M","R","B",null],"character_chosen":"IRONCLAD","items_purchased":["Question Card","Orrery","Durian","Pet Ghost","Guide Book"],"campfire_rested":3,"item_purchase_floors":[22,22,38,38,47],"current_hp_per_floor":[77,77,65,65,71,53,77,48,48,48,72,78,78,71,71,74,80,79,79,79,79,79,56,81,84,84,84,68,78,80,85,85,67,110,110,110,122,127,127,127,127,127,133,133,133,133,133,115,115,123],"gold":51,"neow_bonus":"RANDOM_COMMON_RELIC","is_daily":false,"chose_seed":false,"campfire_upgraded":5,"win_rate":0.0,"timestamp":1608022747,"path_taken":["M","?","?","?","M","E","R","E","T","?","R","M","?","E","R","BOSS","M","?","?","?","$","E","R","?","T","?","?","M","E","M","R","BOSS","M","?","?","$","?","E","R","E","T","R","E","?","$","M","R","BOSS"],"items_purchased_type":["Relic","Relic","Relic","Relic","Relic"],"build_version":"2020-12-13","purchased_purges":0,"victory":true,"max_hp_per_floor":[80,80,80,80,80,80,80,80,80,80,80,80,80,80,80,80,80,80,80,80,80,80,84,84,88,88,88,88,88,88,92,92,92,110,110,110,122,127,127,127,127,127,133,133,133,133,133,133,133,137],"card_choices":[{"not_picked":["Shrug It Off","Defy Death"],"picked":"Perfected Strike","floor":1},{"not_picked":["Rage","Armaments"],"picked":"Cleave","floor":5},{"not_picked":["Fire Breathing","Dark Embrace"],"picked":"Inflame","floor":6},{"not_picked":["Body Slam","Wild Strike"],"picked":"Demonic Infusion","floor":8},{"not_picked":["Burning Pact","Ghostly Armor"],"picked":"ReplayTheSpireMod:LeadingStrike+1","floor":12},{"not_picked":["Havoc","Thunderclap+1"],"picked":"Heavy Blade+1","floor":14},{"not_picked":["Juggernaut","Replay:Many Hands"],"picked":"Feed+1","floor":16},{"not_picked":[],"picked":"Thunderclap+1","floor":18},{"not_picked":["Clash+1"],"picked":"Uppercut+1","floor":22},{"not_picked":["Intimidate+1"],"picked":"Replay:Undeath\u0027s Touch+1","floor":22},{"not_picked":["Cleave+1"],"picked":"Disarm","floor":22},{"not_picked":["Combust"],"picked":"Cleave+1","floor":22},{"not_picked":["Anger+1"],"picked":"Clothesline+1","floor":23},{"not_picked":["ReplayTheSpireMod:Stacked"],"picked":"Wild Strike+1","floor":25},{"not_picked":["Juggernaut"],"picked":"Feel No Pain","floor":29},{"not_picked":["Cleave+1"],"picked":"Wild Strike+1","floor":30},{"not_picked":["Wild Strike+1"],"picked":"Clothesline+1","floor":31},{"not_picked":["Corruption"],"picked":"Berserk","floor":33},{"not_picked":["ReplayTheSpireMod:IOU"],"picked":"Looming Evil","floor":34},{"not_picked":["Shame"],"picked":"Clumsy","floor":34},{"not_picked":["Normality"],"picked":"Regret","floor":34},{"not_picked":["Ghostly Armor"],"picked":"Disarm+1","floor":35},{"not_picked":["Clash+1"],"picked":"Replay:Many Hands","floor":37},{"not_picked":["Havoc+1"],"picked":"Replay:Undeath\u0027s Touch+1","floor":37},{"not_picked":["Body Slam+1"],"picked":"Defy Death","floor":37},{"not_picked":["Disarm+1"],"picked":"Replay:Undeath\u0027s Touch+1","floor":40},{"not_picked":["Shrug It Off"],"picked":"Perfected Strike+1","floor":42},{"not_picked":["Defy Death+1","Fire Breathing"],"picked":"SKIP","floor":45},{"not_picked":["Rupture+1"],"picked":"Sword Boomerang+1","floor":48}],"player_experience":159817,"relics_obtained":[{"floor":2,"key":"ReplayTheSpireMod:Ring of Collecting"},{"floor":6,"key":"Replay:Baseball"},{"floor":8,"key":"Counterbalance"},{"floor":9,"key":"Ring of Greed"},{"floor":9,"key":"Replay:Wax Seal"},{"floor":9,"key":"Blue Doll"},{"floor":9,"key":"MawBank"},{"floor":10,"key":"Ring of Fury"},{"floor":10,"key":"Molten Egg 2"},{"floor":14,"key":"ReplayFunnel"},{"floor":21,"key":"ReplayTheSpireMod:Ring of Challenge"},{"floor":21,"key":"Bird Faced Urn"},{"floor":23,"key":"Snack Pack"},{"floor":26,"key":"Ring of Misfortune"},{"floor":26,"key":"War Paint"},{"floor":28,"key":"Enchiridion"},{"floor":30,"key":"Bottled Lightning"},{"floor":36,"key":"Lantern"},{"floor":39,"key":"Ring of Peace"},{"floor":39,"key":"ReplayTheSpireMod:Ninjato"},{"floor":40,"key":"Replay:Bottled Flurry"},{"floor":42,"key":"Peace Pipe"},{"floor":43,"key":"Ring of Searing"},{"floor":43,"key":"ReplayTheSpireMod:TigerMarble"},{"floor":45,"key":"ReplayTheSpireMod:Lightbulb"}],"event_choices":[{"damage_healed":0,"gold_gain":0,"player_choice":"Success","damage_taken":12,"relics_obtained":["Bag of Preparation"],"max_hp_gain":0,"max_hp_loss":0,"event_name":"Scrap Ooze","floor":3,"gold_loss":0},{"damage_healed":0,"gold_gain":0,"player_choice":"Left Gold","damage_taken":0,"max_hp_gain":0,"max_hp_loss":0,"event_name":"World of Goop","floor":13,"gold_loss":43},{"damage_healed":0,"gold_gain":0,"player_choice":"Obtained Relic","damage_taken":0,"relics_obtained":["Quantum Egg"],"max_hp_gain":0,"max_hp_loss":0,"event_name":"Addict","floor":19,"gold_loss":85},{"damage_healed":0,"gold_gain":0,"player_choice":"Read","damage_taken":0,"max_hp_gain":0,"max_hp_loss":0,"event_name":"The Library","floor":20,"gold_loss":0,"cards_obtained":["Iron Wave"]},{"damage_healed":0,"gold_gain":0,"player_choice":"Obtain J.A.X.","damage_taken":0,"max_hp_gain":0,"max_hp_loss":0,"event_name":"Drug Dealer","floor":27,"gold_loss":0,"cards_obtained":["J.A.X."]},{"damage_healed":0,"gold_gain":0,"player_choice":"Obtained Book","damage_taken":16,"max_hp_gain":0,"max_hp_loss":0,"event_name":"Cursed Tome","floor":28,"gold_loss":0},{"cards_removed":["Defend_R"],"damage_healed":0,"gold_gain":0,"player_choice":"Removed Skill","damage_taken":0,"max_hp_gain":0,"max_hp_loss":0,"event_name":"Falling","floor":46,"gold_loss":0}],"is_beta":false,"boss_relics":[{"not_picked":["Sozu","Fusion Hammer"],"picked":"Busted Crown"},{"not_picked":["Ring of Chaos","Empty Cage"],"picked":"Replay:Ancient Bell"},{"not_picked":["MealTicket","Replay:Rubber Ducky"],"picked":"Pen Nib"},{"not_picked":["Garlic","Matryoshka"],"picked":"Darkstone Periapt"},{"not_picked":["Old Coin","Girya"],"picked":"FossilizedHelix"}],"items_purged_floors":[],"is_endless":false,"potions_floor_spawned":[6,8,14,16,23,25,29,30,40],"ascension_level":3}}