{"host":"63yhhrjweyj22b0v","time":1608019657,"event":{"mods":["BaseMod","Minty Spire (QoL Compilation)","Quick Restart"],"gold_per_floor":[111,186,204,57,68,68,101,33,33,46,64,83,83,83,83,83,83],"floor_reached":16,"playtime":316,"items_purged":[],"score":107,"play_id":"80fa21ba-a032-4e1a-a580-de9064f5cbeb","local_time":"20201215020737","is_ascension_mode":true,"campfire_choices":[{"data":"Auto Shields","floor":6,"key":"SMITH"},{"floor":15,"key":"REST"}],"circlet_count":0,"master_deck":["Strike_B","Strike_B","Strike_B","Strike_B","Defend_B","Defend_B","Defend_B","Defend_B","Zap","Dualcast","Auto Shields+1","Thunder Strike","Beam Cell","Ball Lightning","Conserve Battery+1","Static Discharge","Capacitor"],"relics":["Cracked Core","NeowsBlessing","Cables","Matryoshka"],"acts_visited":["Exordium"],"potions_floor_usage":[7,16],"damage_taken":[{"damage":0,"enemies":"Jaw Worm","floor":1,"turns":1},{"damage":0,"enemies":"Cultist","floor":3,"turns":1},{"damage":0,"enemies":"Small Slimes","floor":5,"turns":1},{"damage":35,"enemies":"Gremlin Nob","floor":7,"turns":4},{"damage":6,"enemies":"3 Louse","floor":10,"turns":3},{"damage":8,"enemies":"Lots of Slimes","floor":11,"turns":3},{"damage":6,"enemies":"Gremlin Gang","floor":12,"turns":3},{"damage":28,"enemies":"Slime Boss","floor":16,"turns":5}],"seed_played":"3690749931082901296","potions_obtained":[{"floor":1,"key":"FearPotion"},{"floor":12,"key":"Fire Potion"}],"is_trial":false,"path_per_floor":["M","?","M","$","M","R","E","$","T","M","M","M","?","?","R","B"],"character_chosen":"DEFECT","items_purchased":["Thunder Strike","Ball Lightning","Conserve Battery"],"campfire_rested":1,"item_purchase_floors":[4,8,8],"current_hp_per_floor":[75,64,64,64,64,64,29,29,29,23,15,9,6,6,28,0,0],"gold":83,"neow_bonus":"THREE_ENEMY_KILL","is_daily":false,"chose_seed":false,"campfire_upgraded":1,"win_rate":0.0,"timestamp":1608019657,"path_taken":["M","?","M","$","M","R","E","?","T","M","M","?","?","?","R","BOSS"],"items_purchased_type":["Card","Card","Card"],"build_version":"2020-12-13","purchased_purges":0,"victory":false,"max_hp_per_floor":[75,75,75,75,75,75,75,75,75,75,75,75,75,75,75,75,75],"card_choices":[{"not_picked":["Leap","Stack"],"picked":"Auto Shields","floor":1},{"not_picked":["Rebound","Recycle","Barrage"],"picked":"SKIP","floor":3},{"not_picked":["Sweeping Beam","Hologram"],"picked":"Beam Cell","floor":5},{"not_picked":["Steam","Sunder","Stack"],"picked":"SKIP","floor":7},{"not_picked":["Go for the Eyes","Streamline"],"picked":"Static Discharge","floor":10},{"not_picked":["Cold Snap","BootSequence","Steam"],"picked":"SKIP","floor":11},{"not_picked":["Scrape","Sweeping Beam"],"picked":"Capacitor","floor":12}],"player_experience":586466,"relics_obtained":[{"floor":7,"key":"Cables"},{"floor":9,"key":"Matryoshka"}],"event_choices":[{"damage_healed":0,"gold_gain":75,"player_choice":"Gather Gold","damage_taken":11,"max_hp_gain":0,"max_hp_loss":0,"event_name":"World of Goop","floor":2,"gold_loss":0},{"damage_healed":0,"gold_gain":0,"player_choice":"Fled","damage_taken":3,"max_hp_gain":0,"max_hp_loss":0,"event_name":"Scrap Ooze","floor":13,"gold_loss":0},{"damage_healed":0,"gold_gain":0,"player_choice":"Grow","damage_taken":0,"max_hp_gain":0,"max_hp_loss":0,"event_name":"Living Wall","floor":14,"gold_loss":0,"cards_upgraded":["Conserve Battery"]}],"is_beta":false,"boss_relics":[],"items_purged_floors":[],"is_endless":false,"potions_floor_spawned":[1,12],"killed_by":"Slime Boss","ascension_level":1}}