{"host":"ks12kfi5c4d9hdxy","time":1608047770,"event":{"mods":["Act Like it!","BaseMod","Conspire","Gensokyo","GifTheSpireLib","Koishi","LagranYue(拉格朗・月)","Marisa（F雨　魔理沙）","Minty Spire (QoL Compilation)","Quick Restart","Reimu（博丽灵梦）","Remilia（蕾米莉亚）","Replay The Spire","RumiaBox-露米娅的神秘盒子","Shop Mod","StSLib","SuperFastMode","The Administrix","The Servant 0.9.4","Youmu（魂魄妖梦）","Yuyuko","【东方二次创作】八云紫mod","【功能Mod】混沌之环修复补丁","【功能Mod】聪明的最终Boss","篝火指南"],"gold_per_floor":[114,114,130,144,69,99,99,126,152,92,104,139,149,163,163,238,238,258,12,12,12],"floor_reached":20,"playtime":501,"items_purged":["Defend_MRS"],"score":476,"play_id":"a424dba8-2a30-4c28-a2eb-e9303b80e3a2","local_time":"20201215235610","is_ascension_mode":true,"campfire_choices":[{"data":"DeepEcoloBomb","floor":7.0,"key":"SMITH"},{"floor":15.0,"key":"DIG"}],"circlet_count":0,"master_deck":["AscendersBane","Strike_MRS","Strike_MRS","Strike_MRS","Strike_MRS","Defend_MRS","MasterSpark+1","UpSweep+1","OrrerysSun","MilkyWay","DeepEcoloBomb+1","GrandCross","OrrerysSun","MilkyWay","Finesse","PowerUp"],"relics":["MiniHakkero","LagranYue:RandomDrawCardRelic","Bronze Scales","Regal Pillow","Potion Belt","PaintedHorse:ReiMu","Strawberry","Gremlin Food","Empty Cage"],"acts_visited":["Exordium","TheCity"],"potions_floor_usage":[20],"damage_taken":[{"damage":4.0,"enemies":"Small Slimes","floor":1.0,"turns":4.0},{"damage":1.0,"enemies":"Cultist","floor":3.0,"turns":3.0},{"damage":3.0,"enemies":"2 Louse","floor":4.0,"turns":3.0},{"damage":14.0,"enemies":"Lagavulin","floor":6.0,"turns":6.0},{"damage":19.0,"enemies":"Gremlin Nob","floor":8.0,"turns":4.0},{"damage":0.0,"enemies":"Large Slime","floor":11.0,"turns":4.0},{"damage":9.0,"enemies":"Replay:BlueRogue","floor":12.0,"turns":4.0},{"damage":6.0,"enemies":"Looter","floor":13.0,"turns":3.0},{"damage":6.0,"enemies":"Exordium Thugs","floor":14.0,"turns":3.0},{"damage":0.0,"enemies":"Slime Boss","floor":16.0,"turns":5.0},{"damage":15.0,"enemies":"3 Byrds","floor":18.0,"turns":3.0},{"damage":54,"enemies":"Masked Bandits","floor":20,"turns":3}],"seed_played":"-2737677071342750965","potions_obtained":[{"floor":1.0,"key":"GamblersBrew"},{"floor":13.0,"key":"Elixir"},{"floor":14.0,"key":"ShroomBrew"}],"is_trial":false,"path_per_floor":["M","?","M","M","$","E","R","E","T","?","M","E","M","M","R","B",null,"M","$","?"],"character_chosen":"MARISA","items_purchased":["Finesse","PowerUp","GrandPatriotsElixir:ReiMu"],"campfire_rested":0,"item_purchase_floors":[19,19,19],"current_hp_per_floor":[59,59,58,55,55,41,41,22,22,22,22,20,14,8,8,8,60,45,45,0,0],"gold":12,"neow_bonus":"UPGRADE_CARD","is_daily":false,"chose_seed":false,"campfire_upgraded":1,"win_rate":0.0,"timestamp":1608047770,"path_taken":["M","?","M","M","?","E","R","E","T","?","M","E","M","M","R","BOSS","M","$","?"],"items_purchased_type":["Card","Card","Potion"],"build_version":"2020-12-13","purchased_purges":1,"victory":false,"max_hp_per_floor":[70,70,70,70,70,70,70,70,70,70,70,77,77,77,77,77,77,77,77,77,77],"card_choices":[{"not_picked":["MeteoricShower","PulseMagic","MysteriousBeam"],"picked":"SKIP","floor":1.0},{"not_picked":["GravityBeat","MeteoricShower"],"picked":"OrrerysSun","floor":3.0},{"not_picked":["LuminesStrike","NonDirectionalLaser"],"picked":"MilkyWay","floor":4.0},{"not_picked":["LuminesStrike","IllusionStar"],"picked":"DeepEcoloBomb","floor":6.0},{"not_picked":["BinaryStars","Acceleration"],"picked":"GrandCross","floor":8.0},{"not_picked":["GasGiant","LuminesStrike","ChargeUpSpray"],"picked":"SKIP","floor":11.0},{"not_picked":["SporeBomb","RefractionSpark"],"picked":"OrrerysSun","floor":12.0},{"not_picked":["CollectingQuirk","UnstableBomb"],"picked":"MilkyWay","floor":13.0},{"not_picked":["LuminesStrike","SuperPerseids","PulseMagic"],"picked":"SKIP","floor":14.0},{"not_picked":["SporeBomb+1","OortCloud","NonDirectionalLaser"],"picked":"SKIP","floor":18.0}],"player_experience":522035,"relics_obtained":[{"floor":6.0,"key":"Bronze Scales"},{"floor":8.0,"key":"Regal Pillow"},{"floor":9.0,"key":"Potion Belt"},{"floor":12.0,"key":"Strawberry"},{"floor":15.0,"key":"Gremlin Food"}],"event_choices":[{"damage_healed":0.0,"max_hp_gain":0.0,"max_hp_loss":0.0,"gold_gain":0.0,"event_name":"Upgrade Shrine","player_choice":"Upgraded","floor":2.0,"gold_loss":0.0,"damage_taken":0.0,"cards_upgraded":["UpSweep"]},{"damage_healed":0.0,"max_hp_gain":0.0,"max_hp_loss":0.0,"gold_gain":0.0,"event_name":"yidonshenshe","player_choice":"塞钱","floor":10.0,"gold_loss":60.0,"damage_taken":0.0,"relics_obtained":["PaintedHorse:ReiMu"]},{"damage_healed":0,"gold_gain":0,"player_choice":"Fought Bandits","damage_taken":0,"max_hp_gain":0,"max_hp_loss":0,"event_name":"Masked Bandits","floor":20,"gold_loss":0}],"is_beta":false,"boss_relics":[{"not_picked":["LagranYue:ContractPerformanceRelic","Honey Jar"],"picked":"Empty Cage"}],"items_purged_floors":[5],"is_endless":false,"potions_floor_spawned":[1,13,14],"killed_by":"Masked Bandits","ascension_level":19}}