{"host":"6bsan6hkua32tfq7","time":1608035077,"event":{"mods":["BaseMod","Better Third Choice","Colored Map","Highlight Path","Minty Spire (QoL Compilation)","StSLib"],"gold_per_floor":[112,112,123,187,162,162,212,212,261,9,20,47,63,91,91,163,163,175,260,271,321,321,321],"floor_reached":22,"playtime":512,"items_purged":["Defend_G"],"score":388,"play_id":"36dd0a95-ba99-49bd-b6a9-5ee8d49f27df","local_time":"20201215132437","is_ascension_mode":true,"campfire_choices":[{"data":"Crippling Poison","floor":6,"key":"SMITH"},{"data":"Sucker Punch","floor":8,"key":"SMITH"},{"floor":15,"key":"REST"}],"circlet_count":0,"master_deck":["AscendersBane","Strike_G","Strike_G","Strike_G","Strike_G","Strike_G","Defend_G","Defend_G","Defend_G","Defend_G","Survivor","Neutralize","Crippling Poison+1","Flying Knee","Sucker Punch+1","Catalyst","Deflect","Footwork","Catalyst","Deadly Poison","Doppelganger","PiercingWail","Bouncing Flask","Calculated Gamble+1"],"relics":["Ring of the Snake","NeowsBlessing","SsserpentHead","PreservedInsect","Snake Skull","Tiny Chest","Boot","Philosopher\u0027s Stone","Red Mask","Blood Vial"],"acts_visited":["Exordium","TheCity"],"potions_floor_usage":[11,14,16,19,20],"damage_taken":[{"damage":0,"enemies":"2 Louse","floor":1,"turns":1},{"damage":0,"enemies":"Cultist","floor":3,"turns":1},{"damage":0,"enemies":"Jaw Worm","floor":4,"turns":1},{"damage":8,"enemies":"Gremlin Gang","floor":11,"turns":4},{"damage":6,"enemies":"Gremlin Nob","floor":12,"turns":3},{"damage":10,"enemies":"Exordium Wildlife","floor":13,"turns":4},{"damage":30,"enemies":"3 Sentries","floor":14,"turns":10},{"damage":3,"enemies":"The Guardian","floor":16,"turns":6},{"damage":20,"enemies":"Shell Parasite","floor":18,"turns":4},{"damage":34,"enemies":"Masked Bandits","floor":19,"turns":5},{"damage":0,"enemies":"Chosen","floor":20,"turns":2},{"damage":8,"enemies":"Shelled Parasite and Fungi","floor":22,"turns":2}],"seed_played":"-3762132060791537927","potions_obtained":[{"floor":4,"key":"CunningPotion"},{"floor":11,"key":"SteroidPotion"},{"floor":13,"key":"Poison Potion"},{"floor":18,"key":"SkillPotion"},{"floor":19,"key":"ColorlessPotion"}],"is_trial":false,"path_per_floor":["M","?","M","M","$","R","?","R","T","$","M","E","M","E","R","B",null,"M","?","M","?","M"],"character_chosen":"THE_SILENT","items_purchased":["Snake Skull","Catalyst"],"campfire_rested":1,"item_purchase_floors":[10,10],"current_hp_per_floor":[59,59,59,59,59,59,64,64,64,64,56,50,40,10,31,28,60,40,6,6,6,0,0],"gold":321,"neow_bonus":"THREE_ENEMY_KILL","is_daily":false,"chose_seed":false,"campfire_upgraded":2,"win_rate":0.0,"timestamp":1608035077,"path_taken":["M","?","M","?","?","R","?","R","T","$","M","E","M","E","R","BOSS","M","?","M","?","M"],"items_purchased_type":["Relic","Card"],"build_version":"2020-12-13","purchased_purges":1,"victory":false,"max_hp_per_floor":[66,66,66,66,66,66,71,71,71,71,71,71,71,71,71,71,71,71,71,71,71,71,71],"card_choices":[{"not_picked":["Blade Dance","Deflect"],"picked":"Crippling Poison","floor":1},{"not_picked":["Escape Plan","Setup"],"picked":"Flying Knee","floor":3},{"not_picked":["Cloak And Dagger","Backflip"],"picked":"Sucker Punch","floor":4},{"not_picked":["Backflip","Prepared"],"picked":"Deflect","floor":11},{"not_picked":["Well Laid Plans","Reflex"],"picked":"Footwork","floor":12},{"not_picked":["Eviscerate","Unload"],"picked":"Catalyst","floor":13},{"not_picked":["Dagger Throw","Backstab"],"picked":"Deadly Poison","floor":14},{"not_picked":["Bullet Time","Night Terror"],"picked":"Doppelganger","floor":16},{"not_picked":["Blade Dance","Infinite Blades"],"picked":"PiercingWail","floor":18},{"not_picked":["Terror","Flying Knee"],"picked":"Bouncing Flask","floor":19},{"not_picked":["Flying Knee","Underhanded Strike","Calculated Gamble+1"],"picked":"SKIP","floor":20},{"not_picked":["Flying Knee","Underhanded Strike"],"picked":"Calculated Gamble+1","floor":20}],"player_experience":5159545,"relics_obtained":[{"floor":9,"key":"PreservedInsect"},{"floor":12,"key":"Tiny Chest"},{"floor":14,"key":"Boot"},{"floor":19,"key":"Red Mask"},{"floor":21,"key":"Blood Vial"}],"event_choices":[{"damage_healed":0,"gold_gain":0,"player_choice":"Trade","damage_taken":0,"relics_obtained":["SsserpentHead"],"max_hp_gain":0,"max_hp_loss":0,"event_name":"FaceTrader","floor":2,"gold_loss":0},{"damage_healed":0,"gold_gain":0,"player_choice":"Donut","damage_taken":0,"max_hp_gain":5,"max_hp_loss":0,"event_name":"Big Fish","floor":7,"gold_loss":0},{"damage_healed":0,"gold_gain":0,"player_choice":"Fought Bandits","damage_taken":0,"max_hp_gain":0,"max_hp_loss":0,"event_name":"Masked Bandits","floor":19,"gold_loss":0},{"damage_healed":0,"gold_gain":0,"player_choice":"Relic","damage_taken":0,"max_hp_gain":0,"max_hp_loss":0,"event_name":"Wheel of Change","floor":21,"gold_loss":0}],"is_beta":false,"boss_relics":[{"not_picked":["Runic Pyramid","SacredBark"],"picked":"Philosopher\u0027s Stone"}],"items_purged_floors":[5],"is_endless":false,"potions_floor_spawned":[4,11,13,18,19],"killed_by":"Shelled Parasite and Fungi","ascension_level":20}}