{"host":"j49z5jz0n7e8vjox","time":1608050668,"event":{"mods":["AchievementEnabler","BaseMod","Bestiary","Colored Map","Colored Powertips","DeckTracker","Minty Spire (QoL Compilation)"],"gold_per_floor":[109,127,141,153,164,164,196,196,246,246,275,353,388,388,388,490,490,502,512,512,45,45,78,78,128,151,164,174,174,192,204,204,308,308,325,340,340,65,79,112,112,131,131,231,231,250,250,285,285,285,285],"floor_reached":50,"playtime":9379,"items_purged":[],"score":807,"play_id":"911df904-1d52-426c-8a80-cc102de03e10","local_time":"20201215104428","is_ascension_mode":true,"campfire_choices":[{"data":"Whirlwind","floor":6,"key":"SMITH"},{"data":"Flame Barrier","floor":8,"key":"SMITH"},{"data":"Flex","floor":10,"key":"SMITH"},{"data":"Bash","floor":15,"key":"SMITH"},{"data":"Heavy Blade","floor":24,"key":"SMITH"},{"data":"Feed","floor":29,"key":"SMITH"},{"data":"Flex","floor":32,"key":"SMITH"},{"data":"Demon Form","floor":41,"key":"SMITH"},{"floor":45,"key":"REST"},{"floor":49,"key":"RECALL"}],"circlet_count":0,"master_deck":["Bash+1","Clothesline+1","Inflame","Flame Barrier+1","Twin Strike","Whirlwind+1","Flex+1","Reaper+1","Feed+1","Pommel Strike+1","Heavy Blade+1","Flash of Steel","Carnage+1","Battle Trance","Flex+1","Feed","Havoc","Corruption","Flame Barrier","Bloodletting","Wild Strike","Demon Form+1","Fiend Fire","Barricade","Heavy Blade+1","Battle Trance","Iron Wave+1","Dark Embrace+1","Battle Trance"],"relics":["Burning Blood","Paper Frog","PreservedInsect","Bottled Lightning","Regal Pillow","Busted Crown","Gremlin Horn","Omamori","Art of War","Whetstone","Pandora\u0027s Box","Orichalcum","Ancient Tea Set","Ornamental Fan"],"acts_visited":["Exordium","TheCity","TheBeyond"],"potions_floor_usage":[4,16,18,27,33,39,40,40,48,50],"damage_taken":[{"damage":7,"enemies":"2 Louse","floor":1,"turns":4},{"damage":8,"enemies":"Cultist","floor":2,"turns":4},{"damage":9,"enemies":"Jaw Worm","floor":3,"turns":4},{"damage":12,"enemies":"Lots of Slimes","floor":4,"turns":6},{"damage":3,"enemies":"Looter","floor":5,"turns":4},{"damage":25,"enemies":"3 Sentries","floor":7,"turns":5},{"damage":19,"enemies":"Gremlin Nob","floor":11,"turns":4},{"damage":25,"enemies":"3 Sentries","floor":13,"turns":6},{"damage":21,"enemies":"Hexaghost","floor":16,"turns":8},{"damage":6,"enemies":"2 Thieves","floor":18,"turns":4},{"damage":13,"enemies":"Spheric Guardian","floor":19,"turns":5},{"damage":15,"enemies":"Slavers","floor":23,"turns":4},{"damage":0,"enemies":"Centurion and Healer","floor":27,"turns":3},{"damage":7,"enemies":"Cultist and Chosen","floor":28,"turns":4},{"damage":29,"enemies":"Shelled Parasite and Fungi","floor":30,"turns":6},{"damage":35,"enemies":"Centurion and Healer","floor":31,"turns":5},{"damage":94,"enemies":"Automaton","floor":33,"turns":9},{"damage":39,"enemies":"3 Shapes","floor":35,"turns":8},{"damage":48,"enemies":"3 Darklings","floor":36,"turns":6},{"damage":18,"enemies":"4 Shapes","floor":39,"turns":7},{"damage":19,"enemies":"Giant Head","floor":40,"turns":6},{"damage":20,"enemies":"Sphere and 2 Shapes","floor":42,"turns":4},{"damage":14,"enemies":"3 Darklings","floor":46,"turns":3},{"damage":84,"enemies":"Nemesis","floor":48,"turns":7},{"damage":63,"enemies":"Time Eater","floor":50,"turns":5}],"seed_played":"540089092275597012","potions_obtained":[{"floor":2,"key":"ColorlessPotion"},{"floor":3,"key":"Dexterity Potion"},{"floor":7,"key":"Ancient Potion"},{"floor":11,"key":"PowerPotion"},{"floor":14,"key":"HeartOfIron"},{"floor":23,"key":"Explosive Potion"},{"floor":28,"key":"BloodPotion"},{"floor":39,"key":"Regen Potion"},{"floor":46,"key":"Block Potion"},{"floor":48,"key":"SteroidPotion"}],"is_trial":false,"path_per_floor":["M","M","M","M","M","R","E","R","T","R","E","?","E","?","R","B",null,"M","M","?","$","$","E","R","?","T","M","M","R","M","M","R","B",null,"M","M","?","$","M","E","R","M","T","?","R","M","?","E","R","B"],"character_chosen":"IRONCLAD","items_purchased":["Gremlin Horn","Omamori","Flash of Steel","Orichalcum","Block Potion","Battle Trance"],"campfire_rested":1,"item_purchase_floors":[21,21,21,38,38,38],"current_hp_per_floor":[79,77,74,68,71,71,52,52,52,52,39,39,32,32,32,17,70,73,66,66,66,66,60,60,60,60,81,91,91,75,72,72,20,86,53,29,18,18,24,47,47,33,33,33,83,108,108,49,49,0,0],"gold":285,"neow_bonus":"TEN_PERCENT_HP_BONUS","is_daily":false,"chose_seed":false,"campfire_upgraded":8,"win_rate":0.0,"timestamp":1608050668,"path_taken":["M","M","M","M","M","R","E","R","T","R","E","?","E","?","R","BOSS","M","M","?","?","$","E","R","?","T","?","M","R","M","M","R","BOSS","M","M","?","$","M","E","R","?","T","?","R","?","?","E","R","BOSS"],"items_purchased_type":["Relic","Relic","Card","Relic","Potion","Card"],"build_version":"2020-12-13","purchased_purges":0,"victory":false,"max_hp_per_floor":[88,88,88,88,88,88,88,88,88,88,88,88,88,88,88,88,88,91,91,91,91,91,94,94,94,94,97,100,100,104,108,108,108,108,108,112,112,112,119,119,119,119,119,119,119,119,119,119,119,119,119],"card_choices":[{"not_picked":["Ghostly Armor","Heavy Blade"],"picked":"Clothesline","floor":1},{"not_picked":["Clash","Twin Strike"],"picked":"Inflame","floor":2},{"not_picked":["Thunderclap","Anger"],"picked":"Flame Barrier","floor":3},{"not_picked":["Headbutt","Pommel Strike"],"picked":"Twin Strike","floor":4},{"not_picked":["Fire Breathing","Sword Boomerang"],"picked":"Whirlwind","floor":5},{"not_picked":["Warcry","Headbutt"],"picked":"Flex","floor":7},{"not_picked":["Twin Strike","Flex"],"picked":"Reaper","floor":11},{"not_picked":["Dual Wield","Rage","Body Slam"],"picked":"SKIP","floor":13},{"not_picked":["Limit Break","Impervious"],"picked":"Feed","floor":16},{"not_picked":[],"picked":"Pommel Strike+1","floor":18},{"not_picked":["Thunderclap"],"picked":"SKIP","floor":19},{"not_picked":[],"picked":"Carnage+1","floor":23},{"not_picked":[],"picked":"Battle Trance","floor":27},{"not_picked":[],"picked":"Flex","floor":28},{"not_picked":["Havoc"],"picked":"SKIP","floor":30},{"not_picked":["Rampage"],"picked":"SKIP","floor":31},{"not_picked":[],"picked":"Feed","floor":33},{"not_picked":["Twin Strike+1"],"picked":"SKIP","floor":35},{"not_picked":[],"picked":"Heavy Blade+1","floor":36},{"not_picked":[],"picked":"Iron Wave+1","floor":39},{"not_picked":[],"picked":"Dark Embrace+1","floor":40},{"not_picked":[],"picked":"Battle Trance","floor":42},{"not_picked":["Seeing Red"],"picked":"SKIP","floor":46},{"not_picked":["Pommel Strike"],"picked":"SKIP","floor":48}],"player_experience":667289,"relics_obtained":[{"floor":7,"key":"Paper Frog"},{"floor":9,"key":"PreservedInsect"},{"floor":11,"key":"Bottled Lightning"},{"floor":13,"key":"Regal Pillow"},{"floor":23,"key":"Art of War"},{"floor":26,"key":"Whetstone"},{"floor":40,"key":"Ancient Tea Set"},{"floor":48,"key":"Ornamental Fan"}],"event_choices":[{"damage_healed":0,"gold_gain":78,"player_choice":"Gained Gold","damage_taken":0,"max_hp_gain":0,"max_hp_loss":0,"event_name":"Golden Wing","floor":12,"gold_loss":0},{"damage_healed":0,"gold_gain":0,"player_choice":"Got Potions","damage_taken":0,"max_hp_gain":0,"max_hp_loss":0,"event_name":"Lab","floor":14,"gold_loss":0},{"damage_healed":0,"gold_gain":0,"cards_transformed":["Strike_R"],"player_choice":"Transformed","damage_taken":0,"max_hp_gain":0,"max_hp_loss":0,"event_name":"Transmorgrifier","floor":20,"gold_loss":0,"cards_obtained":["Heavy Blade"]},{"damage_healed":0,"gold_gain":100,"player_choice":"Bet on Murderer","damage_taken":0,"max_hp_gain":0,"max_hp_loss":0,"event_name":"The Joust","floor":25,"gold_loss":50},{"damage_healed":0,"gold_gain":0,"player_choice":"Damaged","damage_taken":11,"max_hp_gain":0,"max_hp_loss":0,"event_name":"Wheel of Change","floor":37,"gold_loss":0},{"damage_healed":0,"gold_gain":100,"player_choice":"Pray","damage_taken":0,"max_hp_gain":0,"max_hp_loss":0,"event_name":"Golden Shrine","floor":44,"gold_loss":0},{"damage_healed":0,"gold_gain":0,"player_choice":"0 cards matched","damage_taken":0,"max_hp_gain":0,"max_hp_loss":0,"event_name":"Match and Keep!","floor":47,"gold_loss":0,"cards_obtained":[]}],"is_beta":false,"boss_relics":[{"not_picked":["SacredBark","Astrolabe"],"picked":"Busted Crown"},{"not_picked":["SlaversCollar","Velvet Choker"],"picked":"Pandora\u0027s Box"}],"items_purged_floors":[],"is_endless":false,"potions_floor_spawned":[2,3,7,11,23,28,39,46,48],"killed_by":"Time Eater","ascension_level":7}}