{"host":"wpg8td78s8974atr","time":1608038064,"event":{"mods":["AchievementEnabler","Act Like it!","BaseMod","Better Third Choice","BetterRewards","Energized Spire","Hallownest","Hermit","Highlight Path","Infinite Spire","Minty Spire (QoL Compilation)","Quick Restart","Rare Cards Sparkle","Shade Mod","Spicy Shops","StSLib","The Animator","The Bladedancer","The Bug Knight","The Cursed","The Gatherer","The Hierophant","The Jungle","The Poker Player","Thieving Mod"],"gold_per_floor":[120,120,120,120,120,120,120],"floor_reached":6,"playtime":536,"items_purged":[],"score":32,"play_id":"39c0385b-0101-4451-b393-9cddee37d7cf","local_time":"20201215141424","is_ascension_mode":false,"campfire_choices":[],"circlet_count":0,"master_deck":["hierophant:Strike_Hierophant","hierophant:Strike_Hierophant","hierophant:Strike_Hierophant","hierophant:Strike_Hierophant","hierophant:Punish","hierophant:Defend_Hierophant","hierophant:Defend_Hierophant","hierophant:Defend_Hierophant","hierophant:Defend_Hierophant","hierophant:ChurchCoffers","hierophant:OrnateBuckler","hierophant:Flagellation","hierophant:OrnateBuckler"],"relics":["Shade:YorickSkull","StoneCalendar","infinitespire:Cubic Diamond","Golden Idol"],"acts_visited":["Exordium"],"potions_floor_usage":[6],"damage_taken":[{"damage":0,"enemies":"Small Slimes","floor":1,"turns":3},{"damage":27,"enemies":"Gremlin Nob","floor":6,"turns":5}],"seed_played":"-5228673881672163734","potions_obtained":[{"floor":1,"key":"GamblersBrew"}],"is_trial":false,"path_per_floor":["M","?","?","?","?","E"],"character_chosen":"HIEROPHANT","items_purchased":["hierophant:OrnateBuckler","Pear"],"campfire_rested":0,"item_purchase_floors":[0,0],"current_hp_per_floor":[85,85,78,78,78,51,51],"gold":120,"neow_bonus":"","is_daily":false,"chose_seed":false,"campfire_upgraded":0,"win_rate":0.0,"timestamp":1608038064,"path_taken":["M","?","?","?","?","E"],"items_purchased_type":["Card","Relic"],"build_version":"2020-12-13","purchased_purges":0,"victory":false,"max_hp_per_floor":[85,85,85,85,79,79,79],"card_choices":[{"not_picked":["hierophant:OrnateJavelin","hierophant:Patience"],"picked":"hierophant:OrnateBuckler","floor":1}],"player_experience":214181,"relics_obtained":[],"event_choices":[{"damage_healed":85,"gold_gain":0,"player_choice":"Embrace Burn","damage_taken":0,"max_hp_gain":0,"max_hp_loss":85,"event_name":"betterThird:BetterShining","floor":2,"gold_loss":0},{"cards_removed":["Burn"],"damage_healed":0,"gold_gain":0,"player_choice":"Card Removal","damage_taken":7,"max_hp_gain":0,"max_hp_loss":0,"event_name":"Golden Wing","floor":3,"gold_loss":0},{"damage_healed":0,"gold_gain":0,"player_choice":"Lose Max HP","damage_taken":0,"relics_obtained":["Golden Idol"],"max_hp_gain":0,"max_hp_loss":6,"event_name":"Golden Idol","floor":5,"gold_loss":0}],"is_beta":false,"boss_relics":[],"items_purged_floors":[],"is_endless":false,"potions_floor_spawned":[1],"killed_by":"Gremlin Nob","ascension_level":0}}