{"host":"dcj2yvrgcvh5dl2s","time":1608062618,"event":{"mods":["BaseMod","Better Note","Block Reminder","Colored Powertips","DeckTracker","Minty Spire (QoL Compilation)","Quick Restart","Rare Cards Sparkle","Relic Stats","StSLib"],"gold_per_floor":[119,135,155,155,170,170,170],"floor_reached":6,"playtime":214,"items_purged":[],"score":57,"play_id":"e0e84d24-d64d-49c0-8de0-87d093c8cf1a","local_time":"20201216060338","is_ascension_mode":true,"campfire_choices":[],"circlet_count":0,"master_deck":["AscendersBane","Strike_R","Strike_R","Strike_R","Strike_R","Strike_R","Defend_R","Defend_R","Defend_R","Defend_R","Bash","Writhe","Bludgeon","True Grit","Flex"],"relics":["Burning Blood","Turnip"],"acts_visited":["Exordium"],"potions_floor_usage":[],"damage_taken":[{"damage":13,"enemies":"2 Louse","floor":1,"turns":3},{"damage":12,"enemies":"Small Slimes","floor":2,"turns":3},{"damage":12,"enemies":"Jaw Worm","floor":3,"turns":2},{"damage":5,"enemies":"Looter","floor":5,"turns":3},{"damage":44,"enemies":"Gremlin Nob","floor":6,"turns":4}],"seed_played":"3099354387068912356","potions_obtained":[{"floor":1,"key":"LiquidBronze"}],"is_trial":false,"path_per_floor":["M","M","M","?","M","E"],"character_chosen":"IRONCLAD","items_purchased":[],"campfire_rested":0,"item_purchase_floors":[],"current_hp_per_floor":[65,59,53,41,42,0,0],"gold":170,"neow_bonus":"THREE_RARE_CARDS","is_daily":false,"chose_seed":false,"campfire_upgraded":0,"win_rate":0.0,"timestamp":1608062618,"path_taken":["M","M","M","?","M","E"],"items_purchased_type":[],"build_version":"2020-12-13","purchased_purges":0,"victory":false,"max_hp_per_floor":[80,80,80,80,80,80,80],"relic_stats":{"counters":[5,15],"Turnip":[0],"obtain_stats":[{"Turnip":4,"Burning Blood":0},{"Turnip":3,"Burning Blood":0},{"Turnip":8,"Burning Blood":0}],"Burning Blood":24},"card_choices":[{"not_picked":["Juggernaut","Impervious"],"picked":"Bludgeon","floor":0},{"not_picked":["Ghostly Armor","Body Slam"],"picked":"True Grit","floor":1},{"not_picked":["Feel No Pain","Havoc","Clothesline"],"picked":"SKIP","floor":2},{"not_picked":["Havoc","Blood for Blood","Impervious"],"picked":"SKIP","floor":3},{"not_picked":["Havoc","Warcry"],"picked":"Flex","floor":5}],"player_experience":1974116,"relics_obtained":[],"event_choices":[{"damage_healed":0,"gold_gain":0,"player_choice":"Success","damage_taken":12,"relics_obtained":["Turnip"],"max_hp_gain":0,"max_hp_loss":0,"event_name":"Scrap Ooze","floor":4,"gold_loss":0}],"is_beta":false,"boss_relics":[],"items_purged_floors":[],"is_endless":false,"potions_floor_spawned":[1],"killed_by":"Gremlin Nob","ascension_level":10}}