{"host":"jgyoyy5iuhtvyvtg","time":1608012035,"event":{"mods":["2.2 Compatiblity","BaseMod","Challenge The Spire","Colored Map","Conspire","Downfall","Hermit","Highlight Path","Infinite Spire","Lobotomy","LobotomyExtend","Minty Spire (QoL Compilation)","Quick Restart","Replay The Spire","Spikes Relics","StSLib","The Construct","The Disciple","The Jungle","Yuri Mod"],"gold_per_floor":[110,127,127,127,143,169,182,182,206,206,217,227,2,2,2,131,131,150,150,150,250,273,273,289,310,310,310,310,328,372,391,391,516,516,516,516],"floor_reached":35,"playtime":2600,"items_purged":["HereticApostle"],"score":379,"play_id":"96f02a48-bd05-4944-812f-cd16521b9dc2","local_time":"20201214220035","is_ascension_mode":false,"campfire_choices":[{"data":"construct:Autoturret","floor":8,"key":"SMITH"},{"data":"construct:Autoturret+1","floor":10,"key":"SMITH"},{"data":"construct:Autoturret","floor":15,"key":"SMITH"},{"data":"construct:ElectricArmor","floor":23,"key":"SMITH"},{"data":"construct:Zapper","floor":32,"key":"SMITH"}],"circlet_count":0,"master_deck":["construct:Strike_Gold","construct:Strike_Gold","construct:Strike_Gold","construct:Strike_Gold","construct:Strike_Gold","construct:Defend_Gold","construct:Defend_Gold","construct:Defend_Gold","construct:Defend_Gold","construct:Defend_Gold","construct:DefenseMode+1","construct:Reinforce","construct:Autoturret+2","construct:Bunker","construct:Disrupt","construct:LaserCore","construct:PointDefense","UniverseFragment","construct:Autoturret+1","construct:Zapper+1","construct:FlameCore","construct:LaserCore","construct:BatteryCore","AbeCurse","construct:Anticipate","ReplayTheSpireMod:Book of Names","DreamingCurrent","construct:ElectricArmor+1","construct:ElectricArmor","infinitespire:Oblivion","BlackSwan","Devotion"],"relics":["construct:ClockworkPhoenix","CogitoBucket","RabbitCall","LetterFromLob","SpikesRelics:DaevaFist","Nunchaku","HellTrain","Golden Idol","Replay:Grab Bag","Abe\u0027s Treasure","Philosopher\u0027s Stone","expansioncontent:StudyCardRelic","Ring of Chaos","theJungle:WildStrawberry","The Courier","PrismaticShard","conspire:SeveredTorchhead","Regal Pillow","Replay:Drink Me"],"acts_visited":["Exordium","Exordium","TheBeyond"],"potions_floor_usage":[11,24,25,29,29,35,35,35],"damage_taken":[{"damage":1,"enemies":"2 Louse","floor":1,"turns":3},{"damage":0,"enemies":"Small Slimes","floor":2,"turns":3},{"damage":3,"enemies":"Cultist","floor":5,"turns":8},{"damage":14,"enemies":"Replay:BlueRogue","floor":6,"turns":32},{"damage":8,"enemies":"3 Louse","floor":7,"turns":4},{"damage":11,"enemies":"Looter","floor":11,"turns":6},{"damage":17,"enemies":"Exordium Thugs","floor":12,"turns":7},{"damage":19,"enemies":"The Guardian","floor":16,"turns":11},{"damage":7,"enemies":"theJungle:5_Spyders","floor":18,"turns":9},{"damage":12,"enemies":"Shell Parasite","floor":22,"turns":5},{"damage":0,"enemies":"theJungle:2_Flameangoes","floor":24,"turns":7},{"damage":31,"enemies":"theJungle:JungleHuntersEncounter","floor":25,"turns":6},{"damage":3,"enemies":"theJungle:Snecko_Cultist_And_Trap","floor":29,"turns":5},{"damage":2,"enemies":"Nightmare","floor":30,"turns":9},{"damage":6,"enemies":"theJungle:Lyon","floor":31,"turns":4},{"damage":52,"enemies":"theJungle:TotemBoss","floor":33,"turns":11},{"damage":77,"enemies":"3 Shapes","floor":35,"turns":4}],"seed_played":"6852958610336960071","potions_obtained":[{"floor":1,"key":"Guardian:BlockOnCardUsePotion"},{"floor":5,"key":"Adrenaline Potion"},{"floor":12,"key":"Strength Potion"},{"floor":16,"key":"Languid Potion"},{"floor":18,"key":"EssenceOfSteel"},{"floor":24,"key":"DistilledChaos"},{"floor":29,"key":"Strength Potion"},{"floor":31,"key":"FearPotion"},{"floor":33,"key":"CultistPotion"}],"is_trial":false,"path_per_floor":["M","M","?","?","M","E","M","R","T","R","M","M","$","?","R","B",null,"M","?","?","?","M","R","M","M","T","?","AVR","M","NM","M","R","B",null,"M"],"character_chosen":"THE_CONSTRUCT_MOD","items_purchased":["construct:FlameCore","construct:LaserCore"],"campfire_rested":0,"item_purchase_floors":[13,13],"current_hp_per_floor":[84,84,84,84,81,67,59,59,59,59,48,31,31,31,31,12,85,78,71,48,48,36,36,78,77,77,77,77,92,92,92,92,92,69,0,0],"gold":516,"neow_bonus":"","is_daily":false,"chose_seed":false,"campfire_upgraded":5,"win_rate":0.0,"timestamp":1608012035,"path_taken":["M","M","?","?","M","E","M","R","T","R","M","M","$","?","R","BOSS","M","?","?","?","?","R","M","M","T","?","AVR","M","NM","M","R","BOSS","M"],"items_purchased_type":["Card","Card"],"build_version":"2020-12-13","purchased_purges":1,"victory":false,"max_hp_per_floor":[85,85,85,85,85,85,85,85,85,85,85,85,85,85,85,85,85,85,92,92,92,92,92,92,92,92,92,92,92,92,92,92,92,69,69,69],"card_choices":[{"not_picked":["OldLady","PunishingBird","SnowQueen"],"picked":"Singing Bowl","floor":1},{"not_picked":["construct:Missile","construct:VentSteam"],"picked":"construct:ClusterMines","floor":1},{"not_picked":["ShyLook","DreamingCurrent","Wellcheers"],"picked":"Singing Bowl","floor":2},{"not_picked":["BeautyBeast","VoidDream"],"picked":"WhiteNight","floor":2},{"not_picked":["construct:SyphonStrike","construct:VentSteam"],"picked":"construct:Reinforce","floor":2},{"not_picked":["FairyFestival","CherryBlossoms","Bloodbath"],"picked":"Singing Bowl","floor":5},{"not_picked":["construct:Accumulate","construct:ForceCore"],"picked":"construct:Disrupt","floor":5},{"not_picked":["CherryBlossoms","CrumblingArmor","BeautyBeast"],"picked":"Singing Bowl","floor":6},{"not_picked":["construct:ForceCore","construct:Autoturret"],"picked":"construct:LaserCore","floor":6},{"not_picked":["BeautyBeast","CrumblingArmor","Laetitia"],"picked":"Singing Bowl","floor":7},{"not_picked":["construct:VentSteam","construct:FierceBash"],"picked":"construct:PointDefense","floor":7},{"not_picked":["SpiderBud","PunishingBird","GreedKing"],"picked":"Singing Bowl","floor":11},{"not_picked":["RedShoes","VoidDream"],"picked":"UniverseFragment","floor":11},{"not_picked":["construct:ClusterMines","construct:ModeShift"],"picked":"construct:Autoturret","floor":11},{"not_picked":["WallGazer","Rudolta","Alriune"],"picked":"Singing Bowl","floor":12},{"not_picked":["construct:Analyze","construct:HeavyBolt"],"picked":"construct:Zapper","floor":12},{"not_picked":["FairyFestival","PunishingBird","BlackArmy"],"picked":"Singing Bowl","floor":16},{"not_picked":["construct:Multistage","construct:ClockworkEgg"],"picked":"construct:BatteryCore","floor":16},{"not_picked":["MeatLantern","ShyLook","PunishingBird"],"picked":"Singing Bowl","floor":18},{"not_picked":["construct:VentSteam+1","construct:PowerUp"],"picked":"construct:Anticipate","floor":18},{"not_picked":["ReplayTheSpireMod:??????????????????????","infinitespire:Menacing"],"picked":"ReplayTheSpireMod:Book of Names","floor":20},{"not_picked":["BlackSwan","NakedNest"],"picked":"DreamingCurrent","floor":22},{"not_picked":["construct:Antimatter","construct:SuppressiveFire"],"picked":"construct:ElectricArmor","floor":22},{"not_picked":["Bloodbath","ShyLook","MHz"],"picked":"Singing Bowl","floor":24},{"not_picked":["construct:Antimatter","construct:HeavyBolt"],"picked":"construct:ElectricArmor","floor":24},{"not_picked":["BlueStar","SilentOrchestra","LaLuna"],"picked":"Singing Bowl","floor":25},{"not_picked":["construct:ShiftStrike","construct:FierceBash+1","construct:ChargeShot+1"],"picked":"SKIP","floor":25},{"not_picked":["NakedNest","BigBird","PunishingBird"],"picked":"Singing Bowl","floor":29},{"not_picked":["Panic Button","Noise+1","Dagger Spray"],"picked":"SKIP","floor":29},{"not_picked":["OldLady","ShyLook","Funeral"],"picked":"Singing Bowl","floor":30},{"not_picked":["All Out Attack+1","ReplayTheSpireMod:Strike From Hell","hexamod:NecessarySacrifice"],"picked":"SKIP","floor":30},{"not_picked":["LaLuna","HeroicMonk"],"picked":"BlackSwan","floor":31},{"not_picked":["champ:Duel","Guardian:Gem_Red","yuri:RecklessStrike"],"picked":"SKIP","floor":31},{"not_picked":["BeautyBeast","Rudolta","CrumblingArmor"],"picked":"Singing Bowl","floor":33},{"not_picked":["Guardian:FastForward","OverTime"],"picked":"Devotion","floor":33}],"player_experience":3096889,"relics_obtained":[{"floor":1,"key":"LetterFromLob"},{"floor":6,"key":"SpikesRelics:DaevaFist"},{"floor":9,"key":"Nunchaku"},{"floor":26,"key":"The Courier"},{"floor":30,"key":"Regal Pillow"}],"event_choices":[{"damage_healed":0,"gold_gain":0,"player_choice":"Grow","damage_taken":0,"max_hp_gain":0,"max_hp_loss":0,"event_name":"Living Wall","floor":3,"gold_loss":0,"cards_upgraded":["construct:DefenseMode"]},{"damage_healed":0,"gold_gain":0,"player_choice":"2 cards matched","damage_taken":0,"max_hp_gain":0,"max_hp_loss":0,"event_name":"Match and Keep!","floor":4,"gold_loss":0,"cards_obtained":["construct:Autoturret","construct:Bunker"]},{"damage_healed":0,"gold_gain":0,"player_choice":"Take Wound","damage_taken":0,"relics_obtained":["Golden Idol"],"max_hp_gain":0,"max_hp_loss":0,"event_name":"Golden Idol","floor":14,"gold_loss":0,"cards_obtained":["Injury"]},{"damage_healed":0,"gold_gain":100,"player_choice":"Pray","damage_taken":0,"max_hp_gain":0,"max_hp_loss":0,"event_name":"Golden Shrine","floor":21,"gold_loss":0}],"is_beta":false,"boss_relics":[{"not_picked":["Cursed Key","Tiny House"],"picked":"Replay:Grab Bag"},{"not_picked":["Runic Dome","Painkiller Herb"],"picked":"Abe\u0027s Treasure"},{"not_picked":["Ectoplasm","conspire:RoyalGoblet"],"picked":"Philosopher\u0027s Stone"},{"not_picked":["conspire:SpecialSausage","Pandora\u0027s Box"],"picked":"expansioncontent:StudyCardRelic"},{"not_picked":["Sandwich","Snecko Eye"],"picked":"Ring of Chaos"},{"not_picked":["Astrolabe","Snecko Heart"],"picked":"Replay:Drink Me"}],"items_purged_floors":[13],"is_endless":true,"potions_floor_spawned":[1,5,12,16,18,24,29,31,33],"killed_by":"3 Shapes","ascension_level":0}}