{"host":"icrrc9b69c1a6188","time":1608057473,"event":{"mods":["BaseMod","Better Altar","Better Match","Better Note","Better Sensory Stone","Better Skull","Better Third Choice","BetterRewards","Colored Map","Colored Powertips","Displayed Cursed Tome","Faster Ascension Climbing","HexUI Lib","Minty Spire (QoL Compilation)","Random Character Mod","Spicy Shops","StSLib","Unceasing Turn Reminder"],"gold_per_floor":[114,114,39,0,0,36,36,52,75,0,23,23,58,76,76,174,174,200,232,244,269,281,293,346,373,385,397,40,55,55,55],"floor_reached":30,"playtime":1278,"items_purged":["Strike_B","Strike_B"],"score":566,"play_id":"0aa96dd1-b5a6-4d34-84bf-c5bce7c0be77","local_time":"20201215123753","is_ascension_mode":true,"campfire_choices":[{"data":"Lockon","floor":7,"key":"SMITH"},{"floor":15,"key":"REST"},{"floor":23,"key":"REST"}],"circlet_count":0,"master_deck":["AscendersBane","Defend_B","Defend_B","Defend_B","Defend_B","Zap+1","Dualcast","Ball Lightning","FTL","Lockon+1","Go for the Eyes","Reboot","Conserve Battery","Steam","Rebound","Biased Cognition","CurseOfTheBell","Genetic Algorithm","Adrenaline+1","Conserve Battery","Adrenaline+1","White Noise","Consume","Capacitor","Coolheaded"],"relics":["Cracked Core","NeowsBlessing","Golden Idol","Dream Catcher","Smiling Mask","Calling Bell","MawBank","Cables","Mango","Darkstone Periapt","Shovel","Incense Burner","Cauldron","Bag of Marbles"],"acts_visited":["Exordium","TheCity"],"potions_floor_usage":[16,16,24,25,25,29,30],"damage_taken":[{"damage":0,"enemies":"Jaw Worm","floor":1,"turns":1},{"damage":0,"enemies":"Gremlin Nob","floor":6,"turns":1},{"damage":0,"enemies":"2 Louse","floor":8,"turns":1},{"damage":0,"enemies":"Cultist","floor":11,"turns":2},{"damage":5,"enemies":"Lagavulin","floor":13,"turns":3},{"damage":0,"enemies":"Large Slime","floor":14,"turns":3},{"damage":22,"enemies":"The Guardian","floor":16,"turns":10},{"damage":19,"enemies":"2 Thieves","floor":18,"turns":3},{"damage":21,"enemies":"Shell Parasite","floor":19,"turns":4},{"damage":7,"enemies":"Cultist and Chosen","floor":21,"turns":5},{"damage":15,"enemies":"Book of Stabbing","floor":24,"turns":4},{"damage":4,"enemies":"3 Cultists","floor":25,"turns":5},{"damage":12,"enemies":"Snake Plant","floor":29,"turns":3},{"damage":28,"enemies":"Snecko","floor":30,"turns":5}],"seed_played":"2316992529318103712","potions_obtained":[{"floor":8,"key":"LiquidMemories"},{"floor":11,"key":"SpeedPotion"},{"floor":14,"key":"Regen Potion"},{"floor":16,"key":"Strength Potion"},{"floor":19,"key":"Block Potion"},{"floor":24,"key":"GamblersBrew"},{"floor":25,"key":"SkillPotion"},{"floor":28,"key":"BlessingOfTheForge"}],"is_trial":false,"path_per_floor":["M","?","?","$","?","E","R","M","T","$","M","?","E","M","R","B",null,"M","M","?","M","?","R","E","M","T","T","$","M","M"],"character_chosen":"DEFECT","items_purchased":["FTL","Capacitor","Cauldron","Bag of Marbles"],"campfire_rested":2,"item_purchase_floors":[4,28,28,28],"current_hp_per_floor":[64,40,40,40,33,33,33,33,33,33,33,33,28,28,49,42,78,59,38,38,31,31,56,41,37,37,37,37,25,0,0],"gold":55,"neow_bonus":"THREE_ENEMY_KILL","is_daily":false,"chose_seed":false,"campfire_upgraded":1,"win_rate":0.0,"timestamp":1608057473,"path_taken":["M","?","?","$","?","E","R","M","T","$","M","?","E","M","R","BOSS","M","M","?","M","?","R","E","M","T","?","?","?","M"],"items_purchased_type":["Card","Card","Relic","Relic"],"build_version":"2020-12-13","purchased_purges":2,"victory":false,"max_hp_per_floor":[71,71,71,71,71,71,71,71,71,71,71,71,71,71,71,71,85,85,85,85,85,85,85,85,85,85,85,85,85,85,85],"card_choices":[{"not_picked":["Coolheaded","Sunder"],"picked":"Ball Lightning","floor":1},{"not_picked":["Fusion","Sweeping Beam"],"picked":"Lockon","floor":6},{"not_picked":["Beam Cell","Darkness"],"picked":"Go for the Eyes","floor":8},{"not_picked":["Hologram","Streamline"],"picked":"Reboot","floor":11},{"not_picked":["Redo","Undo"],"picked":"Conserve Battery","floor":13},{"not_picked":["Coolheaded","Doom and Gloom"],"picked":"Steam","floor":14},{"not_picked":["Hello World","Steam Power"],"picked":"Rebound","floor":15},{"not_picked":["Buffer","All For One"],"picked":"Biased Cognition","floor":16},{"not_picked":["Steam","Conserve Battery"],"picked":"Genetic Algorithm","floor":18},{"not_picked":["Turbo","Redo","Compile Driver"],"picked":"SKIP","floor":19},{"not_picked":["Turbo","Redo","Compile Driver"],"picked":"SKIP","floor":19},{"not_picked":["Beam Cell","Rebound"],"picked":"Conserve Battery","floor":21},{"not_picked":["Rip and Tear","Streamline"],"picked":"White Noise","floor":23},{"not_picked":["Aggregate","Rebound","Compile Driver"],"picked":"SKIP","floor":24},{"not_picked":["Streamline","Beam Cell+1"],"picked":"Consume","floor":25},{"not_picked":["Rebound","Gash"],"picked":"Coolheaded","floor":29}],"player_experience":639887,"relics_obtained":[{"floor":6,"key":"Dream Catcher"},{"floor":13,"key":"Smiling Mask"},{"floor":17,"key":"MawBank"},{"floor":17,"key":"Cables"},{"floor":17,"key":"Mango"},{"floor":24,"key":"Darkstone Periapt"},{"floor":26,"key":"Shovel"},{"floor":27,"key":"Incense Burner"}],"event_choices":[{"damage_healed":0,"gold_gain":0,"player_choice":"Take Damage","damage_taken":24,"relics_obtained":["Golden Idol"],"max_hp_gain":0,"max_hp_loss":0,"event_name":"Golden Idol","floor":2,"gold_loss":0},{"cards_removed":["Strike_B"],"damage_healed":0,"gold_gain":0,"player_choice":"Card Removal","damage_taken":0,"max_hp_gain":0,"max_hp_loss":0,"event_name":"The Cleric","floor":3,"gold_loss":75},{"cards_removed":["Strike_B"],"damage_healed":0,"gold_gain":0,"player_choice":"Card Removal","damage_taken":7,"max_hp_gain":0,"max_hp_loss":0,"event_name":"Golden Wing","floor":5,"gold_loss":0},{"damage_healed":0,"gold_gain":0,"player_choice":"Grow","damage_taken":0,"max_hp_gain":0,"max_hp_loss":0,"event_name":"Living Wall","floor":12,"gold_loss":0,"cards_upgraded":["Zap"]},{"cards_removed":["Adrenaline"],"damage_healed":0,"gold_gain":0,"player_choice":"Take \u0026 Give","damage_taken":0,"max_hp_gain":0,"max_hp_loss":0,"event_name":"betterNote:BetterNote","floor":20,"gold_loss":0,"cards_obtained":["Adrenaline"]},{"damage_healed":0,"gold_gain":2,"player_choice":"4","damage_taken":0,"max_hp_gain":0,"max_hp_loss":0,"event_name":"betterStone:BetterStone","floor":22,"gold_loss":0,"cards_obtained":["Adrenaline"]}],"is_beta":false,"boss_relics":[{"not_picked":["Fusion Hammer","Coffee Dripper"],"picked":"Calling Bell"}],"items_purged_floors":[10,28],"is_endless":false,"potions_floor_spawned":[8,11,14,16,19,24,25],"killed_by":"Snecko","ascension_level":20}}