{"host":"sst22apzgpn07t8v","time":1608034317,"event":{"mods":["Act Like it!","BaseMod","Downfall","Hallownest","HololiveMod","Lobotomy","LobotomyExtend","Minty Spire (QoL Compilation)","Replay The Spire","Shop Mod","StSLib"],"gold_per_floor":[100,100,53,53,29,29,29,29,29,44,55,55,70,89,100,100,100],"floor_reached":16,"playtime":529,"items_purged":[],"score":240,"play_id":"84f9dc4e-286d-4de8-bb4f-017f7c6d06b6","local_time":"20201215201157","is_ascension_mode":false,"campfire_choices":[],"circlet_count":0,"master_deck":["SpecialBullet","SpecialBullet","SpecialBullet","SpecialBullet","SpecialBullet","SpecialBullet","SpecialBullet","SecurityCode","InformationCode","ControlCode","Lamp+5","WristCuter","WristCuter","Reverberation","Scorched","SolemnVow","Harmony","FourthMatchFlame","DisciplinaryCode"],"relics":["CogitoBucket","downfall:HeartsMalice","Divine Protection"],"acts_visited":["Exordium"],"potions_floor_usage":[16,16,16],"damage_taken":[{"damage":0,"enemies":"downfall:FleeingMerchant","floor":3,"turns":1},{"damage":0,"enemies":"downfall:FleeingMerchant","floor":5,"turns":1},{"damage":0,"enemies":"2 Louse","floor":8,"turns":1},{"damage":0,"enemies":"Cultist","floor":10,"turns":2},{"damage":0,"enemies":"Small Slimes","floor":11,"turns":2},{"damage":20,"enemies":"Exordium Wildlife","floor":13,"turns":3},{"damage":0,"enemies":"Large Slime","floor":14,"turns":3},{"damage":0,"enemies":"2 Fungi Beasts","floor":15,"turns":3},{"damage":112,"enemies":"downfall:Defect","floor":16,"turns":6}],"seed_played":"-6807084444626584817","potions_obtained":[{"floor":10,"key":"Adrenaline Potion"},{"floor":13,"key":"ColorlessPotion"},{"floor":15,"key":"Adrenaline Potion"}],"is_trial":false,"path_per_floor":["R","?","$","R","$","R","T","M","R","M","M","?","M","M","M","B"],"character_chosen":"Angela","items_purchased":["WristCuter","WristCuter"],"campfire_rested":0,"item_purchase_floors":[3,5],"current_hp_per_floor":[70,70,70,70,70,70,70,70,70,70,70,70,70,70,70,0,0],"gold":100,"neow_bonus":"THREE_ENEMY_KILL","is_daily":false,"chose_seed":false,"campfire_upgraded":0,"win_rate":0.0,"timestamp":1608034317,"path_taken":["R","?","?","R","$","R","T","M","R","M","M","?","M","M","M","BOSS"],"items_purchased_type":["Card","Card"],"build_version":"2020-12-13","purchased_purges":0,"victory":false,"max_hp_per_floor":[70,70,70,70,70,70,70,70,70,70,70,70,70,70,70,70,70],"card_choices":[{"not_picked":["BearPaw","Mimicry"],"picked":"SKIP","floor":3},{"not_picked":["BlackSwan_ego","Wingbeat"],"picked":"SKIP","floor":5},{"not_picked":["RapturousDream"],"picked":"Reverberation","floor":8},{"not_picked":["Pleasure","CUTE"],"picked":"SKIP","floor":10},{"not_picked":["Bloodbath","NakedNest"],"picked":"Scorched","floor":11},{"not_picked":["Twilight"],"picked":"SolemnVow","floor":11},{"not_picked":["FeatherOfHonor"],"picked":"Harmony","floor":13},{"not_picked":["OSAHOGD","SpiderBud"],"picked":"DespairKnight","floor":14},{"not_picked":["Hypocrisy"],"picked":"FourthMatchFlame","floor":14},{"not_picked":["GrinderMk4","Regret_ego"],"picked":"SKIP","floor":15}],"player_experience":149850,"relics_obtained":[{"floor":7,"key":"Divine Protection"}],"event_choices":[{"damage_healed":0,"gold_gain":0,"cards_transformed":["SpecialBullet"],"player_choice":"Transformed","damage_taken":0,"max_hp_gain":0,"max_hp_loss":0,"event_name":"Transmorgrifier","floor":2,"gold_loss":0,"cards_obtained":["Lamp"]}],"is_beta":false,"boss_relics":[],"items_purged_floors":[],"is_endless":false,"potions_floor_spawned":[10,13,15],"killed_by":"downfall:Defect","ascension_level":0}}