{"host":"7wibw175hth9njsf","time":1608007961,"event":{"mods":["2.2 Compatiblity","Act Like it!","BaseMod","Chen","Friendly Minions","GifTheSpireLib","Highlight Path","Koishi","MarisaÅiñ∂âJÅ@ñÇóùçπÅj","Minty Spire (QoL Compilation)","MostiFishMod","Onozuka Komachi Mod","Random Character Button","ReimuÅiîé??öÎÅj","RemiliaÅiÂQïƒ‰ª?Åj","Shedinja","StSLib","The Administrix","The Alterego","The Animator","The Fake Hero","TheSwordswoman","Waifu the Spire","Åy?ï˚ìÒéü?çÏÅzî™â]éámod"],"gold_per_floor":[121,121,121,121,137,137,157,170,251,251,284,24,24,37,37,140,140,159,169,169,184,184,184,184,184],"floor_reached":24,"playtime":2718,"items_purged":[],"score":196,"play_id":"1b4e6af2-b761-4667-a966-714c29932634","local_time":"20201214235241","is_ascension_mode":false,"campfire_choices":[{"data":"AdministrixMod:Convergence","floor":6,"key":"SMITH"},{"data":"AdministrixMod:RebukeDesires","floor":10,"key":"SMITH"},{"data":"AdministrixMod:Overdrive","floor":13,"key":"SMITH"},{"data":"AdministrixMod:WickedPunishment","floor":15,"key":"SMITH"},{"data":"AdministrixMod:ShadowPlay","floor":23,"key":"SMITH"}],"circlet_count":0,"master_deck":["AdministrixMod:Strike_Administrix+1","AdministrixMod:Strike_Administrix+1","AdministrixMod:Strike_Administrix+1","AdministrixMod:Strike_Administrix+1","AdministrixMod:RedCloak","AdministrixMod:Defend_Administrix+1","AdministrixMod:Defend_Administrix+1","AdministrixMod:Defend_Administrix+1","AdministrixMod:Defend_Administrix+1","AdministrixMod:BlueCloak","AdministrixMod:Convergence+1","Burn","AdministrixMod:ExtolVirtue","AdministrixMod:TouchOfCinnabar","AdministrixMod:RebukeDesires+1","AdministrixMod:Overdrive+1","AdministrixMod:WickedPunishment+1","AdministrixMod:FalseDeath+1","AdministrixMod:NoblePath","AdministrixMod:ShadowPlay+1"],"relics":["AdministrixMod:ConductorRitualBaton","DaveBox","Bag of Marbles","Strawberry","Tea:ReiMu","Oddly Smooth Stone","Toxic Egg 2","ImportantClient","Philosopher\u0027s Stone"],"acts_visited":["Exordium","TheCity"],"potions_floor_usage":[11,24],"damage_taken":[{"damage":5,"enemies":"Small Slimes","floor":1,"turns":3},{"damage":2,"enemies":"Cultist","floor":5,"turns":3},{"damage":2,"enemies":"2 Louse","floor":7,"turns":3},{"damage":0,"enemies":"2 Fungi Beasts","floor":8,"turns":3},{"damage":22,"enemies":"Lagavulin","floor":11,"turns":8},{"damage":0,"enemies":"Large Slime","floor":14,"turns":3},{"damage":24,"enemies":"The Guardian","floor":16,"turns":9},{"damage":6,"enemies":"Spheric Guardian","floor":18,"turns":4},{"damage":9,"enemies":"3 Byrds","floor":19,"turns":4},{"damage":35,"enemies":"Snake Plant","floor":21,"turns":5},{"damage":22,"enemies":"Book of Stabbing","floor":24,"turns":4}],"seed_played":"1062776449680109409","potions_obtained":[{"floor":5,"key":"MagicPotion:ReiMu"},{"floor":16,"key":"BlessingOfTheForge"},{"floor":18,"key":"EssenceOfSteel"},{"floor":21,"key":"FearPotion"}],"is_trial":false,"path_per_floor":["M","?","?","?","M","R","M","M","T","R","E","$","R","M","R","B",null,"M","M","?","M","?","R","E"],"character_chosen":"TheAdministrix","items_purchased":["Toxic Egg 2"],"campfire_rested":0,"item_purchase_floors":[12],"current_hp_per_floor":[60,60,60,67,65,65,63,63,63,63,41,41,62,62,72,48,72,66,57,57,22,22,22,0,0],"gold":184,"neow_bonus":"RANDOM_COMMON_RELIC","is_daily":false,"chose_seed":false,"campfire_upgraded":5,"win_rate":0.0,"timestamp":1608007961,"path_taken":["M","?","?","?","?","R","M","M","T","R","E","$","R","M","R","BOSS","M","M","?","M","?","R","E"],"items_purchased_type":["Relic"],"build_version":"2020-12-13","purchased_purges":0,"victory":false,"max_hp_per_floor":[65,65,65,72,72,72,72,72,72,72,72,72,72,72,72,72,72,72,72,72,72,72,72,72,72],"card_choices":[{"not_picked":["AdministrixMod:DiversionaryTactic","AdministrixMod:Transition"],"picked":"AdministrixMod:Convergence","floor":1},{"not_picked":["AdministrixMod:Overdrive","AdministrixMod:CenturiesAscent"],"picked":"AdministrixMod:ExtolVirtue","floor":5},{"not_picked":["AdministrixMod:SealAway","AdministrixMod:DiversionaryTactic"],"picked":"AdministrixMod:TouchOfCinnabar","floor":7},{"not_picked":["AdministrixMod:DiversionaryTactic","AdministrixMod:PassageOfAges"],"picked":"AdministrixMod:RebukeDesires","floor":8},{"not_picked":["AdministrixMod:FiendishCrimson","AdministrixMod:FaithfulFlames"],"picked":"AdministrixMod:Overdrive","floor":11},{"not_picked":["AdministrixMod:ExtolVirtue","AdministrixMod:ImmortalGrace"],"picked":"AdministrixMod:WickedPunishment","floor":14},{"not_picked":["AdministrixMod:ImmortalClarity","AdministrixMod:HaveItAll"],"picked":"AdministrixMod:FalseDeath+1","floor":16},{"not_picked":["AdministrixMod:QuietConspiracy+1","AdministrixMod:DreamsMausoleum+1"],"picked":"AdministrixMod:NoblePath","floor":18},{"not_picked":["AdministrixMod:NoblePath","AdministrixMod:CenturiesAscent+1"],"picked":"AdministrixMod:ShadowPlay","floor":19},{"not_picked":["AdministrixMod:DiversionaryTactic","AdministrixMod:HiddenPower+1","AdministrixMod:LightOfYourLife+1"],"picked":"SKIP","floor":21}],"player_experience":194802,"relics_obtained":[{"floor":9,"key":"Tea:ReiMu"},{"floor":11,"key":"Oddly Smooth Stone"},{"floor":16,"key":"ImportantClient"}],"event_choices":[{"cards_removed":["Burn"],"damage_healed":0,"gold_gain":0,"player_choice":"Gave Card","damage_taken":0,"relics_obtained":["Strawberry"],"max_hp_gain":0,"max_hp_loss":0,"event_name":"WeMeetAgain","floor":4,"gold_loss":0},{"damage_healed":0,"gold_gain":0,"player_choice":"Simplicity","damage_taken":0,"max_hp_gain":0,"max_hp_loss":0,"event_name":"Back to Basics","floor":22,"gold_loss":0,"cards_upgraded":["AdministrixMod:Strike_Administrix","AdministrixMod:Strike_Administrix","AdministrixMod:Strike_Administrix","AdministrixMod:Strike_Administrix","AdministrixMod:Defend_Administrix","AdministrixMod:Defend_Administrix"]}],"is_beta":false,"boss_relics":[{"not_picked":["PatriotShield","Runic Pyramid"],"picked":"Philosopher\u0027s Stone"}],"items_purged_floors":[],"is_endless":false,"potions_floor_spawned":[1,5,16,18,21],"killed_by":"Book of Stabbing","ascension_level":0}}