{"host":"0vd2boh2oi7jm085","time":1608013055,"event":{"mods":["BaseMod","Colored Map","Colored Powertips","Highlight Path","Minty Spire (QoL Compilation)","Quick Restart","StSLib","The IronCluck"],"gold_per_floor":[116,116,116,129,148,148,148,148,148,148,158,158,233,248,248,326,326,339,339,352,366,366,366],"floor_reached":22,"playtime":459,"items_purged":[],"score":326,"play_id":"3439153f-146a-4ae5-9170-43d74b5c5cfd","local_time":"20201214221735","is_ascension_mode":true,"campfire_choices":[{"data":"Inflame","floor":6,"key":"SMITH"},{"data":"Thunderclap","floor":8,"key":"SMITH"},{"data":"Defend_R","floor":10,"key":"SMITH"},{"data":"Flex","floor":12,"key":"SMITH"},{"data":"Defend_R","floor":15,"key":"SMITH"}],"circlet_count":0,"master_deck":["AscendersBane","Strike_R","Strike_R","Strike_R","Strike_R","Strike_R","Defend_R","Defend_R","Defend_R+1","Defend_R+1","Bash","Thunderclap+1","Inflame+1","Flex+1","Double Tap","Sword Boomerang+1"],"relics":["Burning Blood","NeowsBlessing","Anchor","Velvet Choker"],"acts_visited":["Exordium","TheCity"],"potions_floor_usage":[16,16,20,21],"damage_taken":[{"damage":0,"enemies":"2 Louse","floor":1,"turns":1},{"damage":0,"enemies":"Small Slimes","floor":4,"turns":1},{"damage":0,"enemies":"Cultist","floor":5,"turns":1},{"damage":6,"enemies":"3 Louse","floor":11,"turns":3},{"damage":3,"enemies":"2 Fungi Beasts","floor":14,"turns":3},{"damage":56,"enemies":"Hexaghost","floor":16,"turns":8},{"damage":36,"enemies":"3 Byrds","floor":18,"turns":6},{"damage":21,"enemies":"Shell Parasite","floor":20,"turns":5},{"damage":25,"enemies":"Shelled Parasite and Fungi","floor":21,"turns":5},{"damage":16,"enemies":"Centurion and Healer","floor":22,"turns":2}],"seed_played":"7161088715056212694","potions_obtained":[{"floor":4,"key":"Regen Potion"},{"floor":14,"key":"BlessingOfTheForge"},{"floor":19,"key":"HeartOfIron"},{"floor":19,"key":"BloodPotion"},{"floor":21,"key":"SteroidPotion"}],"is_trial":false,"path_per_floor":["M","?","?","M","M","R","$","R","T","R","M","R","?","M","R","B",null,"M","?","M","M","M"],"character_chosen":"IRONCLAD","items_purchased":[],"campfire_rested":0,"item_purchase_floors":[],"current_hp_per_floor":[74,74,74,75,75,75,75,75,75,75,75,75,64,67,67,32,64,34,34,34,15,0,0],"gold":366,"neow_bonus":"THREE_ENEMY_KILL","is_daily":false,"chose_seed":false,"campfire_upgraded":5,"win_rate":0.0,"timestamp":1608013055,"path_taken":["M","?","?","M","M","R","$","R","T","R","M","R","?","M","R","BOSS","M","?","M","M","?"],"items_purchased_type":[],"build_version":"2020-12-13","purchased_purges":0,"victory":false,"max_hp_per_floor":[75,75,75,75,75,75,75,75,75,75,75,75,75,75,75,75,75,75,75,75,75,75,75],"card_choices":[{"not_picked":["Armaments","Anger"],"picked":"Thunderclap","floor":1},{"not_picked":["Bloodletting","Clothesline","Second Wind"],"picked":"SKIP","floor":4},{"not_picked":["Metallicize","Flex"],"picked":"Inflame","floor":5},{"not_picked":["Sword Boomerang","Dual Wield"],"picked":"Flex","floor":11},{"not_picked":["Burning Pact","Wild Strike","Body Slam"],"picked":"SKIP","floor":14},{"not_picked":["Exhume","Offering"],"picked":"Double Tap","floor":16},{"not_picked":["Ghostly Armor","Pommel Strike","Wild Strike"],"picked":"SKIP","floor":18},{"not_picked":["Headbutt","Pommel Strike","Perfected Strike+1"],"picked":"SKIP","floor":20},{"not_picked":["Shrug It Off","Pommel Strike"],"picked":"Sword Boomerang+1","floor":21}],"player_experience":87308,"relics_obtained":[{"floor":9,"key":"Anchor"}],"event_choices":[{"damage_healed":0,"gold_gain":0,"player_choice":"Ignored","damage_taken":0,"max_hp_gain":0,"max_hp_loss":0,"event_name":"Shining Light","floor":2,"gold_loss":0},{"damage_healed":0,"gold_gain":0,"player_choice":"Leave","damage_taken":0,"max_hp_gain":0,"max_hp_loss":0,"event_name":"The Cleric","floor":3,"gold_loss":0},{"damage_healed":0,"gold_gain":75,"player_choice":"Gather Gold","damage_taken":11,"max_hp_gain":0,"max_hp_loss":0,"event_name":"World of Goop","floor":13,"gold_loss":0},{"damage_healed":0,"gold_gain":0,"player_choice":"Got Potions","damage_taken":0,"max_hp_gain":0,"max_hp_loss":0,"event_name":"Lab","floor":19,"gold_loss":0}],"is_beta":false,"boss_relics":[{"not_picked":["Mark of Pain","Fusion Hammer"],"picked":"Velvet Choker"}],"items_purged_floors":[],"is_endless":false,"potions_floor_spawned":[4,14,21],"killed_by":"Centurion and Healer","ascension_level":17}}