{"host":"ek19s9symjhb78i2","time":1608002782,"event":{"mods":["BaseMod","Better Note","Downfall","Hero for Fun","Hubris","Infinite Spire","JesterMod","Mimic Mod","Minty Spire (QoL Compilation)","Quick Restart","Shop Mod","StSLib","SuperFastMode","The Animator","The Blackbeard","The Bladedancer","The Death Knight","The Necromancer","Thieving Mod","Unceasing Turn Reminder","Wandering Minibosses"],"gold_per_floor":[16,32,52,52,227,263,263,306,332,332,62,75,75,93,93,213,213,238,188,188,188,209,209,209,245,269,288,301,301,301,315,315,315,315,331,399,417,417,442,486,525,540,578,616,630,630,645,668,668,668,668,668,545,581,581],"floor_reached":56,"playtime":1132,"items_purged":["Defend_Y","Defend_Y"],"score":1844,"play_id":"aede8f33-a47a-4619-b990-de962accf23f","local_time":"20201214202622","is_ascension_mode":false,"campfire_choices":[{"data":"Normal_Punch","floor":10,"key":"SMITH"},{"floor":13,"key":"RECALL"},{"data":"Consecutive_Normal_Punch","floor":15,"key":"SMITH"},{"data":"Normal_Punch","floor":23,"key":"SMITH"},{"data":"Toss_Stone","floor":29,"key":"SMITH"},{"data":"Get_Hopes_Up","floor":32,"key":"SMITH"},{"data":"Terrifying_Presence","floor":46,"key":"SMITH"},{"data":"Hip_Strike","floor":49,"key":"SMITH"},{"data":"Do_Nothing","floor":52,"key":"SMITH"}],"circlet_count":0,"master_deck":["Strike_Y","Strike_Y","Strike_Y","Strike_Y","Strike_Y","Defend_Y","Defend_Y","Defend_Y","Slap","Yawn","Wear_Disguise","Doubt","Normal_Punch+1","Do_Nothing","Side_Hop","Ignore","Normal_Punch+1","Consecutive_Normal_Punch+1","Oh","Slap","Slap+1","Hop+1","Toss_Stone+1","Serious_Side_Hops","Do_Nothing+1","Slap+1","Slap+1","Get_Hopes_Up+1","Normal_Punch+1","Hip_Strike+1","Ignore+1","Toss_Stone","Toss_Stone","Normal_Punch+1","Slap","Normal_Punch+1","Slap+1","Consecutive_Normal_Punch","Slap+1","Consecutive_Normal_Punch+1","Terrifying_Presence+1","Toss_Stone","Consecutive_Normal_Punch+1","Consecutive_Normal_Punch+1","Toss_Stone","Normal_Punch+1"],"relics":["Cape","Golden Idol","MerchantsRug","Prayer Wheel","Coffee Dripper","infinitespire:EmpoweringShard","Lizard Tail","hubris:Stopwatch","infinitespire:Magic Flask","Du-Vu Doll","Strawberry","Orrery","Anchor"],"acts_visited":["Exordium","TheCity","TheBeyond","TheEnding"],"potions_floor_usage":[18,43],"damage_taken":[{"damage":0,"enemies":"Cultist","floor":1,"turns":1},{"damage":0,"enemies":"Small Slimes","floor":2,"turns":1},{"damage":0,"enemies":"2 Louse","floor":3,"turns":1},{"damage":0,"enemies":"Lagavulin","floor":6,"turns":1},{"damage":0,"enemies":"3 Sentries","floor":8,"turns":2},{"damage":0,"enemies":"2 Fungi Beasts","floor":12,"turns":1},{"damage":0,"enemies":"Blue Slaver","floor":14,"turns":1},{"damage":0,"enemies":"The Guardian","floor":16,"turns":1},{"damage":0,"enemies":"Spheric Guardian","floor":18,"turns":1},{"damage":0,"enemies":"Shell Parasite","floor":22,"turns":1},{"damage":0,"enemies":"Slavers","floor":25,"turns":2},{"damage":0,"enemies":"Shelled Parasite and Fungi","floor":27,"turns":1},{"damage":0,"enemies":"Centurion and Healer","floor":28,"turns":2},{"damage":0,"enemies":"Sentry and Sphere","floor":31,"turns":1},{"damage":0,"enemies":"hubris:MusketHawk","floor":33,"turns":2},{"damage":0,"enemies":"3 Darklings","floor":35,"turns":2},{"damage":0,"enemies":"2 Orb Walkers","floor":36,"turns":1},{"damage":0,"enemies":"3 Shapes","floor":37,"turns":2},{"damage":0,"enemies":"Spire Growth","floor":39,"turns":2},{"damage":0,"enemies":"Reptomancer","floor":40,"turns":1},{"damage":0,"enemies":"Nemesis","floor":41,"turns":1},{"damage":0,"enemies":"Maw","floor":42,"turns":1},{"damage":0,"enemies":"Sphere and 2 Shapes","floor":43,"turns":4},{"damage":0,"enemies":"Reptomancer","floor":44,"turns":1},{"damage":0,"enemies":"Sphere and 2 Shapes","floor":45,"turns":1},{"damage":0,"enemies":"Spire Growth","floor":47,"turns":1},{"damage":0,"enemies":"Writhing Mass","floor":48,"turns":2},{"damage":0,"enemies":"Time Eater","floor":50,"turns":1},{"damage":0,"enemies":"Shield and Spear","floor":54,"turns":2},{"damage":0,"enemies":"The Heart","floor":55,"turns":3}],"seed_played":"-2072626041733478733","potions_obtained":[{"floor":1,"key":"SneckoOil"},{"floor":2,"key":"SkillPotion"},{"floor":16,"key":"hexamod:EctoCoolerPotion"},{"floor":18,"key":"Fruit Juice"},{"floor":20,"key":"DistilledChaos"},{"floor":20,"key":"LiquidBronze"},{"floor":39,"key":"champ:CounterPotion"},{"floor":44,"key":"Energy Potion"},{"floor":54,"key":"Energy Potion"}],"is_trial":false,"path_per_floor":["M","M","M","?","?","E","?","E","T","R","$","M","R","M","R","B",null,"M","?","?","$","M","R","AVR","E","T","M","M","R","?","M","R","B",null,"M","?","M","?","M","E","E","M","MIM","E","M","R","M","M","R","B",null,"R","$","E","B",null],"character_chosen":"OPM","items_purchased":["MerchantsRug","Prayer Wheel","Strawberry","Orrery"],"campfire_rested":0,"item_purchase_floors":[11,11,53,53],"current_hp_per_floor":[1098,1098,1098,1098,1098,1098,1098,1098,1098,1098,1098,1098,1098,1098,1098,1098,1098,1103,1103,1103,1103,1103,1103,1103,1103,1103,1103,1103,1103,1103,1103,1103,1103,1103,1103,1103,1103,1103,1103,1103,1103,1103,1103,1103,1103,1103,1103,1103,1103,1103,1103,1103,1110,1110,1110],"gold":581,"neow_bonus":"TEN_PERCENT_HP_BONUS","is_daily":false,"chose_seed":false,"campfire_upgraded":8,"win_rate":0.0,"timestamp":1608002782,"path_taken":["M","?","M","?","?","E","?","E","T","R","?","M","R","M","R","BOSS","M","?","?","$","M","R","AVR","E","T","M","?","R","?","M","R","BOSS","M","?","M","?","M","E","E","M","MIM","E","M","R","M","?","R","BOSS","R","$","E","BOSS"],"items_purchased_type":["Relic","Relic","Relic","Relic"],"build_version":"2020-12-13","purchased_purges":2,"victory":true,"max_hp_per_floor":[1098,1098,1098,1098,1098,1098,1098,1098,1098,1098,1098,1098,1098,1098,1098,1098,1098,1103,1103,1103,1103,1103,1103,1103,1103,1103,1103,1103,1103,1103,1103,1103,1103,1103,1103,1103,1103,1103,1103,1103,1103,1103,1103,1103,1103,1103,1103,1103,1103,1103,1103,1103,1110,1110,1110],"card_choices":[{"not_picked":["Consecutive_Normal_Punch","Side_Hop"],"picked":"Slap","floor":1},{"not_picked":["Slap","Side_Hop"],"picked":"Yawn","floor":2},{"not_picked":["Yawn","Hop"],"picked":"Wear_Disguise","floor":3},{"not_picked":["Ignore","Do_Nothing"],"picked":"Normal_Punch","floor":6},{"not_picked":["Hop","Toss_Stone"],"picked":"Do_Nothing","floor":8},{"not_picked":["Hop","Ignore"],"picked":"Side_Hop","floor":12},{"not_picked":["Yawn","Side_Hop"],"picked":"Ignore","floor":12},{"not_picked":["Ignore","Slap"],"picked":"Normal_Punch","floor":14},{"not_picked":["Ignore","Side_Hop"],"picked":"Consecutive_Normal_Punch","floor":14},{"not_picked":["Serious_Punch","Serious_Side_Hops"],"picked":"Oh","floor":16},{"not_picked":["Ignore","Do_Nothing"],"picked":"Slap","floor":18},{"not_picked":["Hop","Yawn+1"],"picked":"Slap+1","floor":18},{"not_picked":["Do_Nothing","Wear_Disguise"],"picked":"Hop+1","floor":22},{"not_picked":["Ignore","Do_Nothing"],"picked":"Toss_Stone","floor":22},{"not_picked":["Yawn","Toss_Stone"],"picked":"Serious_Side_Hops","floor":25},{"not_picked":["Hop","Yawn"],"picked":"Do_Nothing","floor":27},{"not_picked":["Wear_Disguise","Hop"],"picked":"Slap+1","floor":27},{"not_picked":["Do_Nothing+1","Hop"],"picked":"Slap+1","floor":28},{"not_picked":["Yawn+1","Do_Nothing+1","Ignore+1"],"picked":"SKIP","floor":28},{"not_picked":["Normal_Punch","Side_Hop"],"picked":"Get_Hopes_Up","floor":31},{"not_picked":["Wear_Disguise","Hop"],"picked":"Normal_Punch+1","floor":31},{"not_picked":["Serious_Side_Hops","Get_Hopes_Up"],"picked":"Hip_Strike","floor":33},{"not_picked":["Yawn+1","Side_Hop"],"picked":"Ignore+1","floor":35},{"not_picked":["Yawn","Ignore+1"],"picked":"Toss_Stone","floor":35},{"not_picked":["Hop","Slap+1"],"picked":"Wear_Disguise+1","floor":37},{"not_picked":["Hip_Strike","Side_Hop"],"picked":"Toss_Stone","floor":37},{"not_picked":["Toss_Stone","Side_Hop"],"picked":"Normal_Punch+1","floor":39},{"not_picked":["Yawn+1","Ignore+1"],"picked":"Slap","floor":39},{"not_picked":["Yawn","Ignore"],"picked":"Normal_Punch+1","floor":40},{"not_picked":["Ignore","Yawn+1"],"picked":"Slap+1","floor":41},{"not_picked":["Toss_Stone","Oh"],"picked":"Consecutive_Normal_Punch","floor":42},{"not_picked":["Hop+1","Yawn+1"],"picked":"Slap+1","floor":42},{"not_picked":["Yawn+1","Slap+1"],"picked":"Consecutive_Normal_Punch+1","floor":43},{"not_picked":["Hop+1","Toss_Stone+1"],"picked":"Terrifying_Presence","floor":44},{"not_picked":["Ignore","Do_Nothing","Side_Hop"],"picked":"SKIP","floor":45},{"not_picked":["Do_Nothing+1","Yawn","Ignore"],"picked":"SKIP","floor":45},{"not_picked":["Ignore+1","Yawn+1","Wear_Disguise"],"picked":"SKIP","floor":47},{"not_picked":["Ignore","Toss_Stone+1","Consecutive_Normal_Punch+1"],"picked":"SKIP","floor":47},{"not_picked":["Yawn","Toss_Stone","Hop"],"picked":"SKIP","floor":48},{"not_picked":["Slap","Side_Hop+1","Ignore+1"],"picked":"SKIP","floor":48},{"not_picked":["Yawn","Do_Nothing"],"picked":"Toss_Stone","floor":53},{"not_picked":["Terrifying_Presence","Hop+1"],"picked":"Consecutive_Normal_Punch+1","floor":53},{"not_picked":["Normal_Punch","Wear_Disguise"],"picked":"Consecutive_Normal_Punch+1","floor":53},{"not_picked":["Side_Hop+1","Slap+1"],"picked":"Toss_Stone","floor":53},{"not_picked":["Ignore+1","Wear_Disguise"],"picked":"Normal_Punch+1","floor":54}],"player_experience":161487,"relics_obtained":[{"floor":6,"key":"hubris:TenFootPole"},{"floor":8,"key":"infinitespire:FocusingShard"},{"floor":9,"key":"infinitespire:Satchel"},{"floor":25,"key":"Lizard Tail"},{"floor":36,"key":"WingedGreaves"},{"floor":40,"key":"infinitespire:Magic Flask"},{"floor":41,"key":"Centennial Puzzle"},{"floor":43,"key":"hubris:FunFungus"},{"floor":44,"key":"Du-Vu Doll"},{"floor":54,"key":"Anchor"}],"event_choices":[{"damage_healed":0,"gold_gain":0,"player_choice":"Take Damage","damage_taken":274,"relics_obtained":["Golden Idol"],"max_hp_gain":0,"max_hp_loss":0,"event_name":"Golden Idol","floor":4,"gold_loss":0},{"damage_healed":0,"gold_gain":175,"player_choice":"AGREE","damage_taken":0,"max_hp_gain":0,"max_hp_loss":0,"event_name":"Liars Game","floor":5,"gold_loss":0,"cards_obtained":["Doubt"]},{"damage_healed":0,"gold_gain":0,"player_choice":"Bet on Murderer","damage_taken":0,"max_hp_gain":0,"max_hp_loss":0,"event_name":"The Joust","floor":19,"gold_loss":50},{"damage_healed":0,"gold_gain":0,"player_choice":"Got Potions","damage_taken":0,"max_hp_gain":0,"max_hp_loss":0,"event_name":"Lab","floor":20,"gold_loss":0},{"cards_removed":["Doubt"],"damage_healed":0,"gold_gain":0,"player_choice":"Give","damage_taken":0,"max_hp_gain":0,"max_hp_loss":0,"event_name":"betterNote:BetterNote","floor":30,"gold_loss":0,"cards_obtained":["Regret"]},{"damage_healed":0,"gold_gain":0,"player_choice":"Fight","damage_taken":0,"max_hp_gain":0,"max_hp_loss":0,"event_name":"Mysterious Sphere","floor":36,"gold_loss":0},{"cards_removed":["Wear_Disguise"],"damage_healed":0,"gold_gain":0,"player_choice":"Removed Power","damage_taken":0,"max_hp_gain":0,"max_hp_loss":0,"event_name":"Falling","floor":38,"gold_loss":0}],"is_beta":false,"boss_relics":[{"not_picked":["hubris:VirtuousBlindfold","Runic Dome"],"picked":"Coffee Dripper"},{"not_picked":["Black Star","hubris:ScarierMask"],"picked":"hubris:Stopwatch"}],"items_purged_floors":[24,53],"is_endless":false,"potions_floor_spawned":[1,2,16,18,22,31,33,39,40,41,44,47,54],"ascension_level":0}}