{"host":"ea1gz0s8chhg5p89","time":1608018676,"event":{"mods":["Act Like it!","BaseMod","Gensokyo","Marisa£®ÏF”Í°°ƒß¿Ì…≥£©","Minty Spire (QoL Compilation)","Pale of the Ancients","Remilia£®¿Ÿ√◊¿Ú—«£©","Replay The Spire","StSLib"],"gold_per_floor":[112,144,162,162,22,48,48,48,48],"floor_reached":8,"playtime":500,"items_purged":[],"score":145,"play_id":"0111f738-6958-43af-9326-c1d6377b9a63","local_time":"20201215155116","is_ascension_mode":true,"campfire_choices":[{"data":"ScarletCoffin","floor":7,"key":"SMITH"}],"circlet_count":0,"master_deck":["Strike_RM","Strike_RM","Strike_RM","Strike_RM","Defend_RM","Defend_RM","Defend_RM","Defend_RM","RedMoon","ScarletShoot","VampireSweep","ScarletCoffin+1","Stigmanizer","Languid","ScarletGensokyo"],"relics":["ScarletHat","Replay:Mystery Machine","Strawberry","Ring of Fangs","Ring of Searing","Ginger","InkBottle"],"acts_visited":["Gensokyo:Gensokyo"],"potions_floor_usage":[6,6,8],"damage_taken":[{"damage":0.0,"enemies":"Gensokyo:3_Fairies","floor":1.0,"turns":5.0},{"damage":45.0,"enemies":"Gensokyo:Aya","floor":2.0,"turns":9.0},{"damage":5.0,"enemies":"Gensokyo:Python","floor":3.0,"turns":5.0},{"damage":0,"enemies":"Gensokyo:Mamizou","floor":6,"turns":10},{"damage":25,"enemies":"Gensokyo:Cirno","floor":8,"turns":7}],"seed_played":"-7635766847954993940","potions_obtained":[{"floor":1.0,"key":"Cursed Concoction"},{"floor":3.0,"key":"Elixir"},{"floor":6,"key":"SkillPotion"}],"is_trial":false,"path_per_floor":["M","?","M","?","?","E","R","E"],"character_chosen":"REMILIA","items_purchased":[],"campfire_rested":0,"item_purchase_floors":[],"current_hp_per_floor":[66,29,33,33,33,36,36,11,11],"gold":48,"neow_bonus":"TWENTY_PERCENT_HP_BONUS","is_daily":false,"chose_seed":false,"campfire_upgraded":1,"win_rate":0.0,"timestamp":1608018676,"path_taken":["M","?","M","?","?","E","R","E"],"items_purchased_type":[],"build_version":"2020-12-13","purchased_purges":0,"victory":false,"max_hp_per_floor":[89,89,96,96,96,96,96,96,96],"card_choices":[{"not_picked":["CharismaGuard","ScarletDevil"],"picked":"VampireSweep","floor":1.0},{"not_picked":["AfternoonTea","TransientEternity"],"picked":"ScarletCoffin","floor":2.0},{"not_picked":["EndlessAdversity","NightDance"],"picked":"Stigmanizer","floor":3.0},{"not_picked":["BombardNight","KillingBlow"],"picked":"ScarletGensokyo","floor":6}],"player_experience":380041,"relics_obtained":[{"floor":2.0,"key":"Replay:Mystery Machine"},{"floor":3.0,"key":"Strawberry"},{"floor":4.0,"key":"Ring of Fangs"},{"floor":4.0,"key":"Ring of Searing"},{"floor":6,"key":"InkBottle"}],"event_choices":[],"is_beta":false,"boss_relics":[],"items_purged_floors":[],"is_endless":false,"potions_floor_spawned":[1,3,6],"killed_by":"Gensokyo:Cirno","ascension_level":9}}