{"host":"63jn9lre6xij8k68","time":1608043575,"event":{"mods":["AchievementEnabler","BaseMod","Colored Map","DeckTracker","Minty Spire (QoL Compilation)","StSLib","SuperFastMode"],"gold_per_floor":[12,12,25,200,200,200,125,166,166,128,46,46,46,85,85,85,85],"floor_reached":16,"playtime":266,"items_purged":["Strike_R"],"score":146,"play_id":"5e47ea3a-6afd-49cd-b16b-69f38203d093","local_time":"20201215234615","is_ascension_mode":true,"campfire_choices":[{"data":"True Grit","floor":6,"key":"SMITH"},{"floor":12,"key":"REST"},{"floor":15,"key":"REST"}],"circlet_count":0,"master_deck":["Strike_R","Strike_R","Strike_R","Strike_R","Defend_R","Defend_R","Defend_R","Defend_R","Bash","Pommel Strike","True Grit+1","Impervious","Fire Breathing","Evolve","Shrug It Off","Flame Barrier"],"relics":["Burning Blood","Thread and Needle","Golden Idol","Oddly Smooth Stone","Molten Egg 2","Omamori","Letter Opener"],"acts_visited":["Exordium"],"potions_floor_usage":[14,16],"damage_taken":[{"damage":2,"enemies":"Cultist","floor":1,"turns":3},{"damage":8,"enemies":"Jaw Worm","floor":3,"turns":2},{"damage":25,"enemies":"Gremlin Nob","floor":8,"turns":4},{"damage":25,"enemies":"Lagavulin","floor":14,"turns":9},{"damage":61,"enemies":"Hexaghost","floor":16,"turns":14}],"seed_played":"-4916772976604945047","potions_obtained":[{"floor":3,"key":"SkillPotion"},{"floor":14,"key":"LiquidBronze"}],"is_trial":false,"path_per_floor":["M","?","M","?","?","R","$","E","T","$","$","R","T","E","R","B"],"character_chosen":"IRONCLAD","items_purchased":["Fire Breathing","Evolve","Shrug It Off"],"campfire_rested":2,"item_purchase_floors":[10,11,11],"current_hp_per_floor":[76,56,54,54,47,47,47,28,28,28,28,52,52,33,57,0,0],"gold":85,"neow_bonus":"ONE_RARE_RELIC","is_daily":false,"chose_seed":false,"campfire_upgraded":1,"win_rate":0.0,"timestamp":1608043575,"path_taken":["M","?","M","?","?","R","?","E","T","?","$","R","?","E","R","BOSS"],"items_purchased_type":["Card","Card","Card"],"build_version":"2020-12-13","purchased_purges":1,"victory":false,"max_hp_per_floor":[80,80,80,80,80,80,80,80,80,80,80,80,80,80,80,80,80],"card_choices":[{"not_picked":["Warcry","Perfected Strike"],"picked":"Pommel Strike","floor":1},{"not_picked":["Anger","Sword Boomerang"],"picked":"True Grit","floor":3},{"not_picked":["Disarm","Perfected Strike"],"picked":"Impervious","floor":8},{"not_picked":["Sentinel","Iron Wave+1"],"picked":"Flame Barrier","floor":14}],"player_experience":99740,"relics_obtained":[{"floor":8,"key":"Oddly Smooth Stone"},{"floor":9,"key":"Molten Egg 2"},{"floor":13,"key":"Omamori"},{"floor":14,"key":"Letter Opener"}],"event_choices":[{"damage_healed":0,"gold_gain":0,"player_choice":"Take Damage","damage_taken":20,"relics_obtained":["Golden Idol"],"max_hp_gain":0,"max_hp_loss":0,"event_name":"Golden Idol","floor":2,"gold_loss":0},{"damage_healed":0,"gold_gain":175,"player_choice":"AGREE","damage_taken":0,"max_hp_gain":0,"max_hp_loss":0,"event_name":"Liars Game","floor":4,"gold_loss":0,"cards_obtained":["Doubt"]},{"cards_removed":["Doubt"],"damage_healed":0,"gold_gain":0,"player_choice":"Card Removal","damage_taken":7,"max_hp_gain":0,"max_hp_loss":0,"event_name":"Golden Wing","floor":5,"gold_loss":0}],"is_beta":false,"boss_relics":[],"items_purged_floors":[7],"is_endless":false,"potions_floor_spawned":[3,14],"killed_by":"Hexaghost","ascension_level":8}}