{"host":"cr9rpoy6dx9riis3","time":1608061345,"event":{"mods":["AchievementEnabler","BaseMod","Better Altar","Better Note","Better Sensory Stone","Better Skull","Better Third Choice","Better-Laid Plans","BetterRewards","Block Reminder","Curses Come First","Displayed Cursed Tome","Emptier Cage","Marked Mod","Minty Spire (QoL Compilation)","Permanent Neow","Relic Sorter","StSLib","The Blue Laboratory","Transform Curses"],"gold_per_floor":[118,132,132,23,23,23,48,48,126,2,2,37,37,37,37,132,132,99,118,118,118],"floor_reached":20,"playtime":1059,"items_purged":["Strike_R"],"score":345,"play_id":"7d7392fb-8e34-4410-9faf-9eca0ff37713","local_time":"20201215204225","is_ascension_mode":true,"campfire_choices":[{"data":"Reaper","floor":6,"key":"SMITH"},{"data":"Corruption","floor":8,"key":"SMITH"},{"data":"Ghostly Armor","floor":13,"key":"SMITH"},{"floor":15,"key":"REST"}],"circlet_count":0,"master_deck":["Strike_R","Strike_R","Strike_R","Strike_R","Defend_R","Defend_R","Defend_R","Defend_R","Reaper+1","Uppercut","Disarm","Corruption+1","Sever Soul","Dark Shackles","Bandage Up","Ghostly Armor+1","Impervious","Metallicize+1"],"relics":["Burning Blood","Coffee Dripper","Thread and Needle","Strange Spoon"],"acts_visited":["Exordium","TheCity"],"potions_floor_usage":[12,16,18,19],"damage_taken":[{"damage":14,"enemies":"Jaw Worm","floor":1,"turns":6},{"damage":8,"enemies":"Cultist","floor":2,"turns":4},{"damage":68,"enemies":"Gremlin Nob","floor":7,"turns":7},{"damage":38,"enemies":"Lagavulin","floor":12,"turns":10},{"damage":54,"enemies":"Slime Boss","floor":16,"turns":21},{"damage":44,"enemies":"2 Thieves","floor":18,"turns":5},{"damage":0,"enemies":"3 Byrds","floor":19,"turns":12},{"damage":113,"enemies":"Cultist and Chosen","floor":20,"turns":13}],"seed_played":"8044486329943852288","potions_obtained":[{"floor":7,"key":"Block Potion"},{"floor":12,"key":"PowerPotion"},{"floor":16,"key":"Weak Potion"},{"floor":18,"key":"Block Potion"}],"is_trial":false,"path_per_floor":["M","M","?","$","?","R","E","R","T","$","?","E","R","?","R","B",null,"M","M","M"],"character_chosen":"IRONCLAD","items_purchased":["Strange Spoon","Reaper","Uppercut","Disarm","Sever Soul","Dark Shackles"],"campfire_rested":1,"item_purchase_floors":[0,0,0,4,10,10],"current_hp_per_floor":[65,67,67,67,72,72,25,25,35,35,35,24,24,24,52,25,95,61,90,0,0],"gold":118,"neow_bonus":"","is_daily":false,"chose_seed":false,"campfire_upgraded":3,"win_rate":0.0,"timestamp":1608061345,"path_taken":["M","M","?","?","?","R","E","R","T","$","?","E","R","?","R","BOSS","M","M","M"],"items_purchased_type":["Relic","Card","Card","Card","Card","Card"],"build_version":"2020-12-13","purchased_purges":1,"victory":false,"max_hp_per_floor":[80,80,80,80,85,85,85,85,95,95,95,95,95,95,95,95,95,95,95,95,95],"card_choices":[{"not_picked":["Whirlwind","Blood for Blood","Pommel Strike"],"picked":"SKIP","floor":1},{"not_picked":["Iron Wave","Rupture","Flex"],"picked":"SKIP","floor":2},{"not_picked":["Burning Pact","Intimidate"],"picked":"Corruption","floor":7},{"not_picked":["Blind","Transmutation"],"picked":"Bandage Up","floor":11},{"not_picked":["Body Slam","Inflame"],"picked":"Ghostly Armor","floor":12},{"not_picked":["Corruption","Demon Form"],"picked":"Impervious","floor":16},{"not_picked":["True Grit+1","Havoc"],"picked":"Metallicize+1","floor":18},{"not_picked":["Twin Strike+1","Clash","Wild Strike"],"picked":"SKIP","floor":19}],"player_experience":702410,"relics_obtained":[{"floor":7,"key":"Girya"},{"floor":9,"key":"Pear"},{"floor":12,"key":"Thread and Needle"}],"event_choices":[{"cards_removed":["Bash"],"damage_healed":0,"gold_gain":0,"player_choice":"Purged","damage_taken":0,"max_hp_gain":0,"max_hp_loss":0,"event_name":"Purifier","floor":3,"gold_loss":0},{"damage_healed":0,"gold_gain":0,"player_choice":"Donut","damage_taken":0,"max_hp_gain":5,"max_hp_loss":0,"event_name":"Big Fish","floor":5,"gold_loss":0},{"damage_healed":0,"gold_gain":1,"player_choice":"1","damage_taken":0,"max_hp_gain":0,"max_hp_loss":0,"event_name":"betterStone:BetterStone","floor":11,"gold_loss":0},{"damage_healed":0,"gold_gain":0,"player_choice":"Ignored","damage_taken":0,"max_hp_gain":0,"max_hp_loss":0,"event_name":"Transmorgrifier","floor":14,"gold_loss":0}],"is_beta":false,"boss_relics":[{"not_picked":["SlaversCollar","Ectoplasm"],"picked":"Coffee Dripper"}],"items_purged_floors":[4],"is_endless":false,"potions_floor_spawned":[7,12,16,18],"killed_by":"Cultist and Chosen","ascension_level":3}}