{"host":"ea1gz0s8chhg5p89","time":1608021209,"event":{"mods":["Act Like it!","BaseMod","Gensokyo","Marisa£®ÏF”Í°°ƒß¿Ì…≥£©","Minty Spire (QoL Compilation)","Pale of the Ancients","Remilia£®¿Ÿ√◊¿Ú—«£©","Replay The Spire","StSLib"],"gold_per_floor":[111,130,140,158,169,197,197,207,207,224,238,238,263,275,275,373,373,386,398,418,433,120,120,148,163,163,195,245,275,275,293,293,394,394,410,124,174,134,134,134,144,144,144],"floor_reached":42,"playtime":1398,"items_purged":["Strike_RM","Normality"],"score":1077,"play_id":"8b3e5b89-4524-4f02-8446-7abf7224089e","local_time":"20201215163329","is_ascension_mode":true,"campfire_choices":[{"data":"BloodyMagicSquare","floor":12.0,"key":"SMITH"},{"data":"ScarletImprint","floor":15.0,"key":"SMITH"},{"data":"ForecastOfChange","floor":23.0,"key":"SMITH"},{"data":"LeisurelyOfLord","floor":30.0,"key":"SMITH"},{"data":"MillenniumVampire","floor":32.0,"key":"SMITH"}],"circlet_count":0,"master_deck":["Strike_RM","Strike_RM","Defend_RM","Defend_RM","Defend_RM","Defend_RM","RedMoon","ScarletShoot","SuperhumanBloodyKnife","Ultimatum","Stigmanizer","Stigmanizer","ScarletImprint+1","Stigmanizer","MillenniumVampire+1","DiffusionOfMisfortune","Stigmanizer","VampireFantasy","BloodyMagicSquare+1","NightDance","RedNightlessCastle","LeisurelyOfLord+1","ScarletImprint","ForecastOfChange+1","ScarletImprint+1","Ultimatum","BloodHunter","HeartBreak","NightDance+1","UnderTheZenith+1","Maim","RedRainbow","StarOfDavid","DiffusionOfMisfortune","ScarletGensokyo+1","VampireClaw","Replay:Sluggish","Pain","EquivalentExchange","ScarletImprint+1","UnstableMagic","FavorOfDestiny","FavorOfDestiny","BloodHunter+1","UnstableMagic+1"],"relics":["ScarletHat","Pet Ghost","Replay:Bottled Snecko","Mirror","Black Star","Orichalcum","Mercury Hourglass","AntiCross","Snack Pack","Replay:Rubber Ducky","Ice Cream","Ring of Fury","Ring of Greed","MealTicket","Blue Doll","Gungnir","Lantern","ReplayTheSpireMod:DimensionalGlitch","PreservedInsect","Thread and Needle"],"acts_visited":["Exordium","TheCity","TheBeyond"],"potions_floor_usage":[33,33,33,37,38],"damage_taken":[{"damage":0.0,"enemies":"2 Louse","floor":1.0,"turns":3.0},{"damage":0.0,"enemies":"Cultist","floor":2.0,"turns":4.0},{"damage":3.0,"enemies":"Small Slimes","floor":3.0,"turns":4.0},{"damage":6.0,"enemies":"Looter","floor":4.0,"turns":2.0},{"damage":26.0,"enemies":"Exordium Thugs","floor":5.0,"turns":4.0},{"damage":24.0,"enemies":"Gremlin Nob","floor":6.0,"turns":4.0},{"damage":11.0,"enemies":"Lots of Slimes","floor":8.0,"turns":2.0},{"damage":37.0,"enemies":"3 Louse","floor":10.0,"turns":1.0},{"damage":0.0,"enemies":"Exordium Wildlife","floor":11.0,"turns":6.0},{"damage":24.0,"enemies":"3 Sentries","floor":13.0,"turns":3.0},{"damage":12.0,"enemies":"Blue Slaver","floor":14.0,"turns":1.0},{"damage":7.0,"enemies":"Slime Boss","floor":16.0,"turns":5.0},{"damage":37.0,"enemies":"Chosen","floor":18.0,"turns":3.0},{"damage":20.0,"enemies":"3 Byrds","floor":19.0,"turns":2.0},{"damage":10.0,"enemies":"3 Cultists","floor":20.0,"turns":3.0},{"damage":6.0,"enemies":"Snake Plant","floor":21.0,"turns":3.0},{"damage":3.0,"enemies":"Slavers","floor":24.0,"turns":2.0},{"damage":5.0,"enemies":"Centurion and Healer","floor":25.0,"turns":3.0},{"damage":4.0,"enemies":"Book of Stabbing","floor":27.0,"turns":2.0},{"damage":7.0,"enemies":"Slavers","floor":29.0,"turns":3.0},{"damage":4.0,"enemies":"Snecko","floor":31.0,"turns":1.0},{"damage":3,"enemies":"Automaton","floor":33,"turns":4},{"damage":56,"enemies":"3 Darklings","floor":35,"turns":2},{"damage":34,"enemies":"Mind Bloom Boss Battle","floor":37,"turns":4},{"damage":21,"enemies":"Orb Walker","floor":41,"turns":1},{"damage":8,"enemies":"Reptomancer","floor":42,"turns":1}],"seed_played":"-7836060792785850110","potions_obtained":[{"floor":1.0,"key":"Fruit Juice"},{"floor":6.0,"key":"SteroidPotion"},{"floor":8.0,"key":"Fruit Juice"},{"floor":13.0,"key":"Swift Potion"},{"floor":16.0,"key":"Reflective Coating"},{"floor":20.0,"key":"Milkshake"},{"floor":24.0,"key":"Weak Potion"},{"floor":29.0,"key":"DestinyDice"},{"floor":35,"key":"PowerPotion"},{"floor":38,"key":"Fruit Juice"},{"floor":38,"key":"Weak Potion"},{"floor":38,"key":"ColorlessPotion"}],"is_trial":false,"path_per_floor":["M","M","M","M","M","E","?","M","T","M","M","R","E","M","R","B",null,"M","M","M","M","$","R","E","M","T","E","?","E","R","M","R","B",null,"M","$","?","?","PTL","PTL","M","E"],"character_chosen":"REMILIA","items_purchased":["Maim","Orichalcum","PreservedInsect","FavorOfDestiny"],"campfire_rested":0,"item_purchase_floors":[22,22,36,36],"current_hp_per_floor":[73,73,72,66,40,18,90,84,84,47,47,47,23,13,13,12,74,39,19,12,6,6,6,10,8,8,14,14,7,7,5,5,12,74,20,35,22,27,27,27,8,0,0],"gold":144,"neow_bonus":"TRANSFORM_CARD","is_daily":false,"chose_seed":false,"campfire_upgraded":5,"win_rate":0.0,"timestamp":1608021209,"path_taken":["M","M","M","M","M","E","?","?","T","M","M","R","E","M","R","BOSS","M","M","M","M","$","R","E","M","T","E","?","E","R","M","R","BOSS","M","$","?","?","PTL","PTL","M","E"],"items_purchased_type":["Card","Relic","Relic","Card"],"build_version":"2020-12-13","purchased_purges":2,"victory":false,"max_hp_per_floor":[80,80,80,80,80,80,90,95,95,95,95,95,95,95,95,95,95,95,95,95,95,95,95,95,95,95,95,95,95,95,95,95,95,95,95,95,95,100,100,100,100,100,100],"card_choices":[{"not_picked":["ScarletDevil","TwelveNightmare"],"picked":"Ultimatum","floor":1.0},{"not_picked":["NightDance","BombardNight"],"picked":"Stigmanizer","floor":2.0},{"not_picked":["UnderTheZenith","VampireSweep"],"picked":"Stigmanizer","floor":2.0},{"not_picked":["CharismaGuard","RedRainbow"],"picked":"ScarletImprint","floor":3.0},{"not_picked":["BloodHunter","EndlessAdversity"],"picked":"Stigmanizer","floor":4.0},{"not_picked":["FitfulNightmare","EternalNight"],"picked":"BatForm","floor":5.0},{"not_picked":["TwelveNightmare","ScarletDream"],"picked":"MillenniumVampire","floor":5.0},{"not_picked":["ScarletDevilSign","NightLord"],"picked":"DiffusionOfMisfortune","floor":6.0},{"not_picked":["VampireKiss","StarOfDavid"],"picked":"Stigmanizer","floor":8.0},{"not_picked":["ForbiddenFruit","UltimateOffering"],"picked":"VampireFantasy","floor":10.0},{"not_picked":["VampirishNight","UnderTheZenith"],"picked":"BloodyMagicSquare","floor":11.0},{"not_picked":["UnderTheZenith","BlasphemousPunishment"],"picked":"NightDance","floor":11.0},{"not_picked":["BombardNight","ScarletNetherworld"],"picked":"RedNightlessCastle","floor":13.0},{"not_picked":["EndlessAdversity","ScarletNetherworld"],"picked":"LeisurelyOfLord","floor":13.0},{"not_picked":["BlasphemousPunishment","MastersStateliness"],"picked":"ScarletImprint","floor":14.0},{"not_picked":["DemonKingCradle","KillingBlow"],"picked":"ForecastOfChange","floor":16.0},{"not_picked":["UnstableMagic+1","NightDance"],"picked":"ScarletImprint+1","floor":18.0},{"not_picked":["ScarletGensokyo","EternalNight"],"picked":"Ultimatum","floor":19.0},{"not_picked":["FavorOfDestiny+1","EmergencyRegeneration+1"],"picked":"BloodHunter","floor":20.0},{"not_picked":["MillenniumVampire","UnderTheZenith"],"picked":"HeartBreak","floor":20.0},{"not_picked":["BloodHunter+1","BombardNight"],"picked":"NightDance+1","floor":21.0},{"not_picked":["StarOfDavid","VampireFantasy+1"],"picked":"UnderTheZenith+1","floor":21.0},{"not_picked":["ScarletDevil","BloodHunter"],"picked":"RedRainbow","floor":24.0},{"not_picked":["EmergencyRegeneration","BombardNight"],"picked":"StarOfDavid","floor":25.0},{"not_picked":["StarOfDavid","ScarletDevil+1"],"picked":"DiffusionOfMisfortune","floor":27.0},{"not_picked":["UnstableMagic","ScarletDream"],"picked":"ScarletGensokyo+1","floor":29.0},{"not_picked":["MastersStateliness","EndlessAdversity"],"picked":"VampireClaw","floor":31.0},{"not_picked":["HeartBreak","BloodRain"],"picked":"EquivalentExchange","floor":33},{"not_picked":["RedRainbow","FavorOfDestiny"],"picked":"ScarletImprint+1","floor":35},{"not_picked":["ScarletDevil","NightLord"],"picked":"UnstableMagic","floor":35},{"not_picked":["AfternoonTea","BadLadyScramble+1"],"picked":"BloodHunter+1","floor":37},{"not_picked":["Maim+1","SuperhumanBloodyKnife"],"picked":"UnstableMagic+1","floor":41}],"player_experience":381475,"relics_obtained":[{"floor":6.0,"key":"Pet Ghost"},{"floor":9.0,"key":"Replay:Bottled Snecko"},{"floor":13.0,"key":"Mirror"},{"floor":24.0,"key":"Mercury Hourglass"},{"floor":24.0,"key":"AntiCross"},{"floor":26.0,"key":"Snack Pack"},{"floor":27.0,"key":"Replay:Rubber Ducky"},{"floor":27.0,"key":"Ice Cream"},{"floor":28.0,"key":"Ring of Fury"},{"floor":28.0,"key":"Ring of Greed"},{"floor":28.0,"key":"MealTicket"},{"floor":28.0,"key":"Blue Doll"},{"floor":29.0,"key":"Gungnir"},{"floor":29.0,"key":"Lantern"},{"floor":37,"key":"Thread and Needle"}],"event_choices":[{"cards_removed":["BatForm"],"damage_healed":62.0,"max_hp_gain":10.0,"max_hp_loss":0.0,"gold_gain":0.0,"event_name":"Bonfire Elementals","player_choice":"Offered Rare","floor":7.0,"gold_loss":0.0,"damage_taken":0.0},{"damage_healed":0,"gold_gain":0,"player_choice":"Fight","damage_taken":0,"max_hp_gain":0,"max_hp_loss":0,"event_name":"MindBloom","floor":37,"gold_loss":0},{"damage_healed":0,"gold_gain":0,"player_choice":"Bought 3 Potions","damage_taken":0,"max_hp_gain":0,"max_hp_loss":0,"event_name":"The Woman in Blue","floor":38,"gold_loss":0}],"is_beta":false,"boss_relics":[{"not_picked":["Kintsugi","Empty Cage"],"picked":"Black Star"},{"not_picked":["Fusion Hammer","SlaversCollar"],"picked":"ReplayTheSpireMod:DimensionalGlitch"}],"items_purged_floors":[22,36],"is_endless":false,"potions_floor_spawned":[1,6,8,13,16,20,21,24,25,29,35],"killed_by":"Reptomancer","ascension_level":9}}