{"host":"5mo0809oo9tcrmpl","time":1608076477,"event":{"mods":["BaseMod","Highlight Path","Minty Spire (QoL Compilation)","Relic Stats","Slay the Relics Exporter"],"gold_per_floor":[109,109,127,142,159,159,174,202,202,219,252,264,264,292,292,365,365,385,402,414,414,414,414,442,442,516,544,644,644,658,691,691,691,691],"floor_reached":33,"playtime":1608,"items_purged":[],"score":754,"play_id":"9c3ed3dd-71a5-4b1f-b6c5-2f492a229565","local_time":"20201215175437","is_ascension_mode":true,"campfire_choices":[{"data":"Bash","floor":6.0,"key":"SMITH"},{"data":"True Grit","floor":13.0,"key":"SMITH"},{"data":"Feed","floor":15.0,"key":"SMITH"},{"floor":23.0,"key":"REST"},{"floor":25.0,"key":"REST"},{"data":"Flex","floor":29.0,"key":"SMITH"},{"floor":32.0,"key":"REST"}],"circlet_count":0,"master_deck":["AscendersBane","Strike_R","Strike_R","Strike_R","Strike_R","Strike_R","Defend_R","Defend_R","Defend_R","Defend_R","Bash+1","Thunderclap+1","Twin Strike","Heavy Blade","Flex+1","True Grit+1","Feed+1","Dropkick","Twin Strike","Armaments+1","Seeing Red+1","Offering+1","Pummel"],"relics":["Burning Blood","Toxic Egg 2","CaptainsWheel","Torii","Bottled Flame","Busted Crown","Nilry\u0027s Codex","Lantern","Paper Frog","Kunai","Mango","Shuriken","Boot"],"acts_visited":["Exordium","TheCity"],"potions_floor_usage":[],"damage_taken":[{"damage":5.0,"enemies":"Small Slimes","floor":1.0,"turns":4.0},{"damage":6.0,"enemies":"Cultist","floor":3.0,"turns":4.0},{"damage":0.0,"enemies":"2 Louse","floor":4.0,"turns":2.0},{"damage":0.0,"enemies":"Exordium Wildlife","floor":5.0,"turns":2.0},{"damage":11.0,"enemies":"Blue Slaver","floor":7.0,"turns":3.0},{"damage":4.0,"enemies":"Gremlin Nob","floor":8.0,"turns":3.0},{"damage":24.0,"enemies":"Exordium Thugs","floor":10.0,"turns":4.0},{"damage":23.0,"enemies":"3 Sentries","floor":11.0,"turns":7.0},{"damage":7.0,"enemies":"2 Fungi Beasts","floor":12.0,"turns":2.0},{"damage":0.0,"enemies":"Gremlin Nob","floor":14.0,"turns":2.0},{"damage":46.0,"enemies":"Slime Boss","floor":16.0,"turns":9.0},{"damage":6.0,"enemies":"Chosen","floor":18.0,"turns":2.0},{"damage":24.0,"enemies":"2 Thieves","floor":19.0,"turns":4.0},{"damage":7.0,"enemies":"Centurion and Healer","floor":20.0,"turns":5.0},{"damage":47.0,"enemies":"Gremlin Leader","floor":24.0,"turns":8.0},{"damage":7.0,"enemies":"Book of Stabbing","floor":27.0,"turns":4.0},{"damage":21.0,"enemies":"Colosseum Slavers","floor":28.0,"turns":4.0},{"damage":9.0,"enemies":"Colosseum Nobs","floor":28.0,"turns":5.0},{"damage":30.0,"enemies":"Snake Plant","floor":30.0,"turns":3.0},{"damage":11.0,"enemies":"Gremlin Leader","floor":31.0,"turns":6.0},{"damage":77,"enemies":"Champ","floor":33,"turns":7}],"seed_played":"7067448577988207531","potions_obtained":[{"floor":1.0,"key":"Energy Potion"},{"floor":7.0,"key":"Block Potion"},{"floor":8.0,"key":"DistilledChaos"},{"floor":11.0,"key":"LiquidBronze"},{"floor":14.0,"key":"SpeedPotion"},{"floor":24.0,"key":"Block Potion"},{"floor":28.0,"key":"Weak Potion"}],"is_trial":false,"path_per_floor":["M","?","M","M","M","R","M","E","T","M","E","M","R","E","R","B",null,"M","M","M","?","?","R","E","R","T","E","?","R","M","E","R","B"],"character_chosen":"IRONCLAD","items_purchased":[],"campfire_rested":3,"item_purchase_floors":[],"current_hp_per_floor":[76,76,76,82,82,82,77,79,79,64,50,49,49,55,55,19,74,74,56,59,59,38,66,25,53,53,52,52,52,28,23,57,0,0],"gold":691,"neow_bonus":"TEN_PERCENT_HP_BONUS","is_daily":false,"chose_seed":false,"campfire_upgraded":4,"win_rate":0.0,"timestamp":1608076477,"path_taken":["M","?","M","M","M","R","M","E","T","?","E","M","R","E","R","BOSS","M","M","M","?","?","R","E","R","T","E","?","R","?","E","R","BOSS"],"items_purchased_type":[],"build_version":"2020-12-13","purchased_purges":0,"victory":false,"max_hp_per_floor":[82,82,82,82,82,82,82,82,82,85,88,88,88,88,88,92,92,92,92,96,96,96,96,96,96,96,96,114,114,114,114,114,114,114],"relic_stats":{"Busted Crown":16,"Torii":6,"counters":[21,90],"Shuriken":[9],"Kunai":[13],"Boot":[0],"obtain_stats":[{"Lantern":24,"Torii":11,"Nilry\u0027s Codex":22,"Mango":28,"Boot":31,"Burning Blood":0,"CaptainsWheel":9,"Bottled Flame":14,"Busted Crown":17,"Shuriken":28,"Kunai":27,"Toxic Egg 2":8,"Paper Frog":26},{"Lantern":15,"Torii":8,"Nilry\u0027s Codex":14,"Mango":18,"Boot":20,"Burning Blood":0,"CaptainsWheel":6,"Bottled Flame":10,"Busted Crown":11,"Shuriken":18,"Kunai":16,"Toxic Egg 2":6,"Paper Frog":15},{"Lantern":61,"Torii":29,"Nilry\u0027s Codex":53,"Mango":74,"Boot":83,"Burning Blood":0,"CaptainsWheel":18,"Bottled Flame":33,"Busted Crown":42,"Shuriken":74,"Kunai":65,"Toxic Egg 2":18,"Paper Frog":61}],"Burning Blood":114},"card_choices":[{"not_picked":["Infernal Blade","Armaments"],"picked":"Thunderclap","floor":1.0},{"not_picked":["Wild Strike","Flex"],"picked":"Twin Strike","floor":3.0},{"not_picked":["Flame Barrier","Pommel Strike"],"picked":"Heavy Blade","floor":4.0},{"not_picked":["Blood for Blood","Combust"],"picked":"Flex","floor":5.0},{"not_picked":["Sword Boomerang","Flex"],"picked":"True Grit","floor":7.0},{"not_picked":["Havoc+1","Perfected Strike"],"picked":"Feed","floor":8.0},{"not_picked":["Fire Breathing","Cleave"],"picked":"Dropkick","floor":10.0},{"not_picked":["Blood for Blood","Combust"],"picked":"Twin Strike","floor":11.0},{"not_picked":["Seeing Red+1","Anger"],"picked":"Armaments+1","floor":12.0},{"not_picked":["Offering+1","Body Slam"],"picked":"Seeing Red+1","floor":14.0},{"not_picked":["Fiend Fire","Limit Break+1"],"picked":"Offering+1","floor":16.0},{"not_picked":[],"picked":"Pummel","floor":18.0},{"not_picked":["Thunderclap"],"picked":"SKIP","floor":19.0},{"not_picked":["Sever Soul"],"picked":"SKIP","floor":20.0},{"not_picked":["Wild Strike"],"picked":"SKIP","floor":24.0},{"not_picked":["Headbutt"],"picked":"SKIP","floor":27.0},{"not_picked":["Infernal Blade+1"],"picked":"SKIP","floor":30.0},{"not_picked":["Carnage"],"picked":"SKIP","floor":31.0}],"player_experience":1263945,"relics_obtained":[{"floor":8.0,"key":"Toxic Egg 2"},{"floor":9.0,"key":"CaptainsWheel"},{"floor":11.0,"key":"Torii"},{"floor":14.0,"key":"Bottled Flame"},{"floor":22.0,"key":"Nilry\u0027s Codex"},{"floor":24.0,"key":"Lantern"},{"floor":26.0,"key":"Paper Frog"},{"floor":27.0,"key":"Kunai"},{"floor":28.0,"key":"Mango"},{"floor":28.0,"key":"Shuriken"},{"floor":31.0,"key":"Boot"}],"event_choices":[{"damage_healed":0.0,"max_hp_gain":0.0,"max_hp_loss":0.0,"gold_gain":0.0,"event_name":"Accursed Blacksmith","player_choice":"Forge","floor":2.0,"gold_loss":0.0,"damage_taken":0.0,"cards_upgraded":["Thunderclap"]},{"damage_healed":0.0,"max_hp_gain":0.0,"max_hp_loss":0.0,"gold_gain":0.0,"event_name":"Vampires","player_choice":"Ignored","floor":21.0,"gold_loss":0.0,"damage_taken":0.0},{"damage_healed":0.0,"max_hp_gain":0.0,"max_hp_loss":0.0,"gold_gain":0.0,"event_name":"Cursed Tome","player_choice":"Obtained Book","floor":22.0,"gold_loss":0.0,"damage_taken":21.0},{"damage_healed":0.0,"max_hp_gain":0.0,"max_hp_loss":0.0,"gold_gain":0.0,"event_name":"Colosseum","player_choice":"Fight","floor":28.0,"gold_loss":0.0,"damage_taken":0.0},{"damage_healed":0.0,"max_hp_gain":0.0,"max_hp_loss":0.0,"gold_gain":0.0,"event_name":"Colosseum","player_choice":"Fought Nobs","floor":28.0,"gold_loss":0.0,"damage_taken":0.0}],"is_beta":false,"boss_relics":[{"not_picked":["Runic Cube","Runic Dome"],"picked":"Busted Crown"}],"items_purged_floors":[],"is_endless":false,"potions_floor_spawned":[1,7,8,11,14,24,28],"killed_by":"Champ","ascension_level":20}}