{"host":"csaqw07vjsqfysdp","time":1608074411,"event":{"mods":["AchievementEnabler","BaseMod","Colored Powertips","Downfall","Googly Eyes","Minty Spire (QoL Compilation)","Permanent Neow","Quick Restart","StSLib","Unceasing Turn Reminder"],"gold_per_floor":[99,99,125,125,125,140,140,140,151,151,171,171,228,66,80,183,183,183,11,22,122,133,133,133],"floor_reached":23,"playtime":1178,"items_purged":[],"score":212,"play_id":"80f51634-d4e6-4aa1-8c05-af3021778831","local_time":"20201215182011","is_ascension_mode":false,"campfire_choices":[{"data":"champ:Taunt","floor":1,"key":"SMITH"},{"data":"champ:DefensiveShout","floor":8,"key":"SMITH"},{"data":"champ:Circumvent","floor":10,"key":"SMITH"},{"data":"champ:CheapShot","floor":18,"key":"SMITH"}],"circlet_count":0,"master_deck":["champ:Strike","champ:Strike","champ:Strike","champ:Strike","champ:Defend","champ:Defend","champ:Defend","champ:Execute","champ:Taunt+1","champ:EnGarde","champ:Balance","champ:Circumvent+1","champ:DefensiveShout+1","champ:RisingSlash","champ:HoldFirm","champ:CheapShot+1","champ:SkillfulDodge","champ:DefensiveStyle+1"],"relics":["champ:ChampionCrown","downfall:HeartsMalice","Blood Vial","Matryoshka","downfall:BrokenWingStatue","Vajra","ClockworkSouvenir","Black Star","Omamori","downfall:GremlinWheel"],"acts_visited":["Exordium","TheCity"],"potions_floor_usage":[23,23,23],"damage_taken":[{"damage":0,"enemies":"2 Louse","floor":2,"turns":1},{"damage":0,"enemies":"3 Sentries","floor":3,"turns":1},{"damage":0,"enemies":"Jaw Worm","floor":4,"turns":1},{"damage":5,"enemies":"Cultist","floor":6,"turns":3},{"damage":3,"enemies":"Red Slaver","floor":9,"turns":3},{"damage":7,"enemies":"2 Fungi Beasts","floor":11,"turns":4},{"damage":5,"enemies":"Gremlin Nob","floor":13,"turns":4},{"damage":15,"enemies":"downfall:FleeingMerchant","floor":14,"turns":4},{"damage":0,"enemies":"Exordium Thugs","floor":15,"turns":3},{"damage":20,"enemies":"downfall:Silent","floor":16,"turns":10},{"damage":5,"enemies":"downfall:FleeingMerchant","floor":19,"turns":5},{"damage":0,"enemies":"Shell Parasite","floor":20,"turns":6},{"damage":25,"enemies":"Shell Parasite","floor":21,"turns":4},{"damage":0,"enemies":"Spheric Guardian","floor":22,"turns":4},{"damage":81,"enemies":"Gremlin Leader","floor":23,"turns":15}],"seed_played":"1714025497275848790","potions_obtained":[{"floor":9,"key":"champ:OpenerPotion"},{"floor":11,"key":"Explosive Potion"},{"floor":13,"key":"champ:CounterPotion"},{"floor":20,"key":"Fire Potion"}],"is_trial":false,"path_per_floor":["R","M","E","M","?","M","T","R","M","R","M","?","?","$","M","B",null,"R","$","M","?","M","E"],"character_chosen":"THE_CHAMP","items_purchased":["ClockworkSouvenir","Omamori"],"campfire_rested":0,"item_purchase_floors":[14,19],"current_hp_per_floor":[90,90,90,90,90,90,90,90,87,87,82,82,84,81,83,75,90,90,90,90,65,67,0,0],"gold":133,"neow_bonus":"THREE_ENEMY_KILL","is_daily":false,"chose_seed":false,"campfire_upgraded":4,"win_rate":0.0,"timestamp":1608074411,"path_taken":["R","M","E","M","?","M","T","R","M","R","M","?","?","$","M","BOSS","R","$","M","?","?","E"],"items_purchased_type":["Relic","Relic"],"build_version":"2020-12-13","purchased_purges":0,"victory":false,"max_hp_per_floor":[90,90,90,90,90,90,90,90,90,90,90,90,90,90,90,90,90,90,90,90,90,90,90,90],"card_choices":[{"not_picked":["champ:BladeFlurry","champ:FlashCut"],"picked":"champ:EnGarde","floor":2},{"not_picked":["champ:StanceDance","champ:BladeFlurry"],"picked":"champ:Balance","floor":3},{"not_picked":["champ:FlashCut","champ:AdrenalArmor"],"picked":"champ:Circumvent","floor":4},{"not_picked":["champ:Backstep","champ:Circumvent"],"picked":"champ:DefensiveShout","floor":6},{"not_picked":["champ:AdrenalArmor","champ:StanceDance"],"picked":"champ:RisingSlash","floor":9},{"not_picked":["champ:DefensiveShout","champ:EnGarde","champ:FlashCut"],"picked":"SKIP","floor":11},{"not_picked":["champ:ViciousMockery","champ:FalseCounter"],"picked":"champ:HoldFirm","floor":14},{"not_picked":["champ:FanOfKnives","champ:CrookedStrike","champ:BladeFlurry"],"picked":"SKIP","floor":15},{"not_picked":["champ:Improvising","champ:HeavySlash"],"picked":"champ:CheapShot","floor":16},{"not_picked":["champ:Circumvent","champ:BladeFlurry","champ:FlashCut+1"],"picked":"SKIP","floor":19},{"not_picked":["champ:StanceDance","champ:GladiatorsShout"],"picked":"champ:SkillfulDodge","floor":20},{"not_picked":["champ:Encircle","champ:PreciseThrust"],"picked":"champ:DefensiveStyle+1","floor":22}],"player_experience":375767,"relics_obtained":[{"floor":3,"key":"Blood Vial"},{"floor":7,"key":"Matryoshka"},{"floor":21,"key":"downfall:GremlinWheel"}],"event_choices":[{"cards_removed":["champ:Defend"],"damage_healed":0,"gold_gain":0,"player_choice":"Card Removal","damage_taken":0,"max_hp_gain":0,"max_hp_loss":0,"event_name":"The Cleric","floor":5,"gold_loss":0}],"is_beta":false,"boss_relics":[{"not_picked":["Calling Bell","Ectoplasm"],"picked":"Black Star"}],"items_purged_floors":[],"is_endless":false,"potions_floor_spawned":[9,11,13,20,22],"killed_by":"Gremlin Leader","ascension_level":0}}