{"host":"pzqkpx9vzgz8he4w","time":1608058442,"event":{"mods":["2.2 Compatiblity","BaseMod","Better Skull","Better Third Choice","Better Vampires","BetterRewards","DeckTracker","Downfall","Emoji Mod","Gold Saver","Googly Eyes","Minty Spire (QoL Compilation)","Rare Cards Sparkle","Spicy Shops","StSLib","The Edgeheg","The Jungle"],"gold_per_floor":[250,267,6,16,1,1,1,29,46,46,31,86,86,97,117,217,217,217,228,228,239,257,257,257,107,123,123,141,156,169,119,133,229,229,229,245,279,94,94,94,141,141,161,161,179,179,179],"floor_reached":46,"playtime":4670,"items_purged":[],"score":452,"play_id":"03d2a4f9-f506-4c8d-b19c-c79d840043f0","local_time":"20201215135402","is_ascension_mode":false,"campfire_choices":[{"floor":1.0,"key":"RECALL"},{"data":"Normality","floor":10.0,"key":"PURGE"},{"data":"Guardian:Defend_Guardian","floor":18.0,"key":"PURGE"},{"data":"Guardian:Strike_Guardian","floor":20.0,"key":"PURGE"},{"data":"Guardian:Strike_Guardian","floor":25.0,"key":"PURGE"},{"data":"Guardian:Defend_Guardian","floor":27.0,"key":"PURGE"},{"data":"Guardian:Defend_Guardian","floor":35.0,"key":"PURGE"},{"data":"Guardian:Strike_Guardian","floor":39.0,"key":"PURGE"},{"data":"Guardian:Defend_Guardian","floor":44.0,"key":"PURGE"}],"circlet_count":0,"master_deck":["Guardian:Strike_Guardian","Guardian:CurlUp","Guardian:TwinSlam","Guardian:Incinerate","Guardian:Recover","Guardian:ShieldCharger","Guardian:BronzeArmor","Guardian:PiercingHide","Guardian:StasisStrike","Guardian:PrismaticBeam+1","Guardian:TemporalStrike","Guardian:TimeSifter","Guardian:SentryBeam","Guardian:Incinerate+1","Guardian:Incinerate+1","Guardian:TemporalStrike","Guardian:ExploitGems","Guardian:FloatingOrbs","Guardian:DonusPower+1","Panache","Pain","Guardian:TemporalStrike","Guardian:Gem_Green"],"relics":["Guardian:ModeShifter","Thread and Needle","Peace Pipe","HandDrill","Centennial Puzzle","InkBottle","Toy Ornithopter","Fusion Hammer","downfall:HeartBlessingBlue","downfall:HeartBlessingRed","Black Star","Lantern","Question Card","Guardian:StasisEgg","Bronze Scales"],"acts_visited":[],"potions_floor_usage":[],"damage_taken":[{"damage":0.0,"enemies":"Small Slimes","floor":2.0,"turns":4.0},{"damage":1.0,"enemies":"downfall:FleeingMerchant","floor":3.0,"turns":4.0},{"damage":0.0,"enemies":"Cultist","floor":4.0,"turns":3.0},{"damage":1.0,"enemies":"downfall:FleeingMerchant","floor":5.0,"turns":4.0},{"damage":23.0,"enemies":"Lagavulin","floor":8.0,"turns":8.0},{"damage":7.0,"enemies":"Jaw Worm","floor":9.0,"turns":3.0},{"damage":0.0,"enemies":"downfall:FleeingMerchant","floor":11.0,"turns":4.0},{"damage":7.0,"enemies":"Gremlin Nob","floor":12.0,"turns":5.0},{"damage":3.0,"enemies":"Blue Slaver","floor":14.0,"turns":4.0},{"damage":0.0,"enemies":"Large Slime","floor":15.0,"turns":8.0},{"damage":36.0,"enemies":"downfall:CharBossIronclad","floor":16.0,"turns":20.0},{"damage":4.0,"enemies":"Spheric Guardian","floor":19.0,"turns":4.0},{"damage":0.0,"enemies":"Chosen and Byrds","floor":21.0,"turns":3.0},{"damage":12.0,"enemies":"Centurion and Healer","floor":22.0,"turns":7.0},{"damage":12.0,"enemies":"3 Cultists","floor":26.0,"turns":4.0},{"damage":7.0,"enemies":"Snake Plant","floor":28.0,"turns":4.0},{"damage":0.0,"enemies":"Centurion and Healer","floor":29.0,"turns":4.0},{"damage":1.0,"enemies":"Chosen and Byrds","floor":30.0,"turns":4.0},{"damage":0.0,"enemies":"Shelled Parasite and Fungi","floor":32.0,"turns":3.0},{"damage":19.0,"enemies":"downfall:CharBossSilent","floor":33.0,"turns":6.0},{"damage":0.0,"enemies":"Orb Walker","floor":36.0,"turns":3.0},{"damage":26.0,"enemies":"Nemesis","floor":37.0,"turns":7.0},{"damage":9.0,"enemies":"downfall:FleeingMerchant","floor":38.0,"turns":4.0},{"damage":4.0,"enemies":"3 Darklings","floor":43.0,"turns":3.0},{"damage":20.0,"enemies":"Transient","floor":45.0,"turns":5.0},{"damage":0,"enemies":"downfall:FleeingMerchant","floor":46,"turns":1}],"seed_played":"-7760694642401186192","potions_obtained":[{"floor":4.0,"key":"Swift Potion"},{"floor":6.0,"key":"downfall:CursedFountainPotion"},{"floor":12.0,"key":"Guardian:DefensiveModePotion"},{"floor":15.0,"key":"DuplicationPotion"},{"floor":19.0,"key":"FearPotion"},{"floor":21.0,"key":"hexamod:EctoCoolerPotion"},{"floor":26.0,"key":"Dexterity Potion"},{"floor":28.0,"key":"Guardian:BlockOnCardUsePotion"},{"floor":43.0,"key":"Guardian:DefensiveModePotion"},{"floor":45.0,"key":"SmokeBomb"}],"is_trial":false,"path_per_floor":["R","M","$","M","$","?","T","E","M","R","$","?","?","M","M","B",null,"R","M","R","M","M","?","T","R","M","R","M","M","M","?","M","B",null,"R","M","E","$","R","?","T","?","M","R","M","$"],"character_chosen":"GUARDIAN","items_purchased":["Peace Pipe","HandDrill","Panache"],"campfire_rested":0,"item_purchase_floors":[3,3,38],"current_hp_per_floor":[80,80,79,79,78,78,78,55,48,48,48,41,41,38,38,12,80,80,76,76,76,64,64,64,74,67,67,60,60,59,90,90,71,90,90,90,69,60,60,60,60,60,56,56,41,41,41],"gold":179,"neow_bonus":"ONE_RARE_RELIC","is_daily":false,"chose_seed":false,"campfire_upgraded":0,"win_rate":0.0,"timestamp":1608058442,"path_taken":["R","M","$","M","$","?","T","E","M","R","$","?","?","M","M","BOSS","R","M","R","M","M","?","T","R","M","R","?","M","?","?","M","BOSS","R","M","E","$","R","?","T","?","M","R","M","$"],"items_purchased_type":["Relic","Relic","Card"],"build_version":"2020-12-13","purchased_purges":0,"victory":false,"max_hp_per_floor":[80,80,80,80,80,80,80,80,80,80,80,80,80,80,80,80,80,80,80,80,80,80,80,80,90,90,90,90,90,90,90,90,90,90,90,90,90,90,90,90,90,90,90,90,90,90,90],"card_choices":[{"not_picked":["Guardian:VentSteam","Guardian:CrystalBeam"],"picked":"Guardian:Incinerate","floor":2.0},{"not_picked":["Guardian:FloatingOrbs","Guardian:Repulse"],"picked":"Guardian:Gem_Green","floor":4.0},{"not_picked":["Guardian:Gem_Red","Guardian:ChargeUp"],"picked":"Guardian:Recover","floor":8.0},{"not_picked":["Guardian:FloatingOrbs","Guardian:EvasiveProtocol"],"picked":"Guardian:ShieldCharger","floor":9.0},{"not_picked":["Guardian:HyperBeam_Guardian","Guardian:VentSteam"],"picked":"Guardian:BronzeArmor","floor":12.0},{"not_picked":["Guardian:TemporalStrike","Guardian:Gem_Red"],"picked":"Guardian:Gem_White","floor":14.0},{"not_picked":["Guardian:PrimingBeam","Guardian:Gem_Purple"],"picked":"Guardian:PiercingHide","floor":15.0},{"not_picked":["Guardian:AncientConstruct","Guardian:FastForward"],"picked":"Guardian:StasisStrike","floor":16.0},{"not_picked":["Guardian:RollAttack","Guardian:Suspension"],"picked":"Guardian:PrismaticBeam+1","floor":19.0},{"not_picked":["Guardian:TemporalShield","Guardian:VentSteam"],"picked":"Guardian:Gem_White","floor":21.0},{"not_picked":["Guardian:VentSteam","Guardian:Gem_White"],"picked":"Guardian:TemporalStrike","floor":22.0},{"not_picked":["Guardian:EvasiveProtocol+1","Guardian:Harden"],"picked":"Guardian:TimeSifter","floor":26.0},{"not_picked":["Guardian:RollAttack","Guardian:Reroute"],"picked":"Guardian:SentryBeam","floor":28.0},{"not_picked":["Guardian:PrimingBeam+1","Guardian:SpikerProtocol"],"picked":"Guardian:Incinerate+1","floor":29.0},{"not_picked":["Guardian:FloatingOrbs+1","Guardian:ChargeCore"],"picked":"Guardian:Incinerate+1","floor":30.0},{"not_picked":["Guardian:EvasiveProtocol","Guardian:PiercingHide"],"picked":"Guardian:TemporalStrike","floor":32.0},{"not_picked":["Guardian:AncientConstruct","Guardian:WeakpointTargeting"],"picked":"Guardian:ExploitGems","floor":33.0},{"not_picked":["Guardian:Preprogram","Guardian:RefractedBeam"],"picked":"Guardian:FloatingOrbs","floor":36.0},{"not_picked":["Guardian:BronzeArmor+1","Guardian:VentSteam"],"picked":"Guardian:DonusPower+1","floor":37.0},{"not_picked":["Guardian:ChargeCore+1","Guardian:TimeBomb+1","Guardian:DonusPower"],"picked":"Guardian:TemporalStrike","floor":43.0},{"not_picked":["Guardian:VentSteam","Guardian:Harden","Guardian:RollAttack"],"picked":"Guardian:Gem_Green","floor":45.0}],"player_experience":145345,"relics_obtained":[{"floor":7.0,"key":"Centennial Puzzle"},{"floor":8.0,"key":"InkBottle"},{"floor":12.0,"key":"Toy Ornithopter"},{"floor":37.0,"key":"Lantern"},{"floor":37.0,"key":"Question Card"},{"floor":41.0,"key":"Bronze Scales"}],"event_choices":[],"is_beta":false,"boss_relics":[{"not_picked":["Pandora\u0027s Box","SlaversCollar"],"picked":"Fusion Hammer"},{"not_picked":["Snecko Eye","Coffee Dripper"],"picked":"Black Star"}],"items_purged_floors":[],"is_endless":false,"potions_floor_spawned":[4,12,15,19,21,26,28,43,45],"killed_by":"downfall:FleeingMerchant","ascension_level":0}}