{"host":"wafbbmo98zkefhr1","time":1608046592,"event":{"mods":["BaseMod","Better Note","Better Skull","Card Forge","Colored Map","Highlight Path","Minty Spire (QoL Compilation)","StSLib"],"gold_per_floor":[116,116,161,173,223,281,281,336,336,611,652,652,705,150,150,336,399,448,472,324,367,238,308,308,376,376,411,429,704,704,767,767,925,925,973,1306,1354,1395,775,775,862,902,902,947,965,1007,1071,38,38,68],"floor_reached":51,"playtime":6275,"items_purged":[],"score":1107,"play_id":"7628bcca-44e8-412d-91d8-91dcc10bc67c","local_time":"20201215103632","is_ascension_mode":true,"campfire_choices":[{"floor":7.0,"key":"REST"},{"data":"Prostrate","floor":15.0,"key":"SMITH"},{"floor":24.0,"key":"REST"},{"floor":30.0,"key":"REST"},{"floor":32.0,"key":"REST"},{"floor":40,"key":"REST"},{"floor":49,"key":"REST"}],"circlet_count":0,"master_deck":["Strike_P+1","Defend_P+1","Defend_P+1","Eruption+1","Vigilance+1","DevaForm+1","Consecrate+1","EmptyBody+1","EmptyFist+1","FameAndFortune+1","BecomeAlmighty+1","LiveForever+1","ThroughViolence+1","Whirlwind+1","Prostrate+1","BowlingBash+1","Panacea+1","LiveForever+1","BecomeAlmighty+1","Bandage Up+1","Bandage Up+1","Consecrate+1","LiveForever+1"],"relics":["Hammer of Thor","Seething Fire","Anvil of the Gods","Velvet Choker","Orichalcum","Molten Egg 2","White Beast Statue","ClockworkSouvenir","Bronze Scales","Mercury Hourglass","Tiny House","Nunchaku","Membership Card","Ornamental Fan","The Courier","Blood Vial","Pantograph","Sundial","Happy Flower","Cursed Key","Strange Spoon","Dead Branch","CaptainsWheel","Gremlin Horn","Ancient Tea Set","Juzu Bracelet","Darkstone Periapt","Akabeko","Kunai","CloakClasp","Vajra","Omamori","Yang","Bottled Lightning","Question Card","Gambling Chip","Potion Belt","Centennial Puzzle","StrikeDummy","Blue Candle","Oddly Smooth Stone","Whetstone","Strawberry","Bag of Preparation"],"acts_visited":["Exordium","TheCity","TheBeyond"],"potions_floor_usage":[37,44,45,46,47,50],"damage_taken":[{"damage":0.0,"enemies":"2 Louse","floor":1.0,"turns":1.0},{"damage":0.0,"enemies":"Cultist","floor":3.0,"turns":2.0},{"damage":0.0,"enemies":"Jaw Worm","floor":4.0,"turns":1.0},{"damage":4.0,"enemies":"Exordium Wildlife","floor":5.0,"turns":3.0},{"damage":1.0,"enemies":"3 Sentries","floor":6.0,"turns":2.0},{"damage":0.0,"enemies":"Lagavulin","floor":8.0,"turns":3.0},{"damage":0.0,"enemies":"Red Slaver","floor":11.0,"turns":3.0},{"damage":0.0,"enemies":"Lots of Slimes","floor":13.0,"turns":2.0},{"damage":3.0,"enemies":"The Guardian","floor":16.0,"turns":6.0},{"damage":0.0,"enemies":"Spheric Guardian","floor":18.0,"turns":2.0},{"damage":0.0,"enemies":"Shell Parasite","floor":21.0,"turns":2.0},{"damage":25.0,"enemies":"Gremlin Leader","floor":23.0,"turns":3.0},{"damage":22.0,"enemies":"Slavers","floor":25.0,"turns":4.0},{"damage":0.0,"enemies":"Book of Stabbing","floor":27.0,"turns":3.0},{"damage":0.0,"enemies":"Centurion and Healer","floor":28.0,"turns":2.0},{"damage":0.0,"enemies":"Gremlin Leader","floor":31.0,"turns":3.0},{"damage":25.0,"enemies":"Collector","floor":33.0,"turns":4.0},{"damage":0.0,"enemies":"Orb Walker","floor":35.0,"turns":2.0},{"damage":0,"enemies":"3 Darklings","floor":37,"turns":2},{"damage":8,"enemies":"Sphere and 2 Shapes","floor":38,"turns":3},{"damage":31,"enemies":"Giant Head","floor":41,"turns":8},{"damage":9,"enemies":"Maw","floor":42,"turns":5},{"damage":0,"enemies":"2 Orb Walkers","floor":44,"turns":1},{"damage":0,"enemies":"3 Darklings","floor":45,"turns":1},{"damage":0,"enemies":"Spire Growth","floor":46,"turns":3},{"damage":46,"enemies":"Reptomancer","floor":47,"turns":3},{"damage":7,"enemies":"Awakened One","floor":50,"turns":6}],"seed_played":"-5566172656745499861","potions_obtained":[{"floor":1.0,"key":"EntropicBrew"},{"floor":3.0,"key":"Weak Potion"},{"floor":8.0,"key":"Fire Potion"},{"floor":11.0,"key":"Ancient Potion"},{"floor":13.0,"key":"SpeedPotion"},{"floor":16.0,"key":"BlessingOfTheForge"},{"floor":17.0,"key":"Strength Potion"},{"floor":18.0,"key":"FairyPotion"},{"floor":21.0,"key":"Fruit Juice"},{"floor":23.0,"key":"PowerPotion"},{"floor":25.0,"key":"StancePotion"},{"floor":27.0,"key":"Ancient Potion"},{"floor":28.0,"key":"SkillPotion"},{"floor":31.0,"key":"DistilledChaos"},{"floor":33.0,"key":"SkillPotion"},{"floor":35,"key":"Fire Potion"},{"floor":38,"key":"Ancient Potion"},{"floor":41,"key":"BottledMiracle"},{"floor":42,"key":"Swift Potion"},{"floor":44,"key":"Strength Potion"},{"floor":45,"key":"StancePotion"},{"floor":46,"key":"EssenceOfSteel"},{"floor":47,"key":"SteroidPotion"}],"is_trial":false,"path_per_floor":["M","$","M","M","M","E","R","E","T","?","M","?","M","$","R","B",null,"M","T","$","M","$","E","R","E","T","E","M","?","R","E","R","B",null,"M","?","M","M","$","R","E","M","T","?","M","M","E","$","R","B",null],"character_chosen":"WATCHER","items_purchased":["ClockworkSouvenir","Bronze Scales","Mercury Hourglass","Membership Card","Ornamental Fan","Strange Spoon","Dead Branch","CaptainsWheel","Gremlin Horn","Ancient Tea Set","Juzu Bracelet","Darkstone Periapt","Omamori","Yang","Bottled Lightning","Question Card","Gambling Chip","Potion Belt","Centennial Puzzle","StrikeDummy","Blue Candle","Oddly Smooth Stone","Whetstone","Strawberry","Bag of Preparation"],"campfire_rested":6,"item_purchase_floors":[14,14,14,20,22,39,39,39,39,39,39,39,48,48,48,48,48,48,48,48,48,48,48,48,48],"current_hp_per_floor":[72,72,72,72,68,67,72,72,72,72,72,72,72,72,72,69,77,77,77,77,82,82,57,81,65,65,79,81,81,82,82,82,57,82,82,82,82,74,254,262,252,251,257,259,261,263,219,226,275,274],"gold":68,"neow_bonus":"BOSS_RELIC","is_daily":false,"chose_seed":false,"campfire_upgraded":1,"win_rate":0.0,"timestamp":1608046592,"path_taken":["M","$","M","M","M","E","R","E","T","?","?","?","M","?","R","BOSS","M","?","$","?","$","E","R","E","T","E","M","?","R","E","R","BOSS","M","?","M","M","$","R","E","M","T","?","M","M","E","$","R","BOSS"],"items_purchased_type":["Relic","Relic","Relic","Relic","Relic","Relic","Relic","Relic","Relic","Relic","Relic","Relic","Relic","Relic","Relic","Relic","Relic","Relic","Relic","Relic","Relic","Relic","Relic","Relic","Relic"],"build_version":"2020-12-13","purchased_purges":0,"victory":true,"max_hp_per_floor":[72,72,72,72,72,72,72,72,72,72,72,72,72,72,72,72,77,77,77,77,82,82,82,82,82,82,82,82,82,82,82,82,82,82,82,82,82,82,262,262,262,262,268,268,268,268,268,275,275,275],"card_choices":[{"not_picked":["Pray","FlurryOfBlows","CrushJoints"],"picked":"SKIP","floor":1.0},{"not_picked":["JustLucky","TalkToTheHand","Vengeance"],"picked":"SKIP","floor":3.0},{"not_picked":["Swivel","PathToVictory"],"picked":"Prostrate","floor":4.0},{"not_picked":["FollowUp","PathToVictory","EmptyFist"],"picked":"SKIP","floor":5.0},{"not_picked":["ForeignInfluence","EmptyBody","LessonLearned"],"picked":"SKIP","floor":6.0},{"not_picked":["SashWhip+1","Sanctity","CarveReality+1"],"picked":"SKIP","floor":8.0},{"not_picked":["EmptyBody","Worship","JustLucky+1"],"picked":"SKIP","floor":11.0},{"not_picked":["Crescendo","CrushJoints+1","Consecrate+1"],"picked":"SKIP","floor":13.0},{"not_picked":["ClearTheMind","WreathOfFlame"],"picked":"BowlingBash+1","floor":17.0},{"not_picked":["Pray","ThirdEye","Study"],"picked":"SKIP","floor":18.0},{"not_picked":["CarveReality+1","Halt","CutThroughFate+1"],"picked":"SKIP","floor":21.0},{"not_picked":["Prostrate","FlyingSleeves+1","ClearTheMind"],"picked":"SKIP","floor":23.0},{"not_picked":["Tantrum+1","CrushJoints+1","EmptyMind"],"picked":"SKIP","floor":25.0},{"not_picked":["JustLucky+1","Evaluate+1","Sanctity+1"],"picked":"SKIP","floor":27.0},{"not_picked":["LessonLearned+1","ClearTheMind+1","ThirdEye+1"],"picked":"SKIP","floor":28.0},{"not_picked":["ThirdEye","WreathOfFlame","Vengeance+1"],"picked":"SKIP","floor":31.0},{"not_picked":["Sanctity+1","Perseverance+1"],"picked":"Consecrate+1","floor":35},{"not_picked":["Prostrate+1","Consecrate+1","WreathOfFlame"],"picked":"SKIP","floor":37},{"not_picked":["Evaluate","ReachHeaven+1","SashWhip+1"],"picked":"SKIP","floor":38},{"not_picked":["JustLucky+1","CutThroughFate+1","Vengeance+1"],"picked":"SKIP","floor":41},{"not_picked":["JustLucky+1","MasterReality","Halt+1"],"picked":"SKIP","floor":42},{"not_picked":["Consecrate+1","CutThroughFate+1","SashWhip+1"],"picked":"SKIP","floor":45},{"not_picked":["Conclude+1","PathToVictory+1","SashWhip+1"],"picked":"SKIP","floor":46},{"not_picked":["Prostrate","Protect","ReachHeaven+1"],"picked":"SKIP","floor":47}],"player_experience":887690,"relics_obtained":[{"floor":6.0,"key":"Orichalcum"},{"floor":8.0,"key":"Molten Egg 2"},{"floor":9.0,"key":"White Beast Statue"},{"floor":19.0,"key":"Nunchaku"},{"floor":23.0,"key":"The Courier"},{"floor":25.0,"key":"Blood Vial"},{"floor":26.0,"key":"Pantograph"},{"floor":27.0,"key":"Sundial"},{"floor":31.0,"key":"Happy Flower"},{"floor":41,"key":"Akabeko"},{"floor":43,"key":"Kunai"},{"floor":44,"key":"CloakClasp"},{"floor":47,"key":"Vajra"}],"event_choices":[{"damage_healed":0.0,"max_hp_gain":0.0,"max_hp_loss":0.0,"gold_gain":275.0,"event_name":"Golden Shrine","player_choice":"Desecrate","floor":10.0,"gold_loss":0.0,"damage_taken":0.0,"cards_obtained":["Regret"]},{"damage_healed":0.0,"max_hp_gain":0.0,"max_hp_loss":0.0,"gold_gain":0.0,"event_name":"Golden Idol","player_choice":"Take Wound","floor":12.0,"gold_loss":0.0,"damage_taken":0.0,"relics_obtained":["Golden Idol"],"cards_obtained":["Injury"]},{"damage_healed":0.0,"max_hp_gain":0.0,"max_hp_loss":0.0,"gold_gain":275.0,"event_name":"Golden Shrine","player_choice":"Desecrate","floor":29.0,"gold_loss":0.0,"damage_taken":0.0,"cards_obtained":["Regret"]},{"damage_healed":0,"gold_gain":333,"player_choice":"Gave Idol","damage_taken":0,"max_hp_gain":0,"max_hp_loss":0,"event_name":"The Moai Head","floor":36,"relics_lost":["Golden Idol"],"gold_loss":0},{"damage_healed":0,"gold_gain":0,"player_choice":"Fight","damage_taken":0,"max_hp_gain":0,"max_hp_loss":0,"event_name":"Mysterious Sphere","floor":44,"gold_loss":0}],"is_beta":false,"boss_relics":[{"not_picked":["VioletLotus","Sozu"],"picked":"Tiny House"},{"not_picked":["Fusion Hammer","Pandora\u0027s Box"],"picked":"Cursed Key"}],"items_purged_floors":[],"is_endless":false,"potions_floor_spawned":[1,3,8,11,13,16,18,21,23,25,27,28,31,33,35,37,38,41,42,44,45,46,47],"ascension_level":2}}