{"host":"tbhNathan","time":1608031183,"event":{"mods":["AchievementEnabler","BaseMod","Better Third Choice","Highlight Path","Minty Spire (QoL Compilation)","StSLib"],"gold_per_floor":[119,129,129,145,157,157,191,191,191,191,207,221,71,81,81,185,185,205,217,217,61,71,71,104,104,104,104,114,114,128,31,31,134,134,153,167,167,167,185,185,131,131,131,131,148,148,161,181,181,181],"floor_reached":51,"playtime":5345,"items_purged":[],"score":696,"play_id":"76f56b1b-f536-47a2-bfee-61221778710c","local_time":"20201215111943","is_ascension_mode":false,"campfire_choices":[{"data":"Leap","floor":6.0,"key":"SMITH"},{"data":"Conserve Battery","floor":10.0,"key":"SMITH"},{"floor":15.0,"key":"REST"},{"floor":23,"key":"REST"},{"floor":27,"key":"REST"},{"floor":29,"key":"REST"},{"floor":32,"key":"REST"},{"floor":40,"key":"REST"},{"floor":44,"key":"REST"},{"floor":46,"key":"REST"},{"floor":49,"key":"REST"}],"circlet_count":0,"master_deck":["Strike_B","Strike_B+1","Strike_B+1","Defend_B","Defend_B","Defend_B","Defend_B","Zap+1","Dualcast","Doom and Gloom","Skim","Leap+1","Cold Snap","Conserve Battery+1","Chaos+1","Ball Lightning","Redo","Cold Snap","Conserve Battery","Rebound","Rainbow","Seek","Go for the Eyes+1","Ball Lightning","Melter+1","White Noise+1","Loop+1","Go for the Eyes+1","Machine Learning","Rebound","Auto Shields+1","Aggregate+1","Turbo","Transmutation","Turbo+1","Beam Cell","Ball Lightning+1"],"relics":["Cracked Core","Whetstone","GremlinMask","Boot","Orrery","Inserter","Anchor","Symbiotic Virus","Mango","Fusion Hammer","HornCleat"],"acts_visited":["TheCity","TheBeyond"],"potions_floor_usage":[16,19,22,33,48,50],"damage_taken":[{"damage":3.0,"enemies":"Small Slimes","floor":1.0,"turns":3.0},{"damage":1.0,"enemies":"Cultist","floor":2.0,"turns":3.0},{"damage":6.0,"enemies":"Jaw Worm","floor":4.0,"turns":2.0},{"damage":6.0,"enemies":"Exordium Thugs","floor":5.0,"turns":4.0},{"damage":16.0,"enemies":"3 Sentries","floor":7.0,"turns":4.0},{"damage":1.0,"enemies":"Exordium Wildlife","floor":11.0,"turns":4.0},{"damage":0.0,"enemies":"3 Louse","floor":12.0,"turns":3.0},{"damage":14.0,"enemies":"Exordium Thugs","floor":14.0,"turns":4.0},{"damage":23,"enemies":"Hexaghost","floor":16,"turns":9},{"damage":22,"enemies":"2 Thieves","floor":18,"turns":5},{"damage":0,"enemies":"3 Byrds","floor":19,"turns":3},{"damage":32,"enemies":"3 Cultists","floor":22,"turns":6},{"damage":39,"enemies":"Gremlin Leader","floor":24,"turns":7},{"damage":38,"enemies":"Snake Plant","floor":28,"turns":4},{"damage":4,"enemies":"Chosen and Byrds","floor":30,"turns":5},{"damage":55,"enemies":"Collector","floor":33,"turns":10},{"damage":4,"enemies":"3 Darklings","floor":35,"turns":4},{"damage":11,"enemies":"Orb Walker","floor":36,"turns":4},{"damage":32,"enemies":"Writhing Mass","floor":39,"turns":4},{"damage":6,"enemies":"4 Shapes","floor":45,"turns":5},{"damage":32,"enemies":"Spire Growth","floor":47,"turns":5},{"damage":13,"enemies":"Transient","floor":48,"turns":5},{"damage":89,"enemies":"Time Eater","floor":50,"turns":13}],"seed_played":"-1959920940482487988","potions_obtained":[{"floor":1.0,"key":"Explosive Potion"},{"floor":5.0,"key":"DuplicationPotion"},{"floor":7.0,"key":"SpeedPotion"},{"floor":14.0,"key":"PotionOfCapacity"},{"floor":18,"key":"FairyPotion"},{"floor":19,"key":"GamblersBrew"},{"floor":33,"key":"BlessingOfTheForge"},{"floor":35,"key":"EntropicBrew"},{"floor":36,"key":"DuplicationPotion"}],"is_trial":false,"path_per_floor":["M","M","?","M","M","R","E","?","T","R","M","M","$","M","R","B",null,"M","M","?","$","M","R","E","?","T","R","M","R","M","$","R","B",null,"M","M","?","?","M","R","$","?","T","R","M","R","M","M","R","B",null],"character_chosen":"DEFECT","items_purchased":["Orrery","Anchor","CultistPotion","Turbo"],"campfire_rested":9,"item_purchase_floors":[13,21,31,41],"current_hp_per_floor":[79,78,78,72,66,66,50,50,50,50,49,49,49,35,59,36,82,60,60,60,60,28,52,13,13,27,55,17,45,41,41,69,14,96,92,81,81,81,49,77,77,77,77,96,90,96,64,51,79,28],"gold":181,"neow_bonus":"TEN_PERCENT_HP_BONUS","is_daily":false,"chose_seed":false,"campfire_upgraded":2,"win_rate":0.0,"timestamp":1608031183,"path_taken":["M","M","?","?","M","R","E","?","T","R","M","M","?","M","R","BOSS","M","M","?","?","M","R","E","?","T","R","M","R","M","$","R","BOSS","M","M","?","?","M","R","$","?","T","R","M","R","M","M","R","BOSS"],"items_purchased_type":["Relic","Relic","Potion","Card"],"build_version":"2020-12-07","purchased_purges":0,"victory":true,"max_hp_per_floor":[82,82,82,82,82,82,82,82,82,82,82,82,82,82,82,82,82,82,82,82,82,82,82,82,82,96,96,96,96,96,96,96,96,96,96,96,96,96,96,96,96,96,96,96,96,96,96,96,96,96],"card_choices":[{"not_picked":["Steam","Turbo"],"picked":"Doom and Gloom","floor":1.0},{"not_picked":["Turbo","Aggregate"],"picked":"Skim","floor":2.0},{"not_picked":["Coolheaded","Recycle"],"picked":"Leap","floor":4.0},{"not_picked":["Steam","Force Field"],"picked":"Cold Snap","floor":5.0},{"not_picked":["Storm","Multi-Cast"],"picked":"Conserve Battery","floor":7.0},{"not_picked":["Turbo","Coolheaded"],"picked":"Chaos","floor":11.0},{"not_picked":["Barrage","Beam Cell"],"picked":"Ball Lightning","floor":12.0},{"not_picked":["Gash","Go for the Eyes"],"picked":"Redo","floor":13.0},{"not_picked":["Echo Form","Hologram"],"picked":"Cold Snap","floor":13.0},{"not_picked":["Darkness","Gash"],"picked":"Conserve Battery","floor":13.0},{"not_picked":["Heatsinks","Chaos"],"picked":"Rebound","floor":13.0},{"not_picked":["Compile Driver","Lockon"],"picked":"Rainbow","floor":13.0},{"not_picked":["Streamline","Stack","Steam Power"],"picked":"SKIP","floor":14.0},{"not_picked":["Creative AI","Reboot"],"picked":"Seek","floor":16},{"not_picked":["Turbo","Ball Lightning"],"picked":"Go for the Eyes+1","floor":18},{"not_picked":["Compile Driver","Go for the Eyes"],"picked":"Ball Lightning","floor":19},{"not_picked":["Ball Lightning","Redo"],"picked":"Melter+1","floor":22},{"not_picked":["Consume","Gash+1"],"picked":"White Noise+1","floor":24},{"not_picked":["Reprogram","Beam Cell"],"picked":"Loop+1","floor":28},{"not_picked":["Compile Driver","Chaos"],"picked":"Go for the Eyes+1","floor":30},{"not_picked":["Fission","Biased Cognition"],"picked":"Machine Learning","floor":33},{"not_picked":["Gash+1","Hologram"],"picked":"Rebound","floor":35},{"not_picked":["Rip and Tear","Steam Power"],"picked":"Auto Shields+1","floor":36},{"not_picked":["Self Repair","Barrage+1"],"picked":"Aggregate+1","floor":39},{"not_picked":["Enlightenment","Apotheosis"],"picked":"Transmutation","floor":42},{"not_picked":["Glacier","Rebound"],"picked":"Turbo+1","floor":45},{"not_picked":["Genetic Algorithm+1","Barrage"],"picked":"Beam Cell","floor":47},{"not_picked":["Gash+1","Redo"],"picked":"Ball Lightning+1","floor":48}],"player_experience":132201,"relics_obtained":[{"floor":7.0,"key":"Whetstone"},{"floor":9.0,"key":"Boot"},{"floor":24,"key":"Symbiotic Virus"},{"floor":26,"key":"Mango"},{"floor":43,"key":"HornCleat"}],"event_choices":[{"damage_healed":0.0,"max_hp_gain":0.0,"max_hp_loss":0.0,"gold_gain":0.0,"event_name":"Upgrade Shrine","player_choice":"Upgraded","floor":3.0,"gold_loss":0.0,"damage_taken":0.0,"cards_upgraded":["Zap"]},{"damage_healed":0.0,"max_hp_gain":0.0,"max_hp_loss":0.0,"gold_gain":0.0,"event_name":"FaceTrader","player_choice":"Trade","floor":8.0,"gold_loss":0.0,"damage_taken":0.0,"relics_obtained":["GremlinMask"]},{"damage_healed":0,"gold_gain":0,"player_choice":"Bought 0 Potions","damage_taken":0,"max_hp_gain":0,"max_hp_loss":0,"event_name":"The Woman in Blue","floor":20,"gold_loss":0},{"damage_healed":0,"gold_gain":0,"player_choice":"Upgraded","damage_taken":0,"max_hp_gain":0,"max_hp_loss":0,"event_name":"Upgrade Shrine","floor":25,"gold_loss":0,"cards_upgraded":["Chaos"]},{"damage_healed":0,"gold_gain":0,"player_choice":"Ignored","damage_taken":0,"max_hp_gain":0,"max_hp_loss":0,"event_name":"Mysterious Sphere","floor":37,"gold_loss":0},{"cards_removed":["Strike_B"],"damage_healed":0,"gold_gain":0,"player_choice":"Removed Attack","damage_taken":0,"max_hp_gain":0,"max_hp_loss":0,"event_name":"Falling","floor":38,"gold_loss":0},{"damage_healed":0,"gold_gain":0,"player_choice":"Memory 1","damage_taken":0,"max_hp_gain":0,"max_hp_loss":0,"event_name":"SensoryStone","floor":42,"gold_loss":0}],"is_beta":true,"boss_relics":[{"not_picked":["FrozenCore","Runic Dome"],"picked":"Inserter"},{"not_picked":["Coffee Dripper","Busted Crown"],"picked":"Fusion Hammer"}],"items_purged_floors":[],"is_endless":false,"potions_floor_spawned":[1,5,7,14,18,19,33,35,36,47],"ascension_level":0}}