{"host":"8zzc9mdnfkdiyxma","time":1608008867,"event":{"mods":["2.2 Compatiblity","BaseMod","Better Altar","Better Match","Better Note","Better Sensory Stone","Better Skull","Better Third Choice","Better Vampires","Colored Map","Colored Powertips","Downfall","Emptier Cage","Energized Spire","Minty Spire (QoL Compilation)","Permanent Neow","Rare Cards Sparkle","Relic Filter","SacredBarkPlus","StSLib","Waifu the Spire"],"gold_per_floor":[118,130,145,70,82,101,101,112,132,165,15,15,15,15,15,117,117,135,148,165,1,11,24,24,124,124,142,142,176,101,120,120,221,271,287,306,326,326,0,0,0,0,29,46,65,65,24,34,34,34],"floor_reached":51,"playtime":4145,"items_purged":[],"score":755,"play_id":"a679289b-f5fb-49e0-9675-24094c194563","local_time":"20201215000747","is_ascension_mode":false,"campfire_choices":[{"data":"Slimebound:SelfFormingGoo","floor":11,"key":"SMITH"},{"data":"Slimebound:LevelUp","floor":13,"key":"SMITH"},{"data":"Slimebound:GrowthPunch","floor":15,"key":"SMITH"},{"data":"Slimebound:SelfFormingGoo","floor":26,"key":"SMITH"},{"floor":28,"key":"RECALL"},{"data":"Slimebound:SplitMire","floor":30,"key":"SMITH"},{"data":"Slimebound:GrowthPunch","floor":32,"key":"SMITH"},{"data":"Slimebound:Teamwork","floor":40,"key":"SMITH"},{"data":"Slimebound:GrowthPunch","floor":46,"key":"SMITH"},{"data":"Slimebound:Darklings","floor":49,"key":"SMITH"}],"circlet_count":0,"master_deck":["Slimebound:Strike_Slimebound","Slimebound:Strike_Slimebound","Slimebound:Strike_Slimebound","Slimebound:Defend_Slimebound","Slimebound:Defend_Slimebound","Slimebound:Defend_Slimebound","Slimebound:Defend_Slimebound","Slimebound:Split+1","Slimebound:LevelUp+1","Slimebound:RejuvenatingLick","Slimebound:SamplingLick+1","Slimebound:Teamwork+1","Slimebound:GrowthPunch+1","Slimebound:SelfFormingGoo+1","Slimebound:FormOfPuddle","Slimebound:SplitLeeching","Slimebound:MassFeed","Slimebound:SplitBruiser+1","Slimebound:AcidTongue+1","Slimebound:DisruptingSlam+1","Slimebound:Repurpose","Slimebound:SelfFormingGoo+1","Slimebound:SelfFormingGoo+1","Slimebound:Repurpose","Slimebound:SplitMire+1","Slimebound:SplitLeeching","Slimebound:GrowthPunch+1","Slimebound:Teamwork+1","Slimebound:SamplingLick+1","Slimebound:SplitMire+1","Slimebound:SplitBruiser","Slimebound:Darklings+1","Slimebound:SelfFormingGoo+1","Slimebound:GrowthPunch+1","Parasite","Slimebound:SpikyOuterGoop+1","Slimebound:WasteNot","Slimebound:SplitAcid","Slimebound:LevelUp+1"],"relics":["Slimebound:AbsorbEndCombat","Gambling Chip","downfall:HeartBlessingBlue","downfall:HeartBlessingGreen","Coffee Dripper","DollysMirror","Frozen Egg 2","downfall:GremlinWheel","Sundial","downfall:HeartBlessingRed","Tiny House","ClockworkSouvenir","Lantern","Gremlin Horn","Mercury Hourglass"],"acts_visited":["Exordium","TheCity","TheBeyond"],"potions_floor_usage":[16,19,23,25,29,44,47],"damage_taken":[{"damage":15,"enemies":"Cultist","floor":1,"turns":4},{"damage":10,"enemies":"Small Slimes","floor":2,"turns":4},{"damage":2,"enemies":"2 Louse","floor":3,"turns":3},{"damage":25,"enemies":"Gremlin Gang","floor":5,"turns":4},{"damage":8,"enemies":"Large Slime","floor":6,"turns":6},{"damage":19,"enemies":"Lots of Slimes","floor":8,"turns":4},{"damage":8,"enemies":"2 Fungi Beasts","floor":9,"turns":4},{"damage":35,"enemies":"Gremlin Nob","floor":10,"turns":5},{"damage":26,"enemies":"downfall:Silent","floor":16,"turns":8},{"damage":12,"enemies":"Shell Parasite","floor":18,"turns":5},{"damage":18,"enemies":"Spheric Guardian","floor":19,"turns":5},{"damage":16,"enemies":"Snecko","floor":20,"turns":4},{"damage":16,"enemies":"downfall:FleeingMerchant","floor":21,"turns":4},{"damage":23,"enemies":"Snake Plant","floor":22,"turns":4},{"damage":24,"enemies":"Sentry and Sphere","floor":23,"turns":6},{"damage":20,"enemies":"Sentry and Sphere","floor":25,"turns":4},{"damage":22,"enemies":"Snecko","floor":27,"turns":6},{"damage":42,"enemies":"Gremlin Leader","floor":29,"turns":7},{"damage":32,"enemies":"Snake Plant","floor":31,"turns":3},{"damage":74,"enemies":"downfall:Watcher","floor":33,"turns":7},{"damage":12,"enemies":"3 Shapes","floor":35,"turns":3},{"damage":15,"enemies":"Orb Walker","floor":36,"turns":3},{"damage":8,"enemies":"4 Shapes","floor":37,"turns":4},{"damage":24,"enemies":"downfall:FleeingMerchant","floor":39,"turns":4},{"damage":37,"enemies":"Giant Head","floor":43,"turns":6},{"damage":32,"enemies":"Spire Growth","floor":44,"turns":4},{"damage":36,"enemies":"Writhing Mass","floor":45,"turns":4},{"damage":18,"enemies":"downfall:FleeingMerchant","floor":47,"turns":4},{"damage":42,"enemies":"Transient","floor":48,"turns":5},{"damage":51,"enemies":"downfall:Ironclad","floor":50,"turns":7}],"seed_played":"5644539635886417666","potions_obtained":[{"floor":2,"key":"Strength Potion"},{"floor":5,"key":"SkillPotion"},{"floor":10,"key":"Explosive Potion"},{"floor":16,"key":"Regen Potion"},{"floor":19,"key":"Fruit Juice"},{"floor":23,"key":"champ:CounterPotion"},{"floor":25,"key":"Fruit Juice"},{"floor":31,"key":"Slimebound:SlimedPotion"},{"floor":34,"key":"Ancient Potion"},{"floor":35,"key":"Fire Potion"},{"floor":36,"key":"Block Potion"},{"floor":37,"key":"Dexterity Potion"},{"floor":45,"key":"Swift Potion"}],"is_trial":false,"path_per_floor":["M","M","M","?","M","M","T","M","M","E","R","?","R","?","R","B",null,"M","M","M","$","M","M","T","?","R","M","R","E","R","M","R","B",null,"M","M","M","?","$","R","T","?","E","M","M","R","$","M","R","B",null],"character_chosen":"SLIMEBOUND","items_purchased":["DollysMirror","ClockworkSouvenir","Lantern","Slimebound:SplitAcid"],"campfire_rested":0,"item_purchase_floors":[21,39,39,47],"current_hp_per_floor":[56,58,60,60,53,60,60,54,54,37,47,47,47,47,47,51,70,70,73,76,76,61,72,72,71,71,66,66,64,64,56,56,26,91,91,91,97,97,95,95,95,95,93,85,97,97,97,83,83,91],"gold":34,"neow_bonus":"UPGRADE_CARD","is_daily":false,"chose_seed":false,"campfire_upgraded":9,"win_rate":0.0,"timestamp":1608008867,"path_taken":["M","M","?","?","M","?","T","M","M","E","R","?","R","?","R","BOSS","M","M","M","$","?","M","T","?","R","M","R","E","R","?","R","BOSS","M","M","M","?","$","R","T","?","E","M","M","R","$","M","R","BOSS"],"items_purchased_type":["Relic","Relic","Relic","Card"],"build_version":"2020-12-13","purchased_purges":0,"victory":true,"max_hp_per_floor":[60,60,60,60,60,60,60,60,60,60,70,70,70,70,70,70,70,70,75,78,78,78,78,78,83,83,86,86,86,86,86,86,86,91,91,94,97,97,97,97,97,97,97,97,97,97,97,97,97,100],"card_choices":[{"not_picked":["Slimebound:SplitMire","Slimebound:SplitAcid"],"picked":"Slimebound:LevelUp","floor":1},{"not_picked":["Slimebound:SplitLeeching","Slimebound:BestDefense"],"picked":"Slimebound:RejuvenatingLick","floor":2},{"not_picked":["Slimebound:LeechEnergy","Slimebound:Replication"],"picked":"Slimebound:SamplingLick","floor":3},{"not_picked":["Slimebound:MassRepurpose+1","Slimebound:DuplicatedForm+1"],"picked":"Slimebound:Teamwork+1","floor":4},{"not_picked":["Slimebound:Grow","Slimebound:LeechEnergy","Slimebound:FirmFortitude"],"picked":"SKIP","floor":5},{"not_picked":["Slimebound:GoopTackle","Slimebound:FinishingTackle"],"picked":"Slimebound:GrowthPunch","floor":6},{"not_picked":["Slimebound:HauntingLick","Slimebound:ForwardTackle"],"picked":"Slimebound:SelfFormingGoo","floor":8},{"not_picked":["Slimebound:Chomp","Slimebound:LeechEnergy"],"picked":"Slimebound:FormOfPuddle","floor":9},{"not_picked":["Slimebound:Equalize","Slimebound:RollThrough"],"picked":"Slimebound:SplitLeeching","floor":10},{"not_picked":["Slimebound:DuplicatedForm","Slimebound:PrepareCrush"],"picked":"Slimebound:MassFeed","floor":16},{"not_picked":["Slimebound:ComboTackle","Slimebound:SlimeSpikes+1"],"picked":"Slimebound:SplitBruiser+1","floor":18},{"not_picked":["Slimebound:Repurpose","Slimebound:ComboTackle"],"picked":"Slimebound:AcidTongue+1","floor":19},{"not_picked":["Slimebound:ComboTackle+1","Slimebound:GoopTackle"],"picked":"Slimebound:DisruptingSlam+1","floor":20},{"not_picked":["Slimebound:Equalize","Slimebound:SlimeSpikes"],"picked":"Slimebound:Repurpose","floor":21},{"not_picked":["Slimebound:PressTheAttack","Slimebound:FinishingTackle"],"picked":"Slimebound:SelfFormingGoo","floor":22},{"not_picked":["Slimebound:ItLooksTasty","Slimebound:FinishingTackle"],"picked":"Slimebound:Repurpose","floor":23},{"not_picked":["Slimebound:LeechEnergy","Slimebound:RollThrough"],"picked":"Slimebound:SplitMire","floor":27},{"not_picked":["Slimebound:LeechEnergy+1","Slimebound:FlameTackle"],"picked":"Slimebound:SplitLeeching","floor":29},{"not_picked":["Slimebound:SamplingLick","Slimebound:RollThrough"],"picked":"Slimebound:GrowthPunch","floor":31},{"not_picked":["Slimebound:RallyTheTroops","Slimebound:MassFeed"],"picked":"Slimebound:Teamwork","floor":33},{"not_picked":["Slimebound:SplitAcid","Slimebound:ViciousTackle"],"picked":"Slimebound:SamplingLick+1","floor":34},{"not_picked":["Slimebound:LeechingTouch+1","Slimebound:ViciousTackle+1","Slimebound:Equalize"],"picked":"SKIP","floor":35},{"not_picked":["Slimebound:LeechEnergy","Slimebound:ItLooksTasty+1","Slimebound:Schlurp+1"],"picked":"SKIP","floor":36},{"not_picked":["Slimebound:SamplingLick","Slimebound:LeechingTouch+1"],"picked":"Slimebound:SplitMire+1","floor":37},{"not_picked":["Slimebound:Chomp+1","Slimebound:RollThrough+1"],"picked":"Slimebound:SplitBruiser","floor":39},{"not_picked":["Slimebound:MegaLick","Slimebound:FinishingTackle+1"],"picked":"Slimebound:SelfFormingGoo+1","floor":43},{"not_picked":["Slimebound:FinishingTackle","Slimebound:ItLooksTasty+1"],"picked":"Slimebound:GrowthPunch","floor":44},{"not_picked":["Slimebound:GoopSpray+1","Slimebound:SlimeTap"],"picked":"Slimebound:SpikyOuterGoop+1","floor":45},{"not_picked":["Slimebound:SplitAcid+1","Slimebound:CheckThePlaybook"],"picked":"Slimebound:WasteNot","floor":47},{"not_picked":["Slimebound:SplitMire+1","Slimebound:PressTheAttack+1"],"picked":"Slimebound:LevelUp+1","floor":48}],"player_experience":1007587,"relics_obtained":[{"floor":10,"key":"Gambling Chip"},{"floor":24,"key":"Frozen Egg 2"},{"floor":25,"key":"downfall:GremlinWheel"},{"floor":29,"key":"Sundial"},{"floor":41,"key":"Gremlin Horn"},{"floor":43,"key":"Mercury Hourglass"}],"event_choices":[{"damage_healed":0,"gold_gain":0,"player_choice":"2","damage_taken":0,"max_hp_gain":0,"max_hp_loss":0,"event_name":"betterMatch:BetterMatch","floor":4,"gold_loss":0,"cards_obtained":["betterMatch:RareCard"]},{"cards_removed":["Slimebound:Tackle"],"damage_healed":0,"gold_gain":0,"player_choice":"Offered Basic","damage_taken":0,"max_hp_gain":0,"max_hp_loss":0,"event_name":"Bonfire Elementals","floor":14,"gold_loss":0},{"cards_removed":["Slimebound:CorrosiveSpit"],"damage_healed":0,"gold_gain":0,"player_choice":"Card Removal","damage_taken":0,"max_hp_gain":0,"max_hp_loss":0,"event_name":"Wheel of Change","floor":26,"gold_loss":0}],"is_beta":false,"boss_relics":[{"not_picked":["energizedSpire:MagnifyingGlass","Fusion Hammer"],"picked":"Coffee Dripper"},{"not_picked":["energizedSpire:StickyHand","Snecko Eye"],"picked":"Tiny House"}],"items_purged_floors":[],"is_endless":false,"potions_floor_spawned":[2,5,10,16,19,23,25,31,35,36,37,45],"ascension_level":0}}