{"host":"ryj1bk6ra0180tiy","time":1608014029,"event":{"mods":["BaseMod","Colored Map","Colored Powertips","Downfall","Highlight Path","Infinite Spire","Marisa????????","Minty Spire (QoL Compilation)","READ ME - Guardian Mod","Remilia??????","StSLib","The Bug Knight"],"gold_per_floor":[118,118,43,61,61,61,61,89,89,102,148,160,198,52,52,153,153,163,195,195,195],"floor_reached":20,"playtime":4611,"items_purged":["Defend_RM"],"score":246,"play_id":"a3ee97e8-4d8b-4944-a457-2247a4136e04","local_time":"20201215163349","is_ascension_mode":true,"campfire_choices":[{"data":"BlasphemousPunishment","floor":6.0,"key":"SMITH"},{"data":"DevilSight","floor":15.0,"key":"SMITH"}],"circlet_count":0,"master_deck":["Strike_RM","Strike_RM","Strike_RM","Defend_RM","Defend_RM","Defend_RM","RedMoon+1","ScarletShoot+1","BlasphemousPunishment+1","DevilSight+1","FavorOfDestiny","FavorOfDestiny","SuperhumanBloodyKnife","QueenOfMidnight","Maim","BombardNight+1"],"relics":["ScarletHat","Orichalcum","White Beast Statue","Torii","Strawberry","Coffee Dripper"],"acts_visited":[],"potions_floor_usage":[],"damage_taken":[{"damage":4.0,"enemies":"Cultist","floor":1.0,"turns":4.0},{"damage":10.0,"enemies":"Jaw Worm","floor":4.0,"turns":2.0},{"damage":13.0,"enemies":"Gremlin Nob","floor":8.0,"turns":4.0},{"damage":0.0,"enemies":"2 Louse","floor":10.0,"turns":5.0},{"damage":14.0,"enemies":"Lagavulin","floor":11.0,"turns":4.0},{"damage":10.0,"enemies":"Large Slime","floor":12.0,"turns":6.0},{"damage":10.0,"enemies":"Looter","floor":13.0,"turns":4.0},{"damage":9.0,"enemies":"Slime Boss","floor":16.0,"turns":8.0},{"damage":10.0,"enemies":"Shell Parasite","floor":18.0,"turns":5.0},{"damage":17.0,"enemies":"Spheric Guardian","floor":19.0,"turns":4.0},{"damage":0,"enemies":"Centurion and Healer","floor":20,"turns":1}],"seed_played":"-7919824253243555367","potions_obtained":[{"floor":8.0,"key":"Block Potion"},{"floor":10.0,"key":"Strength Potion"},{"floor":10.0,"key":"FearPotion"},{"floor":11.0,"key":"FearPotion"},{"floor":12.0,"key":"ColorlessPotion"},{"floor":12.0,"key":"Fire Potion"},{"floor":12.0,"key":"PowerPotion"},{"floor":13.0,"key":"Block Potion"},{"floor":13.0,"key":"Strength Potion"},{"floor":16.0,"key":"AttackPotion"},{"floor":16.0,"key":"Swift Potion"},{"floor":16.0,"key":"Fire Potion"},{"floor":19.0,"key":"PowerPotion"}],"is_trial":false,"path_per_floor":["M","?","$","M","?","R","$","E","T","M","E","M","M","$","R","B",null,"M","M","M"],"character_chosen":"REMILIA","items_purchased":["Strawberry"],"campfire_rested":0,"item_purchase_floors":[14],"current_hp_per_floor":[71,71,71,61,61,61,61,51,51,54,47,45,41,48,48,45,82,82,78,78,78],"gold":195,"neow_bonus":"UPGRADE_CARD","is_daily":false,"chose_seed":false,"campfire_upgraded":2,"win_rate":0.0,"timestamp":1608014029,"path_taken":["M","?","?","?","?","R","$","E","T","M","E","M","M","$","R","BOSS","M","?","M"],"items_purchased_type":["Relic"],"build_version":"2020-12-13","purchased_purges":1,"victory":false,"max_hp_per_floor":[75,75,75,75,75,75,75,75,75,75,75,75,75,82,82,82,82,82,82,82,82],"card_choices":[{"not_picked":["Stigmanizer","RedRainbow"],"picked":"BlasphemousPunishment","floor":1.0},{"not_picked":["Stigmanizer","ScarletImprint"],"picked":"DevilSight","floor":4.0},{"not_picked":["ScarletDevil","GlobalNightmare"],"picked":"FavorOfDestiny","floor":8.0},{"not_picked":["RedRainbow","GlobalNightmare"],"picked":"FavorOfDestiny","floor":10.0},{"not_picked":["ScarletImprint","BombardNight","ChainGang"],"picked":"SKIP","floor":11.0},{"not_picked":["BloodHunter","Ultimatum","CharismaGuard"],"picked":"SKIP","floor":12.0},{"not_picked":["NightLord","UnstableMagic"],"picked":"SuperhumanBloodyKnife","floor":13.0},{"not_picked":["BloodySeventeenLaser","ScarletMeister"],"picked":"QueenOfMidnight","floor":16.0},{"not_picked":["Stigmanizer","ScarletImprint"],"picked":"Maim","floor":18.0},{"not_picked":["UnderTheZenith","NightLord"],"picked":"BombardNight+1","floor":19.0}],"player_experience":3171101,"relics_obtained":[{"floor":8.0,"key":"Orichalcum"},{"floor":9.0,"key":"White Beast Statue"},{"floor":11.0,"key":"Torii"}],"event_choices":[{"cards_removed":["Strike_RM"],"damage_healed":0.0,"max_hp_gain":0.0,"max_hp_loss":0.0,"gold_gain":0.0,"event_name":"Purifier","player_choice":"Purged","floor":2.0,"gold_loss":0.0,"damage_taken":0.0},{"damage_healed":0.0,"max_hp_gain":0.0,"max_hp_loss":0.0,"gold_gain":0.0,"event_name":"Upgrade Shrine","player_choice":"Upgraded","floor":5.0,"gold_loss":0.0,"damage_taken":0.0,"cards_upgraded":["ScarletShoot"]}],"is_beta":false,"boss_relics":[{"not_picked":["Sozu","Philosopher\u0027s Stone"],"picked":"Coffee Dripper"}],"items_purged_floors":[3],"is_endless":true,"potions_floor_spawned":[8,10,12,13,16,18,19],"killed_by":"Centurion and Healer","ascension_level":1}}