{"host":"turdyikuxcak11ni","time":1608034645,"event":{"mods":["AchievementEnabler","BaseMod","Better Altar","Better Match","Better Note","Better Sensory Stone","Better Skull","Better Third Choice","Better Vampires","Colored Map","Conspire","Downfall","Hubris","Minty Spire (QoL Compilation)","Quick Restart","Relic Stats","Replay The Spire","Spicy Shops","StSLib","SuperFastMode"],"gold_per_floor":[115,131,143,156,156,188,188,215,215,286,286,327,327,400,400,503,503,564,564,564,622,667,667],"floor_reached":22,"playtime":1537,"items_purged":[],"score":289,"play_id":"0faeb692-2afb-46cd-ab70-5818c5829b14","local_time":"20201215041725","is_ascension_mode":true,"campfire_choices":[{"data":"Armaments","floor":7,"key":"SMITH"},{"floor":11,"key":"REST"},{"floor":15,"key":"REST"}],"circlet_count":0,"master_deck":["Strike_R","Strike_R","Strike_R","Strike_R","Strike_R","Defend_R","Defend_R","Defend_R","Defend_R","Bash","Armaments+1","Battle Trance","Pummel","Massacre","Fiend Fire","Evolve"],"relics":["Burning Blood","ReplayTheSpireMod:Ring of Collecting","ReplayTheSpireMod:Ring of Addiction","Toy Ornithopter","hubris:EmptyBottle","Blood Vial","Sundial","ReplayTheSpireMod:Ring of Challenge","hubris:GlazedTorus","Mercury Hourglass","hubris:ChampionShield","Nunchaku","Philosopher\u0027s Stone","Happy Flower","hubris:Towel"],"acts_visited":["Exordium","TheCity"],"potions_floor_usage":[3,6,6,6,6,8,8,10,10,10,10,12,12,21,21,22,22],"damage_taken":[{"damage":9,"enemies":"2 Louse","floor":1,"turns":3},{"damage":3,"enemies":"Small Slimes","floor":2,"turns":4},{"damage":2,"enemies":"Jaw Worm","floor":3,"turns":2},{"damage":13,"enemies":"Blue Slaver","floor":4,"turns":5},{"damage":8,"enemies":"Lagavulin","floor":6,"turns":8},{"damage":38,"enemies":"Gremlin Nob","floor":8,"turns":5},{"damage":46,"enemies":"Lagavulin","floor":10,"turns":10},{"damage":32,"enemies":"3 Sentries","floor":12,"turns":5},{"damage":39,"enemies":"Lagavulin","floor":14,"turns":11},{"damage":49,"enemies":"Fading Forest","floor":16,"turns":11},{"damage":50,"enemies":"Chosen","floor":18,"turns":8},{"damage":10,"enemies":"Shell Parasite","floor":21,"turns":8},{"damage":64,"enemies":"Shelled Parasite and Fungi","floor":22,"turns":4}],"seed_played":"4985933653394223467","potions_obtained":[{"floor":2,"key":"DistilledChaos"},{"floor":5,"key":"EssenceOfSteel"},{"floor":5,"key":"sneckomod:MuddlingPotion"},{"floor":5,"key":"BlessingOfTheForge"},{"floor":6,"key":"Explosive Potion"},{"floor":8,"key":"Explosive Potion"},{"floor":10,"key":"Slimebound:ThreeZeroPotion"},{"floor":16,"key":"Explosive Potion"},{"floor":21,"key":"BlessingOfTheForge"}],"is_trial":false,"path_per_floor":["M","M","M","M","?","E","R","E","T","E","R","E","?","E","R","B",null,"M","?","?","M","M"],"character_chosen":"IRONCLAD","items_purchased":[],"campfire_rested":2,"item_purchase_floors":[],"current_hp_per_floor":[77,80,84,77,77,86,86,56,56,38,64,50,50,19,45,12,68,26,26,26,34,0,0],"gold":667,"neow_bonus":"TEN_PERCENT_HP_BONUS","is_daily":false,"chose_seed":false,"campfire_upgraded":1,"win_rate":0.0,"timestamp":1608034645,"path_taken":["M","M","M","M","?","E","R","E","T","E","R","E","?","E","R","BOSS","M","?","?","M","M"],"items_purchased_type":[],"build_version":"2020-12-13","purchased_purges":0,"victory":false,"max_hp_per_floor":[88,88,88,88,88,88,88,88,88,88,88,88,88,88,88,86,86,86,84,84,84,84,84],"relic_stats":{"Blood Vial":16,"Nunchaku":[4],"Happy Flower":[4],"counters":[13,84],"Sundial":[16],"obtain_stats":[{"Happy Flower":18,"ReplayTheSpireMod:Ring of Addiction":5,"hubris:EmptyBottle":5,"hubris:Towel":20,"Burning Blood":0,"Mercury Hourglass":10,"Blood Vial":6,"Nunchaku":14,"Sundial":8,"ReplayTheSpireMod:Ring of Collecting":5,"Philosopher\u0027s Stone":17,"ReplayTheSpireMod:Ring of Challenge":9,"hubris:ChampionShield":12,"Toy Ornithopter":5,"hubris:GlazedTorus":9},{"Happy Flower":11,"ReplayTheSpireMod:Ring of Addiction":4,"hubris:EmptyBottle":4,"hubris:Towel":11,"Burning Blood":0,"Mercury Hourglass":7,"Blood Vial":5,"Nunchaku":9,"Sundial":6,"ReplayTheSpireMod:Ring of Collecting":4,"Philosopher\u0027s Stone":10,"ReplayTheSpireMod:Ring of Challenge":6,"hubris:ChampionShield":8,"Toy Ornithopter":4,"hubris:GlazedTorus":6},{"Happy Flower":72,"ReplayTheSpireMod:Ring of Addiction":14,"hubris:EmptyBottle":14,"hubris:Towel":72,"Burning Blood":0,"Mercury Hourglass":37,"Blood Vial":22,"Nunchaku":53,"Sundial":27,"ReplayTheSpireMod:Ring of Collecting":14,"Philosopher\u0027s Stone":64,"ReplayTheSpireMod:Ring of Challenge":27,"hubris:ChampionShield":42,"Toy Ornithopter":14,"hubris:GlazedTorus":27}],"Burning Blood":72,"Toy Ornithopter":61,"Mercury Hourglass":[108]},"card_choices":[{"not_picked":["Headbutt","Second Wind"],"picked":"Armaments","floor":1},{"not_picked":["Shockwave","Heavy Blade"],"picked":"Battle Trance","floor":2},{"not_picked":["ReplayTheSpireMod:Corrosion Curse","ReplayTheSpireMod:Limb From Limb","Pommel Strike"],"picked":"SKIP","floor":3},{"not_picked":["Feel No Pain","Defy Death","Dark Embrace"],"picked":"SKIP","floor":4},{"not_picked":["Second Wind","Pommel Strike"],"picked":"Pummel","floor":6},{"not_picked":["ReplayReversal","Flex","conspire:Charge"],"picked":"SKIP","floor":8},{"not_picked":["Armaments","Battle Trance","Power Through"],"picked":"SKIP","floor":10},{"not_picked":["Twin Strike","Demon Form"],"picked":"Massacre","floor":12},{"not_picked":["Headbutt","Defy Death","Thunderclap"],"picked":"SKIP","floor":14},{"not_picked":["Exhume","hubris:StunningStrike"],"picked":"Fiend Fire","floor":16},{"not_picked":["Clash","Pommel Strike+1","ReplayTheSpireMod:Strike From Hell"],"picked":"SKIP","floor":18},{"not_picked":["Sword Boomerang","ReplayTheSpireMod:Muscle Training"],"picked":"Evolve","floor":21}],"player_experience":246057,"relics_obtained":[{"floor":5,"key":"ReplayTheSpireMod:Ring of Collecting"},{"floor":5,"key":"ReplayTheSpireMod:Ring of Addiction"},{"floor":5,"key":"Toy Ornithopter"},{"floor":5,"key":"hubris:EmptyBottle"},{"floor":6,"key":"Blood Vial"},{"floor":8,"key":"Sundial"},{"floor":9,"key":"ReplayTheSpireMod:Ring of Challenge"},{"floor":9,"key":"hubris:GlazedTorus"},{"floor":10,"key":"Mercury Hourglass"},{"floor":12,"key":"hubris:ChampionShield"},{"floor":14,"key":"Nunchaku"},{"floor":18,"key":"Happy Flower"}],"event_choices":[{"damage_healed":0,"gold_gain":0,"player_choice":"Leave","damage_taken":0,"max_hp_gain":0,"max_hp_loss":0,"event_name":"conspire:Investor","floor":13,"gold_loss":0},{"cards_removed":["Looming Evil"],"damage_healed":0,"gold_gain":0,"player_choice":"Elegance","damage_taken":0,"max_hp_gain":0,"max_hp_loss":0,"event_name":"betterThird:BetterWriting","floor":19,"gold_loss":0}],"is_beta":false,"boss_relics":[{"not_picked":["Painkiller Herb","hubris:BlackHole"],"picked":"Philosopher\u0027s Stone"}],"items_purged_floors":[],"is_endless":false,"potions_floor_spawned":[2,6,8,10,16,21],"killed_by":"Shelled Parasite and Fungi","ascension_level":6}}