{"host":"i4eavuqabbk5mi94","time":1608050875,"event":{"mods":["BaseMod","Googly Eyes","Minty Spire (QoL Compilation)"],"gold_per_floor":[117,117,128,139,239,266,266,292,292,292,306,339,352,366,366,469,469,487,503,183,203,203,203,222,257,257,257,287,287,306,318,318,418,418,437,448,460,470,150,182,182,211,235,235,235],"floor_reached":44,"playtime":9732,"items_purged":["Strike_G","Grand Finale+1"],"score":640,"play_id":"490a4ad2-ff3b-4547-b3a5-61cc1333b52e","local_time":"20201215164755","is_ascension_mode":true,"campfire_choices":[{"floor":7.0,"key":"REST"},{"floor":10.0,"key":"REST"},{"floor":15.0,"key":"REST"},{"data":"Apotheosis","floor":23,"key":"SMITH"},{"floor":27,"key":"REST"},{"floor":29,"key":"REST"},{"floor":32,"key":"REST"},{"floor":41,"key":"REST"}],"circlet_count":0,"master_deck":["Defend_G","Defend_G","Defend_G","Defend_G","Survivor","Neutralize+1","Quick Slash","Flying Knee","Backflip","Footwork","Leg Sweep","Storm of Steel","Poisoned Stab","Prepared","Die Die Die+1","Bane+1","Apotheosis+1","Noxious Fumes","Acrobatics","PiercingWail+1","Catalyst+1","Footwork","Footwork+1","Envenom","Noxious Fumes+1","Flying Knee+1","Terror","Blur+1"],"relics":["Ring of the Snake","Incense Burner","Bottled Lightning","Singing Bowl","Letter Opener","Nunchaku","HoveringKite","Mercury Hourglass","Toy Ornithopter","Dead Branch","Astrolabe","Happy Flower","Art of War","White Beast Statue","Whetstone"],"acts_visited":["Exordium","TheCity","TheBeyond"],"potions_floor_usage":[19,25,33,33,37,40],"damage_taken":[{"damage":0.0,"enemies":"Jaw Worm","floor":1.0,"turns":6.0},{"damage":5.0,"enemies":"2 Louse","floor":3.0,"turns":2.0},{"damage":0.0,"enemies":"Cultist","floor":4.0,"turns":2.0},{"damage":18.0,"enemies":"Lagavulin","floor":6.0,"turns":8.0},{"damage":25.0,"enemies":"Gremlin Nob","floor":8.0,"turns":5.0},{"damage":2.0,"enemies":"2 Fungi Beasts","floor":11.0,"turns":4.0},{"damage":3.0,"enemies":"3 Sentries","floor":12.0,"turns":12.0},{"damage":13.0,"enemies":"Blue Slaver","floor":13.0,"turns":5.0},{"damage":0.0,"enemies":"Exordium Wildlife","floor":14.0,"turns":3.0},{"damage":39.0,"enemies":"Slime Boss","floor":16.0,"turns":19.0},{"damage":0,"enemies":"3 Byrds","floor":18,"turns":5},{"damage":3,"enemies":"2 Thieves","floor":19,"turns":3},{"damage":19,"enemies":"Chosen and Byrds","floor":21,"turns":7},{"damage":18,"enemies":"Shelled Parasite and Fungi","floor":24,"turns":8},{"damage":0,"enemies":"Book of Stabbing","floor":25,"turns":6},{"damage":7,"enemies":"Slavers","floor":28,"turns":5},{"damage":0,"enemies":"Snake Plant","floor":30,"turns":4},{"damage":0,"enemies":"Centurion and Healer","floor":31,"turns":6},{"damage":26,"enemies":"Automaton","floor":33,"turns":8},{"damage":6,"enemies":"Orb Walker","floor":35,"turns":4},{"damage":53,"enemies":"3 Darklings","floor":36,"turns":4},{"damage":17,"enemies":"Writhing Mass","floor":37,"turns":6},{"damage":2,"enemies":"Maw","floor":38,"turns":9},{"damage":22,"enemies":"Nemesis","floor":40,"turns":9},{"damage":2,"enemies":"Giant Head","floor":42,"turns":9},{"damage":59,"enemies":"Nemesis","floor":44,"turns":8}],"seed_played":"-3379042586127536742","potions_obtained":[{"floor":1.0,"key":"CunningPotion"},{"floor":12.0,"key":"Swift Potion"},{"floor":13.0,"key":"SkillPotion"},{"floor":14.0,"key":"Poison Potion"},{"floor":18,"key":"Energy Potion"},{"floor":24,"key":"AttackPotion"},{"floor":30,"key":"Poison Potion"},{"floor":31,"key":"LiquidBronze"},{"floor":35,"key":"FairyPotion"},{"floor":36,"key":"AttackPotion"},{"floor":38,"key":"Explosive Potion"},{"floor":42,"key":"Swift Potion"}],"is_trial":false,"path_per_floor":["M","?","M","M","?","E","R","E","T","R","M","E","M","M","R","B",null,"M","M","$","M","?","R","M","E","T","R","E","R","M","M","R","B",null,"M","M","M","M","$","E","R","E","T","E"],"character_chosen":"THE_SILENT","items_purchased":["Apotheosis","Noxious Fumes","Happy Flower","EssenceOfSteel"],"campfire_rested":7,"item_purchase_floors":[20,20,39,39],"current_hp_per_floor":[63,51,46,46,46,28,46,21,21,39,37,34,21,23,42,3,65,67,64,64,47,35,35,17,17,17,39,32,54,54,54,74,48,74,70,19,9,7,7,24,48,48,48,0,0],"gold":235,"neow_bonus":"REMOVE_TWO","is_daily":false,"chose_seed":false,"campfire_upgraded":1,"win_rate":0.0,"timestamp":1608050875,"path_taken":["M","?","M","M","?","E","R","E","T","R","M","E","?","M","R","BOSS","M","M","$","M","?","R","M","E","T","R","E","R","M","M","R","BOSS","M","M","M","M","$","E","R","E","T","E"],"items_purchased_type":["Card","Card","Relic","Potion"],"build_version":"2020-12-13","purchased_purges":2,"victory":false,"max_hp_per_floor":[63,63,63,63,63,63,63,63,63,63,63,63,63,65,65,65,65,67,67,67,69,74,74,74,74,74,74,74,74,74,74,74,74,74,76,78,80,80,80,80,80,82,82,82,82],"card_choices":[{"not_picked":["Backstab","Flying Knee"],"picked":"Quick Slash","floor":1.0},{"not_picked":["Deflect","Endless Agony"],"picked":"Flying Knee","floor":3.0},{"not_picked":["Dagger Throw","Bouncing Flask"],"picked":"Backflip","floor":4.0},{"not_picked":["Choke","Catalyst"],"picked":"Footwork","floor":6.0},{"not_picked":["Dagger Throw","Riddle With Holes"],"picked":"Leg Sweep","floor":8.0},{"not_picked":["Flying Knee","Deadly Poison"],"picked":"Storm of Steel","floor":11.0},{"not_picked":["Deflect","Bane"],"picked":"Poisoned Stab","floor":12.0},{"not_picked":["Reflex","Dodge and Roll"],"picked":"Prepared","floor":13.0},{"not_picked":["Well Laid Plans","Eviscerate","Heel Hook"],"picked":"Singing Bowl","floor":14.0},{"not_picked":["Wraith Form v2","Grand Finale"],"picked":"Die Die Die","floor":16.0},{"not_picked":["Deadly Poison","Underhanded Strike+1","Backflip"],"picked":"Singing Bowl","floor":18},{"not_picked":["Deflect","Outmaneuver"],"picked":"Bane+1","floor":19},{"not_picked":["All Out Attack","Eviscerate","Prepared+1"],"picked":"Singing Bowl","floor":21},{"not_picked":["Underhanded Strike","All Out Attack"],"picked":"Acrobatics","floor":24},{"not_picked":["Flying Knee","Tools of the Trade"],"picked":"PiercingWail+1","floor":25},{"not_picked":["Night Terror","Crippling Poison"],"picked":"Catalyst+1","floor":28},{"not_picked":["Bane","Cloak And Dagger"],"picked":"Footwork","floor":30},{"not_picked":["Choke","Backflip"],"picked":"Footwork+1","floor":31},{"not_picked":["Die Die Die","Unload"],"picked":"Envenom","floor":33},{"not_picked":["Deflect","Setup+1","Dagger Throw"],"picked":"Singing Bowl","floor":35},{"not_picked":["Blade Dance","Masterful Stab","Outmaneuver"],"picked":"Singing Bowl","floor":36},{"not_picked":["Predator+1","Quick Slash","Acrobatics+1"],"picked":"Singing Bowl","floor":37},{"not_picked":["Cloak And Dagger","Skewer+1"],"picked":"Terror","floor":38},{"not_picked":["Sucker Punch+1","Backstab"],"picked":"Blur+1","floor":40},{"not_picked":["Cloak And Dagger","Distraction","Blade Dance"],"picked":"Singing Bowl","floor":42}],"player_experience":328218,"relics_obtained":[{"floor":6.0,"key":"Bottled Lightning"},{"floor":8.0,"key":"Singing Bowl"},{"floor":9.0,"key":"Letter Opener"},{"floor":12.0,"key":"Nunchaku"},{"floor":25,"key":"Mercury Hourglass"},{"floor":26,"key":"Toy Ornithopter"},{"floor":28,"key":"Dead Branch"},{"floor":40,"key":"Art of War"},{"floor":42,"key":"White Beast Statue"},{"floor":43,"key":"Whetstone"}],"event_choices":[{"damage_healed":0.0,"max_hp_gain":0.0,"max_hp_loss":0.0,"gold_gain":0.0,"event_name":"Scrap Ooze","player_choice":"Success","floor":2.0,"gold_loss":0.0,"damage_taken":12.0,"relics_obtained":["Incense Burner"]},{"damage_healed":0.0,"max_hp_gain":0.0,"max_hp_loss":0.0,"gold_gain":100.0,"event_name":"Golden Shrine","player_choice":"Pray","floor":5.0,"gold_loss":0.0,"damage_taken":0.0},{"damage_healed":0,"gold_gain":0,"player_choice":"Shed Blood","damage_taken":17,"max_hp_gain":5,"max_hp_loss":0,"event_name":"Forgotten Altar","floor":22,"gold_loss":0}],"is_beta":false,"boss_relics":[{"not_picked":["Ring of the Serpent","Velvet Choker"],"picked":"HoveringKite"},{"not_picked":["Runic Pyramid","Sozu"],"picked":"Astrolabe"}],"items_purged_floors":[20,39],"is_endless":false,"potions_floor_spawned":[1,12,13,14,18,24,30,31,35,36,38,42],"killed_by":"Nemesis","ascension_level":2}}