{"host":"wha9hktbkslqvblg","time":1608029593,"event":{"mods":["BaseMod","Colored Map","Minty Spire (QoL Compilation)","Relic Stats","SuperFastMode","everything is the same but u backflip on backflip"],"gold_per_floor":[109,34,49,49,49,49,49,49,49,75,75,95,123,135,135,135,135],"floor_reached":16,"playtime":259,"items_purged":[],"score":266,"play_id":"b6cdccdb-100a-4ba5-90cd-89839c0642bb","local_time":"20201215195313","is_ascension_mode":true,"campfire_choices":[{"data":"Pommel Strike","floor":6.0,"key":"SMITH"},{"data":"Shrug It Off","floor":8.0,"key":"SMITH"},{"data":"Bash","floor":11.0,"key":"SMITH"},{"data":"1","floor":15,"key":"LIFT"}],"circlet_count":0,"master_deck":["AscendersBane","Strike_R","Strike_R","Strike_R","Defend_R","Defend_R","Defend_R","Defend_R","Bash+1","Pommel Strike+1","Shrug It Off+1","Feed","Disarm","Evolve"],"relics":["Burning Blood","NeowsBlessing","Blue Candle","Darkstone Periapt","Ancient Tea Set","Girya"],"acts_visited":["Exordium"],"potions_floor_usage":[16],"damage_taken":[{"damage":0.0,"enemies":"Small Slimes","floor":1.0,"turns":1.0},{"damage":0.0,"enemies":"2 Louse","floor":3.0,"turns":1.0},{"damage":0.0,"enemies":"3 Sentries","floor":10.0,"turns":2.0},{"damage":1,"enemies":"Jaw Worm","floor":12,"turns":2},{"damage":43,"enemies":"Lagavulin","floor":13,"turns":6},{"damage":15,"enemies":"Lots of Slimes","floor":14,"turns":6},{"damage":14,"enemies":"Hexaghost","floor":16,"turns":9}],"seed_played":"4487054823644884110","potions_obtained":[{"floor":12,"key":"SneckoOil"},{"floor":14,"key":"EssenceOfSteel"}],"is_trial":false,"path_per_floor":["M","?","M","$","?","R","?","R","T","E","R","M","E","M","R","B"],"character_chosen":"IRONCLAD","items_purchased":[],"campfire_rested":0,"item_purchase_floors":[],"current_hp_per_floor":[74,74,75,75,75,75,49,49,49,55,55,63,29,23,23,9,9],"gold":135,"neow_bonus":"THREE_ENEMY_KILL","is_daily":false,"chose_seed":false,"campfire_upgraded":3,"win_rate":0.0,"timestamp":1608029593,"path_taken":["M","?","M","$","?","R","?","R","T","E","R","?","E","?","R","BOSS"],"items_purchased_type":[],"build_version":"2020-12-13","purchased_purges":0,"victory":false,"max_hp_per_floor":[75,75,75,75,75,75,75,75,75,75,75,78,81,84,84,84,84],"relic_stats":{"Darkstone Periapt":0,"counters":[7,27],"Blue Candle":[0],"obtain_stats":[{"Darkstone Periapt":9,"Girya":13,"NeowsBlessing":0,"Blue Candle":7,"Ancient Tea Set":10,"Burning Blood":0},{"Darkstone Periapt":2,"Girya":5,"NeowsBlessing":0,"Blue Candle":2,"Ancient Tea Set":3,"Burning Blood":0},{"Darkstone Periapt":2,"Girya":12,"NeowsBlessing":0,"Blue Candle":2,"Ancient Tea Set":4,"Burning Blood":0}],"Burning Blood":31},"card_choices":[{"not_picked":["Havoc","Cleave"],"picked":"Pommel Strike","floor":1.0},{"not_picked":["Heavy Blade","Havoc"],"picked":"Shrug It Off","floor":3.0},{"not_picked":["Dual Wield","Flex","Clash"],"picked":"SKIP","floor":10.0},{"not_picked":["Sever Soul","Shrug It Off"],"picked":"Disarm","floor":12},{"not_picked":["Dual Wield","Berserk","Clothesline"],"picked":"SKIP","floor":13},{"not_picked":["Flex","Infernal Blade"],"picked":"Evolve","floor":14}],"player_experience":843730,"relics_obtained":[{"floor":9.0,"key":"Darkstone Periapt"},{"floor":10.0,"key":"Ancient Tea Set"},{"floor":13,"key":"Girya"}],"event_choices":[{"cards_removed":["Strike_R"],"damage_healed":0.0,"max_hp_gain":0.0,"max_hp_loss":0.0,"gold_gain":0.0,"event_name":"The Cleric","player_choice":"Card Removal","floor":2.0,"gold_loss":75.0,"damage_taken":0.0},{"damage_healed":0.0,"max_hp_gain":0.0,"max_hp_loss":0.0,"gold_gain":0.0,"cards_transformed":["Strike_R"],"event_name":"Living Wall","player_choice":"Change","floor":5.0,"gold_loss":0.0,"damage_taken":0.0,"cards_obtained":["Feed"]},{"damage_healed":0.0,"max_hp_gain":0.0,"max_hp_loss":0.0,"gold_gain":0.0,"event_name":"Scrap Ooze","player_choice":"Success","floor":7.0,"gold_loss":0.0,"damage_taken":26.0,"relics_obtained":["Blue Candle"]}],"is_beta":false,"boss_relics":[],"items_purged_floors":[],"is_endless":false,"potions_floor_spawned":[12,14],"killed_by":"Hexaghost","ascension_level":20}}