{"host":"5cyixbtuml7aoyg5","time":1608056529,"event":{"mods":["Astrologer","BaseMod","KomeijiMod","Minty Spire (QoL Compilation)","Quick Restart","StSLib"],"gold_per_floor":[114,114,132,132,132,132,148,148,220,220,145,161,161,181,181,286,286,302,313,313,313,324,324,249,249,249,267,116,151,250,250,250,345,345,362,239,250,57,69,69,69],"floor_reached":40,"playtime":1885,"items_purged":["Defend_Komeiji","Strike_Komeiji","TenguNoTaiko+1"],"score":469,"play_id":"1c9d5b01-8d5b-4b1c-b044-53e088b1bb70","local_time":"20201216022209","is_ascension_mode":false,"campfire_choices":[{"data":"GasuOrimono","floor":6.0,"key":"SMITH"},{"data":"Dash_Komeiji","floor":8.0,"key":"SMITH"},{"data":"TenguNoTaiko","floor":10.0,"key":"SMITH"},{"floor":15.0,"key":"RECALL"},{"data":"ShyakuBuku","floor":23.0,"key":"SMITH"},{"data":"HelanNingyou","floor":32.0,"key":"SMITH"}],"circlet_count":0,"master_deck":["Strike_Komeiji","Strike_Komeiji","Defend_Komeiji","Defend_Komeiji","Dash_Komeiji+1","SeekerDolls+1","GasuOrimono+1","NingyouChiyari+1","HelanNingyou+1","NingyouKisou+1","NingyouFukuhei+1","ShyakuBuku+1","NingyouKisou+1","NingyouShinki+1","VanishingEverything+1","MiraiBunraku","LittleLegion+1","HagoromoKu","ArtfulChanter","NingyouSousou+1"],"relics":["KomeijisEye","SpellCardsRule","MusicBox","MealTicket","Mercury Hourglass","Philosopher\u0027s Stone","HornCleat","TungstenRod","CrystalOfMemory","SlaversCollar","GoodDreamPillow"],"acts_visited":["Exordium","TheCity","TheBeyond"],"potions_floor_usage":[40],"damage_taken":[{"damage":0.0,"enemies":"Small Slimes","floor":1.0,"turns":4.0},{"damage":5.0,"enemies":"2 Louse","floor":3.0,"turns":4.0},{"damage":1.0,"enemies":"Cultist","floor":7.0,"turns":5.0},{"damage":0.0,"enemies":"Large Slime","floor":12.0,"turns":4.0},{"damage":13.0,"enemies":"3 Louse","floor":14.0,"turns":2.0},{"damage":0.0,"enemies":"Slime Boss","floor":16.0,"turns":4.0},{"damage":0.0,"enemies":"Chosen","floor":18.0,"turns":6.0},{"damage":11.0,"enemies":"Spheric Guardian","floor":19.0,"turns":7.0},{"damage":10.0,"enemies":"Centurion and Healer","floor":22.0,"turns":4.0},{"damage":9.0,"enemies":"3 Cultists","floor":27.0,"turns":4.0},{"damage":0.0,"enemies":"Gremlin Leader","floor":29.0,"turns":5.0},{"damage":4.0,"enemies":"Champ","floor":33.0,"turns":11.0},{"damage":5.0,"enemies":"3 Shapes","floor":35.0,"turns":5.0},{"damage":17.0,"enemies":"3 Darklings","floor":37.0,"turns":3.0},{"damage":0.0,"enemies":"Sphere and 2 Shapes","floor":39.0,"turns":9.0},{"damage":55,"enemies":"Reptomancer","floor":40,"turns":2}],"seed_played":"-7825770458000426149","potions_obtained":[{"floor":4.0,"key":"Weak Potion"},{"floor":4.0,"key":"ExcitationPotion"},{"floor":4.0,"key":"UndeadPotion"},{"floor":12.0,"key":"UndeadPotion"},{"floor":16.0,"key":"SpeedPotion"},{"floor":27.0,"key":"FairyPotion"},{"floor":29.0,"key":"DuplicationPotion"},{"floor":37.0,"key":"PpointPotion"}],"is_trial":false,"path_per_floor":["M","?","M","?","$","R","M","R","T","R","$","M","?","M","R","B",null,"M","M","?","T","M","R","?","T","T","M","$","E","?","?","R","B",null,"M","?","M","$","M","E"],"character_chosen":"KomeijiSatori","items_purchased":["NingyouShinki+1","ArtfulChanter"],"campfire_rested":0,"item_purchase_floors":[28,38],"current_hp_per_floor":[50,50,45,45,50,50,49,49,49,49,50,50,43,27,27,27,40,40,35,35,35,27,27,27,27,27,18,30,30,30,30,30,26,30,25,25,10,25,25,0,0],"gold":69,"neow_bonus":"RANDOM_COMMON_RELIC","is_daily":false,"chose_seed":false,"campfire_upgraded":5,"win_rate":0.0,"timestamp":1608056529,"path_taken":["M","?","M","?","$","R","M","R","T","R","$","?","?","M","R","BOSS","M","M","?","?","?","R","?","?","T","?","$","E","?","?","R","BOSS","M","?","M","$","M","E"],"items_purchased_type":["Card","Card"],"build_version":"2020-12-13","purchased_purges":3,"victory":false,"max_hp_per_floor":[50,50,50,50,50,50,50,50,50,50,50,50,50,40,40,40,40,40,40,40,40,40,40,40,40,40,30,30,30,30,30,30,30,30,30,30,30,30,30,30,30],"card_choices":[{"not_picked":["SeekerWire+1","NingyouShinki+1"],"picked":"SeekerDolls","floor":1.0},{"not_picked":["RoshinSou+1","SeekerDolls"],"picked":"GasuOrimono","floor":3.0},{"not_picked":["HagoromoMizu","SeekerWire+1"],"picked":"TenguNoTaiko","floor":7.0},{"not_picked":["HagoromoMizu","Agarareta+1","DemonLordCradle"],"picked":"SKIP","floor":12.0},{"not_picked":["TerribleSouvenir","EnMu+1"],"picked":"NingyouChiyari+1","floor":14.0},{"not_picked":["LunaticRedEyes","MusouMyousyu"],"picked":"HelanNingyou","floor":16.0},{"not_picked":["RikonNoKama+1","KouPou+1"],"picked":"NingyouKisou+1","floor":18.0},{"not_picked":["Agarareta+1","JyouchiJin+1"],"picked":"NingyouFukuhei+1","floor":19.0},{"not_picked":["HisouTensoku","Mishyaguji+1"],"picked":"ShyakuBuku","floor":22.0},{"not_picked":["Melting","DochyakuKami+1"],"picked":"NingyouKisou+1","floor":27.0},{"not_picked":["JyouchiJin+1","DemonsDinnerFork","HenyouMirume"],"picked":"SKIP","floor":29.0},{"not_picked":["MusouMyousyu","TerribleSouvenir","TenguhouSokujitsuken"],"picked":"MiraiBunraku","floor":33.0},{"not_picked":["SeekerWire+1","FreezeTouchMe","HagoromoKu"],"picked":"LittleLegion+1","floor":35.0},{"not_picked":["MakuraSeki+1","SeekerDolls+1","NingyouChiyari+1"],"picked":"HagoromoKu","floor":37.0},{"not_picked":["SenyouGoraku+1","NingyouShinki+1","HenyouMirume+1"],"picked":"NingyouSousou+1","floor":39.0}],"player_experience":105619,"relics_obtained":[{"floor":9.0,"key":"Mercury Hourglass"},{"floor":25.0,"key":"HornCleat"},{"floor":26.0,"key":"TungstenRod"},{"floor":29.0,"key":"CrystalOfMemory"}],"event_choices":[{"damage_healed":0.0,"max_hp_gain":0.0,"max_hp_loss":0.0,"gold_gain":0.0,"event_name":"Living Wall","player_choice":"Grow","floor":2.0,"gold_loss":0.0,"damage_taken":0.0,"cards_upgraded":["SeekerDolls"]},{"damage_healed":0.0,"max_hp_gain":0.0,"max_hp_loss":0.0,"gold_gain":0.0,"event_name":"Lab","player_choice":"Got Potions","floor":4.0,"gold_loss":0.0,"damage_taken":0.0},{"cards_removed":["Strike_Komeiji"],"damage_healed":0.0,"max_hp_gain":0.0,"max_hp_loss":0.0,"gold_gain":0.0,"event_name":"Golden Wing","player_choice":"Card Removal","floor":13.0,"gold_loss":0.0,"damage_taken":7.0},{"damage_healed":0.0,"max_hp_gain":0.0,"max_hp_loss":0.0,"gold_gain":0.0,"event_name":"Ghosts","player_choice":"Ignored","floor":20.0,"gold_loss":0.0,"damage_taken":0.0},{"cards_removed":["Defend_Komeiji"],"damage_healed":0.0,"max_hp_gain":0.0,"max_hp_loss":0.0,"gold_gain":0.0,"event_name":"Beggar","player_choice":"Gave Gold","floor":24.0,"gold_loss":75.0,"damage_taken":0.0},{"damage_healed":0.0,"max_hp_gain":0.0,"max_hp_loss":0.0,"gold_gain":99.0,"event_name":"Nest","player_choice":"Stole From Cult","floor":30.0,"gold_loss":0.0,"damage_taken":0.0}],"is_beta":false,"boss_relics":[{"not_picked":["Fusion Hammer","Memoirist"],"picked":"Philosopher\u0027s Stone"},{"not_picked":["Busted Crown","Snecko Eye"],"picked":"SlaversCollar"}],"items_purged_floors":[11,28,38],"is_endless":false,"potions_floor_spawned":[12,16,27,29,33,37,39],"killed_by":"Reptomancer","ascension_level":0}}