{"host":"tkinv8gv6hgcc58b","time":1608015801,"event":{"mods":["BaseMod","Colored Map","Downfall","Googly Eyes","Hermit","Minty Spire (QoL Compilation)","READ ME - Guardian Mod","StSLib","The Cursed","The Disciple"],"gold_per_floor":[109,129,48,48,61,61,94,94,94,119,137,167,187,215,215,319,319,335,67,67,77,94,129,129,161,187,217,217,217,316,326,326,430,430,443,493,493,493,307,342,342,3,3,17,17,47,47,47,47,72,72,72,12,38,38,38],"floor_reached":55,"playtime":3310,"items_purged":["Writhe","Parasite"],"score":1047,"play_id":"8d26c66e-4b60-4e0f-a700-d1b622a140c8","local_time":"20201215020321","is_ascension_mode":true,"campfire_choices":[{"data":"Fiend Fire","floor":6,"key":"SMITH"},{"data":"Inflame","floor":8,"key":"SMITH"},{"floor":15,"key":"REST"},{"floor":24,"key":"REST"},{"data":"Demon Form","floor":28,"key":"SMITH"},{"data":"Infernal Blade","floor":32,"key":"SMITH"},{"data":"Reaper","floor":41,"key":"SMITH"},{"data":"Juggernaut","floor":45,"key":"SMITH"},{"floor":49,"key":"RECALL"},{"floor":52,"key":"REST"}],"circlet_count":0,"master_deck":["Strike_R","Strike_R","Strike_R","Strike_R+1","Strike_R","Defend_R","Defend_R+1","Defend_R","Defend_R","Bash","Fiend Fire+1","Clash","Disarm+1","Inflame+1","Clash","Infernal Blade+1","Impervious","Clash","Battle Trance","Twin Strike","Demon Form+1","Iron Wave+1","expansioncontent:Corrupt+1","Rage+1","Dual Wield+1","Flame Barrier+1","Intimidate+1","Reaper+1","Carnage+1","Transmutation+1","Slimebound:Icky","Juggernaut+1","Bloodletting+1","expansioncontent:DonusPower+1","Limit Break+1"],"relics":["Burning Blood","The Courier","Letter Opener","Boot","War Paint","Guardian:PocketSentry","Toxic Egg 2","Cursed Key","HandDrill","Regal Pillow","PreservedInsect","Centennial Puzzle","Bottled Lightning","MutagenicStrength","Mark of Pain","Guardian:GemstoneGun","ClockworkSouvenir","Juzu Bracelet","Whetstone","Meat on the Bone","Happy Flower"],"acts_visited":["Exordium","TheCity","TheBeyond","TheEnding"],"potions_floor_usage":[33,33,46,50,50,55,55],"damage_taken":[{"damage":1,"enemies":"Cultist","floor":1,"turns":4},{"damage":6,"enemies":"2 Louse","floor":2,"turns":3},{"damage":4,"enemies":"Small Slimes","floor":5,"turns":3},{"damage":28,"enemies":"Lagavulin","floor":7,"turns":6},{"damage":25,"enemies":"3 Sentries","floor":10,"turns":7},{"damage":9,"enemies":"Exordium Wildlife","floor":11,"turns":3},{"damage":5,"enemies":"Gremlin Nob","floor":12,"turns":4},{"damage":4,"enemies":"2 Fungi Beasts","floor":13,"turns":2},{"damage":4,"enemies":"Lagavulin","floor":14,"turns":5},{"damage":11,"enemies":"Hexaghost","floor":16,"turns":8},{"damage":2,"enemies":"Spheric Guardian","floor":18,"turns":2},{"damage":0,"enemies":"3 Byrds","floor":21,"turns":5},{"damage":26,"enemies":"Centurion and Healer","floor":22,"turns":3},{"damage":26,"enemies":"Book of Stabbing","floor":23,"turns":5},{"damage":13,"enemies":"Slavers","floor":25,"turns":4},{"damage":3,"enemies":"Gremlin Leader","floor":27,"turns":5},{"damage":12,"enemies":"3 Cultists","floor":31,"turns":4},{"damage":66,"enemies":"Collector","floor":33,"turns":7},{"damage":1,"enemies":"Orb Walker","floor":35,"turns":3},{"damage":20,"enemies":"Mind Bloom Boss Battle","floor":36,"turns":4},{"damage":25,"enemies":"Reptomancer","floor":40,"turns":4},{"damage":5,"enemies":"3 Shapes","floor":44,"turns":3},{"damage":3,"enemies":"Giant Head","floor":46,"turns":5},{"damage":84,"enemies":"Awakened One","floor":50,"turns":9},{"damage":17,"enemies":"Shield and Spear","floor":54,"turns":4},{"damage":83,"enemies":"The Heart","floor":55,"turns":5}],"seed_played":"398681998194213179","potions_obtained":[{"floor":2,"key":"Strength Potion"},{"floor":10,"key":"FearPotion"},{"floor":11,"key":"EssenceOfSteel"},{"floor":14,"key":"ColorlessPotion"},{"floor":33,"key":"SmokeBomb"},{"floor":36,"key":"SmokeBomb"},{"floor":40,"key":"Fire Potion"},{"floor":46,"key":"GamblersBrew"},{"floor":54,"key":"Weak Potion"}],"is_trial":false,"path_per_floor":["M","M","$","?","M","R","E","R","T","E","M","E","M","E","R","B",null,"M","$","?","M","M","E","R","E","T","E","R","?","?","M","R","B",null,"M","?","?","?","$","E","R","$","T","M","R","E","?","?","R","B",null,"R","$","E","B"],"character_chosen":"IRONCLAD","items_purchased":["Inflame","expansioncontent:Corrupt+1","HandDrill","ClockworkSouvenir","Transmutation+1","Whetstone","DistilledChaos"],"campfire_rested":3,"item_purchase_floors":[3,19,19,39,42,42,53],"current_hp_per_floor":[77,77,77,70,72,72,50,50,50,31,28,29,31,33,57,52,73,77,77,77,80,60,40,79,72,72,75,75,75,75,69,69,9,62,67,53,73,73,73,64,64,64,64,69,69,77,77,77,77,23,64,77,77,77,0,0],"gold":38,"neow_bonus":"ONE_RANDOM_RARE_CARD","is_daily":false,"chose_seed":false,"campfire_upgraded":6,"win_rate":0.0,"timestamp":1608015801,"path_taken":["M","?","$","?","M","R","E","R","T","E","M","E","M","E","R","BOSS","M","$","?","M","M","E","R","E","T","E","R","?","?","M","R","BOSS","M","?","?","?","$","E","R","$","T","M","R","E","?","?","R","BOSS","R","$","E","BOSS"],"items_purchased_type":["Card","Card","Relic","Relic","Card","Relic","Potion"],"build_version":"2020-12-13","purchased_purges":2,"victory":false,"max_hp_per_floor":[80,80,80,80,80,80,80,80,80,80,80,80,80,80,80,80,80,80,80,80,80,80,80,80,80,80,80,80,80,80,80,80,80,80,80,80,80,80,80,80,80,77,77,77,77,77,77,77,77,77,77,77,77,77,77,77],"card_choices":[{"not_picked":["Cleave","Pummel"],"picked":"Clash","floor":1},{"not_picked":["Headbutt","Havoc"],"picked":"Disarm","floor":2},{"not_picked":["True Grit","Havoc"],"picked":"Clothesline","floor":5},{"not_picked":["Bloodletting","Twin Strike"],"picked":"Clash","floor":7},{"not_picked":["Havoc","Flame Barrier"],"picked":"Infernal Blade","floor":10},{"not_picked":["Shockwave","Fire Breathing"],"picked":"Impervious","floor":11},{"not_picked":["Flex","Warcry"],"picked":"Clash","floor":12},{"not_picked":["Clothesline","Dual Wield"],"picked":"Battle Trance","floor":13},{"not_picked":["Sword Boomerang","Havoc+1"],"picked":"Twin Strike","floor":14},{"not_picked":["Barricade","Fiend Fire"],"picked":"Demon Form","floor":16},{"not_picked":["Heavy Blade","Second Wind+1"],"picked":"Iron Wave+1","floor":18},{"not_picked":["Whirlwind","Pommel Strike","Burning Pact+1"],"picked":"SKIP","floor":21},{"not_picked":["Twin Strike","Headbutt"],"picked":"Dual Wield+1","floor":22},{"not_picked":["Hemokinesis+1","Pommel Strike"],"picked":"Flame Barrier+1","floor":23},{"not_picked":["Clothesline","Feel No Pain","Warcry+1"],"picked":"SKIP","floor":25},{"not_picked":["Whirlwind+1","Metallicize"],"picked":"Intimidate+1","floor":27},{"not_picked":["Headbutt","Body Slam","Havoc+1"],"picked":"SKIP","floor":31},{"not_picked":["Offering+1","Barricade"],"picked":"Reaper","floor":33},{"not_picked":["Headbutt+1","Twin Strike+1"],"picked":"Carnage","floor":35},{"not_picked":["Second Wind+1","Havoc+1","Sever Soul"],"picked":"SKIP","floor":40},{"not_picked":["Cleave+1","Body Slam"],"picked":"Juggernaut","floor":44},{"not_picked":["Flame Barrier+1","Wild Strike+1"],"picked":"Bloodletting+1","floor":46},{"not_picked":["expansioncontent:ChargeUp+1","Good Instincts+1"],"picked":"expansioncontent:DonusPower+1","floor":48},{"not_picked":["Ghostly Armor+1","Wild Strike"],"picked":"Limit Break+1","floor":54}],"player_experience":977903,"relics_obtained":[{"floor":7,"key":"Letter Opener"},{"floor":9,"key":"Boot"},{"floor":10,"key":"War Paint"},{"floor":12,"key":"Guardian:PocketSentry"},{"floor":14,"key":"Toxic Egg 2"},{"floor":23,"key":"Regal Pillow"},{"floor":25,"key":"PreservedInsect"},{"floor":26,"key":"Centennial Puzzle"},{"floor":27,"key":"Bottled Lightning"},{"floor":36,"key":"Guardian:GemstoneGun"},{"floor":40,"key":"Juzu Bracelet"},{"floor":46,"key":"Meat on the Bone"},{"floor":54,"key":"Happy Flower"}],"event_choices":[{"damage_healed":0,"gold_gain":0,"player_choice":"Success","damage_taken":7,"relics_obtained":["The Courier"],"max_hp_gain":0,"max_hp_loss":0,"event_name":"Scrap Ooze","floor":4,"gold_loss":0},{"damage_healed":0,"gold_gain":0,"player_choice":"Read","damage_taken":0,"max_hp_gain":0,"max_hp_loss":0,"event_name":"The Library","floor":20,"gold_loss":0,"cards_obtained":["Rage"]},{"damage_healed":0,"gold_gain":0,"player_choice":"Inject Mutagens","damage_taken":0,"relics_obtained":["MutagenicStrength"],"max_hp_gain":0,"max_hp_loss":0,"event_name":"Drug Dealer","floor":29,"gold_loss":0},{"damage_healed":0,"gold_gain":99,"player_choice":"Stole From Cult","damage_taken":0,"max_hp_gain":0,"max_hp_loss":0,"event_name":"Nest","floor":30,"gold_loss":0},{"damage_healed":0,"gold_gain":0,"player_choice":"Fight","damage_taken":0,"max_hp_gain":0,"max_hp_loss":0,"event_name":"MindBloom","floor":36,"gold_loss":0},{"damage_healed":20,"gold_gain":0,"player_choice":"Writhe","damage_taken":0,"max_hp_gain":0,"max_hp_loss":0,"event_name":"Winding Halls","floor":37,"gold_loss":0,"cards_obtained":["Writhe"]},{"damage_healed":0,"gold_gain":0,"player_choice":"Upgraded","damage_taken":0,"max_hp_gain":0,"max_hp_loss":0,"event_name":"Upgrade Shrine","floor":38,"gold_loss":0,"cards_upgraded":["Carnage"]},{"cards_removed":["Clothesline"],"damage_healed":0,"gold_gain":0,"player_choice":"Removed Attack","damage_taken":0,"max_hp_gain":0,"max_hp_loss":0,"event_name":"Falling","floor":47,"gold_loss":0},{"damage_healed":0,"gold_gain":0,"player_choice":"Memory 1","damage_taken":0,"max_hp_gain":0,"max_hp_loss":0,"event_name":"SensoryStone","floor":48,"gold_loss":0}],"is_beta":false,"boss_relics":[{"not_picked":["Runic Dome","Snecko Eye"],"picked":"Cursed Key"},{"not_picked":["Empty Cage","Fusion Hammer"],"picked":"Mark of Pain"}],"items_purged_floors":[39,42],"is_endless":false,"potions_floor_spawned":[2,10,11,14,23,27,31,33,36,40,46,54],"killed_by":"The Heart","ascension_level":7}}