{"host":"8pl220r0zqtv6uof","time":1608032513,"event":{"mods":["BaseMod","Colored Map","DeckTracker","Highlight Path","Keyboard Shortcuts","Minty Spire (QoL Compilation)","Quick Restart","SuperFastMode"],"gold_per_floor":[115,40,56,56,68,103,115,150,223,241,274,292,323,333,333,428,428,445,465,480,405,405,434,434,465,490,515,534,544,570,586,586,586,586],"floor_reached":33,"playtime":6960,"items_purged":["Strike_R"],"score":379,"play_id":"2fdf0e72-0c1d-4365-bc5f-10eb760302f7","local_time":"20201215204153","is_ascension_mode":true,"campfire_choices":[{"data":"Bludgeon","floor":15,"key":"SMITH"},{"data":"Armaments","floor":24,"key":"SMITH"},{"data":"Infernal Blade","floor":32,"key":"SMITH"}],"circlet_count":0,"master_deck":["Strike_R","Strike_R","Defend_R","Defend_R+1","Defend_R","Defend_R","Bash","Armaments+1","Twin Strike","Thunderclap","Bludgeon+1","Flex+1","Spot Weakness","Seeing Red","Twin Strike","Evolve+1","Limit Break","Inflame+1","Uppercut","Shrug It Off","Heavy Blade+1","Infernal Blade+1","Impervious","Armaments"],"relics":["Burning Blood","PreservedInsect","Frozen Egg 2","Mango","Letter Opener","Centennial Puzzle","Vajra","Sozu","Kunai","War Paint","MealTicket","Smiling Mask","Omamori","Paper Frog"],"acts_visited":["Exordium","TheCity"],"potions_floor_usage":[11,14,16],"damage_taken":[{"damage":5,"enemies":"Cultist","floor":1,"turns":4},{"damage":7,"enemies":"2 Louse","floor":3,"turns":2},{"damage":8,"enemies":"Jaw Worm","floor":5,"turns":3},{"damage":43,"enemies":"Lagavulin","floor":6,"turns":7},{"damage":4,"enemies":"Blue Slaver","floor":7,"turns":5},{"damage":5,"enemies":"3 Sentries","floor":8,"turns":6},{"damage":8,"enemies":"Red Slaver","floor":10,"turns":2},{"damage":11,"enemies":"Lagavulin","floor":11,"turns":5},{"damage":11,"enemies":"Large Slime","floor":12,"turns":2},{"damage":12,"enemies":"3 Sentries","floor":13,"turns":4},{"damage":6,"enemies":"Exordium Wildlife","floor":14,"turns":2},{"damage":31,"enemies":"Hexaghost","floor":16,"turns":6},{"damage":0,"enemies":"Chosen","floor":18,"turns":2},{"damage":5,"enemies":"Spheric Guardian","floor":19,"turns":3},{"damage":15,"enemies":"Centurion and Healer","floor":20,"turns":5},{"damage":20,"enemies":"Slavers","floor":23,"turns":5},{"damage":5,"enemies":"Gremlin Leader","floor":25,"turns":2},{"damage":17,"enemies":"Book of Stabbing","floor":27,"turns":4},{"damage":8,"enemies":"Shelled Parasite and Fungi","floor":28,"turns":3},{"damage":21,"enemies":"Snake Plant","floor":29,"turns":3},{"damage":20,"enemies":"Slavers","floor":30,"turns":2},{"damage":2,"enemies":"Centurion and Healer","floor":31,"turns":4},{"damage":34,"enemies":"Automaton","floor":33,"turns":6}],"seed_played":"6528927634133321324","potions_obtained":[{"floor":7,"key":"FearPotion"},{"floor":8,"key":"SmokeBomb"},{"floor":10,"key":"ElixirPotion"},{"floor":13,"key":"Explosive Potion"},{"floor":14,"key":"ColorlessPotion"}],"is_trial":false,"path_per_floor":["M","$","M","?","M","E","M","E","T","M","E","M","E","M","R","B",null,"M","M","M","?","?","E","R","E","T","E","M","M","E","M","R","B"],"character_chosen":"IRONCLAD","items_purchased":[],"campfire_rested":0,"item_purchase_floors":[],"current_hp_per_floor":[80,80,79,79,77,40,42,57,57,55,50,45,39,39,39,14,94,94,94,85,85,85,71,71,72,72,61,59,44,30,34,34,0,0],"gold":586,"neow_bonus":"RANDOM_COMMON_RELIC","is_daily":false,"chose_seed":false,"campfire_upgraded":3,"win_rate":0.0,"timestamp":1608032513,"path_taken":["M","$","?","?","M","E","M","E","T","M","E","M","E","?","R","BOSS","M","?","M","?","?","E","R","E","T","E","M","?","E","M","R","BOSS"],"items_purchased_type":[],"build_version":"2020-12-13","purchased_purges":1,"victory":false,"max_hp_per_floor":[80,80,80,80,80,80,80,94,94,94,94,94,94,94,94,94,94,94,94,94,94,94,94,94,94,94,94,94,94,94,94,94,94,94],"card_choices":[{"not_picked":["Body Slam","Second Wind"],"picked":"Armaments","floor":1},{"not_picked":["Dropkick","Rampage"],"picked":"Twin Strike","floor":3},{"not_picked":["Dual Wield","Hemokinesis"],"picked":"Thunderclap","floor":5},{"not_picked":["Clash","Headbutt"],"picked":"Bludgeon","floor":6},{"not_picked":["Clothesline","Ghostly Armor"],"picked":"Flex","floor":7},{"not_picked":["Reckless Charge","Burning Pact","Feel No Pain+1"],"picked":"SKIP","floor":8},{"not_picked":["Dark Embrace+1","Reckless Charge"],"picked":"Spot Weakness","floor":10},{"not_picked":["Rampage","Flex"],"picked":"Seeing Red","floor":11},{"not_picked":["Thunderclap","Wild Strike","Anger"],"picked":"SKIP","floor":12},{"not_picked":["Carnage","Cleave"],"picked":"Twin Strike","floor":13},{"not_picked":["Body Slam","Thunderclap"],"picked":"Evolve+1","floor":14},{"not_picked":["Feed","Offering"],"picked":"Limit Break","floor":16},{"not_picked":["Armaments","True Grit","Headbutt"],"picked":"SKIP","floor":18},{"not_picked":["Wild Strike","Hemokinesis"],"picked":"Inflame+1","floor":19},{"not_picked":["Clothesline","Infernal Blade"],"picked":"Uppercut","floor":20},{"not_picked":["Bludgeon","Rage","Perfected Strike"],"picked":"SKIP","floor":23},{"not_picked":["Armaments","Second Wind","Feel No Pain+1"],"picked":"SKIP","floor":25},{"not_picked":["Headbutt","Rage+1"],"picked":"Shrug It Off","floor":27},{"not_picked":["Flame Barrier","Headbutt"],"picked":"Heavy Blade+1","floor":28},{"not_picked":["Carnage","Pummel"],"picked":"Infernal Blade","floor":29},{"not_picked":["Wild Strike+1","Iron Wave+1"],"picked":"Impervious","floor":30},{"not_picked":["Clash+1","Rupture+1"],"picked":"Armaments","floor":31}],"player_experience":115243,"relics_obtained":[{"floor":6,"key":"Frozen Egg 2"},{"floor":8,"key":"Mango"},{"floor":9,"key":"Letter Opener"},{"floor":11,"key":"Centennial Puzzle"},{"floor":13,"key":"Vajra"},{"floor":23,"key":"War Paint"},{"floor":25,"key":"MealTicket"},{"floor":26,"key":"Smiling Mask"},{"floor":27,"key":"Omamori"},{"floor":30,"key":"Paper Frog"}],"event_choices":[{"cards_removed":["Strike_R"],"damage_healed":0,"gold_gain":0,"player_choice":"Offered Basic","damage_taken":0,"max_hp_gain":0,"max_hp_loss":0,"event_name":"Bonfire Elementals","floor":4,"gold_loss":0},{"cards_removed":["Strike_R"],"damage_healed":0,"gold_gain":0,"player_choice":"Gave Gold","damage_taken":0,"max_hp_gain":0,"max_hp_loss":0,"event_name":"Beggar","floor":21,"gold_loss":75},{"damage_healed":0,"gold_gain":0,"player_choice":"Gave Potion","damage_taken":0,"relics_obtained":["Kunai"],"max_hp_gain":0,"max_hp_loss":0,"event_name":"WeMeetAgain","floor":22,"gold_loss":0}],"is_beta":false,"boss_relics":[{"not_picked":["SacredBark","Cursed Key"],"picked":"Sozu"}],"items_purged_floors":[2],"is_endless":false,"potions_floor_spawned":[7,8,10,13,14,23,25,27,28,30],"killed_by":"Automaton","ascension_level":1}}