{"host":"0lnx88jdgcrh6gmr","time":1608058729,"event":{"mods":["2.2 Compatiblity","AchievementEnabler","BaseMod","Beaked The Cultist","Better Note","Better Skull","Better Third Choice","Block Reminder","Colored Map","Displayed Cursed Tome","Glutton Mod","Googly Eyes","Hermit","Highlight Path","Minty Spire (QoL Compilation)","Rare Cards Sparkle","Relic Stats","Shade Mod","Spicy Shops","StSLib","The Construct","The Cursed","The Disciple","The Mystic","The Servant 0.9.4","Unceasing Turn Reminder","everything is the same but u backflip on backflip","slay the spire mod where everything is the same but ironclad has a cowboy hat"],"gold_per_floor":[113,113,37,50,125,150,150,150,150,150,100,25,38,58,58,159,159,169,181,181,181,181,181,196,266,266,10,10,21,37,87,87,184,234,253,264,314,31,50,50,82,82,82,94,94,144,164,214,214,214,214],"floor_reached":50,"playtime":2181,"items_purged":[],"score":545,"play_id":"ba6531c0-9a3d-4d8e-b0c2-a3f9a9353daa","local_time":"20201215115849","is_ascension_mode":false,"campfire_choices":[{"data":"Leg Sweep","floor":7.0,"key":"SMITH"},{"floor":10.0,"key":"RECALL"},{"floor":15.0,"key":"REST"},{"floor":23.0,"key":"REST"},{"floor":28.0,"key":"REST"},{"floor":32.0,"key":"REST"},{"floor":40,"key":"REST"},{"floor":42,"key":"REST"},{"floor":45,"key":"REST"},{"floor":49,"key":"REST"}],"circlet_count":0,"master_deck":["Strike_G","Strike_G","Strike_G","Defend_G+1","Defend_G","Defend_G","Defend_G+1","Defend_G","Survivor+1","Neutralize","Flying Knee","Leg Sweep+1","Quick Slash","Dagger Spray","Caltrops","Noxious Fumes","Poisoned Stab","Corpse Explosion","Poisoned Stab","Bane+1","Bandage Up","Tactician","Catalyst","Slice","Dash+1","Deadly Poison+1","Dagger Throw+1","Underhanded Strike+1","Calculated Gamble+1","Dash+1","Bane+1","Writhe","Sucker Punch+1"],"relics":["Ring of the Snake","NeowsBlessing","Pantograph","Pocketwatch","WingedGreaves","SsserpentHead","beaked:ShinyBauble","Molten Egg 2","Tiny House","Lee\u0027s Waffle","TwistedFunnel","White Beast Statue"],"acts_visited":["Exordium","TheCity","TheBeyond"],"potions_floor_usage":[44,50],"damage_taken":[{"damage":0.0,"enemies":"Jaw Worm","floor":1.0,"turns":1.0},{"damage":0.0,"enemies":"2 Louse","floor":4.0,"turns":1.0},{"damage":0.0,"enemies":"Lagavulin","floor":6.0,"turns":1.0},{"damage":0.0,"enemies":"Cultist","floor":13.0,"turns":3.0},{"damage":9.0,"enemies":"Exordium Wildlife","floor":14.0,"turns":6.0},{"damage":21.0,"enemies":"Hexaghost","floor":16.0,"turns":9.0},{"damage":8.0,"enemies":"Shell Parasite","floor":18.0,"turns":7.0},{"damage":24.0,"enemies":"2 Thieves","floor":19.0,"turns":4.0},{"damage":12.0,"enemies":"Snecko","floor":24.0,"turns":6.0},{"damage":25.0,"enemies":"Snake Plant","floor":25.0,"turns":4.0},{"damage":28.0,"enemies":"Cultist and Chosen","floor":29.0,"turns":5.0},{"damage":14.0,"enemies":"Snecko","floor":30.0,"turns":8.0},{"damage":65.0,"enemies":"Collector","floor":33.0,"turns":9.0},{"damage":0,"enemies":"3 Shapes","floor":35,"turns":6},{"damage":18,"enemies":"3 Darklings","floor":36,"turns":4},{"damage":42,"enemies":"Maw","floor":39,"turns":9},{"damage":62,"enemies":"Giant Head","floor":41,"turns":8},{"damage":22,"enemies":"Transient","floor":44,"turns":5},{"damage":15,"enemies":"Jaw Worm Horde","floor":47,"turns":2},{"damage":105,"enemies":"Time Eater","floor":50,"turns":12}],"seed_played":"-9071417149228827387","potions_obtained":[{"floor":4.0,"key":"BlessingOfTheForge"},{"floor":16.0,"key":"LiquidBronze"},{"floor":19.0,"key":"CunningPotion"},{"floor":29.0,"key":"LiquidMemories"},{"floor":34,"key":"SteroidPotion"},{"floor":36,"key":"Regen Potion"},{"floor":44,"key":"ColorlessPotion"},{"floor":47,"key":"Swift Potion"}],"is_trial":false,"path_per_floor":["M","?","?","M","?","E","R","?","T","R","$","$","M","M","R","B",null,"M","M","?","?","?","R","M","M","T","$","R","M","M","?","R","B",null,"M","M","?","$","M","R","E","R","T","M","R","?","M","?","R","B"],"character_chosen":"THE_SILENT","items_purchased":["Dagger Spray","Caltrops","Molten Egg 2","Lee\u0027s Waffle","TwistedFunnel","Dash+1"],"campfire_rested":8,"item_purchase_floors":[11,12,27,38,38,38],"current_hp_per_floor":[70,70,70,70,59,59,59,45,45,45,45,45,45,36,57,49,70,62,38,38,38,38,59,51,30,30,30,51,27,17,40,61,9,75,75,57,57,82,44,68,10,34,34,16,40,61,46,46,70,0,0],"gold":214,"neow_bonus":"THREE_ENEMY_KILL","is_daily":false,"chose_seed":false,"campfire_upgraded":1,"win_rate":0.0,"timestamp":1608058729,"path_taken":["M","?","?","?","?","E","R","?","T","R","?","$","?","M","R","BOSS","M","M","?","?","?","R","M","?","T","$","R","M","M","?","R","BOSS","M","M","?","$","M","R","E","R","T","M","R","?","M","?","R","BOSS"],"items_purchased_type":["Card","Card","Relic","Relic","Relic","Card"],"build_version":"2020-12-13","purchased_purges":0,"victory":false,"max_hp_per_floor":[70,70,70,70,70,70,70,70,70,70,70,70,70,70,70,70,70,70,70,70,70,70,70,70,70,70,70,70,70,70,70,70,70,75,75,75,75,82,82,82,82,82,82,82,82,82,82,82,82,82,82],"relic_stats":{"SsserpentHead":250,"Lee\u0027s Waffle":25,"counters":[20,110],"Pantograph":34,"obtain_stats":[{"TwistedFunnel":38,"SsserpentHead":22,"beaked:ShinyBauble":26,"Lee\u0027s Waffle":38,"Tiny House":34,"NeowsBlessing":0,"Pantograph":3,"Molten Egg 2":27,"WingedGreaves":9,"White Beast Statue":41,"Ring of the Snake":0,"Pocketwatch":6},{"TwistedFunnel":15,"SsserpentHead":8,"beaked:ShinyBauble":10,"Lee\u0027s Waffle":15,"Tiny House":13,"NeowsBlessing":0,"Pantograph":1,"Molten Egg 2":10,"WingedGreaves":3,"White Beast Statue":17,"Ring of the Snake":0,"Pocketwatch":3},{"TwistedFunnel":74,"SsserpentHead":32,"beaked:ShinyBauble":42,"Lee\u0027s Waffle":74,"Tiny House":64,"NeowsBlessing":0,"Pantograph":1,"Molten Egg 2":42,"WingedGreaves":3,"White Beast Statue":91,"Ring of the Snake":0,"Pocketwatch":3}],"Ring of the Snake":[40],"Pocketwatch":[171]},"card_choices":[{"not_picked":["Slice","PiercingWail"],"picked":"Flying Knee","floor":1.0},{"not_picked":["Distraction","Sucker Punch"],"picked":"Leg Sweep","floor":4.0},{"not_picked":["Underhanded Strike","Sucker Punch"],"picked":"Quick Slash","floor":6.0},{"not_picked":["Backflip","Slice"],"picked":"Noxious Fumes","floor":13.0},{"not_picked":["Masterful Stab","Sucker Punch"],"picked":"Poisoned Stab","floor":14.0},{"not_picked":["Die Die Die","Tools of the Trade"],"picked":"Corpse Explosion","floor":16.0},{"not_picked":["All Out Attack+1","Blade Dance"],"picked":"Poisoned Stab","floor":18.0},{"not_picked":["Quick Slash","Dash"],"picked":"Bane+1","floor":19.0},{"not_picked":["Backflip","Riddle With Holes+1"],"picked":"Catalyst","floor":24.0},{"not_picked":["Outmaneuver","Underhanded Strike"],"picked":"Slice","floor":25.0},{"not_picked":["Quick Slash+1","Well Laid Plans"],"picked":"Dash+1","floor":29.0},{"not_picked":["Skewer+1","Sucker Punch+1"],"picked":"Deadly Poison+1","floor":30.0},{"not_picked":["Eviscerate+1","Acrobatics+1"],"picked":"Dagger Throw+1","floor":34},{"not_picked":["PiercingWail+1","Deadly Poison"],"picked":"Underhanded Strike+1","floor":35},{"not_picked":["PiercingWail+1","Distraction"],"picked":"Calculated Gamble+1","floor":36},{"not_picked":["Sucker Punch+1","Dagger Spray+1"],"picked":"Bane+1","floor":39},{"not_picked":["Calculated Gamble+1","Burst","Choke+1"],"picked":"SKIP","floor":41},{"not_picked":["Bane+1","Slice+1","Sucker Punch+1"],"picked":"SKIP","floor":44},{"not_picked":["Tactician","Dagger Spray+1"],"picked":"Leg Sweep","floor":47}],"player_experience":189338,"relics_obtained":[{"floor":6.0,"key":"Pocketwatch"},{"floor":9.0,"key":"WingedGreaves"},{"floor":26.0,"key":"beaked:ShinyBauble"},{"floor":41,"key":"White Beast Statue"}],"event_choices":[{"cards_removed":["Strike_G"],"damage_healed":0.0,"max_hp_gain":0.0,"max_hp_loss":0.0,"gold_gain":0.0,"event_name":"Living Wall","player_choice":"Forget","floor":2.0,"gold_loss":0.0,"damage_taken":0.0},{"damage_healed":0.0,"max_hp_gain":0.0,"max_hp_loss":0.0,"gold_gain":0.0,"event_name":"WeMeetAgain","player_choice":"Paid Gold","floor":3.0,"gold_loss":76.0,"damage_taken":0.0,"relics_obtained":["Pantograph"]},{"damage_healed":0.0,"max_hp_gain":0.0,"max_hp_loss":0.0,"gold_gain":75.0,"event_name":"betterThird:BetterGoop","player_choice":"Gold","floor":5.0,"gold_loss":0.0,"damage_taken":11.0},{"damage_healed":59.0,"max_hp_gain":0.0,"max_hp_loss":70.0,"gold_gain":0.0,"event_name":"betterThird:BetterShining","player_choice":"Upgrade","floor":8.0,"gold_loss":0.0,"damage_taken":14.0,"cards_upgraded":["Defend_G","Survivor"]},{"cards_removed":["Strike_G"],"damage_healed":0.0,"max_hp_gain":0.0,"max_hp_loss":0.0,"gold_gain":0.0,"event_name":"Purifier","player_choice":"Purged","floor":20.0,"gold_loss":0.0,"damage_taken":0.0},{"damage_healed":0.0,"max_hp_gain":0.0,"max_hp_loss":0.0,"gold_gain":0.0,"event_name":"Match and Keep!","player_choice":"2 cards matched","floor":21.0,"gold_loss":0.0,"damage_taken":0.0,"cards_obtained":["Bandage Up","Tactician"]},{"damage_healed":0.0,"max_hp_gain":0.0,"max_hp_loss":0.0,"gold_gain":0.0,"event_name":"FaceTrader","player_choice":"Trade","floor":22.0,"gold_loss":0.0,"damage_taken":0.0,"relics_obtained":["SsserpentHead"]},{"damage_healed":23.0,"max_hp_gain":0.0,"max_hp_loss":0.0,"gold_gain":0.0,"event_name":"The Library","player_choice":"Heal","floor":31.0,"gold_loss":0.0,"damage_taken":0.0},{"damage_healed":0,"gold_gain":0,"player_choice":"Ignored","damage_taken":0,"max_hp_gain":0,"max_hp_loss":0,"event_name":"Mysterious Sphere","floor":37,"gold_loss":0},{"damage_healed":21,"gold_gain":0,"player_choice":"Writhe","damage_taken":0,"max_hp_gain":0,"max_hp_loss":0,"event_name":"Winding Halls","floor":46,"gold_loss":0,"cards_obtained":["Writhe"]},{"damage_healed":0,"gold_gain":0,"cards_transformed":["Leg Sweep"],"player_choice":"Transformed","damage_taken":0,"max_hp_gain":0,"max_hp_loss":0,"event_name":"Transmorgrifier","floor":48,"gold_loss":0,"cards_obtained":["Sucker Punch"]}],"is_beta":false,"boss_relics":[{"not_picked":["beaked:MawFillet","Ectoplasm","Cursed Key"]},{"not_picked":["Sozu","Snecko Eye"],"picked":"Tiny House"}],"items_purged_floors":[],"is_endless":false,"potions_floor_spawned":[4,16,19,29,30,36,44,47],"killed_by":"Time Eater","ascension_level":0}}