{"host":"2yqfi47fogfu1ic4","time":1608038803,"event":{"mods":["AchievementEnabler","BaseMod","Colored Map","Colored Powertips","Highlight Path","Minty Spire (QoL Compilation)","Permanent Neow","Relic Stats","StSLib"],"gold_per_floor":[116,116,116,127,147,147,29,29,29,57,57,91,105,121,121,121,121],"floor_reached":16,"playtime":1090,"items_purged":["Strike_G"],"score":220,"play_id":"a858adeb-2eaf-4b37-88ea-93ce0ae24812","local_time":"20201215142643","is_ascension_mode":true,"campfire_choices":[{"data":"Bouncing Flask","floor":6,"key":"SMITH"},{"data":"Leg Sweep","floor":8,"key":"SMITH"},{"floor":11,"key":"REST"},{"data":"Leg Sweep","floor":15,"key":"SMITH"}],"circlet_count":0,"master_deck":["AscendersBane","Strike_G","Strike_G","Strike_G","Defend_G","Defend_G","Defend_G","Defend_G","Defend_G","Survivor","Neutralize","Leg Sweep+1","Decay","Bouncing Flask+1","Quick Slash","Dash","Terror","Dash","Well Laid Plans+1","Leg Sweep+1"],"relics":["Runic Dome","Toy Ornithopter","Frozen Egg 2","Pantograph"],"acts_visited":["Exordium"],"potions_floor_usage":[],"damage_taken":[{"damage":4,"enemies":"Small Slimes","floor":1,"turns":4},{"damage":1,"enemies":"Cultist","floor":4,"turns":6},{"damage":10,"enemies":"Jaw Worm","floor":5,"turns":4},{"damage":27,"enemies":"3 Sentries","floor":10,"turns":10},{"damage":3,"enemies":"Lagavulin","floor":12,"turns":6},{"damage":4,"enemies":"Blue Slaver","floor":13,"turns":4},{"damage":0,"enemies":"2 Fungi Beasts","floor":14,"turns":3},{"damage":71,"enemies":"Slime Boss","floor":16,"turns":14}],"seed_played":"-2824510344591854830","potions_obtained":[{"floor":1,"key":"FearPotion"},{"floor":12,"key":"FairyPotion"},{"floor":14,"key":"Dexterity Potion"}],"is_trial":false,"path_per_floor":["M","?","?","M","M","R","$","R","T","E","R","E","M","M","R","B"],"character_chosen":"THE_SILENT","items_purchased":["Dash"],"campfire_rested":1,"item_purchase_floors":[7],"current_hp_per_floor":[55,48,48,47,37,37,37,37,37,10,29,26,22,22,22,0,0],"gold":121,"neow_bonus":"BOSS_RELIC","is_daily":false,"chose_seed":false,"campfire_upgraded":3,"win_rate":0.0,"timestamp":1608038803,"path_taken":["M","?","?","?","M","R","?","R","T","E","R","E","M","M","R","BOSS"],"items_purchased_type":["Card"],"build_version":"2020-12-13","purchased_purges":1,"victory":false,"max_hp_per_floor":[66,66,66,66,66,66,66,66,66,66,66,66,66,66,66,66,66],"relic_stats":{"counters":[8,51],"Pantograph":25,"obtain_stats":[{"Runic Dome":0,"Pantograph":12,"Frozen Egg 2":10,"Toy Ornithopter":9,"Ring of the Snake":0},{"Runic Dome":0,"Pantograph":5,"Frozen Egg 2":4,"Toy Ornithopter":3,"Ring of the Snake":0},{"Runic Dome":0,"Pantograph":30,"Frozen Egg 2":24,"Toy Ornithopter":14,"Ring of the Snake":0}],"Toy Ornithopter":0},"card_choices":[{"not_picked":["Outmaneuver","PiercingWail"],"picked":"Leg Sweep","floor":1},{"not_picked":["Heel Hook","Poisoned Stab"],"picked":"Bouncing Flask","floor":4},{"not_picked":["PiercingWail","Slice"],"picked":"Quick Slash","floor":5},{"not_picked":["Dagger Spray","Cloak And Dagger"],"picked":"Terror","floor":10},{"not_picked":["Die Die Die","Backflip"],"picked":"Dash","floor":12},{"not_picked":["Outmaneuver","Predator"],"picked":"Well Laid Plans+1","floor":13},{"not_picked":["Slice","Terror"],"picked":"Leg Sweep","floor":14}],"player_experience":1783226,"relics_obtained":[{"floor":9,"key":"Toy Ornithopter"},{"floor":10,"key":"Frozen Egg 2"},{"floor":12,"key":"Pantograph"}],"event_choices":[{"cards_removed":["Strike_G"],"damage_healed":0,"gold_gain":0,"player_choice":"Card Removal","damage_taken":7,"max_hp_gain":0,"max_hp_loss":0,"event_name":"Golden Wing","floor":2,"gold_loss":0},{"damage_healed":0,"gold_gain":0,"player_choice":"Cursed","damage_taken":0,"max_hp_gain":0,"max_hp_loss":0,"event_name":"Wheel of Change","floor":3,"gold_loss":0,"cards_obtained":["Decay"]}],"is_beta":false,"boss_relics":[],"items_purged_floors":[7],"is_endless":false,"potions_floor_spawned":[1,12,14],"killed_by":"Slime Boss","ascension_level":20}}