{"host":"q5vpntglr38zhb0c","time":1608041757,"event":{"mods":["BaseMod","Colored Map","DeckTracker","Keyboard Shortcuts","Minty Spire (QoL Compilation)","Permanent Neow","StSLib","SuperFastMode","everything is the same but u backflip on backflip"],"gold_per_floor":[118,128,53,69,69,69,69,97,174,174,174,174],"floor_reached":11,"playtime":275,"items_purged":["Strike_R"],"score":142,"play_id":"cb6d0d8c-fbf8-488a-9c5c-910a070f18c8","local_time":"20201215231557","is_ascension_mode":true,"campfire_choices":[{"data":"Uppercut","floor":6,"key":"SMITH"},{"data":"Demon Form","floor":10,"key":"SMITH"}],"circlet_count":0,"master_deck":["AscendersBane","Strike_R","Strike_R","Strike_R","Strike_R","Defend_R","Defend_R+1","Defend_R","Defend_R+1","Bash","Demon Form+1","Seeing Red","Uppercut+1","Limit Break"],"relics":["Burning Blood","Regal Pillow","Shuriken","Paper Frog"],"acts_visited":["Exordium"],"potions_floor_usage":[11],"damage_taken":[{"damage":0,"enemies":"2 Louse","floor":1,"turns":3},{"damage":8,"enemies":"Small Slimes","floor":2,"turns":4},{"damage":2,"enemies":"Cultist","floor":4,"turns":4},{"damage":22,"enemies":"Gremlin Nob","floor":8,"turns":4},{"damage":42,"enemies":"3 Sentries","floor":11,"turns":6}],"seed_played":"-3607887374862630023","potions_obtained":[{"floor":1,"key":"SpeedPotion"},{"floor":8,"key":"BloodPotion"}],"is_trial":false,"path_per_floor":["M","M","$","M","?","R","?","E","T","R","E"],"character_chosen":"IRONCLAD","items_purchased":[],"campfire_rested":0,"item_purchase_floors":[],"current_hp_per_floor":[68,66,66,68,48,48,43,27,27,27,0,0],"gold":174,"neow_bonus":"THREE_RARE_CARDS","is_daily":false,"chose_seed":false,"campfire_upgraded":2,"win_rate":0.0,"timestamp":1608041757,"path_taken":["M","M","$","M","?","R","?","E","T","R","E"],"items_purchased_type":[],"build_version":"2020-12-13","purchased_purges":1,"victory":false,"max_hp_per_floor":[68,68,68,68,68,68,68,68,68,68,68,68],"card_choices":[{"not_picked":["Limit Break","Fiend Fire"],"picked":"Demon Form","floor":0},{"not_picked":["Sever Soul","Twin Strike"],"picked":"Seeing Red","floor":1},{"not_picked":["Perfected Strike","Cleave"],"picked":"Uppercut","floor":2},{"not_picked":["Feel No Pain","Havoc","Thunderclap"],"picked":"SKIP","floor":4},{"not_picked":["Twin Strike","Double Tap"],"picked":"Limit Break","floor":8}],"player_experience":1290352,"relics_obtained":[{"floor":8,"key":"Shuriken"},{"floor":9,"key":"Paper Frog"}],"event_choices":[{"damage_healed":0,"gold_gain":0,"player_choice":"Entered Light","damage_taken":20,"max_hp_gain":0,"max_hp_loss":0,"event_name":"Shining Light","floor":5,"gold_loss":0,"cards_upgraded":["Defend_R","Defend_R"]},{"damage_healed":0,"gold_gain":0,"player_choice":"Success","damage_taken":5,"relics_obtained":["Regal Pillow"],"max_hp_gain":0,"max_hp_loss":0,"event_name":"Scrap Ooze","floor":7,"gold_loss":0}],"is_beta":false,"boss_relics":[],"items_purged_floors":[3],"is_endless":false,"potions_floor_spawned":[1,8],"killed_by":"3 Sentries","ascension_level":20}}