{"host":"buuozll9zukolitn","time":1608059753,"event":{"mods":["BaseMod","Googly Eyes","Minty Spire (QoL Compilation)","StSLib","everything is the same but u backflip on backflip","slay the spire mod where everything is the same but ironclad has a cowboy hat"],"gold_per_floor":[110,110,130,142,162,191,191,191,217,242,261,7,7,24,24,129,129,147,147,147,160,180,180,193,226,296,310,310,330,357,376,376,376,376],"floor_reached":33,"playtime":1317,"items_purged":[],"score":534,"play_id":"30b6a74e-2db4-492b-8dd8-940ec42b3a4c","local_time":"20201215201553","is_ascension_mode":true,"campfire_choices":[{"floor":8,"key":"REST"},{"floor":15,"key":"REST"},{"floor":23,"key":"REST"},{"data":"Whirlwind","floor":32,"key":"SMITH"}],"circlet_count":0,"master_deck":["Strike_R","Strike_R","Strike_R","Strike_R","Strike_R","Defend_R","Defend_R","Defend_R","Defend_R","Bash","Whirlwind+1","Body Slam+1","Spot Weakness","Shrug It Off","Flame Barrier","Anger","Thunderclap","Metallicize","Cleave","Feed","Offering","Exhume","RitualDagger","Carnage","Burning Pact+1","Anger+1","Rampage","Spot Weakness","Shame","Anger"],"relics":["Burning Blood","Juzu Bracelet","Anchor","Red Skull","Busted Crown","Letter Opener","Mummified Hand","Meat on the Bone","Oddly Smooth Stone"],"acts_visited":["Exordium","TheCity"],"potions_floor_usage":[6,6,14,18,25,29,30],"damage_taken":[{"damage":4,"enemies":"Small Slimes","floor":1,"turns":4},{"damage":1,"enemies":"Cultist","floor":3,"turns":3},{"damage":0,"enemies":"2 Louse","floor":4,"turns":1},{"damage":20,"enemies":"Large Slime","floor":5,"turns":5},{"damage":32,"enemies":"Lagavulin","floor":6,"turns":5},{"damage":45,"enemies":"3 Sentries","floor":10,"turns":7},{"damage":1,"enemies":"2 Fungi Beasts","floor":11,"turns":3},{"damage":0,"enemies":"Lots of Slimes","floor":14,"turns":3},{"damage":68,"enemies":"Hexaghost","floor":16,"turns":11},{"damage":1,"enemies":"2 Thieves","floor":18,"turns":2},{"damage":27,"enemies":"Shell Parasite","floor":21,"turns":5},{"damage":26,"enemies":"Centurion and Healer","floor":22,"turns":5},{"damage":29,"enemies":"Cultist and Chosen","floor":24,"turns":6},{"damage":12,"enemies":"Slavers","floor":25,"turns":3},{"damage":17,"enemies":"3 Cultists","floor":27,"turns":4},{"damage":11,"enemies":"Shelled Parasite and Fungi","floor":29,"turns":3},{"damage":6,"enemies":"Gremlin Leader","floor":30,"turns":5},{"damage":6,"enemies":"Cultist and Chosen","floor":31,"turns":3},{"damage":80,"enemies":"Collector","floor":33,"turns":6}],"seed_played":"-4736199951721885446","potions_obtained":[{"floor":1,"key":"Fire Potion"},{"floor":4,"key":"PowerPotion"},{"floor":14,"key":"Fruit Juice"},{"floor":16,"key":"Fire Potion"},{"floor":22,"key":"EssenceOfSteel"},{"floor":25,"key":"ElixirPotion"},{"floor":27,"key":"DuplicationPotion"}],"is_trial":false,"path_per_floor":["M","?","M","M","M","E","?","R","T","E","M","$","$","M","R","B",null,"M","?","?","M","M","R","M","E","T","M","?","M","E","M","R","B"],"character_chosen":"IRONCLAD","items_purchased":["Metallicize","Cleave","Feed"],"campfire_rested":3,"item_purchase_floors":[12,12,12],"current_hp_per_floor":[82,88,88,88,74,48,48,74,74,35,40,40,40,54,82,20,77,82,82,76,55,35,63,40,34,34,23,23,30,45,57,57,0,0],"gold":376,"neow_bonus":"TEN_PERCENT_HP_BONUS","is_daily":false,"chose_seed":false,"campfire_upgraded":1,"win_rate":0.0,"timestamp":1608059753,"path_taken":["M","?","?","M","M","E","?","R","T","E","M","?","$","M","R","BOSS","M","?","?","M","M","R","M","E","T","M","?","M","E","M","R","BOSS"],"items_purchased_type":["Card","Card","Card"],"build_version":"2020-12-13","purchased_purges":0,"victory":false,"max_hp_per_floor":[88,88,88,88,88,88,88,88,88,88,88,88,88,96,96,96,96,96,96,96,96,96,96,96,96,96,96,96,96,99,99,99,99,99],"card_choices":[{"not_picked":["Infernal Blade","Clash"],"picked":"Whirlwind","floor":1},{"not_picked":["Dual Wield","Heavy Blade"],"picked":"Body Slam","floor":3},{"not_picked":["Warcry","Headbutt"],"picked":"Spot Weakness","floor":4},{"not_picked":["Anger","Sentinel"],"picked":"Shrug It Off","floor":5},{"not_picked":["Inflame","Flex"],"picked":"Flame Barrier","floor":6},{"not_picked":["Clothesline","Flex"],"picked":"Anger","floor":10},{"not_picked":["Dropkick","Iron Wave"],"picked":"Thunderclap","floor":11},{"not_picked":["Intimidate","Havoc"],"picked":"Offering","floor":14},{"not_picked":["Bludgeon","Corruption"],"picked":"Exhume","floor":16},{"not_picked":["Warcry"],"picked":"SKIP","floor":18},{"not_picked":[],"picked":"Carnage","floor":21},{"not_picked":[],"picked":"Burning Pact+1","floor":22},{"not_picked":[],"picked":"Anger+1","floor":24},{"not_picked":[],"picked":"Rampage","floor":25},{"not_picked":[],"picked":"Spot Weakness","floor":27},{"not_picked":["Twin Strike+1"],"picked":"SKIP","floor":29},{"not_picked":[],"picked":"Anger","floor":30},{"not_picked":["Thunderclap"],"picked":"SKIP","floor":31}],"player_experience":281948,"relics_obtained":[{"floor":6,"key":"Juzu Bracelet"},{"floor":9,"key":"Anchor"},{"floor":10,"key":"Red Skull"},{"floor":25,"key":"Letter Opener"},{"floor":26,"key":"Mummified Hand"},{"floor":30,"key":"Oddly Smooth Stone"}],"event_choices":[{"damage_healed":6,"gold_gain":0,"player_choice":"Full Heal","damage_taken":0,"max_hp_gain":0,"max_hp_loss":0,"event_name":"Wheel of Change","floor":2,"gold_loss":0},{"damage_healed":0,"gold_gain":0,"player_choice":"Upgraded","damage_taken":0,"max_hp_gain":0,"max_hp_loss":0,"event_name":"Upgrade Shrine","floor":7,"gold_loss":0,"cards_upgraded":["Body Slam"]},{"damage_healed":0,"gold_gain":0,"player_choice":"Ignored","damage_taken":0,"max_hp_gain":0,"max_hp_loss":0,"event_name":"Ghosts","floor":19,"gold_loss":0},{"damage_healed":0,"gold_gain":0,"player_choice":"Joined the Cult","damage_taken":6,"max_hp_gain":0,"max_hp_loss":0,"event_name":"Nest","floor":20,"gold_loss":0,"cards_obtained":["RitualDagger"]},{"damage_healed":0,"gold_gain":0,"player_choice":"Stole Relic","damage_taken":0,"relics_obtained":["Meat on the Bone"],"max_hp_gain":0,"max_hp_loss":0,"event_name":"Addict","floor":28,"gold_loss":0,"cards_obtained":["Shame"]}],"is_beta":false,"boss_relics":[{"not_picked":["SlaversCollar","Coffee Dripper"],"picked":"Busted Crown"}],"items_purged_floors":[],"is_endless":false,"potions_floor_spawned":[1,4,14,16,22,25,27],"killed_by":"Collector","ascension_level":9}}