{"host":"d7fd5aa1my0gmokc","time":1608022756,"event":{"mods":["AchievementEnabler","BaseMod","DeckTracker","Minty Spire (QoL Compilation)","Prisma Mod","Relic Stats","StSLib","SuperFastMode","everything is the same but u backflip on backflip"],"gold_per_floor":[119,136,156,174,193,224,224,224,224,224,243,261,336,359,359,457,457,469,479,28,45,45,73,73,73,73,73,173,186,111,121,121,218,218,229,243,255,63,63,63,0,20,20,20,36,36,71,85,85,85,85],"floor_reached":50,"playtime":2186,"items_purged":["Strike_R"],"score":496,"play_id":"6f819244-44e9-419c-b44d-07df517ea06c","local_time":"20201215175916","is_ascension_mode":false,"campfire_choices":[{"data":"Mayhem","floor":7,"key":"SMITH"},{"floor":15,"key":"REST"},{"floor":25,"key":"REST"},{"floor":27,"key":"RECALL"},{"floor":32,"key":"REST"},{"floor":40,"key":"REST"},{"floor":44,"key":"REST"},{"floor":49,"key":"REST"}],"circlet_count":0,"master_deck":["Strike_R+1","Strike_R+1","Strike_R+1","Defend_R+1","Defend_R+1","Defend_R+1","Bash","Mayhem+1","Flame Barrier","Armaments","Spot Weakness+1","Demon Form","Pommel Strike","Inflame","Armaments","Heavy Blade","Shrug It Off+1","Panacea+1","Ghostly Armor+1","Shrug It Off+1"],"relics":["Burning Blood","Gremlin Horn","Bottled Tornado","The Courier","Odd Mushroom","Philosopher\u0027s Stone","Toxic Egg 2","War Paint","Kunai","Empty Cage","Akabeko","Red Mask","FossilizedHelix","Molten Egg 2","White Beast Statue"],"acts_visited":["Exordium","TheCity","TheBeyond"],"potions_floor_usage":[14,16,23,33,42,48,50],"damage_taken":[{"damage":5,"enemies":"Jaw Worm","floor":1,"turns":4},{"damage":1,"enemies":"Cultist","floor":2,"turns":4},{"damage":0,"enemies":"Small Slimes","floor":3,"turns":3},{"damage":7,"enemies":"Blue Slaver","floor":4,"turns":5},{"damage":2,"enemies":"2 Fungi Beasts","floor":5,"turns":5},{"damage":44,"enemies":"Gremlin Nob","floor":6,"turns":6},{"damage":5,"enemies":"Looter","floor":11,"turns":4},{"damage":1,"enemies":"Red Slaver","floor":12,"turns":4},{"damage":1,"enemies":"The Mushroom Lair","floor":14,"turns":6},{"damage":16,"enemies":"Slime Boss","floor":16,"turns":12},{"damage":9,"enemies":"Chosen","floor":18,"turns":6},{"damage":9,"enemies":"3 Byrds","floor":19,"turns":5},{"damage":16,"enemies":"3 Cultists","floor":21,"turns":6},{"damage":59,"enemies":"Gremlin Leader","floor":23,"turns":8},{"damage":0,"enemies":"Cultist and Chosen","floor":29,"turns":7},{"damage":10,"enemies":"Centurion and Healer","floor":31,"turns":7},{"damage":36,"enemies":"Collector","floor":33,"turns":9},{"damage":24,"enemies":"Orb Walker","floor":35,"turns":5},{"damage":19,"enemies":"3 Darklings","floor":36,"turns":6},{"damage":36,"enemies":"Jaw Worm Horde","floor":37,"turns":6},{"damage":10,"enemies":"Transient","floor":42,"turns":5},{"damage":8,"enemies":"4 Shapes","floor":45,"turns":7},{"damage":37,"enemies":"Reptomancer","floor":47,"turns":8},{"damage":73,"enemies":"Maw","floor":48,"turns":10},{"damage":58,"enemies":"Donu and Deca","floor":50,"turns":7}],"seed_played":"-8987045594293227909","potions_obtained":[{"floor":1,"key":"FairyPotion"},{"floor":5,"key":"SkillPotion"},{"floor":6,"key":"Energy Potion"},{"floor":16,"key":"Explosive Potion"},{"floor":18,"key":"Regen Potion"},{"floor":33,"key":"SkillPotion"},{"floor":37,"key":"FearPotion"},{"floor":42,"key":"Fruit Juice"},{"floor":47,"key":"FairyPotion"},{"floor":48,"key":"BloodPotion"}],"is_trial":false,"path_per_floor":["M","M","M","M","M","E","R","?","T","?","M","M","?","?","R","B",null,"M","M","$","M","?","E","$","R","T","R","?","M","?","M","R","B",null,"M","M","M","$","?","R","?","M","T","R","M","T","E","M","R","B"],"character_chosen":"IRONCLAD","items_purchased":["Inflame","Armaments","Toxic Egg 2","War Paint","Panacea+1","Akabeko"],"campfire_rested":6,"item_purchase_floors":[20,20,20,20,38,38],"current_hp_per_floor":[72,72,72,71,72,40,40,26,26,26,27,32,21,26,47,37,72,69,66,66,56,56,8,8,29,29,29,29,35,35,31,52,22,72,54,41,11,11,11,32,32,33,33,56,54,54,23,29,52,0,0],"gold":85,"neow_bonus":"RANDOM_COLORLESS_2","is_daily":false,"chose_seed":false,"campfire_upgraded":1,"win_rate":0.0,"timestamp":1608022756,"path_taken":["M","M","M","M","M","E","R","?","T","?","M","?","?","?","R","BOSS","M","M","$","M","?","E","$","R","T","R","?","?","?","M","R","BOSS","M","M","M","$","?","R","?","M","T","R","M","?","E","M","R","BOSS"],"items_purchased_type":["Card","Card","Relic","Relic","Card","Relic"],"build_version":"2020-12-13","purchased_purges":1,"victory":false,"max_hp_per_floor":[72,72,72,72,72,72,72,72,72,72,72,72,72,72,72,72,72,72,72,72,72,72,72,72,72,72,72,72,72,72,72,72,72,72,72,72,72,72,72,72,72,77,77,77,77,77,77,77,77,77,77],"relic_stats":{"Gremlin Horn":[32,32],"counters":[25,155],"Kunai":[14],"War Paint":["Spot Weakness","Defend_R"],"obtain_stats":[{"Gremlin Horn":6,"The Courier":10,"Bottled Tornado":9,"Odd Mushroom":14,"War Paint":20,"Empty Cage":34,"Burning Blood":0,"Akabeko":38,"White Beast Statue":47,"Philosopher\u0027s Stone":17,"Molten Egg 2":46,"Red Mask":41,"Kunai":23,"Toxic Egg 2":20,"FossilizedHelix":43},{"Gremlin Horn":6,"The Courier":6,"Bottled Tornado":6,"Odd Mushroom":9,"War Paint":12,"Empty Cage":17,"Burning Blood":0,"Akabeko":20,"White Beast Statue":23,"Philosopher\u0027s Stone":10,"Molten Egg 2":22,"Red Mask":20,"Kunai":14,"Toxic Egg 2":12,"FossilizedHelix":21},{"Gremlin Horn":27,"The Courier":27,"Bottled Tornado":27,"Odd Mushroom":41,"War Paint":64,"Empty Cage":101,"Burning Blood":0,"Akabeko":118,"White Beast Statue":138,"Philosopher\u0027s Stone":53,"Molten Egg 2":130,"Red Mask":118,"Kunai":78,"Toxic Egg 2":64,"FossilizedHelix":123}],"Burning Blood":129},"card_choices":[{"not_picked":["Secret Weapon","Secret Technique"],"picked":"Mayhem","floor":0},{"not_picked":["True Grit","Iron Wave","Clash"],"picked":"SKIP","floor":1},{"not_picked":["Havoc","Heavy Blade"],"picked":"Flame Barrier","floor":2},{"not_picked":["Headbutt","Cleave","Fire Breathing"],"picked":"SKIP","floor":3},{"not_picked":["Warcry","Twin Strike"],"picked":"Armaments","floor":4},{"not_picked":["Anger","Dropkick"],"picked":"Reaper","floor":5},{"not_picked":["Anger","Sever Soul","Iron Wave"],"picked":"SKIP","floor":6},{"not_picked":["Clothesline","Cleave","Twin Strike"],"picked":"SKIP","floor":11},{"not_picked":["Warcry","Second Wind"],"picked":"Spot Weakness","floor":12},{"not_picked":["Fiend Fire","Juggernaut"],"picked":"Demon Form","floor":16},{"not_picked":["Fire Breathing+1","Anger+1","Body Slam"],"picked":"SKIP","floor":18},{"not_picked":["Twin Strike","Cleave+1"],"picked":"Pommel Strike","floor":19},{"not_picked":["Thunderclap","Warcry+1","Evolve"],"picked":"SKIP","floor":21},{"not_picked":["Burning Pact+1","Body Slam","Metallicize"],"picked":"SKIP","floor":23},{"not_picked":["Infernal Blade+1","Body Slam"],"picked":"Perfected Strike","floor":29},{"not_picked":["Feel No Pain","Body Slam","Barricade"],"picked":"SKIP","floor":31},{"not_picked":["Sword Boomerang","Power Through+1","Headbutt+1"],"picked":"SKIP","floor":35},{"not_picked":["Sentinel+1","Rampage+1"],"picked":"Heavy Blade","floor":36},{"not_picked":["Cleave+1","Pommel Strike+1"],"picked":"Shrug It Off+1","floor":37},{"not_picked":["Rage+1","Clothesline","Headbutt"],"picked":"SKIP","floor":42},{"not_picked":["Wild Strike","Havoc+1"],"picked":"Ghostly Armor+1","floor":45},{"not_picked":["Headbutt+1","Carnage+1"],"picked":"Shrug It Off+1","floor":47},{"not_picked":["Clothesline+1","Reckless Charge+1","Headbutt+1"],"picked":"SKIP","floor":48}],"player_experience":156695,"relics_obtained":[{"floor":6,"key":"Gremlin Horn"},{"floor":9,"key":"Bottled Tornado"},{"floor":14,"key":"Odd Mushroom"},{"floor":23,"key":"Kunai"},{"floor":43,"key":"FossilizedHelix"},{"floor":46,"key":"Molten Egg 2"},{"floor":47,"key":"White Beast Statue"}],"event_choices":[{"damage_healed":0,"gold_gain":0,"player_choice":"Entered Light","damage_taken":14,"max_hp_gain":0,"max_hp_loss":0,"event_name":"Shining Light","floor":8,"gold_loss":0,"cards_upgraded":["Strike_R","Strike_R"]},{"cards_removed":["Reaper"],"damage_healed":0,"gold_gain":0,"player_choice":"Gave Card","damage_taken":0,"relics_obtained":["The Courier"],"max_hp_gain":0,"max_hp_loss":0,"event_name":"WeMeetAgain","floor":10,"gold_loss":0},{"damage_healed":0,"gold_gain":75,"player_choice":"Gather Gold","damage_taken":11,"max_hp_gain":0,"max_hp_loss":0,"event_name":"World of Goop","floor":13,"gold_loss":0},{"damage_healed":0,"gold_gain":0,"player_choice":"Fought Mushrooms","damage_taken":0,"max_hp_gain":0,"max_hp_loss":0,"event_name":"Mushrooms","floor":14,"gold_loss":0},{"damage_healed":0,"gold_gain":0,"player_choice":"Simplicity","damage_taken":0,"max_hp_gain":0,"max_hp_loss":0,"event_name":"Back to Basics","floor":22,"gold_loss":0,"cards_upgraded":["Strike_R","Strike_R","Defend_R","Defend_R","Defend_R"]},{"damage_healed":0,"gold_gain":100,"player_choice":"Pray","damage_taken":0,"max_hp_gain":0,"max_hp_loss":0,"event_name":"Golden Shrine","floor":28,"gold_loss":0},{"cards_removed":["Defend_R"],"damage_healed":0,"gold_gain":0,"player_choice":"Gave Gold","damage_taken":0,"max_hp_gain":0,"max_hp_loss":0,"event_name":"Beggar","floor":30,"gold_loss":75},{"damage_healed":0,"gold_gain":0,"player_choice":"Ignored","damage_taken":0,"max_hp_gain":0,"max_hp_loss":0,"event_name":"Mysterious Sphere","floor":39,"gold_loss":0},{"damage_healed":0,"gold_gain":0,"player_choice":"Paid","damage_taken":0,"relics_obtained":["Red Mask"],"max_hp_gain":0,"max_hp_loss":0,"event_name":"Tomb of Lord Red Mask","floor":41,"gold_loss":63}],"is_beta":false,"boss_relics":[{"not_picked":["Astrolabe","Runic Dome"],"picked":"Philosopher\u0027s Stone"},{"not_picked":["Fusion Hammer","Pandora\u0027s Box"],"picked":"Empty Cage"}],"items_purged_floors":[20],"is_endless":false,"potions_floor_spawned":[1,5,6,16,18,21,33,37,42,47,48],"killed_by":"Donu and Deca","ascension_level":0}}