{"host":"db9qq6yd9ck6prkg","time":1608030424,"event":{"mods":["BaseMod","Custom Start","Minty Spire (QoL Compilation)","StSLib","Uncapped"],"gold_per_floor":[113,38,88,103,119,119,44,44,68,87,103,103,103,131,131,202,202,221,221,232,282,105,140,140,152,152,152,183,200,232,248,248,327,327,337,99364,99382,99392,98601,98632,98645,98670,98670,98670,97986,98019,98019,98019,98019,98019,98019,98019,97390,97418,97418],"floor_reached":56,"playtime":2114,"items_purged":["Strike_G","Defend_G","Poisoned Stab+1","Bouncing Flask","Bullet Time","Blade Dance"],"score":2312,"play_id":"62e4708c-69f6-4815-a6e7-5b6a90f7e1ea","local_time":"20201215190704","is_ascension_mode":true,"campfire_choices":[{"data":"Eviscerate","floor":6.0,"key":"SMITH"},{"floor":8.0,"key":"RECALL"},{"data":"Blade Dance","floor":13.0,"key":"SMITH"},{"data":"Backflip","floor":15.0,"key":"SMITH"},{"data":"Accuracy","floor":24.0,"key":"SMITH"},{"data":"Adrenaline","floor":27.0,"key":"SMITH"},{"floor":32.0,"key":"REST"},{"data":"Tactician","floor":44.0,"key":"SMITH"},{"data":"Calculated Gamble","floor":49,"key":"SMITH"},{"data":"Storm of Steel","floor":52,"key":"SMITH"}],"circlet_count":0,"master_deck":["AscendersBane","Survivor+1","Neutralize","Acrobatics+1","Venomology+1","Eviscerate+1","Escape Plan","Blade Dance+1","Backflip+1","Adrenaline+1","Accuracy+1","Escape Plan+1","Terror","Storm of Steel+1","Tactician+1","Well Laid Plans","Calculated Gamble+1"],"relics":["Astrolabe","Orichalcum","Bird Faced Urn","SacredBark","Eternal Feather","Lizard Tail","MealTicket","Toy Ornithopter","Pandora\u0027s Box","StrikeDummy","Torii","Orrery","Strawberry","TungstenRod","Cauldron","HornCleat","Ancient Tea Set","OrangePellets","Akabeko","War Paint","Centennial Puzzle","Membership Card","The Specimen","Calipers","Shuriken"],"acts_visited":["TheEnding"],"potions_floor_usage":[50,54,55,55,55],"damage_taken":[{"damage":2.0,"enemies":"Jaw Worm","floor":1.0,"turns":4.0},{"damage":0.0,"enemies":"2 Louse","floor":4.0,"turns":2.0},{"damage":1.0,"enemies":"Cultist","floor":5.0,"turns":3.0},{"damage":0.0,"enemies":"Exordium Thugs","floor":10.0,"turns":6.0},{"damage":0.0,"enemies":"3 Louse","floor":11.0,"turns":3.0},{"damage":5.0,"enemies":"Lagavulin","floor":14.0,"turns":5.0},{"damage":69.0,"enemies":"Hexaghost","floor":16.0,"turns":15.0},{"damage":0.0,"enemies":"Spheric Guardian","floor":18.0,"turns":3.0},{"damage":0.0,"enemies":"2 Thieves","floor":20.0,"turns":1.0},{"damage":17.0,"enemies":"Slavers","floor":23.0,"turns":5.0},{"damage":6.0,"enemies":"Cultist and Chosen","floor":25.0,"turns":5.0},{"damage":28.0,"enemies":"Gremlin Leader","floor":28.0,"turns":10.0},{"damage":11.0,"enemies":"Snake Plant","floor":29.0,"turns":3.0},{"damage":11.0,"enemies":"Slavers","floor":30.0,"turns":5.0},{"damage":0.0,"enemies":"Centurion and Healer","floor":31.0,"turns":5.0},{"damage":95.0,"enemies":"Collector","floor":33.0,"turns":12.0},{"damage":12.0,"enemies":"3 Darklings","floor":35.0,"turns":4.0},{"damage":0.0,"enemies":"3 Shapes","floor":37.0,"turns":2.0},{"damage":27.0,"enemies":"Spire Growth","floor":38.0,"turns":3.0},{"damage":34.0,"enemies":"Reptomancer","floor":40.0,"turns":5.0},{"damage":5.0,"enemies":"Writhing Mass","floor":41.0,"turns":4.0},{"damage":27.0,"enemies":"Nemesis","floor":42.0,"turns":3.0},{"damage":6.0,"enemies":"Giant Head","floor":46.0,"turns":2.0},{"damage":25,"enemies":"Donu and Deca","floor":50,"turns":6},{"damage":24,"enemies":"Shield and Spear","floor":54,"turns":3},{"damage":39,"enemies":"The Heart","floor":55,"turns":5}],"seed_played":"3548771925006995239","potions_obtained":[{"floor":10.0,"key":"Fire Potion"},{"floor":11.0,"key":"DistilledChaos"},{"floor":16.0,"key":"Strength Potion"},{"floor":18.0,"key":"Explosive Potion"},{"floor":23.0,"key":"SteroidPotion"},{"floor":29.0,"key":"SteroidPotion"},{"floor":35.0,"key":"SteroidPotion"},{"floor":39.0,"key":"Block Potion"},{"floor":40.0,"key":"PowerPotion"},{"floor":42.0,"key":"DuplicationPotion"},{"floor":46,"key":"ColorlessPotion"}],"is_trial":false,"path_per_floor":["M","?","?","M","M","R","$","R","T","M","M","$","R","E","R","B",null,"M","?","M","?","$","E","R","M","T","R","E","M","E","M","R","B",null,"M","$","M","M","$","E","M","E","T","R","$","E","?","?","R","B",null,"R","$","E","B",null],"character_chosen":"THE_SILENT","items_purchased":["Accuracy","StrikeDummy","Torii","Orrery","Accuracy","Strawberry","TungstenRod","Cauldron","OrangePellets","Akabeko","War Paint","Membership Card","The Specimen","Calipers","LiquidBronze"],"campfire_rested":1,"item_purchase_floors":[22,36,36,36,36,39,39,39,45,45,45,53,53,53,53],"current_hp_per_floor":[57,57,57,57,56,56,56,56,56,56,56,56,56,51,51,3,50,50,50,50,50,50,35,44,40,40,49,23,14,5,12,40,17,54,44,59,66,39,61,43,53,37,37,49,64,73,69,69,69,44,63,69,69,45,25],"gold":97418,"neow_bonus":"BOSS_RELIC","is_daily":false,"chose_seed":false,"campfire_upgraded":8,"win_rate":0.0,"timestamp":1608030424,"path_taken":["M","?","?","M","?","R","?","R","T","M","M","$","R","E","R","BOSS","M","?","M","?","$","E","R","M","T","R","E","?","E","M","R","BOSS","M","$","M","M","$","E","M","E","T","R","$","E","?","?","R","BOSS","R","$","E","BOSS"],"items_purchased_type":["Card","Relic","Relic","Relic","Card","Relic","Relic","Relic","Relic","Relic","Relic","Relic","Relic","Relic","Potion"],"build_version":"2020-12-13","purchased_purges":6,"victory":true,"max_hp_per_floor":[66,66,66,66,66,66,66,66,66,66,66,66,66,66,66,66,66,66,66,66,66,66,66,66,66,66,66,66,66,66,66,66,66,66,66,66,66,66,73,73,73,73,73,73,73,73,69,69,69,69,69,69,69,69,69],"card_choices":[{"not_picked":["Acrobatics","Deadly Poison"],"picked":"Eviscerate","floor":1.0},{"not_picked":["Cloak And Dagger","Acrobatics"],"picked":"Escape Plan","floor":4.0},{"not_picked":["Poisoned Stab","Deadly Poison"],"picked":"Blade Dance","floor":10.0},{"not_picked":["Cloak And Dagger","Flying Knee","Deadly Poison"],"picked":"SKIP","floor":11.0},{"not_picked":["Underhanded Strike","Riddle With Holes"],"picked":"Backflip","floor":14.0},{"not_picked":["Phantasmal Killer","Storm of Steel"],"picked":"Adrenaline","floor":16.0},{"not_picked":["Catalyst","Flying Knee"],"picked":"Blade Dance","floor":28.0},{"not_picked":["Malaise","Night Terror"],"picked":"Bullet Time","floor":33.0},{"not_picked":["Dagger Throw","Infinite Blades"],"picked":"Tactician","floor":36.0},{"not_picked":["Leg Sweep","Dagger Spray+1"],"picked":"Well Laid Plans","floor":38.0},{"not_picked":["Backflip","Acrobatics"],"picked":"Calculated Gamble","floor":40.0},{"not_picked":["Dash","Flying Knee+1","Noxious Fumes"],"picked":"SKIP","floor":42.0},{"not_picked":["PiercingWail","Backstab+1","Sucker Punch"],"picked":"SKIP","floor":46},{"not_picked":["Endless Agony+1","Dash+1","Distraction"],"picked":"SKIP","floor":54}],"player_experience":173833,"relics_obtained":[{"floor":9.0,"key":"Orichalcum"},{"floor":14.0,"key":"Bird Faced Urn"},{"floor":23.0,"key":"Eternal Feather"},{"floor":26.0,"key":"Lizard Tail"},{"floor":28.0,"key":"MealTicket"},{"floor":30.0,"key":"Toy Ornithopter"},{"floor":40.0,"key":"HornCleat"},{"floor":42.0,"key":"Ancient Tea Set"},{"floor":46,"key":"Centennial Puzzle"},{"floor":54,"key":"Shuriken"}],"event_choices":[{"cards_removed":["Strike_G"],"damage_healed":0.0,"max_hp_gain":0.0,"max_hp_loss":0.0,"gold_gain":0.0,"event_name":"The Cleric","player_choice":"Card Removal","floor":2.0,"gold_loss":75.0,"damage_taken":0.0},{"damage_healed":0.0,"max_hp_gain":0.0,"max_hp_loss":0.0,"gold_gain":50.0,"event_name":"Golden Shrine","player_choice":"Pray","floor":3.0,"gold_loss":0.0,"damage_taken":0.0},{"damage_healed":0.0,"max_hp_gain":0.0,"max_hp_loss":0.0,"gold_gain":0.0,"event_name":"Beggar","player_choice":"Ignored","floor":19.0,"gold_loss":0.0,"damage_taken":0.0},{"damage_healed":0.0,"max_hp_gain":0.0,"max_hp_loss":0.0,"gold_gain":100.0,"event_name":"The Joust","player_choice":"Bet on Murderer","floor":21.0,"gold_loss":50.0,"damage_taken":0.0},{"damage_healed":0,"gold_gain":0,"player_choice":"Max HP","damage_taken":0,"max_hp_gain":0,"max_hp_loss":4,"event_name":"Winding Halls","floor":47,"gold_loss":0},{"cards_removed":["Accuracy"],"damage_healed":0,"gold_gain":0,"player_choice":"Removed Power","damage_taken":0,"max_hp_gain":0,"max_hp_loss":0,"event_name":"Falling","floor":48,"gold_loss":0}],"is_beta":false,"boss_relics":[{"not_picked":["Sozu","Snecko Eye"],"picked":"SacredBark"},{"not_picked":["Cursed Key","Velvet Choker"],"picked":"Pandora\u0027s Box"}],"items_purged_floors":[7,22,36,39,45,53],"is_endless":false,"potions_floor_spawned":[10,11,16,18,23,29,35,40,42,46],"ascension_level":18}}