{"host":"etmsduvleanb5j7c","time":1608056064,"event":{"mods":["2.2 Compatiblity","BaseMod","Downfall","Minty Spire (QoL Compilation)","StSLib"],"gold_per_floor":[99,111,129,304,304,323,323,335,345,375,390,153,164,6,27,27,27],"floor_reached":16,"playtime":1148,"items_purged":[],"score":106,"play_id":"fced8adc-7d1e-4f18-9292-b34ad0e37aca","local_time":"20201215191424","is_ascension_mode":false,"campfire_choices":[{"floor":1,"key":"RECALL"},{"data":"hexamod:FastForward","floor":5,"key":"SMITH"}],"circlet_count":0,"master_deck":["hexamod:Strike","hexamod:Strike","hexamod:Strike","hexamod:Strike","hexamod:Defend","hexamod:Defend","hexamod:Defend","hexamod:Defend","hexamod:Sear","hexamod:Float","hexamod:HauntingEcho","hexamod:FastForward+1","Doubt","hexamod:InspiringFlames","hexamod:EtherealExpedition","hexamod:ExtraCrispy","hexamod:SecondSeal","hexamod:SoulSteal","hexamod:AdvancingGuard","hexamod:Firestarter","hexamod:StepThrough","hexamod:ThirdSeal","hexamod:SoulSteal","hexamod:FourthSeal","hexamod:SpectersWail","hexamod:GhostLash","hexamod:BacktrackSmack","hexamod:ExtraCrispy","hexamod:BacktrackSmack"],"relics":["hexamod:SpiritBrand","Blood Vial","Lantern"],"acts_visited":["Exordium"],"potions_floor_usage":[],"damage_taken":[{"damage":0,"enemies":"2 Louse","floor":2,"turns":2},{"damage":0,"enemies":"Small Slimes","floor":3,"turns":3},{"damage":0,"enemies":"Jaw Worm","floor":6,"turns":3},{"damage":9,"enemies":"Lots of Slimes","floor":8,"turns":4},{"damage":2,"enemies":"2 Fungi Beasts","floor":9,"turns":4},{"damage":26,"enemies":"Lagavulin","floor":10,"turns":7},{"damage":5,"enemies":"Blue Slaver","floor":11,"turns":4},{"damage":0,"enemies":"downfall:FleeingMerchant","floor":12,"turns":4},{"damage":0,"enemies":"3 Louse","floor":13,"turns":4},{"damage":4,"enemies":"downfall:FleeingMerchant","floor":14,"turns":4},{"damage":1,"enemies":"Gremlin Gang","floor":15,"turns":5},{"damage":40,"enemies":"downfall:Defect","floor":16,"turns":4}],"seed_played":"-4275001600000050836","potions_obtained":[{"floor":0,"key":"hexamod:EctoCoolerPotion"},{"floor":0,"key":"SteroidPotion"},{"floor":0,"key":"SpeedPotion"}],"is_trial":false,"path_per_floor":["R","M","M","?","R","M","T","M","M","E","M","$","M","$","M","B"],"character_chosen":"THE_SPIRIT","items_purchased":["hexamod:Firestarter","hexamod:StepThrough","hexamod:ThirdSeal","hexamod:SoulSteal","Lantern"],"campfire_rested":0,"item_purchase_floors":[12,12,12,12,14],"current_hp_per_floor":[70,70,70,70,70,70,70,61,59,33,30,32,34,32,33,0,0],"gold":27,"neow_bonus":"THREE_SMALL_POTIONS","is_daily":false,"chose_seed":false,"campfire_upgraded":1,"win_rate":0.0,"timestamp":1608056064,"path_taken":["R","M","M","?","R","M","T","M","M","E","M","$","M","$","M","BOSS"],"items_purchased_type":["Card","Card","Card","Card","Relic"],"build_version":"2020-12-13","purchased_purges":0,"victory":false,"max_hp_per_floor":[70,70,70,70,70,70,70,70,70,70,70,70,70,70,70,70,70],"card_choices":[{"not_picked":["hexamod:RainOfEmbers","hexamod:ThermalTransfer"],"picked":"hexamod:HauntingEcho","floor":2},{"not_picked":["hexamod:AdvancingGuard","hexamod:BacktrackSmack"],"picked":"hexamod:FastForward","floor":3},{"not_picked":["hexamod:Again","hexamod:ShieldOfDarkness"],"picked":"hexamod:InspiringFlames","floor":6},{"not_picked":["hexamod:AdvancingGuard","hexamod:Haunt"],"picked":"hexamod:EtherealExpedition","floor":8},{"not_picked":["hexamod:ThirdSeal","hexamod:Incineration"],"picked":"hexamod:ExtraCrispy","floor":9},{"not_picked":["hexamod:GhostflameBarrier","hexamod:AdvancingGuard"],"picked":"hexamod:SecondSeal","floor":10},{"not_picked":["hexamod:ShieldOfDarkness","hexamod:RetreatToShadows"],"picked":"hexamod:SoulSteal","floor":11},{"not_picked":["hexamod:Hexaguard","hexamod:UnleashSpirits"],"picked":"hexamod:AdvancingGuard","floor":12},{"not_picked":["hexamod:HauntingEcho","hexamod:RecurringNightmare"],"picked":"hexamod:FourthSeal","floor":13},{"not_picked":["hexamod:AdvancingGuard","hexamod:GhostLash"],"picked":"hexamod:SpectersWail","floor":13},{"not_picked":["hexamod:Again","hexamod:BurningTouch"],"picked":"hexamod:GhostLash","floor":14},{"not_picked":["hexamod:FastForward","hexamod:HauntingEcho"],"picked":"hexamod:BacktrackSmack","floor":14},{"not_picked":["hexamod:HauntingEcho","hexamod:ThermalTransfer"],"picked":"hexamod:ExtraCrispy","floor":15},{"not_picked":["hexamod:AdvancingGuard","hexamod:Haunt"],"picked":"hexamod:BacktrackSmack","floor":15}],"player_experience":121813,"relics_obtained":[{"floor":10,"key":"Blood Vial"}],"event_choices":[],"is_beta":false,"boss_relics":[],"items_purged_floors":[],"is_endless":false,"potions_floor_spawned":[2,8,9,13,15],"killed_by":"downfall:Defect","ascension_level":0}}