{"host":"d3vxos6womvqm2ts","time":1608004981,"event":{"mods":["AchievementEnabler","Bard","BaseMod","Colored Powertips","Downfall","Hermit","Minty Spire (QoL Compilation)","Robot Space Explorer","SOS???????","StSLib","Td1madao Mod","The Alterego","The Animator","The Cursed","The Death Knight","The Judge","The Necromancer","The Poker Player","The Runesmith","The Servant 0.9.4","The Wild Card","Yuri Mod"],"gold_per_floor":[99,99,35,35,52,37,37,53,67,93,107,123,137,155,167,167,167],"floor_reached":16,"playtime":1626,"items_purged":[],"score":106,"play_id":"35a61a5d-5adf-4b10-a887-b06759ccaec6","local_time":"20201214230301","is_ascension_mode":false,"campfire_choices":[{"floor":1,"key":"RECALL"},{"data":"champ:StanceDance","floor":4,"key":"SMITH"}],"circlet_count":0,"master_deck":["champ:Strike","champ:Strike","champ:Strike","champ:Strike","champ:Defend","champ:Defend","champ:Defend","champ:Defend","champ:Execute","champ:Taunt","champ:StanceDance+1","champ:DefensiveShout","champ:PerfectedStrike","champ:HeartStrike","champ:BerserkersShout","champ:ArenaPreparation","champ:PreciseThrust","champ:BladeFlurry","champ:EnragedBash","champ:MurderStrike","champ:TornadoPunch","champ:Shatter"],"relics":["champ:ChampionCrown","Dream Catcher","Orichalcum"],"acts_visited":["Exordium"],"potions_floor_usage":[16,16,16],"damage_taken":[{"damage":10,"enemies":"downfall:FleeingMerchant","floor":3,"turns":4},{"damage":13,"enemies":"Small Slimes","floor":5,"turns":3},{"damage":10,"enemies":"downfall:FleeingMerchant","floor":6,"turns":4},{"damage":5,"enemies":"Jaw Worm","floor":8,"turns":4},{"damage":11,"enemies":"Cultist","floor":9,"turns":3},{"damage":42,"enemies":"Lagavulin","floor":10,"turns":6},{"damage":15,"enemies":"Blue Slaver","floor":11,"turns":3},{"damage":12,"enemies":"2 Fungi Beasts","floor":12,"turns":2},{"damage":7,"enemies":"3 Louse","floor":13,"turns":4},{"damage":42,"enemies":"Exordium Thugs","floor":14,"turns":7},{"damage":22,"enemies":"2 Fungi Beasts","floor":15,"turns":3},{"damage":45,"enemies":"downfall:Silent","floor":16,"turns":4}],"seed_played":"1383560941249599019","potions_obtained":[{"floor":8,"key":"DeathKnight:BottledBloodEchoes"},{"floor":10,"key":"Energy Potion"},{"floor":11,"key":"LiquidBronze"},{"floor":12,"key":"AttackPotion"},{"floor":13,"key":"champ:CounterPotion"}],"is_trial":false,"path_per_floor":["R","?","$","R","M","$","T","M","M","E","M","M","M","M","M","B"],"character_chosen":"THE_CHAMP","items_purchased":["champ:DefensiveShout"],"campfire_rested":0,"item_purchase_floors":[3],"current_hp_per_floor":[99,99,99,99,94,94,94,94,94,76,69,62,60,50,41,0,0],"gold":167,"neow_bonus":"TEN_PERCENT_HP_BONUS","is_daily":false,"chose_seed":false,"campfire_upgraded":1,"win_rate":0.0,"timestamp":1608004981,"path_taken":["R","?","$","R","M","?","T","M","M","E","M","?","M","M","M","BOSS"],"items_purchased_type":["Card"],"build_version":"2020-12-13","purchased_purges":0,"victory":false,"max_hp_per_floor":[99,99,99,99,99,99,99,99,99,99,99,99,99,99,99,99,99],"card_choices":[{"not_picked":["champ:IgnorePain","champ:Circumvent"],"picked":"champ:StanceDance","floor":3},{"not_picked":["champ:Encircle","champ:DeathBlow"],"picked":"champ:PerfectedStrike","floor":5},{"not_picked":["champ:ViciousMockery","champ:DefensiveShout"],"picked":"champ:HeartStrike","floor":6},{"not_picked":["champ:EnGarde","champ:Haymaker"],"picked":"champ:BerserkersShout","floor":8},{"not_picked":["champ:FightOn","champ:BladeFlurry"],"picked":"champ:ArenaPreparation","floor":9},{"not_picked":["champ:Backstep","champ:FalseCounter"],"picked":"champ:PreciseThrust","floor":10},{"not_picked":["champ:Backstep","champ:GladiatorStyle"],"picked":"champ:BladeFlurry","floor":11},{"not_picked":["champ:Duel","champ:CrookedStrike"],"picked":"champ:EnragedBash","floor":12},{"not_picked":["champ:BringItOn","champ:EnGarde"],"picked":"champ:MurderStrike","floor":13},{"not_picked":["champ:FalseCounter","champ:BladeFlurry"],"picked":"champ:TornadoPunch","floor":14},{"not_picked":["champ:CrookedStrike","champ:TornadoPunch"],"picked":"champ:Shatter","floor":15}],"player_experience":69220,"relics_obtained":[{"floor":7,"key":"Dream Catcher"},{"floor":10,"key":"Orichalcum"}],"event_choices":[],"is_beta":false,"boss_relics":[],"items_purged_floors":[],"is_endless":false,"potions_floor_spawned":[8,10,11,12,13,15],"killed_by":"downfall:Silent","ascension_level":0}}