{"host":"mi0eibewekhugwl1","time":1608046196,"event":{"mods":["AchievementEnabler","BaseMod","Colored Map","Colored Powertips","DeckTracker","Keyboard Shortcuts","Minty Spire (QoL Compilation)","Quick Restart","Rare Cards Sparkle","Relic Stats","StSLib","SuperFastMode","everything is the same but u backflip on backflip"],"gold_per_floor":[117,128,138,153,172,172,172,247,247,247,297,297,314,334,334,407,407,423,439,439,85,115,115,115],"floor_reached":23,"playtime":626,"items_purged":["Strike_P"],"score":366,"play_id":"f1dcb35e-6732-44e0-9785-4a4354057392","local_time":"20201216002956","is_ascension_mode":true,"campfire_choices":[{"floor":6.0,"key":"REST"},{"data":"Tantrum","floor":10.0,"key":"SMITH"},{"floor":12,"key":"REST"},{"data":"MentalFortress","floor":15,"key":"SMITH"}],"circlet_count":0,"master_deck":["AscendersBane","Strike_P","Strike_P","Strike_P","Defend_P","Defend_P","Defend_P","Defend_P","Eruption+1","Vigilance","Vengeance","EmptyMind","FearNoEvil","Tantrum+1","EmptyFist","MentalFortress+1","Scrawl","FlurryOfBlows"],"relics":["PureWater","Mummified Hand","VioletLotus","Meat on the Bone","Red Mask"],"acts_visited":["Exordium","TheCity"],"potions_floor_usage":[14,16],"damage_taken":[{"damage":6.0,"enemies":"2 Louse","floor":1.0,"turns":3.0},{"damage":4.0,"enemies":"Small Slimes","floor":2.0,"turns":3.0},{"damage":0.0,"enemies":"Cultist","floor":3.0,"turns":3.0},{"damage":11.0,"enemies":"Blue Slaver","floor":4.0,"turns":6.0},{"damage":17.0,"enemies":"Exordium Thugs","floor":5.0,"turns":4.0},{"damage":4,"enemies":"Red Slaver","floor":13,"turns":2},{"damage":10,"enemies":"Large Slime","floor":14,"turns":5},{"damage":6,"enemies":"Hexaghost","floor":16,"turns":8},{"damage":17,"enemies":"2 Thieves","floor":18,"turns":3},{"damage":43,"enemies":"3 Byrds","floor":19,"turns":6},{"damage":12,"enemies":"Masked Bandits","floor":22,"turns":3},{"damage":44,"enemies":"Gremlin Leader","floor":23,"turns":4}],"seed_played":"529233989059510955","potions_obtained":[{"floor":2.0,"key":"Ancient Potion"},{"floor":13,"key":"Explosive Potion"},{"floor":14,"key":"PowerPotion"},{"floor":18,"key":"Dexterity Potion"}],"is_trial":false,"path_per_floor":["M","M","M","M","M","R","?","?","T","R","?","R","M","M","R","B",null,"M","M","?","$","?","E"],"character_chosen":"WATCHER","items_purchased":["Meat on the Bone"],"campfire_rested":2,"item_purchase_floors":[21],"current_hp_per_floor":[55,51,51,40,23,43,48,37,37,37,30,51,47,37,37,31,63,46,3,18,18,18,0,0],"gold":115,"neow_bonus":"UPGRADE_CARD","is_daily":false,"chose_seed":false,"campfire_upgraded":2,"win_rate":0.0,"timestamp":1608046196,"path_taken":["M","M","M","M","M","R","?","?","T","R","?","R","M","M","R","BOSS","M","?","?","$","?","E"],"items_purchased_type":["Relic"],"build_version":"2020-12-13","purchased_purges":1,"victory":false,"max_hp_per_floor":[68,68,68,68,68,68,73,73,73,73,73,73,73,73,73,73,73,73,73,73,73,73,73,73],"relic_stats":{"counters":[12,50],"Mummified Hand":[6],"VioletLotus":[11],"obtain_stats":[{"Mummified Hand":9,"VioletLotus":17,"Red Mask":22,"PureWater":0,"Meat on the Bone":21},{"Mummified Hand":5,"VioletLotus":8,"Red Mask":11,"PureWater":0,"Meat on the Bone":10},{"Mummified Hand":19,"VioletLotus":34,"Red Mask":46,"PureWater":0,"Meat on the Bone":43}],"Meat on the Bone":12},"card_choices":[{"not_picked":["Prostrate","CrushJoints","CutThroughFate"],"picked":"SKIP","floor":1.0},{"not_picked":["LikeWater","WaveOfTheHand"],"picked":"Vengeance","floor":2.0},{"not_picked":["JustLucky","WaveOfTheHand"],"picked":"EmptyMind","floor":3.0},{"not_picked":["ClearTheMind","Protect"],"picked":"FearNoEvil","floor":4.0},{"not_picked":["PathToVictory","WaveOfTheHand"],"picked":"Tantrum","floor":5.0},{"not_picked":["Weave","JustLucky"],"picked":"EmptyFist","floor":13},{"not_picked":["BowlingBash","FollowUp"],"picked":"MentalFortress","floor":14},{"not_picked":["Judgement","SpiritShield"],"picked":"Scrawl","floor":16},{"not_picked":["EmptyFist","Evaluate","BowlingBash+1"],"picked":"SKIP","floor":18},{"not_picked":["Consecrate","EmptyFist+1"],"picked":"FlurryOfBlows","floor":19}],"player_experience":1669503,"relics_obtained":[{"floor":9.0,"key":"Mummified Hand"},{"floor":22,"key":"Red Mask"}],"event_choices":[{"damage_healed":0.0,"max_hp_gain":5.0,"max_hp_loss":0.0,"gold_gain":0.0,"event_name":"Big Fish","player_choice":"Donut","floor":7.0,"gold_loss":0.0,"damage_taken":0.0},{"damage_healed":0.0,"max_hp_gain":0.0,"max_hp_loss":0.0,"gold_gain":75.0,"event_name":"World of Goop","player_choice":"Gather Gold","floor":8.0,"gold_loss":0.0,"damage_taken":11.0},{"damage_healed":0,"gold_gain":50,"player_choice":"Touch","damage_taken":7,"max_hp_gain":0,"max_hp_loss":0,"event_name":"FaceTrader","floor":11,"gold_loss":0},{"damage_healed":15,"gold_gain":0,"player_choice":"Heal","damage_taken":0,"max_hp_gain":0,"max_hp_loss":0,"event_name":"The Library","floor":20,"gold_loss":0},{"damage_healed":0,"gold_gain":0,"player_choice":"Fought Bandits","damage_taken":0,"max_hp_gain":0,"max_hp_loss":0,"event_name":"Masked Bandits","floor":22,"gold_loss":0}],"is_beta":false,"boss_relics":[{"not_picked":["Calling Bell","Empty Cage"],"picked":"VioletLotus"}],"items_purged_floors":[21],"is_endless":false,"potions_floor_spawned":[2,13,14,18],"killed_by":"Gremlin Leader","ascension_level":20}}