{"host":"kh6fvhxn285ncg0o","time":1608000229,"event":{"mods":["Act Like it!","BaseMod","Colored Map","Friendly Minions","Keyboard Shortcuts","Minty Spire (QoL Compilation)","Quick Restart","Relic Stats","StSLib","SuperFastMode"],"gold_per_floor":[159,193,243,82,152,152,253,253,253,316,372,372,372,297,297,374,374,419,469,510,510,510,565,565,645,698,277,327,327,368,97,97,198,198,233,318,105,143,16,16,76,76,99,134,194,237,295,295,295,370,395,395,395,35,61,61],"floor_reached":57,"playtime":1734,"items_purged":["Strike_R","Strike_R","Strike_R","Bash","Writhe","HandOfGreed+1"],"score":3587,"play_id":"e035d21a-619b-4fba-b64d-f194ff879643","local_time":"20201215114349","is_ascension_mode":true,"campfire_choices":[{"data":"HandOfGreed","floor":6.0,"key":"SMITH"},{"floor":8.0,"key":"REST"},{"data":"Battle Trance","floor":13.0,"key":"SMITH"},{"data":"Seeing Red","floor":15.0,"key":"SMITH"},{"floor":24.0,"key":"REST"},{"data":"Body Slam","floor":32,"key":"SMITH"},{"data":"Feel No Pain","floor":40,"key":"SMITH"},{"data":"Offering","floor":42,"key":"SMITH"},{"floor":49,"key":"RECALL"},{"data":"Barricade","floor":53,"key":"SMITH"}],"circlet_count":0,"master_deck":["AscendersBane","Defend_R+1","Defend_R","Defend_R","Defend_R","Fire Breathing","Second Wind","Feel No Pain+1","Seeing Red+1","Battle Trance+1","Barricade+1","Shrug It Off+1","Dual Wield+1","Offering+1","Body Slam+1","Entrench+1","Secret Technique","Dark Shackles","Dark Embrace","Ghostly Armor+1"],"relics":["Burning Blood","White Beast Statue","Ice Cream","FossilizedHelix","Philosopher\u0027s Stone","Bronze Scales","Shuriken","Ancient Tea Set","Membership Card","Happy Flower","Pear","Darkstone Periapt","War Paint","Anchor","Runic Pyramid","Sundial","Singing Bowl","Mummified Hand","TheAbacus","HornCleat","Oddly Smooth Stone"],"acts_visited":["Exordium","TheCity","TheBeyond","TheEnding"],"potions_floor_usage":[28,28,33,36,56,56],"damage_taken":[{"damage":8.0,"enemies":"2 Louse","floor":1.0,"turns":4.0},{"damage":7.0,"enemies":"Jaw Worm","floor":2.0,"turns":2.0},{"damage":16.0,"enemies":"Small Slimes","floor":3.0,"turns":6.0},{"damage":10.0,"enemies":"3 Louse","floor":5.0,"turns":6.0},{"damage":23.0,"enemies":"3 Sentries","floor":7.0,"turns":13.0},{"damage":0.0,"enemies":"2 Fungi Beasts","floor":10.0,"turns":3.0},{"damage":27.0,"enemies":"Lagavulin","floor":11.0,"turns":7.0},{"damage":0.0,"enemies":"Slime Boss","floor":16.0,"turns":7.0},{"damage":0.0,"enemies":"Chosen","floor":18.0,"turns":5.0},{"damage":4.0,"enemies":"Shell Parasite","floor":20.0,"turns":4.0},{"damage":26.0,"enemies":"Gremlin Leader","floor":23.0,"turns":8.0},{"damage":24.0,"enemies":"Slavers","floor":25.0,"turns":4.0},{"damage":32,"enemies":"Gremlin Leader","floor":28,"turns":6},{"damage":0,"enemies":"Snecko","floor":30,"turns":5},{"damage":0,"enemies":"Automaton","floor":33,"turns":6},{"damage":0,"enemies":"3 Darklings","floor":35,"turns":3},{"damage":6,"enemies":"3 Shapes","floor":36,"turns":6},{"damage":0,"enemies":"Spire Growth","floor":38,"turns":3},{"damage":0,"enemies":"Nemesis","floor":41,"turns":3},{"damage":0,"enemies":"3 Darklings","floor":44,"turns":2},{"damage":0,"enemies":"Reptomancer","floor":45,"turns":4},{"damage":0,"enemies":"Writhing Mass","floor":46,"turns":5},{"damage":0,"enemies":"Giant Head","floor":47,"turns":6},{"damage":0,"enemies":"Awakened One","floor":50,"turns":7},{"damage":0,"enemies":"Donu and Deca","floor":51,"turns":6},{"damage":0,"enemies":"Shield and Spear","floor":55,"turns":3},{"damage":0,"enemies":"The Heart","floor":56,"turns":5}],"seed_played":"-2171666544079387748","potions_obtained":[{"floor":1.0,"key":"BloodPotion"},{"floor":10.0,"key":"PowerPotion"},{"floor":11.0,"key":"BloodPotion"},{"floor":16.0,"key":"SteroidPotion"},{"floor":20.0,"key":"Block Potion"},{"floor":23.0,"key":"BloodPotion"},{"floor":25.0,"key":"ColorlessPotion"},{"floor":28,"key":"ElixirPotion"},{"floor":30,"key":"Fruit Juice"},{"floor":33,"key":"SteroidPotion"},{"floor":35,"key":"Fruit Juice"},{"floor":36,"key":"BlessingOfTheForge"},{"floor":38,"key":"ColorlessPotion"},{"floor":41,"key":"Dexterity Potion"}],"is_trial":false,"path_per_floor":["M","M","M","$","M","R","E","R","T","M","E","?","R","?","R","B",null,"M","?","M","?","?","E","R","E","T","$","E","?","M","$","R","B",null,"M","M","$","M","$","R","E","R","T","M","E","M","E","?","R","B","B",null,"R","$","E","B",null],"character_chosen":"IRONCLAD","items_purchased":["Feel No Pain","Membership Card","Happy Flower","Evolve","Offering","Entrench","War Paint","Anchor","Secret Technique","Dark Shackles","Dark Embrace","TheAbacus","HornCleat","ElixirPotion"],"campfire_rested":2,"item_purchase_floors":[4,27,27,27,27,31,31,31,37,37,39,54,54,54],"current_hp_per_floor":[48,47,37,37,33,33,16,38,38,44,23,28,28,28,28,50,73,79,79,80,57,57,37,62,44,44,44,45,51,57,57,57,68,97,103,108,108,111,111,111,111,111,111,111,113,115,117,117,117,117,117,117,117,117,117,117],"gold":61,"neow_bonus":"RANDOM_COLORLESS_2","is_daily":false,"chose_seed":false,"campfire_upgraded":7,"win_rate":0.0,"timestamp":1608000229,"path_taken":["M","M","M","$","M","R","E","R","T","M","E","?","R","?","R","BOSS","M","?","M","?","?","E","R","E","T","$","E","?","M","$","R","BOSS","M","M","$","M","$","R","E","R","T","M","E","M","E","?","R","BOSS","BOSS","R","$","E","BOSS"],"items_purchased_type":["Card","Relic","Relic","Card","Card","Card","Relic","Relic","Card","Card","Card","Relic","Relic","Potion"],"build_version":"2020-12-13","purchased_purges":6,"victory":true,"max_hp_per_floor":[75,75,75,75,75,75,75,75,75,75,75,80,80,80,80,80,80,80,80,80,85,85,85,85,85,85,85,95,101,101,101,101,106,106,106,111,111,111,111,111,111,111,111,111,113,115,117,117,117,117,117,117,117,117,117,117],"relic_stats":{"Darkstone Periapt":6,"TheAbacus":[84],"Happy Flower":[23],"Singing Bowl":6,"counters":[27,139],"Shuriken":[11],"Sundial":[38],"Mummified Hand":[16],"Bronze Scales":[254],"War Paint":["Entrench","Defend_R"],"obtain_stats":[{"Ice Cream":9,"Darkstone Periapt":29,"Pear":28,"Happy Flower":27,"Singing Bowl":45,"Oddly Smooth Stone":55,"War Paint":31,"Ancient Tea Set":26,"Burning Blood":0,"White Beast Statue":7,"Anchor":31,"TheAbacus":54,"HornCleat":54,"Shuriken":25,"Sundial":41,"Mummified Hand":47,"Bronze Scales":23,"Philosopher\u0027s Stone":17,"Membership Card":27,"FossilizedHelix":11,"Runic Pyramid":34},{"Ice Cream":5,"Darkstone Periapt":13,"Pear":13,"Happy Flower":12,"Singing Bowl":21,"Oddly Smooth Stone":26,"War Paint":14,"Ancient Tea Set":12,"Burning Blood":0,"White Beast Statue":5,"Anchor":14,"TheAbacus":25,"HornCleat":25,"Shuriken":12,"Sundial":19,"Mummified Hand":23,"Bronze Scales":11,"Philosopher\u0027s Stone":8,"Membership Card":12,"FossilizedHelix":7,"Runic Pyramid":15},{"Ice Cream":31,"Darkstone Periapt":75,"Pear":75,"Happy Flower":69,"Singing Bowl":107,"Oddly Smooth Stone":134,"War Paint":80,"Ancient Tea Set":69,"Burning Blood":0,"White Beast Statue":31,"Anchor":80,"TheAbacus":131,"HornCleat":131,"Shuriken":69,"Sundial":101,"Mummified Hand":118,"Bronze Scales":65,"Philosopher\u0027s Stone":48,"Membership Card":69,"FossilizedHelix":41,"Runic Pyramid":86}],"Burning Blood":104},"card_choices":[{"not_picked":["Metamorphosis","Magnetism"],"picked":"HandOfGreed","floor":0.0},{"not_picked":["Twin Strike","Sentinel"],"picked":"Fire Breathing","floor":1.0},{"not_picked":["Wild Strike","Entrench","Cleave"],"picked":"SKIP","floor":2.0},{"not_picked":["Flex","Body Slam"],"picked":"Second Wind","floor":3.0},{"not_picked":["Cleave","Clash","Thunderclap"],"picked":"SKIP","floor":5.0},{"not_picked":["Whirlwind","Twin Strike","Dual Wield"],"picked":"SKIP","floor":7.0},{"not_picked":["Juggernaut","Armaments"],"picked":"Seeing Red","floor":10.0},{"not_picked":["Havoc","Thunderclap"],"picked":"Battle Trance","floor":11.0},{"not_picked":["Impervious","Bludgeon"],"picked":"Barricade","floor":16.0},{"not_picked":["Twin Strike","Iron Wave"],"picked":"Shrug It Off+1","floor":18.0},{"not_picked":["Flame Barrier","Anger","Flex"],"picked":"SKIP","floor":20.0},{"not_picked":["Havoc","Anger","Rupture"],"picked":"SKIP","floor":23.0},{"not_picked":["Wild Strike","Entrench"],"picked":"Dual Wield+1","floor":25.0},{"not_picked":["Demon Form","Perfected Strike","Heavy Blade"],"picked":"SKIP","floor":28},{"not_picked":["Clash","Reckless Charge"],"picked":"Body Slam","floor":30},{"not_picked":["Iron Wave+1","Twin Strike+1","Pommel Strike+1"],"picked":"SKIP","floor":35},{"not_picked":["Wild Strike","Pommel Strike","Headbutt+1"],"picked":"SKIP","floor":36},{"not_picked":["Wild Strike+1","Clash","Ghostly Armor"],"picked":"SKIP","floor":38},{"not_picked":["Rupture+1","Twin Strike","Shrug It Off"],"picked":"SKIP","floor":41},{"not_picked":["Evolve","Dropkick","Clash"],"picked":"SKIP","floor":44},{"not_picked":["Fiend Fire","Demon Form","Inflame"],"picked":"Singing Bowl","floor":45},{"not_picked":["Heavy Blade","Thunderclap+1","Perfected Strike"],"picked":"Singing Bowl","floor":46},{"not_picked":["Anger","Second Wind","Headbutt"],"picked":"Singing Bowl","floor":47},{"not_picked":["True Grit","Power Through"],"picked":"Ghostly Armor+1","floor":55}],"player_experience":3165071,"relics_obtained":[{"floor":7.0,"key":"White Beast Statue"},{"floor":9.0,"key":"Ice Cream"},{"floor":11.0,"key":"FossilizedHelix"},{"floor":23.0,"key":"Bronze Scales"},{"floor":25.0,"key":"Shuriken"},{"floor":26.0,"key":"Ancient Tea Set"},{"floor":28,"key":"Pear"},{"floor":41,"key":"Sundial"},{"floor":45,"key":"Singing Bowl"},{"floor":47,"key":"Mummified Hand"},{"floor":55,"key":"Oddly Smooth Stone"}],"event_choices":[{"damage_healed":0.0,"max_hp_gain":5.0,"max_hp_loss":0.0,"gold_gain":0.0,"event_name":"Big Fish","player_choice":"Donut","floor":12.0,"gold_loss":0.0,"damage_taken":0.0},{"cards_removed":["Strike_R"],"damage_healed":0.0,"max_hp_gain":0.0,"max_hp_loss":0.0,"gold_gain":0.0,"event_name":"The Cleric","player_choice":"Card Removal","floor":14.0,"gold_loss":75.0,"damage_taken":0.0},{"damage_healed":0.0,"max_hp_gain":0.0,"max_hp_loss":0.0,"gold_gain":50.0,"event_name":"Nest","player_choice":"Stole From Cult","floor":19.0,"gold_loss":0.0,"damage_taken":0.0},{"damage_healed":0.0,"max_hp_gain":5.0,"max_hp_loss":0.0,"gold_gain":0.0,"event_name":"Forgotten Altar","player_choice":"Shed Blood","floor":21.0,"gold_loss":0.0,"damage_taken":28.0},{"cards_removed":["Strike_R"],"damage_healed":0.0,"max_hp_gain":0.0,"max_hp_loss":0.0,"gold_gain":0.0,"event_name":"Back to Basics","player_choice":"Elegance","floor":22.0,"gold_loss":0.0,"damage_taken":0.0},{"damage_healed":0,"gold_gain":0,"player_choice":"Opened","damage_taken":0,"relics_obtained":["Darkstone Periapt"],"max_hp_gain":0,"max_hp_loss":0,"event_name":"The Mausoleum","floor":29,"gold_loss":0,"cards_obtained":["Writhe"]},{"cards_removed":["Evolve"],"damage_healed":0,"gold_gain":0,"player_choice":"Removed Power","damage_taken":0,"max_hp_gain":0,"max_hp_loss":0,"event_name":"Falling","floor":48,"gold_loss":0}],"is_beta":false,"boss_relics":[{"not_picked":["SlaversCollar","Black Blood"],"picked":"Philosopher\u0027s Stone"},{"not_picked":["Snecko Eye","Velvet Choker"],"picked":"Runic Pyramid"}],"items_purged_floors":[4,27,31,37,39,54],"is_endless":false,"potions_floor_spawned":[1,10,11,16,18,20,23,25,28,30,33,35,36,38,41,44,45,46,47,55],"ascension_level":20}}