{"host":"pdsyh71gl8fwuuoe","time":1608019060,"event":{"mods":["AchievementEnabler","Act Like it!","BaseMod","Colored Powertips","Custom Start","Downfall","Highlight Path","Minty Spire (QoL Compilation)","Quick Restart","Relic Stats","StSLib"],"gold_per_floor":[99,129,129,161,161,190,213,55,155,155,169,169,183,199,216,313,313,313,313,338,356,112,132,132,157,175,25,10,7,7,17,28,128,128,128,145,180,196,245,255,279,279,289,214,227,227,71,88,104,104,104,130,5,5,5],"floor_reached":56,"playtime":7845,"items_purged":["champ:Defend","champ:Strike","Guardian:Aged","champ:Strike"],"score":1327,"play_id":"697df4c9-b625-4b59-af3c-57eaf80f73d2","local_time":"20201215025740","is_ascension_mode":false,"campfire_choices":[{"data":"champ:Taunt","floor":1.0,"key":"SMITH"},{"data":"champ:StrikeOfGenius","floor":5.0,"key":"SMITH"},{"floor":10.0,"key":"REST"},{"floor":18.0,"key":"RECALL"},{"floor":27,"key":"REST"},{"floor":35,"key":"REST"},{"floor":44,"key":"REST"},{"floor":54,"key":"REST"}],"circlet_count":0,"master_deck":["champ:Strike+1","champ:Defend","champ:Defend","champ:Defend","champ:Execute","champ:Taunt+1","champ:StrikeOfGenius+1","champ:Circumvent","champ:ViciousMockery","champ:GutPunch","champ:GutPunch","champ:RecklessLeap","champ:FocusedBerserking","champ:LastStand","champ:Taunt+1","champ:DefensiveStyle+1","champ:BringItOn","champ:RisingSlash","champ:StanceDance+1","champ:Backstep","champ:ShieldWall+1","champ:IronFortress","champ:DeathBlow","champ:IgnorePain","champ:CalledShot+1","champ:GutPunch+1","champ:StanceDance+1","champ:AdrenalArmor","champ:AdrenalArmor+1"],"relics":["SacredBark","Lizard Tail","champ:LiftRelic","Regal Pillow","hexamod:BolsterEngine","Bag of Marbles","CloakClasp","Fusion Hammer","Unceasing Top","champ:BerserkersGuideToSlaughter","Question Card","Smiling Mask","downfall:HeartBlessingRed","downfall:HeartBlessingGreen","Membership Card","Calipers","Cursed Key","TungstenRod","champ:GladiatorsBookOfMartialProwess","downfall:HeartBlessingBlue","Centennial Puzzle","Happy Flower","OrangePellets"],"acts_visited":["Exordium","TheCity","TheBeyond","TheEnding"],"potions_floor_usage":[43,43,43],"damage_taken":[{"damage":39.0,"enemies":"Lagavulin","floor":4.0,"turns":8.0},{"damage":56.0,"enemies":"3 Sentries","floor":6.0,"turns":8.0},{"damage":0.0,"enemies":"downfall:FleeingMerchant","floor":8.0,"turns":4.0},{"damage":45.0,"enemies":"downfall:FleeingMerchant","floor":9.0,"turns":11.0},{"damage":0.0,"enemies":"Small Slimes","floor":11.0,"turns":4.0},{"damage":0.0,"enemies":"Cultist","floor":13.0,"turns":2.0},{"damage":15.0,"enemies":"2 Louse","floor":14.0,"turns":1.0},{"damage":4.0,"enemies":"Exordium Thugs","floor":15.0,"turns":4.0},{"damage":69.0,"enemies":"downfall:Silent","floor":16.0,"turns":13.0},{"damage":43.0,"enemies":"Book of Stabbing","floor":20.0,"turns":6.0},{"damage":15.0,"enemies":"Spheric Guardian","floor":21.0,"turns":3.0},{"damage":29.0,"enemies":"downfall:FleeingMerchant","floor":22.0,"turns":4.0},{"damage":11.0,"enemies":"Chosen","floor":23.0,"turns":3.0},{"damage":43.0,"enemies":"Gremlin Leader","floor":25.0,"turns":8.0},{"damage":44,"enemies":"Centurion and Healer","floor":26,"turns":5},{"damage":18,"enemies":"downfall:FleeingMerchant","floor":28,"turns":4},{"damage":15,"enemies":"downfall:FleeingMerchant","floor":29,"turns":4},{"damage":42,"enemies":"3 Cultists","floor":31,"turns":5},{"damage":20,"enemies":"Snake Plant","floor":32,"turns":4},{"damage":59,"enemies":"downfall:Ironclad","floor":33,"turns":7},{"damage":19,"enemies":"Orb Walker","floor":36,"turns":3},{"damage":81,"enemies":"Giant Head","floor":37,"turns":8},{"damage":13,"enemies":"3 Darklings","floor":38,"turns":5},{"damage":22,"enemies":"2 Orb Walkers","floor":39,"turns":5},{"damage":58,"enemies":"Jaw Worm Horde","floor":40,"turns":4},{"damage":44,"enemies":"Spire Growth","floor":43,"turns":2},{"damage":81,"enemies":"Writhing Mass","floor":45,"turns":5},{"damage":90,"enemies":"Maw","floor":48,"turns":8},{"damage":59,"enemies":"Spire Growth","floor":49,"turns":4},{"damage":68,"enemies":"downfall:Defect","floor":50,"turns":8},{"damage":82,"enemies":"downfall:CharBossMerchant","floor":52,"turns":9},{"damage":241,"enemies":"downfall:NeowBoss","floor":55,"turns":26}],"seed_played":"-1626422944084291525","potions_obtained":[{"floor":4.0,"key":"champ:CounterPotion"},{"floor":6.0,"key":"EntropicBrew"},{"floor":11.0,"key":"Dexterity Potion"},{"floor":13.0,"key":"champ:CounterPotion"}],"is_trial":false,"path_per_floor":["R","?","?","E","R","E","T","$","?","R","M","?","M","M","M","B",null,"R","?","E","M","$","M","T","E","M","R","$","$","?","M","M","B",null,"R","M","E","M","?","M","T","?","M","R","M","?","$","M","M","B",null,"E","$","R","B",null],"character_chosen":"THE_CHAMP","items_purchased":["champ:FightOn","champ:GutPunch","champ:BerserkersGuideToSlaughter","Membership Card","Calipers","Centennial Puzzle","champ:AdrenalArmor","OrangePellets"],"campfire_rested":5,"item_purchase_floors":[8,8,22,29,29,47,47,53],"current_hp_per_floor":[90,90,90,71,71,55,55,55,32,74,74,74,74,74,80,105,105,105,105,105,105,105,105,105,105,98,105,105,105,97,107,110,110,110,110,102,107,110,110,106,106,106,100,120,100,100,100,105,101,125,125,125,125,125,125],"gold":5,"neow_bonus":"BOSS_RELIC","is_daily":false,"chose_seed":false,"campfire_upgraded":2,"win_rate":0.0,"timestamp":1608019060,"path_taken":["R","?","?","E","R","E","T","$","?","R","M","?","?","M","M","BOSS","R","?","E","M","?","M","T","E","M","R","?","$","?","?","M","BOSS","R","M","E","M","?","M","T","?","?","R","M","?","$","M","M","BOSS","E","$","R","BOSS"],"items_purchased_type":["Card","Card","Relic","Relic","Relic","Relic","Card","Relic"],"build_version":"2020-12-13","purchased_purges":4,"victory":true,"max_hp_per_floor":[90,90,90,90,90,90,90,90,90,90,90,90,90,90,90,105,105,105,105,105,105,105,105,105,105,105,105,105,105,105,110,110,110,110,110,110,110,110,110,110,110,110,110,120,120,120,120,120,120,125,125,125,125,125,125],"relic_stats":{"Regal Pillow":15,"Happy Flower":[8],"counters":[32,195],"CloakClasp":[310],"Question Card":17,"Smiling Mask":38,"Cursed Key":1,"OrangePellets":[1],"Lizard Tail":0,"Centennial Puzzle":[15],"obtain_stats":[{"Regal Pillow":4,"Calipers":29,"downfall:HeartBlessingRed":27,"Happy Flower":52,"SacredBark":0,"champ:ChampionCrown":0,"downfall:HeartBlessingGreen":27,"CloakClasp":9,"Question Card":24,"Smiling Mask":25,"Cursed Key":34,"champ:GladiatorsBookOfMartialProwess":39,"OrangePellets":53,"Lizard Tail":2,"Centennial Puzzle":47,"downfall:HeartBlessingBlue":44,"champ:LiftRelic":3,"Fusion Hammer":17,"Bag of Marbles":7,"champ:BerserkersGuideToSlaughter":22,"Membership Card":29,"hexamod:BolsterEngine":6,"Unceasing Top":20,"TungstenRod":37},{"Regal Pillow":1,"Calipers":17,"downfall:HeartBlessingRed":15,"Happy Flower":31,"SacredBark":0,"champ:ChampionCrown":0,"downfall:HeartBlessingGreen":15,"CloakClasp":4,"Question Card":13,"Smiling Mask":14,"Cursed Key":20,"champ:GladiatorsBookOfMartialProwess":24,"OrangePellets":31,"Lizard Tail":0,"Centennial Puzzle":27,"downfall:HeartBlessingBlue":26,"champ:LiftRelic":0,"Fusion Hammer":9,"Bag of Marbles":2,"champ:BerserkersGuideToSlaughter":12,"Membership Card":17,"hexamod:BolsterEngine":2,"Unceasing Top":10,"TungstenRod":22},{"Regal Pillow":8,"Calipers":92,"downfall:HeartBlessingRed":84,"Happy Flower":169,"SacredBark":0,"champ:ChampionCrown":0,"downfall:HeartBlessingGreen":84,"CloakClasp":31,"Question Card":71,"Smiling Mask":79,"Cursed Key":108,"champ:GladiatorsBookOfMartialProwess":129,"OrangePellets":169,"Lizard Tail":0,"Centennial Puzzle":140,"downfall:HeartBlessingBlue":135,"champ:LiftRelic":0,"Fusion Hammer":55,"Bag of Marbles":16,"champ:BerserkersGuideToSlaughter":68,"Membership Card":92,"hexamod:BolsterEngine":16,"Unceasing Top":61,"TungstenRod":119}],"Unceasing Top":[20],"TungstenRod":198},"card_choices":[{"not_picked":["champ:FocusedDefense","champ:CrookedStrike"],"picked":"champ:StrikeOfGenius","floor":4.0},{"not_picked":["champ:StanceDance","champ:FanOfKnives"],"picked":"champ:Circumvent","floor":6.0},{"not_picked":["champ:FocusedGladiator","champ:Haymaker"],"picked":"champ:ViciousMockery","floor":8.0},{"not_picked":["champ:BringItOn","champ:Riposte"],"picked":"champ:GutPunch","floor":9.0},{"not_picked":["champ:CrookedStrike","champ:FlashCut"],"picked":"champ:RecklessLeap","floor":11.0},{"not_picked":["champ:Backstep","champ:BerserkersShout"],"picked":"champ:FightOn","floor":13.0},{"not_picked":["champ:BerserkersShout","champ:CrookedStrike"],"picked":"champ:FocusedBerserking","floor":14.0},{"not_picked":["champ:Encircle","champ:CheapShot"],"picked":"champ:FightOn","floor":15.0},{"not_picked":["champ:StrikeOfGenius","champ:CrownThrow"],"picked":"champ:LastStand","floor":16.0},{"not_picked":["champ:ViciousMockery","champ:FlashCut"],"picked":"champ:DefensiveStyle+1","floor":20.0},{"not_picked":["champ:Circumvent","champ:TornadoPunch"],"picked":"champ:BringItOn","floor":21.0},{"not_picked":["champ:StanceDance","champ:SkillfulDodge"],"picked":"champ:RisingSlash","floor":22.0},{"not_picked":["champ:Duel","champ:Lariat"],"picked":"champ:StanceDance+1","floor":23.0},{"not_picked":["champ:Backstep+1","champ:RisingSlash","champ:StrikeOfGenius","champ:PreciseThrust"],"picked":"SKIP","floor":25.0},{"not_picked":["champ:FlashCut","champ:Riposte","champ:BladeFlurry+1"],"picked":"champ:FightOn","floor":26},{"not_picked":["champ:TornadoPunch","champ:Circumvent","champ:CrookedStrike"],"picked":"champ:Backstep","floor":28},{"not_picked":["champ:Circumvent","champ:TornadoPunch+1","champ:VampiricStrike"],"picked":"champ:ShieldWall+1","floor":29},{"not_picked":["champ:BringItOn","champ:PerfectedStrike","champ:BladeFlurry"],"picked":"champ:IronFortress","floor":31},{"not_picked":["champ:GladiatorsShout","champ:FocusedGladiator","champ:SwordThrow"],"picked":"champ:DeathBlow","floor":32},{"not_picked":["champ:Improvising","champ:ShieldThrow","champ:VampiricStrike"],"picked":"champ:IgnorePain","floor":33},{"not_picked":["champ:ArenaPreparation","champ:BerserkersShout","champ:FanOfKnives+1","champ:EndlessRage+1"],"picked":"SKIP","floor":36},{"not_picked":["champ:FanOfKnives+1","champ:Duel","champ:TornadoPunch"],"picked":"champ:CalledShot+1","floor":37},{"not_picked":["champ:BladeFlurry","champ:CrookedStrike+1","champ:Circumvent","champ:PerfectedStrike"],"picked":"SKIP","floor":38},{"not_picked":["champ:Backstep","champ:BerserkersShout","champ:FocusedDefense+1"],"picked":"champ:GutPunch+1","floor":39},{"not_picked":["champ:CrookedStrike+1","champ:StanceDance","champ:Circumvent+1","champ:DefensiveShout"],"picked":"SKIP","floor":40},{"not_picked":["champ:HeartStrike+1","champ:EnGarde","champ:Riposte"],"picked":"champ:StanceDance+1","floor":43},{"not_picked":["champ:BladeFlurry+1","champ:EnGarde+1","champ:BringItOn+1"],"picked":"champ:FightOn","floor":45},{"not_picked":["champ:SkillfulDodge","champ:StanceDance","champ:BladeFlurry"],"picked":"champ:AdrenalArmor+1","floor":48},{"not_picked":["champ:CrookedStrike+1","champ:CalledShot+1","champ:PerfectedStrike","champ:ShieldSlam"],"picked":"SKIP","floor":49},{"not_picked":["champ:Riposte+1","champ:ShieldSlam","champ:VampiricStrike","champ:FightOn"],"picked":"SKIP","floor":52}],"player_experience":632964,"relics_obtained":[{"floor":4.0,"key":"Regal Pillow"},{"floor":6.0,"key":"hexamod:BolsterEngine"},{"floor":7.0,"key":"Bag of Marbles"},{"floor":9.0,"key":"CloakClasp"},{"floor":20.0,"key":"Unceasing Top"},{"floor":24.0,"key":"Question Card"},{"floor":25.0,"key":"Smiling Mask"},{"floor":37,"key":"TungstenRod"},{"floor":39,"key":"champ:GladiatorsBookOfMartialProwess"},{"floor":52,"key":"Happy Flower"}],"event_choices":[{"damage_healed":0.0,"max_hp_gain":0.0,"max_hp_loss":0.0,"gold_gain":0.0,"event_name":"Duplicator","player_choice":"Copied","floor":19.0,"gold_loss":0.0,"damage_taken":0.0,"cards_obtained":["champ:Taunt"]},{"damage_healed":0,"gold_gain":0,"player_choice":"Fight","damage_taken":0,"max_hp_gain":0,"max_hp_loss":0,"event_name":"Mysterious Sphere","floor":39,"gold_loss":0}],"is_beta":false,"boss_relics":[{"not_picked":["Black Star","SlaversCollar"],"picked":"Fusion Hammer"},{"not_picked":["Busted Crown","Pandora\u0027s Box"],"picked":"Cursed Key"}],"items_purged_floors":[22,29,47,53],"is_endless":false,"potions_floor_spawned":[4,6,11,13,25,26,31,33,36,37,39,40],"ascension_level":0}}