{"host":"aunmuzt9j70r7vun","time":1608056658,"event":{"mods":["BaseMod","Better Altar","Better Third Choice","BetterRewards","Clockwork Mod","Curses Come First","Downfall","LagranYue(???·?)","Mad Scientist","Marisa????????","Minty Spire (QoL Compilation)","Rare Cards Sparkle","Relic Sorter","Say the Spire","Shop Mod","Spicy Shops","StSLib","The Cursed","The Disciple","The Edgeheg","The Mystic","The Servant 0.9.4"],"gold_per_floor":[99,99,99,99,99,24,24,474,474,801,801,76,76,93,110,207,207,207,207,18,95,95,110,137,155,182,32,32,50,66,78,94,94,94],"floor_reached":33,"playtime":2972,"items_purged":["Slimebound:Icky","Slimebound:Icky"],"score":311,"play_id":"16c74e7c-d6c5-445c-9ea6-42c2c3cf542e","local_time":"20201215142418","is_ascension_mode":false,"campfire_choices":[{"floor":1.0,"key":"RECALL"},{"data":"hexamod:Float","floor":6.0,"key":"SMITH"},{"data":"hexamod:SoulSteal","floor":9.0,"key":"SMITH"},{"data":"hexamod:EmpoweredFlame","floor":18.0,"key":"SMITH"},{"data":"hexamod:HeatMetal","floor":22.0,"key":"SMITH"},{"floor":27,"key":"REST"}],"circlet_count":0,"master_deck":["hexamod:Strike","hexamod:Strike","hexamod:Strike","hexamod:Strike","hexamod:Defend","hexamod:Defend+1","hexamod:Defend+1","hexamod:Defend","hexamod:Sear","hexamod:Float+1","hexamod:SoulSteal+1","hexamod:SpectralAdrenaline","hexamod:RainOfEmbers+1","hexamod:SearingWound+1","hexamod:SoulSteal+1","hexamod:BurningTouch+1","hexamod:EmpoweredFlame+1","hexamod:HeatMetal+1","hexamod:GhostflameInferno+1","hexamod:EmpoweredFlame+1","hexamod:GhostOfSpirePast+1","hexamod:VolcanoVisage","hexamod:SixthSeal","hexamod:HeatShield+1"],"relics":["hexamod:SpiritBrand","Old Coin","LagranYue:RandomDrawCardRelic","downfall:HeartsMalice","downfall:HeartBlessingRed","Toxic Egg 2","Lantern","Toy Ornithopter","Blood Vial","SacredBark","Frozen Eye","Letter Opener","Nunchaku","downfall:HeartBlessingBlue","downfall:HeartBlessingGreen"],"acts_visited":["Exordium","TheCity"],"potions_floor_usage":[25,26,30,33],"damage_taken":[{"damage":0.0,"enemies":"Jaw Worm","floor":2.0,"turns":1.0},{"damage":0.0,"enemies":"2 Louse","floor":3.0,"turns":1.0},{"damage":0.0,"enemies":"Small Slimes","floor":4.0,"turns":1.0},{"damage":31.0,"enemies":"3 Sentries","floor":10.0,"turns":8.0},{"damage":0.0,"enemies":"downfall:FleeingMerchant","floor":12.0,"turns":4.0},{"damage":2.0,"enemies":"Blue Slaver","floor":14.0,"turns":3.0},{"damage":0.0,"enemies":"2 Fungi Beasts","floor":15.0,"turns":3.0},{"damage":36.0,"enemies":"downfall:Ironclad","floor":16.0,"turns":6.0},{"damage":5.0,"enemies":"downfall:FleeingMerchant","floor":20.0,"turns":4.0},{"damage":5,"enemies":"Spheric Guardian","floor":23,"turns":3},{"damage":0,"enemies":"Chosen","floor":25,"turns":3},{"damage":69,"enemies":"Book of Stabbing","floor":26,"turns":6},{"damage":14,"enemies":"Centurion and Healer","floor":29,"turns":4},{"damage":5,"enemies":"Chosen and Byrds","floor":30,"turns":7},{"damage":27,"enemies":"Shelled Parasite and Fungi","floor":31,"turns":5},{"damage":7,"enemies":"Sentry and Sphere","floor":32,"turns":5},{"damage":23,"enemies":"downfall:Silent","floor":33,"turns":2}],"seed_played":"1262557461672189125","potions_obtained":[{"floor":10.0,"key":"SkillPotion"},{"floor":15.0,"key":"CultistPotion"},{"floor":16.0,"key":"DistilledChaos"},{"floor":23,"key":"Block Potion"},{"floor":26,"key":"Block Potion"},{"floor":30,"key":"SteroidPotion"},{"floor":32,"key":"ColorlessPotion"}],"is_trial":false,"path_per_floor":["R","M","M","M","?","R","T","?","R","E","?","$","?","M","M","B",null,"R","?","$","T","R","M","T","M","E","R","?","M","M","M","M","B"],"character_chosen":"THE_SPIRIT","items_purchased":["hexamod:BurningTouch+1","Lantern","Fruit Juice","hexamod:EmpoweredFlame","Toy Ornithopter","Frozen Eye"],"campfire_rested":1,"item_purchase_floors":[12,12,12,12,12,20],"current_hp_per_floor":[70,70,70,70,70,70,70,70,70,39,39,39,36,56,58,29,80,80,80,75,75,75,72,72,79,16,53,53,41,43,18,13,0,0],"gold":94,"neow_bonus":"THREE_ENEMY_KILL","is_daily":false,"chose_seed":false,"campfire_upgraded":4,"win_rate":0.0,"timestamp":1608056658,"path_taken":["R","M","M","M","?","R","T","?","R","E","?","?","?","M","M","BOSS","R","?","$","?","R","M","T","M","E","R","?","M","M","M","M","BOSS"],"items_purchased_type":["Card","Relic","Potion","Card","Relic","Relic"],"build_version":"2020-12-13","purchased_purges":2,"victory":false,"max_hp_per_floor":[70,70,70,70,70,70,70,70,70,70,70,70,70,80,80,80,80,80,80,80,80,80,80,80,80,80,90,90,90,90,90,90,90,90],"card_choices":[{"not_picked":["hexamod:BacktrackSmack","hexamod:HauntingEcho"],"picked":"hexamod:SoulSteal","floor":2.0},{"not_picked":["hexamod:Haunt","hexamod:AdvancingGuard"],"picked":"hexamod:SpectralAdrenaline","floor":3.0},{"not_picked":["hexamod:RetreatToShadows","hexamod:ShieldOfDarkness"],"picked":"hexamod:RainOfEmbers","floor":4.0},{"not_picked":["hexamod:EtherealExpedition+1","hexamod:HauntingEcho"],"picked":"hexamod:SearingWound+1","floor":10.0},{"not_picked":["hexamod:RecurringNightmare+1","hexamod:NightmareStrike"],"picked":"hexamod:SoulSteal+1","floor":12.0},{"not_picked":["hexamod:SpectersWail","hexamod:EtherealExpedition+1"],"picked":"hexamod:HeatMetal","floor":14.0},{"not_picked":["hexamod:ShieldOfDarkness+1","hexamod:FastForward+1","hexamod:NightmareGuise+1"],"picked":"SKIP","floor":15.0},{"not_picked":["hexamod:SearingWound+1","hexamod:ParanormalForm"],"picked":"hexamod:GhostflameInferno+1","floor":16.0},{"not_picked":["hexamod:EtherealExpedition+1","hexamod:FastForward+1","hexamod:GhostLash+1"],"picked":"SKIP","floor":20.0},{"not_picked":["hexamod:RecurringNightmare+1","hexamod:ThermalTransfer","hexamod:AdvancingGuard+1"],"picked":"SKIP","floor":23},{"not_picked":["hexamod:GhostOfSpireFuture+1","hexamod:HauntingEcho"],"picked":"hexamod:GhostOfSpirePast+1","floor":25},{"not_picked":["hexamod:NightmareGuise+1","hexamod:Rewind+1"],"picked":"hexamod:VolcanoVisage","floor":26},{"not_picked":["hexamod:BacktrackSmack","hexamod:ShieldOfDarkness+1","hexamod:GhostLash"],"picked":"SKIP","floor":29},{"not_picked":["hexamod:SwordOfDarkness","hexamod:RetreatToShadows+1","hexamod:FastForward+1"],"picked":"SKIP","floor":30},{"not_picked":["hexamod:AdvancingGuard+1","hexamod:NightmareGuise+1","hexamod:Again+1"],"picked":"SKIP","floor":31},{"not_picked":["hexamod:Incineration+1","hexamod:Hexaguard+1","hexamod:InspiringFlames+1"],"picked":"SKIP","floor":32}],"player_experience":721026,"relics_obtained":[{"floor":7.0,"key":"Toxic Egg 2"},{"floor":10.0,"key":"Old Coin"},{"floor":21.0,"key":"Letter Opener"},{"floor":26,"key":"Nunchaku"}],"event_choices":[{"damage_healed":23.0,"max_hp_gain":0.0,"max_hp_loss":0.0,"gold_gain":0.0,"event_name":"Big Fish","player_choice":"Banana","floor":5.0,"gold_loss":0.0,"damage_taken":0.0},{"cards_removed":["Slimebound:Icky"],"damage_healed":0.0,"max_hp_gain":0.0,"max_hp_loss":0.0,"gold_gain":0.0,"event_name":"The Cleric","player_choice":"Card Removal","floor":11.0,"gold_loss":0.0,"damage_taken":0.0},{"damage_healed":0.0,"max_hp_gain":0.0,"max_hp_loss":0.0,"gold_gain":0.0,"event_name":"Duplicator","player_choice":"Copied","floor":19.0,"gold_loss":0.0,"damage_taken":0.0,"cards_obtained":["hexamod:EmpoweredFlame"]}],"is_beta":false,"boss_relics":[{"not_picked":["Velvet Choker","Philosopher\u0027s Stone"],"picked":"SacredBark"}],"items_purged_floors":[12,20],"is_endless":false,"potions_floor_spawned":[10,15,16,23,26,30,32],"killed_by":"downfall:Silent","ascension_level":0}}