{"host":"5w5nlj9te6rhm47m","time":1608026978,"event":{"mods":["BaseMod","Downfall","Hermit","Minty Spire (QoL Compilation)","Replay The Spire","Shop Mod","StSLib"],"gold_per_floor":[189,203,235,235,235,235,235,268,281,281,299,309,98,118,131,230,230,155,172,198,213,213,213,213,213,213,213,138,171,191,5,19,19,37,133,133,133,285,302,335,355,405,432,465,465,494,494,513,513,209,219,219],"floor_reached":53,"playtime":3941,"items_purged":["Regret","Pain","Regret"],"score":820,"play_id":"9079a1a2-4463-44cf-8369-4e4722ad180b","local_time":"20201215180937","is_ascension_mode":false,"campfire_choices":[{"data":"Slimebound:HauntingLick","floor":5.0,"key":"SMITH"},{"floor":10.0,"key":"REST"},{"floor":18.0,"key":"RECALL"},{"data":"Slimebound:SlimeBarrage","floor":22.0,"key":"SMITH"},{"data":"Slimebound:Schlurp","floor":28.0,"key":"SMITH"},{"data":"Slimebound:SamplingLick","floor":37,"key":"SMITH"}],"circlet_count":0,"master_deck":["Slimebound:Strike_Slimebound+1","Slimebound:Strike_Slimebound","Slimebound:Strike_Slimebound","Slimebound:Tackle","Slimebound:Defend_Slimebound","Slimebound:Defend_Slimebound","Slimebound:Defend_Slimebound","Slimebound:Defend_Slimebound","Slimebound:Split","Slimebound:CorrosiveSpit+1","Slimebound:HauntingLick+1","Slimebound:MegaLick+1","Slimebound:SpikyOuterGoop+1","Slimebound:LevelUp+1","Slimebound:SlimeBarrage+1","Slimebound:ViciousTackle","Slimebound:LeadByExample+1","Slimebound:SamplingLick+1","Slimebound:SplitBruiser","Slimebound:SplitBruiser","Slimebound:Overexert+1","Slimebound:GrowthPunch","Slimebound:Schlurp+1","Slimebound:LeechEnergy+1","Slimebound:GoopSpray+1","Slimebound:LivingWall","Slimebound:MassRepurpose","Slimebound:FirmFortitude+1","Slimebound:SplitMire+1","Slimebound:AcidTongue+1","Slimebound:RallyTheTroops","CurseOfTheBell","Slimebound:Schlurp+1","Slimebound:PressTheAttack","Slimebound:SpikyOuterGoop+1","Slimebound:OneTwoCombo","Slimebound:LeechingTouch","Slimebound:MegaLick+1","Slimebound:GoopSpray+1","Slimebound:SlimeSlap","Slimebound:SplitAcid","Slimebound:Darklings","Slimebound:HauntingLick","Slimebound:SplitBruiser+1"],"relics":["Slimebound:AbsorbEndCombat","Counterbalance","Frozen Egg 2","Pantograph","Juzu Bracelet","Pet Ghost","Coffee Dripper","downfall:HeartBlessingGreen","Thread and Needle","WarpedTongs","Vajra","downfall:HeartBlessingRed","Bag of Preparation","Calling Bell","Letter Opener","Turnip","Mango","Replay:Towering Pillar of Hats","Orichalcum","Question Card","MealTicket","FossilizedHelix"],"acts_visited":["Exordium","TheCity","TheBeyond"],"potions_floor_usage":[52],"damage_taken":[{"damage":11.0,"enemies":"Small Slimes","floor":2.0,"turns":4.0},{"damage":20.0,"enemies":"Gremlin Nob","floor":3.0,"turns":4.0},{"damage":57.0,"enemies":"3 Sentries","floor":8.0,"turns":12.0},{"damage":7.0,"enemies":"2 Louse","floor":9.0,"turns":3.0},{"damage":0.0,"enemies":"Jaw Worm","floor":11.0,"turns":2.0},{"damage":23.0,"enemies":"Lots of Slimes","floor":12.0,"turns":4.0},{"damage":14.0,"enemies":"downfall:FleeingMerchant","floor":13.0,"turns":4.0},{"damage":10.0,"enemies":"Exordium Thugs","floor":14.0,"turns":3.0},{"damage":5.0,"enemies":"3 Louse","floor":15.0,"turns":3.0},{"damage":28.0,"enemies":"downfall:Watcher","floor":16.0,"turns":5.0},{"damage":16.0,"enemies":"3 Byrds","floor":19.0,"turns":3.0},{"damage":33.0,"enemies":"Slavers","floor":20.0,"turns":3.0},{"damage":23.0,"enemies":"Centurion and Healer","floor":21.0,"turns":5.0},{"damage":28.0,"enemies":"Replay:Snechameleon","floor":29.0,"turns":5.0},{"damage":12.0,"enemies":"Snake Plant","floor":30.0,"turns":2.0},{"damage":22.0,"enemies":"downfall:FleeingMerchant","floor":31.0,"turns":4.0},{"damage":13.0,"enemies":"Sentry and Sphere","floor":32.0,"turns":4.0},{"damage":21.0,"enemies":"Centurion and Healer","floor":34.0,"turns":3.0},{"damage":20.0,"enemies":"downfall:Ironclad","floor":35.0,"turns":4.0},{"damage":19,"enemies":"downfall:FleeingMerchant","floor":38,"turns":3},{"damage":10,"enemies":"3 Shapes","floor":39,"turns":2},{"damage":68,"enemies":"Nemesis","floor":40,"turns":7},{"damage":10,"enemies":"Orb Walker","floor":41,"turns":2},{"damage":0,"enemies":"Mind Bloom Boss Battle","floor":42,"turns":4},{"damage":4,"enemies":"R_Hoarder","floor":44,"turns":5},{"damage":52,"enemies":"Nemesis","floor":46,"turns":6},{"damage":8,"enemies":"Writhing Mass","floor":48,"turns":4},{"damage":11,"enemies":"3 Darklings","floor":51,"turns":4},{"damage":71,"enemies":"downfall:Defect","floor":52,"turns":5}],"seed_played":"1670711577214508550","potions_obtained":[{"floor":2.0,"key":"Guardian:BlockOnCardUsePotion"},{"floor":11.0,"key":"Fire Potion"},{"floor":12.0,"key":"Fire Potion"},{"floor":21.0,"key":"Dexterity Potion"},{"floor":25.0,"key":"CultistPotion"},{"floor":29.0,"key":"champ:CounterPotion"},{"floor":32.0,"key":"Fire Potion"},{"floor":35.0,"key":"Elixir"},{"floor":40,"key":"Elixir"},{"floor":41,"key":"PowerPotion"},{"floor":44,"key":"Fire Potion"},{"floor":46,"key":"Adrenaline Potion"}],"is_trial":false,"path_per_floor":["R","M","E","?","R","?","T","E","M","R","M","M","$","M","M","B",null,"R","M","E","M","R","?","T","?","PTL","PTL","R","E","M","$","M","?","M","B",null,"R","$","M","E","M","?","T","E","?","E","?","M","?","$","M","B",null],"character_chosen":"SLIMEBOUND","items_purchased":["Slimebound:LeadByExample+1","Slimebound:SamplingLick","Slimebound:FirmFortitude+1","Slimebound:PressTheAttack","FossilizedHelix"],"campfire_rested":1,"item_purchase_floors":[13,13,31,38,50],"current_hp_per_floor":[54,54,46,46,46,46,46,9,10,26,30,23,33,31,38,54,54,54,46,37,38,38,38,38,38,38,38,38,38,46,54,45,40,47,50,54,54,47,54,50,62,68,68,68,68,44,44,68,68,68,68,52],"gold":219,"neow_bonus":"ONE_RARE_RELIC","is_daily":false,"chose_seed":false,"campfire_upgraded":4,"win_rate":0.0,"timestamp":1608026977,"path_taken":["R","M","E","?","R","?","T","E","M","R","M","M","$","M","M","BOSS","R","M","E","M","R","?","T","?","PTL","PTL","R","E","M","$","M","?","M","BOSS","R","$","M","E","M","?","T","E","?","E","?","M","?","$","M","BOSS"],"items_purchased_type":["Card","Card","Card","Card","Relic"],"build_version":"2020-12-13","purchased_purges":3,"victory":true,"max_hp_per_floor":[54,54,54,54,54,54,54,54,54,54,54,54,54,54,54,54,54,54,54,54,54,54,54,54,54,54,54,54,54,54,54,54,54,54,54,54,54,54,54,68,68,68,68,68,68,68,68,68,68,68,68,68],"card_choices":[{"not_picked":["Slimebound:RollThrough","Slimebound:ComboTackle"],"picked":"Slimebound:HauntingLick","floor":2.0},{"not_picked":["Slimebound:Schlurp","Slimebound:SlimeTap"],"picked":"Slimebound:MegaLick","floor":3.0},{"not_picked":["Slimebound:Chomp","Slimebound:TongueLash"],"picked":"Slimebound:SpikyOuterGoop+1","floor":8.0},{"not_picked":["Slimebound:LeechEnergy","Slimebound:SplitMire"],"picked":"Slimebound:LevelUp+1","floor":9.0},{"not_picked":["Slimebound:LeechingTouch","Slimebound:Schlurp"],"picked":"Slimebound:SlimeBarrage","floor":11.0},{"not_picked":["Slimebound:GoopTackle","Slimebound:SplitMire"],"picked":"Slimebound:PressTheAttack","floor":12.0},{"not_picked":["Slimebound:Grow+1","Slimebound:CheckThePlaybook"],"picked":"Slimebound:ViciousTackle","floor":13.0},{"not_picked":["Slimebound:RollThrough","Slimebound:ComboTackle"],"picked":"Slimebound:SplitBruiser","floor":14.0},{"not_picked":["Slimebound:DivideAndConquer","Slimebound:PressTheAttack"],"picked":"Slimebound:SplitBruiser","floor":15.0},{"not_picked":["Slimebound:OneTwoCombo","Slimebound:SlimeSlap"],"picked":"Slimebound:Overexert+1","floor":16.0},{"not_picked":["Slimebound:SplitLeeching","Slimebound:SplitMire"],"picked":"Slimebound:GrowthPunch","floor":19.0},{"not_picked":["Slimebound:SplitLeeching","Slimebound:SlimeSpikes"],"picked":"Slimebound:Schlurp","floor":20.0},{"not_picked":["Slimebound:FormOfPuddle","Slimebound:ServeAndProtect"],"picked":"Slimebound:LeechEnergy+1","floor":21.0},{"not_picked":["Slimebound:FormOfPuddle","Slimebound:LeechEnergy"],"picked":"Slimebound:GoopSpray+1","floor":29.0},{"not_picked":["Slimebound:Repurpose","Slimebound:TongueLash+1"],"picked":"Slimebound:LivingWall","floor":30.0},{"not_picked":["Slimebound:DivideAndConquer+1","Slimebound:Prepare+1"],"picked":"Slimebound:MassRepurpose","floor":31.0},{"not_picked":["Slimebound:RollThrough+1","Slimebound:Replication+1"],"picked":"Slimebound:SplitMire+1","floor":32.0},{"not_picked":["Slimebound:RollThrough","Slimebound:FinishingTackle"],"picked":"Slimebound:AcidTongue+1","floor":34.0},{"not_picked":["Slimebound:DuplicatedForm+1","Slimebound:LeechLife"],"picked":"Slimebound:RallyTheTroops","floor":35.0},{"not_picked":["Slimebound:SlimeBrawl","Slimebound:ViciousTackle+1"],"picked":"Slimebound:Schlurp+1","floor":38},{"not_picked":["Slimebound:BestDefense+1","Slimebound:FinishingTackle+1"],"picked":"Slimebound:SpikyOuterGoop+1","floor":39},{"not_picked":["Slimebound:Prepare+1","Slimebound:SamplingLick"],"picked":"Slimebound:OneTwoCombo","floor":40},{"not_picked":["Slimebound:LeechEnergy","Slimebound:SlimeSpikes+1"],"picked":"Slimebound:LeechingTouch","floor":41},{"not_picked":["Slimebound:SlimeBrawl","Slimebound:PressTheAttack+1"],"picked":"Slimebound:MegaLick+1","floor":42},{"not_picked":["Slimebound:SplitBruiser","Slimebound:MassRepurpose"],"picked":"Slimebound:GoopSpray+1","floor":44},{"not_picked":["Slimebound:DivideAndConquer+1","Slimebound:GoopSpray+1","Slimebound:Nibble"],"picked":"Slimebound:SplitAcid","floor":46},{"not_picked":["Slimebound:SlimeSpikes","Slimebound:Grow+1","Slimebound:LeechingTouch"],"picked":"Slimebound:HauntingLick","floor":48},{"not_picked":["Slimebound:LeechEnergy","Slimebound:ItLooksTasty","Slimebound:SplitAcid+1"],"picked":"Slimebound:SplitBruiser+1","floor":51}],"player_experience":149061,"relics_obtained":[{"floor":3.0,"key":"Frozen Egg 2"},{"floor":7.0,"key":"Juzu Bracelet"},{"floor":8.0,"key":"Pet Ghost"},{"floor":20.0,"key":"Thread and Needle"},{"floor":24.0,"key":"Vajra"},{"floor":29.0,"key":"Bag of Preparation"},{"floor":36.0,"key":"Blood Vial"},{"floor":36.0,"key":"Letter Opener"},{"floor":36.0,"key":"Turnip"},{"floor":40,"key":"Mango"},{"floor":42,"key":"Replay:Towering Pillar of Hats"},{"floor":43,"key":"Orichalcum"},{"floor":44,"key":"Question Card"},{"floor":46,"key":"MealTicket"}],"event_choices":[{"damage_healed":0.0,"max_hp_gain":0.0,"max_hp_loss":0.0,"gold_gain":0.0,"event_name":"Big Fish","player_choice":"Box","floor":6.0,"gold_loss":0.0,"damage_taken":0.0,"relics_obtained":["Pantograph"],"cards_obtained":["Regret"]},{"damage_healed":0.0,"max_hp_gain":0.0,"max_hp_loss":0.0,"gold_gain":0.0,"event_name":"Accursed Blacksmith","player_choice":"Rummage","floor":23.0,"gold_loss":0.0,"damage_taken":0.0,"relics_obtained":["WarpedTongs"],"cards_obtained":["Pain"]},{"damage_healed":0.0,"max_hp_gain":0.0,"max_hp_loss":0.0,"gold_gain":0.0,"event_name":"Wheel of Change","player_choice":"Damaged","floor":33.0,"gold_loss":0.0,"damage_taken":5.0},{"cards_removed":["Slimebound:PressTheAttack"],"damage_healed":0,"gold_gain":0,"player_choice":"Removed Attack","damage_taken":0,"max_hp_gain":0,"max_hp_loss":0,"event_name":"Falling","floor":49,"gold_loss":0}],"is_beta":false,"boss_relics":[{"not_picked":["ReplayTheSpireMod:DimensionalGlitch","Runic Dome"],"picked":"Coffee Dripper"},{"not_picked":["Abe\u0027s Treasure","Philosopher\u0027s Stone"],"picked":"Calling Bell"}],"items_purged_floors":[13,31,38],"is_endless":false,"potions_floor_spawned":[2,11,12,21,29,32,35,40,41,44,46],"ascension_level":0}}