{"host":"zsm7bdfo51n66z45","time":1608071646,"event":{"mods":["AchievementEnabler","BaseMod","Better Skull","Better Third Choice","Colored Powertips","Halation","Infinite Spire","Minty Spire (QoL Compilation)","Relic Stats","Replay The Spire","Spicy Shops","StSLib","Waifu the Spire"],"gold_per_floor":[10,25,42,62,81,116,116,192,217,236,250,284,304,304,304,403,403,413,433,7,7,18,18,45,45,70,84,84,34,34,34,34,131,131,143,155,155,155],"floor_reached":37,"playtime":1656,"items_purged":[],"score":553,"play_id":"7c21d257-9707-419b-90e1-01d6d9fdde63","local_time":"20201215163406","is_ascension_mode":false,"campfire_choices":[{"floor":7,"key":"REST"},{"floor":15,"key":"REST"},{"floor":23,"key":"REST"},{"floor":25,"key":"REST"},{"floor":32,"key":"REST"}],"circlet_count":0,"master_deck":["Strike_P","Strike_P","Strike_P+1","Strike_P","Defend_P","Defend_P","Defend_P","Defend_P+1","Eruption","Vigilance","Alpha","FollowUp","Replay:AtTheReady","BowlingBash","Devotion","Perseverance","Replay:BluntJabs","FlyingSleeves","EmptyFist","Ragnarok","MentalFortress","Devotion","JustLucky+1","Judgement","SashWhip","Protect","Replay:LoomingThreat","Wallop","EmptyBody+1"],"relics":["PureWater","Pear","Singing Bowl","Replay:Rubber Ducky","WingedGreaves","Black Star","Membership Card","Bottled Lightning","infinitespire:Lucky Rock","Gremlin Food","Blue Doll","halation:Diary","MutagenicStrength","halation:LoveArrow"],"acts_visited":["Exordium","TheCity","TheBeyond"],"potions_floor_usage":[11,12,24,33,33,33,33,37,37,37],"damage_taken":[{"damage":0,"enemies":"Cultist","floor":1,"turns":4},{"damage":1,"enemies":"Jaw Worm","floor":2,"turns":3},{"damage":0,"enemies":"infinitespire:Voidling","floor":3,"turns":4},{"damage":12,"enemies":"3 Louse","floor":4,"turns":3},{"damage":12,"enemies":"Looter","floor":5,"turns":4},{"damage":14,"enemies":"3 Sentries","floor":6,"turns":7},{"damage":5,"enemies":"Large Slime","floor":10,"turns":4},{"damage":0,"enemies":"3 Louse","floor":11,"turns":1},{"damage":32,"enemies":"Lagavulin","floor":12,"turns":8},{"damage":2,"enemies":"Looter","floor":13,"turns":2},{"damage":9,"enemies":"The Guardian","floor":16,"turns":9},{"damage":20,"enemies":"Spheric Guardian","floor":18,"turns":6},{"damage":17,"enemies":"Shell Parasite","floor":19,"turns":6},{"damage":9,"enemies":"Cultist and Chosen","floor":22,"turns":5},{"damage":55,"enemies":"Book of Stabbing","floor":24,"turns":7},{"damage":3,"enemies":"Snecko","floor":27,"turns":5},{"damage":36,"enemies":"Pondfish","floor":33,"turns":10},{"damage":23,"enemies":"Orb Walker","floor":35,"turns":5},{"damage":45,"enemies":"3 Shapes","floor":36,"turns":4},{"damage":17,"enemies":"Sphere and 2 Shapes","floor":37,"turns":3}],"seed_played":"-8345224717573173836","potions_obtained":[{"floor":4,"key":"BottledMiracle"},{"floor":5,"key":"PowerPotion"},{"floor":6,"key":"DuplicationPotion"},{"floor":10,"key":"Fire Potion"},{"floor":12,"key":"SkillPotion"},{"floor":18,"key":"Adrenaline Potion"},{"floor":24,"key":"Elixir"},{"floor":27,"key":"PowerPotion"},{"floor":33,"key":"SkillPotion"},{"floor":36,"key":"GamblersBrew"}],"is_trial":false,"path_per_floor":["M","M","M","M","M","E","R","T","T","M","M","E","M","?","R","B",null,"M","M","$","?","M","R","E","R","T","M","?","$","?","?","R","B",null,"M","M","M"],"character_chosen":"WATCHER","items_purchased":["Dexterity Potion","EssenceOfSteel","Membership Card","Bottled Lightning","LiquidMemories","halation:Diary"],"campfire_rested":5,"item_purchase_floors":[20,20,20,20,20,29],"current_hp_per_floor":[72,71,71,59,47,43,67,67,67,62,62,30,28,28,52,43,82,62,45,45,45,38,63,8,33,33,30,30,30,30,30,55,19,84,61,16,0,0],"gold":155,"neow_bonus":"THREE_RARE_CARDS","is_daily":false,"chose_seed":false,"campfire_upgraded":0,"win_rate":0.0,"timestamp":1608071646,"path_taken":["M","M","M","M","M","E","R","?","T","M","M","E","?","?","R","BOSS","M","M","$","?","M","R","E","R","T","?","?","$","?","?","R","BOSS","M","M","M"],"items_purchased_type":["Potion","Potion","Relic","Relic","Potion","Relic"],"build_version":"2020-12-13","purchased_purges":0,"victory":false,"max_hp_per_floor":[72,72,72,72,72,82,82,82,82,82,82,82,82,82,82,82,82,82,82,82,82,84,84,84,84,84,84,84,84,84,84,84,84,84,84,84,84,84],"relic_stats":{"Singing Bowl":2,"counters":[20,100],"Black Star":1,"obtain_stats":[{"Gremlin Food":24,"halation:Diary":29,"Pear":6,"Singing Bowl":8,"Blue Doll":26,"infinitespire:Lucky Rock":24,"Replay:Rubber Ducky":9,"halation:LoveArrow":34,"MutagenicStrength":30,"WingedGreaves":12,"Black Star":17,"Membership Card":20,"Bottled Lightning":20,"PureWater":0},{"Gremlin Food":15,"halation:Diary":16,"Pear":6,"Singing Bowl":6,"Blue Doll":15,"infinitespire:Lucky Rock":15,"Replay:Rubber Ducky":6,"halation:LoveArrow":17,"MutagenicStrength":16,"WingedGreaves":9,"Black Star":11,"Membership Card":13,"Bottled Lightning":13,"PureWater":0},{"Gremlin Food":73,"halation:Diary":78,"Pear":25,"Singing Bowl":25,"Blue Doll":73,"infinitespire:Lucky Rock":73,"Replay:Rubber Ducky":25,"halation:LoveArrow":88,"MutagenicStrength":78,"WingedGreaves":38,"Black Star":49,"Membership Card":61,"Bottled Lightning":61,"PureWater":0}]},"card_choices":[{"not_picked":["Omniscience","Replay:LoomingThreat"],"picked":"Alpha","floor":0},{"not_picked":["Nirvana","Consecrate"],"picked":"FollowUp","floor":1},{"not_picked":["Protect","CutThroughFate"],"picked":"Replay:AtTheReady","floor":2},{"not_picked":["Adaptation","Worship"],"picked":"BowlingBash","floor":3},{"not_picked":["Replay:ManipulateFuture","Weave"],"picked":"Devotion","floor":4},{"not_picked":["CutThroughFate","Consecrate"],"picked":"Perseverance","floor":5},{"not_picked":["FollowUp","Replay:AtTheReady"],"picked":"Replay:BluntJabs","floor":6},{"not_picked":["WreathOfFlame","Pray"],"picked":"FlyingSleeves","floor":10},{"not_picked":["Replay:AtTheReady","Evaluate"],"picked":"EmptyFist","floor":11},{"not_picked":["BowlingBash","JustLucky"],"picked":"Ragnarok","floor":12},{"not_picked":["Protect","FlyingSleeves"],"picked":"MentalFortress","floor":13},{"not_picked":["Wish","Blasphemy"],"picked":"Devotion","floor":16},{"not_picked":["Replay:AtTheReady","BowlingBash"],"picked":"JustLucky+1","floor":18},{"not_picked":["FlyingSleeves+1","FollowUp"],"picked":"Wireheading","floor":19},{"not_picked":["Replay:AllIn","Replay:Cycle+1","Meditate"],"picked":"Singing Bowl","floor":22},{"not_picked":["Consecrate","Indignation"],"picked":"SashWhip","floor":24},{"not_picked":["SignatureMove+1","Consecrate"],"picked":"Protect","floor":27},{"not_picked":["Ragnarok","Establishment"],"picked":"Replay:LoomingThreat","floor":33},{"not_picked":["Replay:AtTheReady","ThirdEye"],"picked":"Wallop","floor":35},{"not_picked":["Worship+1","WindmillStrike+1"],"picked":"EmptyBody+1","floor":36}],"player_experience":147413,"relics_obtained":[{"floor":6,"key":"Pear"},{"floor":8,"key":"Singing Bowl"},{"floor":9,"key":"Replay:Rubber Ducky"},{"floor":12,"key":"WingedGreaves"},{"floor":24,"key":"infinitespire:Lucky Rock"},{"floor":24,"key":"Gremlin Food"},{"floor":26,"key":"Blue Doll"}],"event_choices":[{"damage_healed":0,"gold_gain":0,"cards_transformed":["Wireheading"],"player_choice":"Transformed","damage_taken":0,"max_hp_gain":0,"max_hp_loss":0,"event_name":"Transmorgrifier","floor":21,"gold_loss":0,"cards_obtained":["Judgement"]},{"damage_healed":0,"gold_gain":0,"player_choice":"Inject Mutagens","damage_taken":0,"relics_obtained":["MutagenicStrength"],"max_hp_gain":0,"max_hp_loss":0,"event_name":"Drug Dealer","floor":30,"gold_loss":0},{"damage_healed":0,"gold_gain":0,"player_choice":"Ignored","damage_taken":0,"max_hp_gain":0,"max_hp_loss":0,"event_name":"Vampires","floor":31,"gold_loss":0}],"is_beta":false,"boss_relics":[{"not_picked":["halation:SmartPhone","Velvet Choker"],"picked":"Black Star"},{"not_picked":["Ring of Chaos","halation:PlatinumPhoenix"],"picked":"halation:LoveArrow"}],"items_purged_floors":[],"is_endless":false,"potions_floor_spawned":[4,5,6,10,12,18,24,27,33,36],"killed_by":"Sphere and 2 Shapes","ascension_level":0}}