{"host":"9d9dhukr2jywmy0f","time":1608055769,"event":{"mods":["2.2 Compatiblity","Alarm Clock","BaseMod","Bestiary","Block Reminder","Colored Map","Colored Powertips","Curses Come First","DeckTracker","Displayed Cursed Tome","Highlight Path","Key Reminder","Keyboard Shortcuts","Minty Spire (QoL Compilation)","MonsterHotkey","Potion Indicator Mod","Quick Restart","RNG Fix","Rare Cards Sparkle","Relic Sorter","Relic Stats","Spire Birthday Party","StSLib","Synergy Search","Unceasing Turn Reminder","Unknown Chances"],"gold_per_floor":[111,186,186,198,27,27,53,53,53,70,10,45,45,65,65,164,164,185,208,33,83,107,107,107,107],"floor_reached":24,"playtime":1189,"items_purged":["Pain","Strike_R"],"score":458,"play_id":"3ace07cd-c979-4f1b-830d-961fac91a778","local_time":"20201216020929","is_ascension_mode":true,"campfire_choices":[{"floor":6.0,"key":"RECALL"},{"data":"Barricade","floor":8.0,"key":"SMITH"},{"data":"Evolve","floor":15.0,"key":"SMITH"},{"data":"Second Wind","floor":23,"key":"SMITH"}],"circlet_count":0,"master_deck":["AscendersBane","Strike_R","Strike_R","Strike_R","Strike_R","Defend_R","Defend_R","Defend_R","Defend_R","Bash","Barricade+1","Evolve+1","Shrug It Off","Exhume","Havoc","Second Wind+1"],"relics":["Burning Blood","NeowsBlessing","WarpedTongs","Membership Card","keyreminder:keyreminder","Gremlin Horn","HornCleat","Pocketwatch","Golden Idol","Cursed Key","Omamori"],"acts_visited":["Exordium","TheCity"],"potions_floor_usage":[],"damage_taken":[{"damage":0.0,"enemies":"Small Slimes","floor":1.0,"turns":1.0},{"damage":2.0,"enemies":"2 Louse","floor":4.0,"turns":1.0},{"damage":0.0,"enemies":"Gremlin Nob","floor":7.0,"turns":1.0},{"damage":19.0,"enemies":"Jaw Worm","floor":10.0,"turns":4.0},{"damage":23.0,"enemies":"3 Sentries","floor":12.0,"turns":9.0},{"damage":0.0,"enemies":"Large Slime","floor":14.0,"turns":11.0},{"damage":13.0,"enemies":"Hexaghost","floor":16.0,"turns":9.0},{"damage":0.0,"enemies":"Chosen","floor":18.0,"turns":6.0},{"damage":16.0,"enemies":"Shell Parasite","floor":19.0,"turns":6.0},{"damage":28,"enemies":"Snake Plant","floor":22,"turns":10},{"damage":12,"enemies":"Slavers","floor":24,"turns":3}],"seed_played":"4354916568775139556","potions_obtained":[{"floor":1.0,"key":"CultistPotion"},{"floor":10.0,"key":"Ancient Potion"},{"floor":12.0,"key":"AttackPotion"},{"floor":18.0,"key":"Explosive Potion"},{"floor":22,"key":"Ancient Potion"}],"is_trial":false,"path_per_floor":["M","?","?","M","$","R","E","R","T","M","$","E","?","M","R","B",null,"M","M","$","?","M","R","E"],"character_chosen":"IRONCLAD","items_purchased":["Membership Card","Evolve","Omamori","ElixirPotion"],"campfire_rested":0,"item_purchase_floors":[5,11,20,20],"current_hp_per_floor":[74,63,63,67,67,67,73,73,73,60,60,43,17,23,23,16,60,66,56,56,56,34,34,22,22],"gold":107,"neow_bonus":"THREE_ENEMY_KILL","is_daily":false,"chose_seed":false,"campfire_upgraded":3,"win_rate":0.0,"timestamp":1608055769,"path_taken":["M","?","?","M","$","R","E","R","T","M","$","E","?","M","R","BOSS","M","M","$","?","M","R","E"],"items_purchased_type":["Relic","Card","Relic","Potion"],"build_version":"2020-11-30","purchased_purges":2,"victory":false,"max_hp_per_floor":[75,75,75,75,75,75,75,75,75,75,75,75,75,75,75,75,75,75,75,75,75,75,75,75,75],"relic_stats":{"Gremlin Horn":[3,3],"counters":[11,61],"Golden Idol":38,"Cursed Key":0,"obtain_stats":[{"keyreminder:keyreminder":6,"HornCleat":9,"NeowsBlessing":0,"Gremlin Horn":7,"Golden Idol":13,"Omamori":20,"Membership Card":5,"Cursed Key":17,"Burning Blood":0,"WarpedTongs":3,"Pocketwatch":12},{"keyreminder:keyreminder":2,"HornCleat":3,"NeowsBlessing":0,"Gremlin Horn":3,"Golden Idol":5,"Omamori":9,"Membership Card":2,"Cursed Key":7,"Burning Blood":0,"WarpedTongs":1,"Pocketwatch":5},{"keyreminder:keyreminder":2,"HornCleat":3,"NeowsBlessing":0,"Gremlin Horn":3,"Golden Idol":16,"Omamori":48,"Membership Card":2,"Cursed Key":36,"Burning Blood":0,"WarpedTongs":1,"Pocketwatch":16}],"Burning Blood":60,"WarpedTongs":[56],"Pocketwatch":[69]},"card_choices":[{"not_picked":["Clothesline","Bloodletting","Thunderclap"],"picked":"SKIP","floor":1.0},{"not_picked":["Sword Boomerang","Rage","Ghostly Armor"],"picked":"SKIP","floor":4.0},{"not_picked":["Battle Trance","Thunderclap"],"picked":"Barricade","floor":7.0},{"not_picked":["Metallicize","Perfected Strike","Clothesline"],"picked":"SKIP","floor":10.0},{"not_picked":["True Grit","Pommel Strike","Bludgeon"],"picked":"SKIP","floor":12.0},{"not_picked":["True Grit","Pommel Strike","Bludgeon"],"picked":"SKIP","floor":12.0},{"not_picked":["Warcry","Inflame"],"picked":"Shrug It Off","floor":14.0},{"not_picked":["Corruption","Demon Form"],"picked":"Exhume","floor":16.0},{"not_picked":["Rage","Sword Boomerang","Iron Wave"],"picked":"SKIP","floor":18.0},{"not_picked":["Perfected Strike","Havoc","Armaments"],"picked":"SKIP","floor":19.0},{"not_picked":["Perfected Strike","Armaments"],"picked":"Havoc","floor":19.0},{"not_picked":["Heavy Blade+1","Reckless Charge"],"picked":"Second Wind","floor":22}],"player_experience":683074,"relics_obtained":[{"floor":7.0,"key":"Gremlin Horn"},{"floor":9.0,"key":"HornCleat"},{"floor":12.0,"key":"Pocketwatch"}],"event_choices":[{"damage_healed":0.0,"max_hp_gain":0.0,"max_hp_loss":0.0,"gold_gain":75.0,"event_name":"World of Goop","player_choice":"Gather Gold","floor":2.0,"gold_loss":0.0,"damage_taken":11.0},{"damage_healed":0.0,"max_hp_gain":0.0,"max_hp_loss":0.0,"gold_gain":0.0,"event_name":"Accursed Blacksmith","player_choice":"Rummage","floor":3.0,"gold_loss":0.0,"damage_taken":0.0,"relics_obtained":["WarpedTongs"],"cards_obtained":["Pain"]},{"damage_healed":0.0,"max_hp_gain":0.0,"max_hp_loss":0.0,"gold_gain":0.0,"event_name":"Golden Idol","player_choice":"Take Damage","floor":13.0,"gold_loss":0.0,"damage_taken":26.0,"relics_obtained":["Golden Idol"]},{"damage_healed":0.0,"max_hp_gain":0.0,"max_hp_loss":0.0,"gold_gain":50.0,"event_name":"Nest","player_choice":"Stole From Cult","floor":21.0,"gold_loss":0.0,"damage_taken":0.0}],"is_beta":false,"boss_relics":[{"not_picked":["SlaversCollar","Runic Pyramid"],"picked":"Cursed Key"}],"items_purged_floors":[11,20],"is_endless":false,"potions_floor_spawned":[1,10,12,18,22],"killed_by":"Slavers","ascension_level":20}}