{"host":"1p8eqzpvl5sxeu5t","time":1608039127,"event":{"mods":["BaseMod","Bestiary","Block Reminder","Colored Map","Colored Powertips","Downfall","Highlight Path","Minty Spire (QoL Compilation)","Relic Stats","StSLib","The IronCluck","Waifu the Spire","everything is the same but u backflip on backflip","slay the spire mod where everything is the same but ironclad has a cowboy hat"],"gold_per_floor":[0,14,39,39,51,85,85,85,98,126,139,139,156,171,187,187,187],"floor_reached":16,"playtime":934,"items_purged":[],"score":130,"play_id":"9f173767-bfbb-40f9-9c19-75ae1bf37d5f","local_time":"20201215213207","is_ascension_mode":true,"campfire_choices":[{"data":"champ:Taunt","floor":1,"key":"SMITH"},{"data":"champ:DefensiveStyle","floor":4,"key":"SMITH"},{"data":"champ:HoldFirm","floor":8,"key":"SMITH"}],"circlet_count":0,"master_deck":["champ:Strike","champ:Strike","champ:Strike+1","champ:Strike","champ:Defend","champ:Defend","champ:Defend+1","champ:Defend","champ:Execute","champ:Taunt+1","champ:Devastate","champ:DefensiveStyle+1","champ:FanOfKnives+1","champ:ViciousMockery","champ:HoldFirm+1","Regret","champ:DefensiveShout","champ:FaceSlap"],"relics":["champ:ChampionCrown","Shuriken","Juzu Bracelet","Kunai","Happy Flower"],"acts_visited":[],"potions_floor_usage":[16,16],"damage_taken":[{"damage":10,"enemies":"Jaw Worm","floor":2,"turns":6},{"damage":19,"enemies":"Lagavulin","floor":3,"turns":10},{"damage":3,"enemies":"Small Slimes","floor":5,"turns":2},{"damage":30,"enemies":"3 Sentries","floor":6,"turns":6},{"damage":5,"enemies":"2 Louse","floor":9,"turns":4},{"damage":19,"enemies":"Lagavulin","floor":10,"turns":6},{"damage":0,"enemies":"Lots of Slimes","floor":11,"turns":4},{"damage":10,"enemies":"3 Louse","floor":13,"turns":4},{"damage":14,"enemies":"Large Slime","floor":14,"turns":3},{"damage":7,"enemies":"Lots of Slimes","floor":15,"turns":2},{"damage":24,"enemies":"downfall:Ironclad","floor":16,"turns":7}],"seed_played":"1883442409953365762","potions_obtained":[{"floor":2,"key":"Dexterity Potion"},{"floor":9,"key":"SpeedPotion"},{"floor":11,"key":"LiquidMemories"}],"is_trial":false,"path_per_floor":["R","M","E","R","M","E","T","R","M","E","M","?","M","M","M","B"],"character_chosen":"THE_CHAMP","items_purchased":[],"campfire_rested":0,"item_purchase_floors":[],"current_hp_per_floor":[90,85,76,76,73,53,53,53,53,34,34,34,29,23,21,0,0],"gold":187,"neow_bonus":"THREE_RARE_CARDS","is_daily":false,"chose_seed":false,"campfire_upgraded":3,"win_rate":0.0,"timestamp":1608039127,"path_taken":["R","M","E","R","M","E","T","R","M","E","M","?","M","M","M","BOSS"],"items_purchased_type":[],"build_version":"2020-12-13","purchased_purges":0,"victory":false,"max_hp_per_floor":[90,90,90,90,90,90,90,90,90,90,90,90,90,90,90,90,90],"relic_stats":{"Happy Flower":[6],"counters":[11,54],"Shuriken":[1],"Juzu Bracelet":0,"Kunai":[1],"obtain_stats":[{"Happy Flower":10,"Shuriken":3,"champ:ChampionCrown":0,"Juzu Bracelet":6,"Kunai":7},{"Happy Flower":6,"Shuriken":2,"champ:ChampionCrown":0,"Juzu Bracelet":4,"Kunai":4},{"Happy Flower":34,"Shuriken":16,"champ:ChampionCrown":0,"Juzu Bracelet":24,"Kunai":24}]},"card_choices":[{"not_picked":["champ:DancingMaster","champ:IgnorePain"],"picked":"champ:Devastate","floor":0},{"not_picked":["champ:CrookedStrike","champ:EndlessRage"],"picked":"champ:DefensiveStyle","floor":2},{"not_picked":["champ:SwordSigil","champ:RageSigil"],"picked":"champ:FanOfKnives","floor":3},{"not_picked":["champ:Duel","champ:CalledShot"],"picked":"champ:ViciousMockery","floor":5},{"not_picked":["champ:RageSigil","champ:BerserkersShout"],"picked":"champ:HoldFirm","floor":6},{"not_picked":["champ:RageSigil","champ:SkillfulDodge","champ:Balance"],"picked":"SKIP","floor":9},{"not_picked":["champ:FalseCounter","champ:Control","champ:RapidStrikes"],"picked":"SKIP","floor":10},{"not_picked":["champ:Control","champ:Circumvent","champ:RageSigil"],"picked":"SKIP","floor":11},{"not_picked":["champ:GladiatorsShout","champ:Circumvent"],"picked":"champ:DefensiveShout","floor":13},{"not_picked":["champ:Haymaker","champ:Circumvent"],"picked":"champ:FaceSlap","floor":14},{"not_picked":["champ:TornadoPunch","champ:DefensiveStyle","champ:ShieldSigil"],"picked":"SKIP","floor":15}],"player_experience":808625,"relics_obtained":[{"floor":3,"key":"Shuriken"},{"floor":6,"key":"Juzu Bracelet"},{"floor":7,"key":"Kunai"},{"floor":10,"key":"Happy Flower"}],"event_choices":[],"is_beta":false,"boss_relics":[],"items_purged_floors":[],"is_endless":false,"potions_floor_spawned":[2,9,11,15],"killed_by":"downfall:Ironclad","ascension_level":1}}