{"host":"99ad87xtd5ypi7ii","time":1608071642,"event":{"mods":["BaseMod","Hermit","Highlight Path","Marisa????????","Minty Spire (QoL Compilation)","Robot Space Explorer","StSLib","The Bladedancer","The Construct","The Cursed","The Disciple","The Elementalist","The Gatherer","The Hierophant","The Runesmith","The Servant 0.9.4","TheVacant"],"gold_per_floor":[109,109,109,125,143,143,172,172,172,172,22,22,37,2,2,97,97,107,107,125,125,224,224,258,258,258,268,268,268,278,278],"floor_reached":30,"playtime":11675,"items_purged":[],"score":345,"play_id":"ce45964b-9661-48cd-81be-454defd4491d","local_time":"20201215233402","is_ascension_mode":true,"campfire_choices":[{"floor":6,"key":"REST"},{"floor":8,"key":"REST"},{"data":"blademaster:Bloodbath","floor":10,"key":"SMITH"},{"data":"blademaster:DaggerAndCloak","floor":12,"key":"SMITH"},{"data":"blademaster:Stability","floor":15,"key":"SMITH"},{"data":"blademaster:DeadlyDance","floor":23,"key":"SMITH"},{"floor":25,"key":"DIG"},{"data":"blademaster:EnchantedCuirass","floor":28,"key":"SMITH"}],"circlet_count":0,"master_deck":["blademaster:Strike","blademaster:Strike+1","blademaster:Strike","blademaster:Defend","blademaster:Defend","blademaster:Defend","blademaster:Defend+1","blademaster:RagingBlow","blademaster:HighVoltage","blademaster:DaggerAndCloak+1","blademaster:Blindside","blademaster:AspectOfWind","blademaster:Stability+1","blademaster:Bloodbath+1","blademaster:AirSlash","blademaster:EnchantedCuirass+1","blademaster:DeadlyDance+1","blademaster:TraverseCut","blademaster:Rupture","Ghostly","Ghostly","Ghostly","Ghostly","Ghostly","blademaster:AirSlash"],"relics":["blademaster:DancersAmulet","Mango","Letter Opener","Runesmith:AutoHammer","Sozu","Pen Nib","Shovel","Potion Belt","Oddly Smooth Stone"],"acts_visited":["Exordium","TheCity"],"potions_floor_usage":[7,7],"damage_taken":[{"damage":26,"enemies":"Jaw Worm","floor":1,"turns":6},{"damage":0,"enemies":"2 Louse","floor":4,"turns":2},{"damage":0,"enemies":"Cultist","floor":5,"turns":3},{"damage":27,"enemies":"Gremlin Nob","floor":7,"turns":5},{"damage":1,"enemies":"Exordium Thugs","floor":13,"turns":4},{"damage":19,"enemies":"Slime Boss","floor":16,"turns":9},{"damage":15,"enemies":"3 Byrds","floor":18,"turns":3},{"damage":0,"enemies":"Shell Parasite","floor":20,"turns":4},{"damage":19,"enemies":"Gremlin Leader","floor":24,"turns":5},{"damage":11,"enemies":"Snake Plant","floor":27,"turns":3},{"damage":0,"enemies":"Centurion and Healer","floor":30,"turns":5}],"seed_played":"-611630281739923207","potions_obtained":[{"floor":4,"key":"Swift Potion"},{"floor":5,"key":"DuplicationPotion"},{"floor":16,"key":"FearPotion"}],"is_trial":false,"path_per_floor":["M","?","?","M","M","R","E","R","T","R","$","R","M","?","R","B",null,"M","?","M","?","?","R","E","R","T","M","R","?","M"],"character_chosen":"THE_BLADEMASTER","items_purchased":["Runesmith:AutoHammer"],"campfire_rested":2,"item_purchase_floors":[11],"current_hp_per_floor":[49,33,33,33,33,57,44,72,72,72,72,72,71,95,95,76,91,76,76,83,83,83,83,65,65,65,54,54,48,48,48],"gold":278,"neow_bonus":"TEN_PERCENT_HP_BONUS","is_daily":false,"chose_seed":false,"campfire_upgraded":5,"win_rate":0.0,"timestamp":1608071642,"path_taken":["M","?","?","?","M","R","E","R","T","R","?","R","M","?","R","BOSS","M","?","M","?","?","R","E","R","T","M","R","?","M"],"items_purchased_type":["Relic"],"build_version":"2020-12-13","purchased_purges":0,"victory":false,"max_hp_per_floor":[82,82,82,82,82,82,96,96,96,96,96,96,96,96,96,96,96,96,96,96,96,96,96,96,96,96,96,96,48,48,48],"card_choices":[{"not_picked":["blademaster:BrainBloom","blademaster:IcyWind"],"picked":"blademaster:DaggerAndCloak","floor":1},{"not_picked":["blademaster:AwakeningDefend","blademaster:AwakeningStrike"],"picked":"blademaster:Stability","floor":4},{"not_picked":["blademaster:AspectOfWind","blademaster:Flurry"],"picked":"blademaster:Bloodbath","floor":5},{"not_picked":["blademaster:DeadlyDance","blademaster:Thrust"],"picked":"blademaster:AirSlash","floor":7},{"not_picked":["blademaster:AwakeningDefend","blademaster:AspectOfLightning","blademaster:WindSlash"],"picked":"SKIP","floor":13},{"not_picked":["blademaster:ThreePointStrike","blademaster:FuryOfTheElements"],"picked":"blademaster:EnchantedCuirass","floor":16},{"not_picked":["blademaster:SlyStabs","blademaster:Safeguard"],"picked":"blademaster:DeadlyDance","floor":18},{"not_picked":["blademaster:BladeDance","blademaster:LightningCrash","blademaster:ThunderSlash+1"],"picked":"SKIP","floor":20},{"not_picked":["blademaster:Stormstrike","blademaster:AspectOfWind+1"],"picked":"blademaster:TraverseCut","floor":24},{"not_picked":["blademaster:AspectOfLightning","blademaster:Frontflip"],"picked":"blademaster:Rupture","floor":27},{"not_picked":["blademaster:RollingTyphoon","blademaster:TraverseCut"],"picked":"blademaster:AirSlash","floor":30}],"player_experience":745038,"relics_obtained":[{"floor":7,"key":"Mango"},{"floor":7,"key":"blademaster:FinisherDrawCardPerk"},{"floor":9,"key":"Letter Opener"},{"floor":24,"key":"Shovel"},{"floor":24,"key":"blademaster:DextrousPerk"},{"floor":25,"key":"Potion Belt"},{"floor":26,"key":"Oddly Smooth Stone"}],"event_choices":[{"damage_healed":0,"gold_gain":0,"player_choice":"Entered Light","damage_taken":16,"max_hp_gain":0,"max_hp_loss":0,"event_name":"Shining Light","floor":2,"gold_loss":0,"cards_upgraded":["blademaster:Defend","blademaster:Strike"]},{"damage_healed":0,"gold_gain":0,"player_choice":"2 cards matched","damage_taken":0,"max_hp_gain":0,"max_hp_loss":0,"event_name":"Match and Keep!","floor":3,"gold_loss":0,"cards_obtained":["blademaster:Blindside","blademaster:AspectOfWind"]},{"damage_healed":24,"gold_gain":0,"player_choice":"Healed","damage_taken":0,"max_hp_gain":0,"max_hp_loss":0,"event_name":"The Cleric","floor":14,"gold_loss":35},{"cards_removed":["blademaster:Strike"],"damage_healed":0,"gold_gain":0,"player_choice":"Elegance","damage_taken":0,"max_hp_gain":0,"max_hp_loss":0,"event_name":"Back to Basics","floor":19,"gold_loss":0},{"damage_healed":0,"gold_gain":0,"player_choice":"Opened","damage_taken":0,"relics_obtained":["Pen Nib"],"max_hp_gain":0,"max_hp_loss":0,"event_name":"The Mausoleum","floor":21,"gold_loss":0},{"damage_healed":0,"gold_gain":99,"player_choice":"Stole From Cult","damage_taken":0,"max_hp_gain":0,"max_hp_loss":0,"event_name":"Nest","floor":22,"gold_loss":0},{"damage_healed":0,"gold_gain":0,"player_choice":"Became a Ghost","damage_taken":0,"max_hp_gain":0,"max_hp_loss":48,"event_name":"Ghosts","floor":29,"gold_loss":0,"cards_obtained":["Ghostly","Ghostly","Ghostly","Ghostly","Ghostly"]}],"is_beta":false,"boss_relics":[{"not_picked":["Calling Bell","construct:ClawGrip"],"picked":"Sozu"}],"items_purged_floors":[],"is_endless":false,"potions_floor_spawned":[4,5,16,18,24,30],"killed_by":"Centurion and Healer","ascension_level":6}}