{"host":"sle1h3v1q4bnun10","time":1608000788,"event":{"mods":["BaseMod","Challenge The Spire","Downfall","Minty Spire (QoL Compilation)","READ ME - Guardian Mod","Replay The Spire","Shop Mod","StSLib","The Cursed"],"gold_per_floor":[99,113,148,187,200,125,149,175,191,191,204,204,216,230,241,241,241],"floor_reached":16,"playtime":1063,"items_purged":[],"score":114,"play_id":"f381db68-5de1-4821-a49c-f7533694cfaa","local_time":"20201215105308","is_ascension_mode":false,"campfire_choices":[{"floor":1,"key":"RECALL"},{"data":"Guardian:EvasiveProtocol","floor":6,"key":"SMITH"},{"data":"Guardian:TemporalShield","floor":10,"key":"SMITH"}],"circlet_count":0,"master_deck":["Guardian:Strike_Guardian","Guardian:Strike_Guardian","Guardian:Strike_Guardian","Guardian:Strike_Guardian","Guardian:Defend_Guardian","Guardian:Defend_Guardian","Guardian:Defend_Guardian","Guardian:Defend_Guardian","Guardian:CurlUp","Guardian:TwinSlam","Guardian:TemporalShield+1","Spreading Infection","Guardian:EvasiveProtocol+1","Guardian:Planning","Clumsy","Guardian:DecasProtection","Guardian:Planning","Guardian:Harden","Guardian:Incinerate","Guardian:StasisStrike"],"relics":["Cursed Key","Kunai","Ice Cream","downfall:HeartBlessingRed","Replay:Mystery Machine","Gambling Chip","downfall:BrokenWingStatue"],"acts_visited":["Exordium"],"potions_floor_usage":[13,16],"damage_taken":[{"damage":0,"enemies":"2 Louse","floor":2,"turns":2},{"damage":23,"enemies":"3 Sentries","floor":3,"turns":11},{"damage":0,"enemies":"Small Slimes","floor":5,"turns":5},{"damage":22,"enemies":"Gremlin Nob","floor":8,"turns":5},{"damage":0,"enemies":"Jaw Worm","floor":9,"turns":5},{"damage":5,"enemies":"Exordium Wildlife","floor":11,"turns":4},{"damage":0,"enemies":"Large Slime","floor":13,"turns":6},{"damage":10,"enemies":"Lots of Slimes","floor":14,"turns":3},{"damage":0,"enemies":"Large Slime","floor":15,"turns":4},{"damage":39,"enemies":"downfall:Silent","floor":16,"turns":8}],"seed_played":"-8632686424021457654","potions_obtained":[{"floor":5,"key":"PowerPotion"},{"floor":9,"key":"Fire Potion"},{"floor":11,"key":"Regen Potion"}],"is_trial":false,"path_per_floor":["R","M","E","?","M","R","T","E","M","R","M","?","M","M","M","B"],"character_chosen":"GUARDIAN","items_purchased":[],"campfire_rested":0,"item_purchase_floors":[],"current_hp_per_floor":[80,80,57,57,57,57,57,35,35,35,30,30,45,35,35,0,0],"gold":241,"neow_bonus":"BOSS_RELIC","is_daily":false,"chose_seed":false,"campfire_upgraded":2,"win_rate":0.0,"timestamp":1608000788,"path_taken":["R","M","E","?","M","R","T","E","M","R","M","?","M","M","M","BOSS"],"items_purchased_type":[],"build_version":"2020-12-13","purchased_purges":0,"victory":false,"max_hp_per_floor":[80,80,80,80,80,80,80,80,80,80,80,80,80,80,80,80,80],"card_choices":[{"not_picked":["Guardian:Planning","Guardian:ShieldCharger"],"picked":"Guardian:Gem_White","floor":2},{"not_picked":["Guardian:ShieldSpikes","Guardian:FierceBash"],"picked":"Guardian:TemporalShield","floor":3},{"not_picked":["Guardian:Incinerate","Guardian:Suspension"],"picked":"Guardian:EvasiveProtocol","floor":4},{"not_picked":["Guardian:VentSteam","Guardian:WalkerClaw"],"picked":"Guardian:Planning","floor":5},{"not_picked":["Guardian:Gem_Red","Guardian:FierceBash"],"picked":"Guardian:DecasProtection","floor":8},{"not_picked":["Guardian:Gem_Red","Guardian:CrystalBeam"],"picked":"Guardian:Planning","floor":9},{"not_picked":["Guardian:RollAttack","Guardian:TemporalShield","Guardian:Gem_Cyan"],"picked":"SKIP","floor":11},{"not_picked":["Guardian:Gem_Cyan","Guardian:RollAttack"],"picked":"Guardian:Harden","floor":13},{"not_picked":["Guardian:PolyBeam","Guardian:Suspension"],"picked":"Guardian:Incinerate","floor":14},{"not_picked":["Guardian:CrystalBeam","Guardian:PrimingBeam"],"picked":"Guardian:StasisStrike","floor":15}],"player_experience":172749,"relics_obtained":[{"floor":3,"key":"Kunai"},{"floor":4,"key":"Ice Cream"},{"floor":7,"key":"Replay:Mystery Machine"},{"floor":8,"key":"Gambling Chip"}],"event_choices":[],"is_beta":false,"boss_relics":[],"items_purged_floors":[],"is_endless":false,"potions_floor_spawned":[5,9,11],"killed_by":"downfall:Silent","ascension_level":0}}