{"host":"xn77fgdzfavce2j5","time":1608045109,"event":{"mods":["BaseMod","GungeonMod","Minty Spire (QoL Compilation)","Quick Restart","StSLib","WarShipGirlsR/战舰少女R mod"],"gold_per_floor":[109,9,84,159,179,212,267,267,267,267,267,217,25,37,37,132,132,146,1,1,166,179,226,226,226,226,226,250,269,302,325,325,325,325,325,325],"floor_reached":35,"playtime":2673,"items_purged":["DemoMod:Strike_Huntress"],"score":402,"play_id":"32ff48af-f837-42e2-8cb2-19c0de1d936a","local_time":"20201215231149","is_ascension_mode":false,"campfire_choices":[{"data":"DemoMod:ManualReload","floor":8.0,"key":"SMITH"},{"data":"DemoMod:FastSwitch","floor":15.0,"key":"SMITH"},{"data":"Ghostly","floor":25.0,"key":"SMITH"},{"data":"Ghostly","floor":27.0,"key":"SMITH"},{"data":"DemoMod:ShadowBullets","floor":33.0,"key":"SMITH"}],"circlet_count":0,"master_deck":["DemoMod:Strike_Huntress","DemoMod:Defend_Huntress","DemoMod:Defend_Huntress","DemoMod:Defend_Huntress","DemoMod:Roll","DemoMod:ManualReload+1","DemoMod:RustySidearm","DemoMod:CrossBow","DemoMod:AWP","DemoMod:SAA","DemoMod:BulletBore","DemoMod:ProbeStrike","DemoMod:FastSwitch+1","DemoMod:HardPowerCard","DemoMod:FightSabre","DemoMod:TripleGun","Ghostly+1","Ghostly+1","Ghostly","Ghostly","Ghostly","DemoMod:ShadowBullets+1","DemoMod:ZorGun+1","DemoMod:ConditionalReflex+1","DemoMod:Polaris"],"relics":["DemoMod:Dog","NeowsBlessing","Juzu Bracelet","HornCleat","Vajra","Coffee Dripper","DemoMod:MeatBun","Akabeko"],"acts_visited":["Exordium","TheCity","DemoMod:Maze"],"potions_floor_usage":[],"damage_taken":[{"damage":0.0,"enemies":"Small Slimes","floor":1.0,"turns":1.0},{"damage":0.0,"enemies":"2 Louse","floor":5.0,"turns":1.0},{"damage":0.0,"enemies":"3 Sentries","floor":6.0,"turns":1.0},{"damage":0.0,"enemies":"Cultist","floor":7.0,"turns":3.0},{"damage":0.0,"enemies":"3 Louse","floor":14.0,"turns":2.0},{"damage":0.0,"enemies":"Slime Boss","floor":16.0,"turns":9.0},{"damage":0.0,"enemies":"Spheric Guardian","floor":18.0,"turns":3.0},{"damage":0.0,"enemies":"Shell Parasite","floor":22.0,"turns":3.0},{"damage":0.0,"enemies":"Slavers","floor":23.0,"turns":3.0},{"damage":0.0,"enemies":"DemoMod:2_Veteran_bullet_kins_and_red_shotgun_kin","floor":28.0,"turns":2.0},{"damage":0.0,"enemies":"DemoMod:Red_and_blue_shotgun_kin","floor":29.0,"turns":2.0},{"damage":0.0,"enemies":"DemoMod:Red_and_blue_shotgun_kin_with_gunsinger","floor":30.0,"turns":3.0},{"damage":0.0,"enemies":"DemoMod:Veteran_shot_gun_kin_and_red_shotgun_kin_with_gunsinger","floor":31.0,"turns":3.0},{"damage":0.0,"enemies":"DemoMod:2_Mousers","floor":32.0,"turns":5.0},{"damage":41,"enemies":"DemoMod:ResourcefulRat","floor":35,"turns":10}],"seed_played":"-7081898648150811874","potions_obtained":[{"floor":1.0,"key":"SmokeBomb"},{"floor":5.0,"key":"ColorlessPotion"},{"floor":16.0,"key":"FearPotion"},{"floor":22.0,"key":"AttackPotion"},{"floor":28.0,"key":"SkillPotion"}],"is_trial":false,"path_per_floor":["M","$","?","?","M","E","M","R","T","?","?","?","$","M","R","B",null,"M","$","?","?","M","E","?","R","T","R","M","M","M","M","M","R","B","B"],"character_chosen":"HUNTRESS","items_purchased":["DemoMod:SAA","DemoMod:GnawedKey","DemoMod:Purify","DemoMod:MeatBun"],"campfire_rested":0,"item_purchase_floors":[2,13,13,19],"current_hp_per_floor":[70,70,59,52,52,52,52,52,52,45,45,45,45,45,45,45,70,70,70,70,70,70,70,35,35,35,35,35,35,35,35,35,35,35,0,0],"gold":325,"neow_bonus":"THREE_ENEMY_KILL","is_daily":false,"chose_seed":false,"campfire_upgraded":5,"win_rate":0.0,"timestamp":1608045109,"path_taken":["M","$","?","?","M","E","M","R","T","?","?","?","$","M","R","BOSS","M","$","?","?","M","E","?","R","T","R","M","M","M","M","M","R","BOSS","BOSS"],"items_purchased_type":["Card","Relic","Card","Relic"],"build_version":"2020-12-13","purchased_purges":1,"victory":false,"max_hp_per_floor":[70,70,70,70,70,70,70,70,70,70,70,70,70,70,70,70,70,70,70,70,70,70,70,35,35,35,35,35,35,35,35,35,35,35,35,35],"card_choices":[{"not_picked":["DemoMod:FastSwitch","DemoMod:SAA"],"picked":"DemoMod:AWP","floor":1.0},{"not_picked":["DemoMod:JK47","DemoMod:HuntsMan","DemoMod:AWP"],"picked":"SKIP","floor":5.0},{"not_picked":["DemoMod:Purify","DemoMod:CursedBullets"],"picked":"DemoMod:BulletBore","floor":6.0},{"not_picked":["DemoMod:ZorGun","DemoMod:HuntsMan"],"picked":"DemoMod:ProbeStrike","floor":7.0},{"not_picked":[],"picked":"DemoMod:FastSwitch","floor":11.0},{"not_picked":["DemoMod:JK47","DemoMod:BattleInHaste"],"picked":"DemoMod:HardPowerCard","floor":14.0},{"not_picked":["DemoMod:DoubleVision","DemoMod:SuppressiveFire"],"picked":"DemoMod:FightSabre","floor":16.0},{"not_picked":["DemoMod:TeaPot","DemoMod:BoxingGlove","DemoMod:FastSwitch"],"picked":"SKIP","floor":18.0},{"not_picked":["DemoMod:DoubleSwitch+1","DemoMod:EasyReloadBullets","DemoMod:Unmoved"],"picked":"SKIP","floor":22.0},{"not_picked":["DemoMod:DirectionalPad","DemoMod:ChanceBullets"],"picked":"DemoMod:TripleGun","floor":23.0},{"not_picked":["DemoMod:PracticeMakesPerfect","DemoMod:TableSutra+1"],"picked":"DemoMod:ShadowBullets","floor":28.0},{"not_picked":["DemoMod:FastSwitch+1","DemoMod:ProbeStrike"],"picked":"DemoMod:ZorGun+1","floor":29.0},{"not_picked":["DemoMod:AbyssalTentacle+1","DemoMod:Unmoved"],"picked":"DemoMod:ConditionalReflex+1","floor":30.0},{"not_picked":["DemoMod:PracticeMakesPerfect","DemoMod:FortunesFavor+1"],"picked":"DemoMod:Polaris","floor":31.0}],"player_experience":164781,"relics_obtained":[{"floor":6.0,"key":"Juzu Bracelet"},{"floor":9.0,"key":"HornCleat"},{"floor":23.0,"key":"Akabeko"}],"event_choices":[{"damage_healed":0.0,"max_hp_gain":0.0,"max_hp_loss":0.0,"gold_gain":75.0,"event_name":"World of Goop","player_choice":"Gather Gold","floor":3.0,"gold_loss":0.0,"damage_taken":11.0},{"damage_healed":0.0,"max_hp_gain":0.0,"max_hp_loss":0.0,"gold_gain":75.0,"event_name":"FaceTrader","player_choice":"Touch","floor":4.0,"gold_loss":0.0,"damage_taken":7.0},{"damage_healed":0.0,"max_hp_gain":0.0,"max_hp_loss":0.0,"gold_gain":0.0,"event_name":"Scrap Ooze","player_choice":"Success","floor":10.0,"gold_loss":0.0,"damage_taken":7.0,"relics_obtained":["Vajra"]},{"cards_removed":["DemoMod:Strike_Huntress"],"damage_healed":0.0,"max_hp_gain":0.0,"max_hp_loss":0.0,"gold_gain":0.0,"event_name":"The Cleric","player_choice":"Card Removal","floor":12.0,"gold_loss":50.0,"damage_taken":0.0},{"damage_healed":0.0,"max_hp_gain":0.0,"max_hp_loss":35.0,"gold_gain":0.0,"event_name":"Ghosts","player_choice":"Became a Ghost","floor":24.0,"gold_loss":0.0,"damage_taken":0.0,"cards_obtained":["Ghostly","Ghostly","Ghostly","Ghostly","Ghostly"]}],"is_beta":false,"boss_relics":[{"not_picked":["Fusion Hammer","Runic Pyramid"],"picked":"Coffee Dripper"}],"items_purged_floors":[2],"is_endless":false,"potions_floor_spawned":[1,5,16,22,28],"killed_by":"DemoMod:ResourcefulRat","ascension_level":0}}