{"host":"xrdu44lqyrrw1kvr","time":1608026702,"event":{"mods":["Aspiration","BaseMod","Colored Powertips","Conspire","Jedi Mod","Minty Spire (QoL Compilation)","Potionbrewer","Relic Stats","Replay The Spire","Small Relic Pack","StSLib","The Hayseed","TheBandit"],"gold_per_floor":[111,111,191,191,206,240,240,267,267,442,453,453,453,483,483,588,588,601,613,613,629,648,681,681,715,715,45,71,71,91,91,91,187,187,207,207,311,328,355,389,389,420,420,430,450,480,480,507,507,507,507,507,5,31,31],"floor_reached":56,"playtime":4165,"items_purged":["TheSimpletonMod:Strike_TheSimpleton"],"score":1772,"play_id":"d7e58a37-0f82-4005-b01a-8f4029865bd8","local_time":"20201215130502","is_ascension_mode":true,"campfire_choices":[{"data":"TheSimpletonMod:ReekAndSow","floor":7.0,"key":"SMITH"},{"floor":13.0,"key":"REST"},{"floor":15.0,"key":"REST"},{"floor":24.0,"key":"REST"},{"floor":29.0,"key":"REST"},{"floor":32.0,"key":"REST"},{"floor":41.0,"key":"RECALL"},{"floor":47.0,"key":"REST"},{"data":"TheSimpletonMod:GoToMarket","floor":49.0,"key":"SMITH"},{"data":"TheSimpletonMod:ResistantStrain","floor":52.0,"key":"SMITH"}],"circlet_count":0,"master_deck":["TheSimpletonMod:Strike_TheSimpleton+2","TheSimpletonMod:Strike_TheSimpleton+1","TheSimpletonMod:Defend_TheSimpleton+1","TheSimpletonMod:Defend_TheSimpleton+1","TheSimpletonMod:Defend_TheSimpleton+1","TheSimpletonMod:Defend_TheSimpleton+2","TheSimpletonMod:Haymaker","TheSimpletonMod:Onions","TheSimpletonMod:ReekAndSow+1","TheSimpletonMod:Sunseed","TheSimpletonMod:OnionBloom","TheSimpletonMod:Sunchoke","Doubt","TheSimpletonMod:Sunseed","TheSimpletonMod:Fecundity","relicPack:StarPlatinum","TheSimpletonMod:RootDown","TheSimpletonMod:DoubleDigging","TheSimpletonMod:Onions","TheSimpletonMod:ResistantStrain+1","TheSimpletonMod:Ferment+1","TheSimpletonMod:OnionBloom","TheSimpletonMod:SoilSample","TheSimpletonMod:Rototilling","TheSimpletonMod:TakeHeart","TheSimpletonMod:Swelter+1","TheSimpletonMod:GoToMarket+1","TheSimpletonMod:GoToMarket+1","TheSimpletonMod:Artichokes+1","TheSimpletonMod:Innovate+1","TheSimpletonMod:Swelter+1","TheSimpletonMod:Thresh+1","TheSimpletonMod:GoToMarket+1","TheSimpletonMod:Sunseed","TheSimpletonMod:GoToMarket+1"],"relics":["TheSimpletonMod:SpudOfTheInnocent","TheSimpletonMod:NightSoil","TheSimpletonMod:TheHarvester","Nunchaku","Pet Ghost","Replay:Wax Seal","relicPack:DSword","Simple Rune","relicPack:StarArrow","Bronze Scales","Bottled Flame","relicPack:SpireResearchBook","jedi:bottledfury","PreservedInsect","Ornamental Fan","WristBlade","conspire:TopHat","Potion Belt","Toxic Egg 2","Replay:Bottled Steam","Smiling Mask","Dream Catcher","potionbrewer:BottledElixir","potionbrewer:Keyblade","TheSimpletonMod:Moonshine","Dead Branch"],"acts_visited":["Exordium","TheCity","TheBeyond","TheEnding"],"potions_floor_usage":[55,55],"damage_taken":[{"damage":5.0,"enemies":"Small Slimes","floor":1.0,"turns":4.0},{"damage":0.0,"enemies":"conspire:RoseBush","floor":5.0,"turns":5.0},{"damage":29.0,"enemies":"Lagavulin","floor":6.0,"turns":9.0},{"damage":1.0,"enemies":"Replay:BlueRogue","floor":8.0,"turns":10.0},{"damage":2.0,"enemies":"Jaw Worm","floor":11.0,"turns":3.0},{"damage":15.0,"enemies":"3 Sentries","floor":14.0,"turns":5.0},{"damage":0.0,"enemies":"Slime Boss","floor":16.0,"turns":7.0},{"damage":3.0,"enemies":"3 Byrds","floor":18.0,"turns":5.0},{"damage":31.0,"enemies":"2 Thieves","floor":19.0,"turns":4.0},{"damage":12.0,"enemies":"3 Cultists","floor":21.0,"turns":4.0},{"damage":32.0,"enemies":"Snake Plant","floor":22.0,"turns":4.0},{"damage":9.0,"enemies":"conspire:Head Lice","floor":23.0,"turns":5.0},{"damage":8.0,"enemies":"Gremlin Leader","floor":25.0,"turns":7.0},{"damage":16.0,"enemies":"Slavers","floor":28.0,"turns":3.0},{"damage":8.0,"enemies":"Shelled Parasite and Fungi","floor":30.0,"turns":4.0},{"damage":35.0,"enemies":"conspire:MysteriousRune","floor":33.0,"turns":6.0},{"damage":5.0,"enemies":"3 Darklings","floor":35.0,"turns":5.0},{"damage":0.0,"enemies":"3 Shapes","floor":38.0,"turns":4.0},{"damage":18.0,"enemies":"Nemesis","floor":40.0,"turns":5.0},{"damage":0.0,"enemies":"Giant Head","floor":42.0,"turns":6.0},{"damage":6.0,"enemies":"Writhing Mass","floor":44.0,"turns":5.0},{"damage":20.0,"enemies":"4 Shapes","floor":45.0,"turns":5.0},{"damage":0.0,"enemies":"R_Hoarder","floor":46.0,"turns":5.0},{"damage":8.0,"enemies":"Reptomancer","floor":48.0,"turns":6.0},{"damage":28.0,"enemies":"Donu and Deca","floor":50.0,"turns":7.0},{"damage":0,"enemies":"Shield and Spear","floor":54,"turns":3},{"damage":30,"enemies":"The Heart","floor":55,"turns":5}],"seed_played":"8703071266923367179","potions_obtained":[{"floor":11.0,"key":"Elixir"},{"floor":14.0,"key":"Adrenaline Potion"},{"floor":16.0,"key":"Regen Potion"},{"floor":22.0,"key":"Adrenaline Potion"},{"floor":25.0,"key":"Weak Potion"},{"floor":30.0,"key":"Swift Potion"},{"floor":33.0,"key":"Ancient Potion"},{"floor":42.0,"key":"potionbrewer:AcidPotion"},{"floor":46.0,"key":"AttackPotion"},{"floor":48.0,"key":"potionbrewer:ToxicPotion"}],"is_trial":false,"path_per_floor":["M","?","?","?","M","E","R","E","T","?","M","?","R","E","R","B",null,"M","M","?","M","M","E","R","E","T","$","E","R","M","?","R","B",null,"M","?","?","M","T","E","R","E","T","M","M","E","R","E","R","B",null,"R","$","E","B",null],"character_chosen":"THE_SIMPLETON","items_purchased":["relicPack:SpireResearchBook","jedi:bottledfury","PreservedInsect","TheSimpletonMod:OnionBloom","potionbrewer:Keyblade","TheSimpletonMod:GoToMarket+1","TheSimpletonMod:Moonshine","TheSimpletonMod:Sunseed"],"campfire_rested":6,"item_purchase_floors":[27,27,27,27,53,53,53,53],"current_hp_per_floor":[74,74,74,65,69,44,44,47,47,47,49,14,36,25,47,51,75,72,44,44,36,16,11,33,29,29,29,17,39,35,35,57,26,75,74,74,44,53,53,44,44,48,48,51,35,44,66,67,67,48,75,75,75,75,50],"gold":31,"neow_bonus":"RANDOM_COMMON_RELIC","is_daily":false,"chose_seed":false,"campfire_upgraded":3,"win_rate":0.0,"timestamp":1608026702,"path_taken":["M","?","?","?","M","E","R","E","T","?","?","?","R","E","R","BOSS","M","M","?","M","M","E","R","E","T","$","E","R","M","?","R","BOSS","M","?","?","?","?","E","R","E","T","M","M","E","R","E","R","BOSS","R","$","E","BOSS"],"items_purchased_type":["Relic","Relic","Relic","Card","Relic","Card","Relic","Card"],"build_version":"2020-12-13","purchased_purges":1,"victory":true,"max_hp_per_floor":[75,75,75,75,75,75,75,75,75,75,75,75,75,75,75,75,75,75,75,75,75,75,75,75,75,75,75,75,75,75,75,75,75,75,75,75,75,75,75,75,75,75,75,75,75,75,75,75,75,75,75,75,75,75,75],"relic_stats":{"Nunchaku":[33],"Dream Catcher":1,"counters":[27,139],"Ornamental Fan":[132],"Bronze Scales":[242],"Dead Branch":[23],"PreservedInsect":414,"Smiling Mask":0,"obtain_stats":[{"relicPack:DSword":12,"relicPack:StarArrow":17,"jedi:bottledfury":27,"Smiling Mask":43,"Pet Ghost":6,"relicPack:SpireResearchBook":27,"conspire:TopHat":37,"TheSimpletonMod:TheHarvester":0,"Nunchaku":0,"Dream Catcher":46,"WristBlade":34,"TheSimpletonMod:SpudOfTheInnocent":0,"Replay:Wax Seal":8,"Toxic Egg 2":40,"TheSimpletonMod:NightSoil":0,"TheSimpletonMod:Moonshine":53,"Replay:Bottled Steam":42,"Potion Belt":39,"Dead Branch":54,"PreservedInsect":27,"Bottled Flame":26,"Ornamental Fan":28,"Bronze Scales":25,"Simple Rune":14,"potionbrewer:BottledElixir":48,"potionbrewer:Keyblade":53},{"relicPack:DSword":5,"relicPack:StarArrow":7,"jedi:bottledfury":13,"Smiling Mask":20,"Pet Ghost":3,"relicPack:SpireResearchBook":13,"conspire:TopHat":17,"TheSimpletonMod:TheHarvester":0,"Nunchaku":0,"Dream Catcher":23,"WristBlade":16,"TheSimpletonMod:SpudOfTheInnocent":0,"Replay:Wax Seal":4,"Toxic Egg 2":19,"TheSimpletonMod:NightSoil":0,"TheSimpletonMod:Moonshine":25,"Replay:Bottled Steam":20,"Potion Belt":18,"Dead Branch":26,"PreservedInsect":13,"Bottled Flame":13,"Ornamental Fan":14,"Bronze Scales":13,"Simple Rune":6,"potionbrewer:BottledElixir":24,"potionbrewer:Keyblade":25},{"relicPack:DSword":31,"relicPack:StarArrow":43,"jedi:bottledfury":72,"Smiling Mask":105,"Pet Ghost":18,"relicPack:SpireResearchBook":72,"conspire:TopHat":90,"TheSimpletonMod:TheHarvester":0,"Nunchaku":0,"Dream Catcher":119,"WristBlade":85,"TheSimpletonMod:SpudOfTheInnocent":0,"Replay:Wax Seal":28,"Toxic Egg 2":99,"TheSimpletonMod:NightSoil":0,"TheSimpletonMod:Moonshine":132,"Replay:Bottled Steam":105,"Potion Belt":94,"Dead Branch":135,"PreservedInsect":72,"Bottled Flame":72,"Ornamental Fan":75,"Bronze Scales":72,"Simple Rune":36,"potionbrewer:BottledElixir":125,"potionbrewer:Keyblade":132}]},"card_choices":[{"not_picked":["TheSimpletonMod:ToughenUp","TheSimpletonMod:KeenEdge"],"picked":"TheSimpletonMod:Onions","floor":1.0},{"not_picked":["TheSimpletonMod:SaladShooter","TheSimpletonMod:BumperCrop"],"picked":"TheSimpletonMod:Sunseed","floor":5.0},{"not_picked":["TheSimpletonMod:Pruning","TheSimpletonMod:Thresh"],"picked":"TheSimpletonMod:OnionBloom","floor":6.0},{"not_picked":["TheSimpletonMod:SeedCoat","TheSimpletonMod:SoilSample"],"picked":"TheSimpletonMod:Sunchoke","floor":8.0},{"not_picked":["TheSimpletonMod:SaladShooter","TheSimpletonMod:SeedCoat"],"picked":"TheSimpletonMod:Sunseed","floor":11.0},{"not_picked":["TheSimpletonMod:Spinach","TheSimpletonMod:CloseScrape","TheSimpletonMod:DigIn"],"picked":"SKIP","floor":14.0},{"not_picked":["TheSimpletonMod:DesperatePlunge","TheSimpletonMod:ResearchGrant"],"picked":"TheSimpletonMod:Fecundity","floor":16.0},{"not_picked":["TheSimpletonMod:VineRipen+1","TheSimpletonMod:Ferment"],"picked":"TheSimpletonMod:RootDown","floor":18.0},{"not_picked":["TheSimpletonMod:ToughenUp","TheSimpletonMod:StockTheCellar","TheSimpletonMod:SaladShooter+1"],"picked":"SKIP","floor":19.0},{"not_picked":["TheSimpletonMod:Aerate","TheSimpletonMod:ToughenUp+1"],"picked":"TheSimpletonMod:DoubleDigging","floor":21.0},{"not_picked":["TheSimpletonMod:BumperCrop","TheSimpletonMod:DigIn+1"],"picked":"TheSimpletonMod:Onions","floor":22.0},{"not_picked":["TheSimpletonMod:Sunseed","TheSimpletonMod:Rototilling"],"picked":"TheSimpletonMod:ResistantStrain","floor":23.0},{"not_picked":["TheSimpletonMod:CropRotation+1","TheSimpletonMod:KeenEdge"],"picked":"TheSimpletonMod:Ferment+1","floor":25.0},{"not_picked":["TheSimpletonMod:BumperCrop","TheSimpletonMod:StockTheCellar"],"picked":"TheSimpletonMod:SoilSample","floor":28.0},{"not_picked":["TheSimpletonMod:KeenEdge","TheSimpletonMod:PestManagement"],"picked":"TheSimpletonMod:Rototilling","floor":30.0},{"not_picked":["TheSimpletonMod:Surplus","TheSimpletonMod:ResistantStrain"],"picked":"TheSimpletonMod:TakeHeart","floor":33.0},{"not_picked":["TheSimpletonMod:StockTheCellar","TheSimpletonMod:Ferment","TheSimpletonMod:CloseScrape"],"picked":"SKIP","floor":35.0},{"not_picked":["TheSimpletonMod:Fertilaser","TheSimpletonMod:VineRipen"],"picked":"TheSimpletonMod:Swelter+1","floor":37.0},{"not_picked":["TheSimpletonMod:CullingStrike+1","TheSimpletonMod:SlashAndBurn+1"],"picked":"TheSimpletonMod:GoToMarket","floor":38.0},{"not_picked":["TheSimpletonMod:Fecundity","TheSimpletonMod:DoubleBarrel+1"],"picked":"TheSimpletonMod:GoToMarket+1","floor":40.0},{"not_picked":["TheSimpletonMod:BumperCrop+1","TheSimpletonMod:SpiceUp+1"],"picked":"TheSimpletonMod:Artichokes+1","floor":42.0},{"not_picked":["TheSimpletonMod:Fertilaser+1","TheSimpletonMod:SoilSample+1"],"picked":"TheSimpletonMod:Innovate+1","floor":44.0},{"not_picked":["TheSimpletonMod:Sunchoke","TheSimpletonMod:DigIn+1"],"picked":"TheSimpletonMod:Swelter+1","floor":45.0},{"not_picked":["TheSimpletonMod:CullingStrike+1","TheSimpletonMod:Fecundity"],"picked":"TheSimpletonMod:Thresh+1","floor":46.0},{"not_picked":["TheSimpletonMod:Sunseed+1","TheSimpletonMod:SaladShooter+1","TheSimpletonMod:Ferment+1"],"picked":"SKIP","floor":48.0},{"not_picked":["TheSimpletonMod:Artichokes","TheSimpletonMod:Spinach"],"picked":"TheSimpletonMod:GoToMarket+1","floor":54}],"player_experience":2060847,"relics_obtained":[{"floor":6.0,"key":"Pet Ghost"},{"floor":8.0,"key":"Replay:Wax Seal"},{"floor":14.0,"key":"Simple Rune"},{"floor":25.0,"key":"Bronze Scales"},{"floor":26.0,"key":"Bottled Flame"},{"floor":28.0,"key":"Ornamental Fan"},{"floor":37.0,"key":"conspire:TopHat"},{"floor":39.0,"key":"Potion Belt"},{"floor":40.0,"key":"Toxic Egg 2"},{"floor":42.0,"key":"Replay:Bottled Steam"},{"floor":43.0,"key":"Smiling Mask"},{"floor":46.0,"key":"Dream Catcher"},{"floor":48.0,"key":"potionbrewer:BottledElixir"},{"floor":54,"key":"Dead Branch"}],"event_choices":[{"damage_healed":0.0,"max_hp_gain":0.0,"max_hp_loss":0.0,"gold_gain":175.0,"event_name":"Liars Game","player_choice":"AGREE","floor":10.0,"gold_loss":0.0,"damage_taken":0.0,"cards_obtained":["Doubt"]},{"damage_healed":0.0,"max_hp_gain":0.0,"max_hp_loss":0.0,"gold_gain":0.0,"event_name":"Vampires","player_choice":"Ignored","floor":20.0,"gold_loss":0.0,"damage_taken":0.0},{"damage_healed":0.0,"max_hp_gain":0.0,"max_hp_loss":0.0,"gold_gain":0.0,"event_name":"Back to Basics","player_choice":"Simplicity","floor":31.0,"gold_loss":0.0,"damage_taken":0.0,"cards_upgraded":["TheSimpletonMod:Strike_TheSimpleton","TheSimpletonMod:Strike_TheSimpleton","TheSimpletonMod:Defend_TheSimpleton","TheSimpletonMod:Defend_TheSimpleton","TheSimpletonMod:Defend_TheSimpleton","TheSimpletonMod:Defend_TheSimpleton"]}],"is_beta":false,"boss_relics":[{"not_picked":["Kintsugi","Black Star"],"picked":"relicPack:StarArrow"},{"not_picked":["Pandora\u0027s Box","ReplayTheSpireMod:DimensionalGlitch"],"picked":"WristBlade"}],"items_purged_floors":[27],"is_endless":false,"potions_floor_spawned":[11,14,16,22,25,30,33,42,46,48],"ascension_level":4}}