{"host":"emzksreay9b8489z","time":1608012811,"event":{"mods":["Act Like it!","BaseMod","Gensokyo","GifTheSpireLib","Minty Spire (QoL Compilation)","StSLib","The Servant 0.9.4"],"gold_per_floor":[117,134,98,111,121,121,121,121,121,133,148,148,180,195,195,290,290,215,20,20,20,20,20,20,20,20,20,20,20,20,20],"floor_reached":30,"playtime":2790,"items_purged":[],"score":283,"play_id":"b7345c4d-2727-4eeb-b4b2-6d0f341f3dd4","local_time":"20201215141331","is_ascension_mode":false,"campfire_choices":[{"floor":6.0,"key":"RECALL"},{"data":"Luminosity","floor":8.0,"key":"SMITH"},{"data":"MoonPhase","floor":15.0,"key":"SMITH"},{"data":"Revamp","floor":24.0,"key":"SMITH"}],"circlet_count":0,"master_deck":["Strike_S","Strike_S","Strike_S","Strike_S","Defend_S","Defend_S","Defend_S","Defend_S","KidneyShot","Exchange","Alleviate","MoonPhase+1","Luminosity+1","Defy","Duplication","Comet","Rewind","Potential","FlawlessForm","Rearm","Revamp+1","RealityMarble+1","Hightail","ShiftingGears","Foresight"],"relics":["Uniform","Mercury Hourglass","Happy Flower","Ectoplasm","Strawberry","PreservedInsect","Nilry\u0027s Codex","Shuriken"],"acts_visited":["Exordium","TheCity"],"potions_floor_usage":[],"damage_taken":[{"damage":0.0,"enemies":"Cultist","floor":1.0,"turns":5.0},{"damage":8.0,"enemies":"Jaw Worm","floor":2.0,"turns":6.0},{"damage":2.0,"enemies":"Small Slimes","floor":4.0,"turns":4.0},{"damage":15.0,"enemies":"Exordium Wildlife","floor":5.0,"turns":9.0},{"damage":0.0,"enemies":"Blue Slaver","floor":10.0,"turns":6.0},{"damage":5.0,"enemies":"2 Fungi Beasts","floor":11.0,"turns":7.0},{"damage":28.0,"enemies":"Lagavulin","floor":13.0,"turns":11.0},{"damage":15.0,"enemies":"Large Slime","floor":14.0,"turns":8.0},{"damage":38.0,"enemies":"Slime Boss","floor":16.0,"turns":14.0},{"damage":6.0,"enemies":"2 Thieves","floor":18.0,"turns":5.0},{"damage":2.0,"enemies":"3 Byrds","floor":20.0,"turns":6.0},{"damage":0.0,"enemies":"Snake Plant","floor":21.0,"turns":6.0},{"damage":13.0,"enemies":"Centurion and Healer","floor":22.0,"turns":10.0},{"damage":16.0,"enemies":"Book of Stabbing","floor":23.0,"turns":8.0},{"damage":0.0,"enemies":"Snecko","floor":27.0,"turns":12.0},{"damage":10.0,"enemies":"Snake Plant","floor":28.0,"turns":8.0},{"damage":14,"enemies":"Chosen and Byrds","floor":29,"turns":7},{"damage":6,"enemies":"Centurion and Healer","floor":30,"turns":1}],"seed_played":"-4270540052363115152","potions_obtained":[{"floor":2.0,"key":"Regen Potion"},{"floor":5.0,"key":"Regen Potion"},{"floor":10.0,"key":"Strength Potion"},{"floor":13.0,"key":"FearPotion"},{"floor":20.0,"key":"AttackPotion"}],"is_trial":false,"path_per_floor":["M","M","$","M","M","R","?","R","T","M","M","?","E","M","R","B",null,"M","$","M","M","M","E","R","?","T","M","M","M","M"],"character_chosen":"THE_SERVANT","items_purchased":["MoonPhase","Rearm","Strawberry"],"campfire_rested":0,"item_purchase_floors":[3,19,19],"current_hp_per_floor":[71,63,63,61,46,46,51,51,51,51,46,46,63,48,48,10,76,70,77,75,75,62,46,46,30,30,30,20,6,0,0],"gold":20,"neow_bonus":"TEN_PERCENT_HP_BONUS","is_daily":false,"chose_seed":false,"campfire_upgraded":3,"win_rate":0.0,"timestamp":1608012811,"path_taken":["M","?","$","M","M","R","?","R","T","M","M","?","E","?","R","BOSS","M","$","M","M","M","E","R","?","T","M","M","M","M"],"items_purchased_type":["Card","Card","Relic"],"build_version":"2020-12-13","purchased_purges":0,"victory":false,"max_hp_per_floor":[71,71,71,71,71,71,76,76,76,76,76,76,76,76,76,76,76,76,83,83,83,83,83,83,83,83,83,83,83,83,83],"card_choices":[{"not_picked":["Rearm","TimeWarp","Replace"],"picked":"SKIP","floor":1.0},{"not_picked":["FastForward","Defy"],"picked":"Alleviate","floor":2.0},{"not_picked":["InstantArmor","Revamp"],"picked":"Luminosity","floor":4.0},{"not_picked":["Unruled","Potential"],"picked":"Defy","floor":5.0},{"not_picked":["Unruled","Spin"],"picked":"Duplication","floor":10.0},{"not_picked":["SpecialFormula","DoubleEdge"],"picked":"Comet","floor":11.0},{"not_picked":["FastForward","FanOfKnives"],"picked":"Rewind","floor":13.0},{"not_picked":["Replace","TimeWarp"],"picked":"Potential","floor":14.0},{"not_picked":["KillingDoll","Deny"],"picked":"FlawlessForm","floor":16.0},{"not_picked":["DoubleEdge","Potential","FastForward"],"picked":"SKIP","floor":18.0},{"not_picked":["SurpressingFire","Collapse"],"picked":"Revamp","floor":20.0},{"not_picked":["Defy","Rewind"],"picked":"RealityMarble+1","floor":21.0},{"not_picked":["Rearm","Rewind"],"picked":"Hightail","floor":22.0},{"not_picked":["ForgedInTime","Alleviate+1"],"picked":"ShiftingGears","floor":23.0},{"not_picked":["Replace+1","Desolation","FastForward"],"picked":"SKIP","floor":27.0},{"not_picked":["Starlight","ShatteredReality"],"picked":"Foresight","floor":28.0},{"not_picked":["WasteNot","GearUp","Read"],"picked":"SKIP","floor":29}],"player_experience":4565,"relics_obtained":[{"floor":13.0,"key":"Happy Flower"},{"floor":23.0,"key":"PreservedInsect"},{"floor":25.0,"key":"Nilry\u0027s Codex"},{"floor":26.0,"key":"Shuriken"}],"event_choices":[{"damage_healed":0.0,"max_hp_gain":5.0,"max_hp_loss":0.0,"gold_gain":0.0,"event_name":"Big Fish","player_choice":"Donut","floor":7.0,"gold_loss":0.0,"damage_taken":0.0},{"damage_healed":0.0,"max_hp_gain":0.0,"max_hp_loss":0.0,"gold_gain":0.0,"event_name":"WeMeetAgain","player_choice":"Gave Potion","floor":12.0,"gold_loss":0.0,"damage_taken":0.0,"relics_obtained":["Mercury Hourglass"]},{"damage_healed":0.0,"max_hp_gain":0.0,"max_hp_loss":0.0,"gold_gain":0.0,"event_name":"Cursed Tome","player_choice":"Obtained Book","floor":25.0,"gold_loss":0.0,"damage_taken":16.0}],"is_beta":false,"boss_relics":[{"not_picked":["Calling Bell","Astrolabe"],"picked":"Ectoplasm"}],"items_purged_floors":[],"is_endless":false,"potions_floor_spawned":[2,5,10,11,13,20],"killed_by":"Centurion and Healer","ascension_level":0}}