{"host":"re9xirrjoezsqg3h","time":1608036689,"event":{"mods":["AchievementEnabler","BaseMod","Dota2Spire","Downfall","GifTheSpireLib","Hermit","Luminous","Minty Spire (QoL Compilation)","Replay The Spire","Robot Space Explorer","StSLib","The Administrix","The Bug Knight","The Cursed","[IsaacMod]ÒÔÈö¼âËþ"],"gold_per_floor":[99,274,285,285,295,295,345,359,459,494,524,539,449,460,476,575,575,575,602,602,602,602,613,639,649,649,574,574,584,652,161,202,312,312,312,323,323,173,173,208,263,285,310,310,310,325,341,355,371,371],"floor_reached":51,"playtime":1939,"items_purged":["Doubt","Guardian:Strike_Guardian","Guardian:Defend_Guardian","Guardian:Strike_Guardian"],"score":847,"play_id":"363bf711-fb2d-4a70-8f29-e3b1c29ffdcf","local_time":"20201215205129","is_ascension_mode":false,"campfire_choices":[{"data":"Guardian:TwinSlam","floor":1,"key":"SMITH"},{"data":"BloodyBrimstone","floor":4,"key":"SMITH"},{"data":"Guardian:DonusPower","floor":6,"key":"SMITH"},{"data":"Guardian:BaubleBeam","floor":18,"key":"SMITH"},{"floor":22,"key":"RECALL"},{"data":"Guardian:Strike_Guardian","floor":27,"key":"SMITH"},{"data":"Guardian:StasisStrike","floor":35,"key":"SMITH"},{"data":"Guardian:StasisStrike","floor":39,"key":"SMITH"},{"data":"Guardian:Defend_Guardian","floor":44,"key":"SMITH"}],"circlet_count":0,"master_deck":["Guardian:Strike_Guardian+1","Guardian:Strike_Guardian+1","Guardian:Defend_Guardian+1","Guardian:Defend_Guardian","Guardian:CurlUp","Guardian:TwinSlam+1","BloodyBrimstone+1","Guardian:DonusPower+1","Guardian:BaubleBeam+1","Guardian:StasisStrike+1","Guardian:StasisStrike+1","Guardian:Suspension+1","Guardian:SentryBeam+1"],"relics":["Guardian:ModeShifter","HushsDoor","DeadEye","Vajra","downfall:GremlinWheel","NineVolt","Dota2Spire:Bloodstone","Mirror","Replay:Mystery Machine","MutagenicStrength","downfall:HeartBlessingRed","HandDrill","SalivaCoin","Sozu","D6","GuppysPaw","HowToJump"],"acts_visited":["Exordium","TheCity","TheBeyond"],"potions_floor_usage":[9,16,16,16,29,30,33],"damage_taken":[{"damage":1,"enemies":"2 Louse","floor":3,"turns":3},{"damage":5,"enemies":"Small Slimes","floor":5,"turns":6},{"damage":1,"enemies":"Cultist","floor":8,"turns":3},{"damage":28,"enemies":"Cultist","floor":9,"turns":4},{"damage":13,"enemies":"Lagavulin","floor":10,"turns":6},{"damage":3,"enemies":"3 Louse","floor":12,"turns":3},{"damage":10,"enemies":"downfall:FleeingMerchant","floor":13,"turns":4},{"damage":0,"enemies":"Gremlin Gang","floor":14,"turns":1},{"damage":7,"enemies":"Blue Slaver","floor":15,"turns":3},{"damage":14,"enemies":"downfall:Silent","floor":16,"turns":3},{"damage":23,"enemies":"Book of Stabbing","floor":19,"turns":4},{"damage":0,"enemies":"3 Byrds","floor":23,"turns":3},{"damage":0,"enemies":"3 Cultists","floor":25,"turns":4},{"damage":3,"enemies":"Cultist and Chosen","floor":29,"turns":2},{"damage":15,"enemies":"downfall:FleeingMerchant","floor":30,"turns":3},{"damage":17,"enemies":"Snake Plant","floor":32,"turns":2},{"damage":2,"enemies":"downfall:Defect","floor":33,"turns":3},{"damage":0,"enemies":"3 Darklings","floor":36,"turns":2},{"damage":2,"enemies":"Orb Walker","floor":42,"turns":2},{"damage":0,"enemies":"HollowMod:StalkingDevout","floor":43,"turns":2},{"damage":0,"enemies":"Maw","floor":46,"turns":4},{"damage":0,"enemies":"3 Darklings","floor":47,"turns":2},{"damage":0,"enemies":"Sphere and 2 Shapes","floor":48,"turns":1},{"damage":0,"enemies":"Jaw Worm Horde","floor":49,"turns":1},{"damage":0,"enemies":"downfall:Watcher","floor":50,"turns":3}],"seed_played":"7724999459868847700","potions_obtained":[{"floor":3,"key":"Ancient Potion"},{"floor":8,"key":"Adrenaline Potion"},{"floor":12,"key":"SpeedPotion"},{"floor":14,"key":"DuplicationPotion"},{"floor":16,"key":"Adrenaline Potion"},{"floor":23,"key":"Adrenaline Potion"},{"floor":25,"key":"Strength Potion"},{"floor":33,"key":"Venom Potion"}],"is_trial":false,"path_per_floor":["R","?","M","R","M","R","T","M","?","E","?","M","$","M","M","B",null,"R","E","?","?","R","M","T","M","?","R","?","M","$","$","M","B",null,"R","M","?","$","R","?","T","M","E","R","?","M","M","M","M","B",null],"character_chosen":"GUARDIAN","items_purchased":["HandDrill","Guardian:Gem_Orange","Guardian:Gem_Fragmented","SalivaCoin","Guardian:StasisStrike"],"campfire_rested":0,"item_purchase_floors":[30,31,31,31,34],"current_hp_per_floor":[88,88,87,87,82,82,82,81,53,40,40,37,27,27,20,6,76,76,53,53,53,53,53,53,53,53,53,45,42,27,27,10,8,60,60,60,60,60,60,60,60,58,58,58,58,58,57,57,54,51],"gold":371,"neow_bonus":"TEN_PERCENT_HP_BONUS","is_daily":false,"chose_seed":false,"campfire_upgraded":8,"win_rate":0.0,"timestamp":1608036689,"path_taken":["R","?","M","R","M","R","T","M","?","E","?","?","$","?","M","BOSS","R","E","?","?","R","?","T","M","?","R","?","M","?","$","M","BOSS","R","M","?","$","R","?","T","M","E","R","?","M","?","M","M","BOSS"],"items_purchased_type":["Relic","Card","Card","Relic","Card"],"build_version":"2020-12-13","purchased_purges":4,"victory":true,"max_hp_per_floor":[88,88,88,88,88,88,88,88,85,82,82,82,82,79,79,76,76,76,73,73,73,73,73,73,73,73,73,73,73,70,70,67,64,60,60,60,60,60,60,60,60,60,60,60,60,60,57,57,54,51],"card_choices":[{"not_picked":[],"picked":"BloodyBrimstone","floor":0},{"not_picked":["Guardian:Gem_Cyan","Guardian:ArmoredProtocol","Guardian:ShieldCharger"],"picked":"SKIP","floor":3},{"not_picked":["Guardian:TimeBomb","Guardian:Suspension"],"picked":"Guardian:DonusPower","floor":5},{"not_picked":["Guardian:MultiBeam","Guardian:BronzeOrb","Guardian:Recover"],"picked":"SKIP","floor":8},{"not_picked":["Guardian:PrismaticBeam","Guardian:Gem_Purple","Guardian:HyperBeam_Guardian"],"picked":"SKIP","floor":10},{"not_picked":["Guardian:TemporalStrike","Guardian:VentSteam"],"picked":"Bomb","floor":12},{"not_picked":["Guardian:VentSteam","Guardian:CrystalBeam","Guardian:Repulse"],"picked":"SKIP","floor":13},{"not_picked":["Guardian:Gem_Green","Guardian:ArmoredProtocol","Guardian:BronzeArmor"],"picked":"SKIP","floor":14},{"not_picked":["Guardian:Planning","Guardian:RollAttack"],"picked":"Guardian:Gem_Fragmented","floor":15},{"not_picked":["Guardian:TimeSifter","Guardian:HyperBeam_Guardian"],"picked":"Guardian:BaubleBeam","floor":16},{"not_picked":["Guardian:Gem_Cyan","Guardian:PrimingBeam","Guardian:Recover+1"],"picked":"SKIP","floor":19},{"not_picked":["Guardian:VentSteam","Guardian:PiercingHide","Guardian:Gem_Green"],"picked":"SKIP","floor":23},{"not_picked":["Guardian:MultiBeam","Guardian:Gem_Green"],"picked":"Guardian:Gem_Fragmented","floor":25},{"not_picked":["Guardian:PrismaticBeam","Guardian:VentSteam+1","Guardian:BronzeOrb+1"],"picked":"SKIP","floor":29},{"not_picked":["Guardian:Gem_Green","Guardian:Reroute","Guardian:TemporalStrike"],"picked":"SKIP","floor":30},{"not_picked":["Guardian:Gem_Synthetic","Guardian:TemporalShield+1"],"picked":"Guardian:Gem_White","floor":32},{"not_picked":["Guardian:RevengeProtocol","Guardian:SphericShield"],"picked":"Guardian:StasisStrike","floor":33},{"not_picked":["Guardian:Gem_Lightblue","Guardian:Gem_Crimson"],"picked":"Guardian:Suspension+1","floor":36},{"not_picked":["Guardian:EvasiveProtocol+1","Guardian:Reroute+1","Guardian:Planning"],"picked":"SKIP","floor":42},{"not_picked":["Guardian:ShieldSpikes","Guardian:Planning+1","Guardian:CrystalBeam"],"picked":"SKIP","floor":43},{"not_picked":["Guardian:Harden","Guardian:Recover+1","Guardian:VentSteam+1"],"picked":"SKIP","floor":46},{"not_picked":["Guardian:CrystalBeam+1","Guardian:Gem_Cyan","Guardian:EvasiveProtocol+1"],"picked":"SKIP","floor":47},{"not_picked":["Guardian:PrismaticBarrier","Guardian:RevengeProtocol","Guardian:Gem_Purple"],"picked":"SKIP","floor":48},{"not_picked":["Guardian:VentSteam","Guardian:ChargeCore+1"],"picked":"Guardian:SentryBeam+1","floor":49}],"player_experience":278575,"relics_obtained":[{"floor":7,"key":"Vajra"},{"floor":9,"key":"downfall:GremlinWheel"},{"floor":10,"key":"NineVolt"},{"floor":18,"key":"Mirror"},{"floor":19,"key":"Replay:Mystery Machine"},{"floor":40,"key":"D6"},{"floor":41,"key":"GuppysPaw"},{"floor":43,"key":"HowToJump"}],"event_choices":[{"damage_healed":0,"gold_gain":0,"player_choice":"Relic","damage_taken":0,"max_hp_gain":0,"max_hp_loss":0,"event_name":"Wheel of Change","floor":18,"gold_loss":0},{"damage_healed":0,"gold_gain":0,"player_choice":"Inject Mutagens","damage_taken":0,"relics_obtained":["MutagenicStrength"],"max_hp_gain":0,"max_hp_loss":0,"event_name":"Drug Dealer","floor":20,"gold_loss":0},{"damage_healed":0,"gold_gain":0,"player_choice":"Ignored","damage_taken":0,"max_hp_gain":0,"max_hp_loss":0,"event_name":"Vampires","floor":21,"gold_loss":0}],"is_beta":false,"boss_relics":[{"not_picked":["SacredBark","Ring of Chaos"],"picked":"Dota2Spire:Bloodstone"},{"not_picked":[]},{"not_picked":["Kintsugi","Tiny House"],"picked":"Sozu"},{"not_picked":[]}],"items_purged_floors":[13,30,31,38],"is_endless":false,"potions_floor_spawned":[3,8,12,14,16,23,25,33,43,47,49],"ascension_level":0}}