{"host":"en3i0mvpfa3c1sbz","time":1608030647,"event":{"mods":["BaseMod","BetterRewards","Dota2Spire","Downfall","GifTheSpireLib","Hubris","Infinite Spire","Marisa£®ÏF”Í°°ƒß¿Ì…≥£©","Minty Spire (QoL Compilation)","READ ME - Guardian Mod","Replay The Spire","Shop Mod","StSLib","Stuff the Spire","The Administrix","The Factory","The Jungle"],"gold_per_floor":[119,137,150,165,145,145,165,192,218,232,232,242,258,287,287,391,391,401,401,416,429,156,186,186,186,186,197,197,197],"floor_reached":28,"playtime":2508,"items_purged":[],"score":346,"play_id":"39965252-7e18-4a3d-b6fb-8402a8c87b68","local_time":"20201215191047","is_ascension_mode":true,"campfire_choices":[{"data":"Neutralize","floor":6.0,"key":"SMITH"},{"floor":11.0,"key":"RECALL"},{"data":"Footwork","floor":15.0,"key":"SMITH"},{"data":"Terror","floor":24.0,"key":"SMITH"}],"circlet_count":0,"master_deck":["Strike_G","Strike_G","Strike_G","Strike_G","Strike_G","Survivor","Neutralize+1","Sneak Up","Dagger Spray","StuffTheSpire:ReptileScales","Blade Dance","Terror+1","Footwork+1","Deadly Poison","Well Laid Plans","Cloak And Dagger","ReplayTheSpireMod:Scrap Shanks","After Image","StuffTheSpire:Python","theJungle:Gourd","theJungle:Gourd","theJungle:Gourd","theJungle:Gourd","theJungle:Gourd","All Out Attack+1","Backflip","Accuracy","Dagger Throw","Dagger Throw","After Image","infinitespire:Fortify","hubris:Fate","hubris:Sniper+1"],"relics":["Ring of the Snake","hubris:OldNail","Dota2Spire:DrumOfEndurance","Nunchaku","HoveringKite","TwistedFunnel","infinitespire:Lucky Rock","Dota2Spire:ArmletOfMordiggian"],"acts_visited":["Exordium","Exordium"],"potions_floor_usage":[27],"damage_taken":[{"damage":2.0,"enemies":"Cultist","floor":1.0,"turns":4.0},{"damage":2.0,"enemies":"2 Louse","floor":2.0,"turns":4.0},{"damage":0.0,"enemies":"Small Slimes","floor":3.0,"turns":2.0},{"damage":8.0,"enemies":"Looter","floor":4.0,"turns":4.0},{"damage":4.0,"enemies":"Exordium Thugs","floor":7.0,"turns":5.0},{"damage":16.0,"enemies":"3 Sentries","floor":8.0,"turns":7.0},{"damage":0.0,"enemies":"3 Louse","floor":10.0,"turns":2.0},{"damage":8.0,"enemies":"Exordium Wildlife","floor":12.0,"turns":5.0},{"damage":3.0,"enemies":"Lots of Slimes","floor":13.0,"turns":4.0},{"damage":2.0,"enemies":"Replay:BlueRogue","floor":14.0,"turns":5.0},{"damage":17.0,"enemies":"Hexaghost","floor":16.0,"turns":10.0},{"damage":5.0,"enemies":"Shell Parasite","floor":18.0,"turns":8.0},{"damage":26.0,"enemies":"theJungle:GiantWrat","floor":20.0,"turns":7.0},{"damage":18.0,"enemies":"theJungle:Lyon","floor":21.0,"turns":5.0},{"damage":0.0,"enemies":"theJungle:MamaSnecko","floor":23.0,"turns":6.0},{"damage":31,"enemies":"theJungle:2_Snecko_Cultists","floor":27,"turns":4},{"damage":3,"enemies":"theJungle:Cassacara","floor":28,"turns":2}],"seed_played":"5652829313740647553","potions_obtained":[{"floor":3.0,"key":"Death Potion"},{"floor":4.0,"key":"champ:CounterPotion"},{"floor":5.0,"key":"Swift Potion"},{"floor":8.0,"key":"Flashbang"},{"floor":13.0,"key":"hexamod:EctoCoolerPotion"},{"floor":14.0,"key":"Guardian:BlockOnCardUsePotion"},{"floor":16.0,"key":"Elixir"},{"floor":20.0,"key":"Elixir"},{"floor":21.0,"key":"Dexterity Potion"},{"floor":23.0,"key":"Dota2Spire:HealingSalve"}],"is_trial":false,"path_per_floor":["M","M","M","M","?","R","M","E","T","M","R","M","M","E","R","B",null,"M","?","M","M","$","E","R","AVR","T","M","E"],"character_chosen":"THE_SILENT","items_purchased":["TwistedFunnel","Accuracy","Dagger Throw"],"campfire_rested":0,"item_purchase_floors":[22,22,22],"current_hp_per_floor":[75,73,73,65,65,65,61,45,45,45,45,37,34,32,32,15,77,72,72,46,28,28,28,28,28,28,3,0,0],"gold":197,"neow_bonus":"TEN_PERCENT_HP_BONUS","is_daily":false,"chose_seed":false,"campfire_upgraded":3,"win_rate":0.0,"timestamp":1608030647,"path_taken":["M","M","?","M","?","R","M","E","T","M","R","M","M","E","R","BOSS","M","?","M","M","$","E","R","AVR","T","M","E"],"items_purchased_type":["Relic","Card","Card"],"build_version":"2020-12-13","purchased_purges":0,"victory":false,"max_hp_per_floor":[77,77,77,77,77,77,77,77,77,77,77,77,77,77,77,77,77,77,77,77,77,77,77,77,77,77,77,77,77],"card_choices":[{"not_picked":["Deadly Poison","Quick Slash"],"picked":"Sneak Up","floor":1.0},{"not_picked":["Outmaneuver","Prepared"],"picked":"Dagger Spray","floor":2.0},{"not_picked":["Dagger Throw","Deflect"],"picked":"StuffTheSpire:ReptileScales","floor":3.0},{"not_picked":["Tactician","StuffTheSpire:ReptileScales"],"picked":"Blade Dance","floor":4.0},{"not_picked":["Underhanded Strike","Dagger Spray"],"picked":"Terror","floor":7.0},{"not_picked":["Atom Bomb","PiercingWail"],"picked":"Footwork","floor":8.0},{"not_picked":["Dagger Spray","hubris:Sniper"],"picked":"Deadly Poison","floor":10.0},{"not_picked":["Outmaneuver","Dodge and Roll"],"picked":"Well Laid Plans","floor":12.0},{"not_picked":["Hidden Blade","Dodge and Roll"],"picked":"Cloak And Dagger","floor":13.0},{"not_picked":["ReplayTheSpireMod:The Works","Hidden Blade"],"picked":"ReplayTheSpireMod:Scrap Shanks","floor":14.0},{"not_picked":["Glass Knife","Poison Darts"],"picked":"After Image","floor":16.0},{"not_picked":["StuffTheSpire:Sprint","Deadly Poison"],"picked":"StuffTheSpire:Python","floor":18.0},{"not_picked":["Skewer","Footwork"],"picked":"All Out Attack+1","floor":20.0},{"not_picked":["PiercingWail","Concentrate"],"picked":"Backflip","floor":21.0},{"not_picked":["Quick Slash","Sucker Punch+1"],"picked":"After Image","floor":23.0},{"not_picked":["Underhanded Strike+1","StuffTheSpire:BumpUp"],"picked":"hubris:Sniper+1","floor":27}],"player_experience":282851,"relics_obtained":[{"floor":8.0,"key":"hubris:OldNail"},{"floor":9.0,"key":"Dota2Spire:DrumOfEndurance"},{"floor":14.0,"key":"Nunchaku"},{"floor":23.0,"key":"infinitespire:Lucky Rock"}],"event_choices":[{"damage_healed":0.0,"max_hp_gain":0.0,"max_hp_loss":0.0,"gold_gain":0.0,"event_name":"The Woman in Blue","player_choice":"Bought 1 Potion","floor":5.0,"gold_loss":0.0,"damage_taken":0.0}],"is_beta":false,"boss_relics":[{"not_picked":["Painkiller Herb","hubris:VirtuousBlindfold"],"picked":"HoveringKite"}],"items_purged_floors":[],"is_endless":false,"potions_floor_spawned":[3,4,8,13,14,16,20,21,23],"killed_by":"theJungle:Cassacara","ascension_level":3}}