{"host":"6ko66ogg91i6g7xq","time":1608064706,"event":{"mods":["AchievementEnabler","Act Like it!","BaseMod","Colored Map","Colored Powertips","Downfall","Hermit","Minty Spire (QoL Compilation)","Quick Restart","Relic Stats","StSLib","The Jungle","everything is the same but u backflip on backflip"],"gold_per_floor":[113,188,188,153,153,153,193,193,193,217,217,230,268,200,200,320,320,338,338,338,338,338,338,358,358,358,358,358,358],"floor_reached":28,"playtime":526,"items_purged":[],"score":342,"play_id":"7b6dc5c4-f319-4fa6-b3b8-fb4903547945","local_time":"20201215153826","is_ascension_mode":true,"campfire_choices":[{"floor":6.0,"key":"RECALL"},{"data":"Bouncing Flask","floor":8.0,"key":"SMITH"},{"data":"Catalyst","floor":11.0,"key":"SMITH"},{"data":"Footwork","floor":15.0,"key":"SMITH"},{"data":"Doppelganger","floor":25.0,"key":"SMITH"},{"data":"Bite","floor":27.0,"key":"SMITH"}],"circlet_count":0,"master_deck":["Defend_G","Defend_G","Defend_G","Defend_G","Defend_G","Survivor","Neutralize","Bouncing Flask+1","Footwork","Catalyst+1","Backflip","Footwork+1","Doppelganger+1","Bite","Bite","Bite","Bite","Bite+1"],"relics":["Ring of the Snake","NeowsBlessing","Golden Idol","Potion Belt","Mango","WristBlade","Enchiridion"],"acts_visited":["Exordium","TheCity"],"potions_floor_usage":[],"damage_taken":[{"damage":0.0,"enemies":"Small Slimes","floor":1.0,"turns":1.0},{"damage":0.0,"enemies":"Gremlin Nob","floor":7.0,"turns":1.0},{"damage":0.0,"enemies":"2 Louse","floor":10.0,"turns":1.0},{"damage":0.0,"enemies":"Cultist","floor":12.0,"turns":3.0},{"damage":1.0,"enemies":"Lagavulin","floor":13.0,"turns":3.0},{"damage":25.0,"enemies":"The Guardian","floor":16.0,"turns":6.0},{"damage":1.0,"enemies":"Spheric Guardian","floor":18.0,"turns":4.0},{"damage":6.0,"enemies":"Gremlin Leader","floor":23.0,"turns":5.0},{"damage":7.0,"enemies":"Shell Parasite","floor":24.0,"turns":4.0},{"damage":0,"enemies":"Shelled Parasite and Fungi","floor":28,"turns":1}],"seed_played":"-4160052552797346286","potions_obtained":[{"floor":1.0,"key":"GamblersBrew"},{"floor":5.0,"key":"SmokeBomb"},{"floor":5.0,"key":"Swift Potion"},{"floor":10.0,"key":"ColorlessPotion"},{"floor":16.0,"key":"EssenceOfSteel"},{"floor":24.0,"key":"LiquidBronze"}],"is_trial":false,"path_per_floor":["M","?","?","?","?","R","E","R","T","M","R","M","E","$","R","B",null,"M","?","?","?","$","E","M","R","T","R","M"],"character_chosen":"THE_SILENT","items_purchased":["Footwork"],"campfire_rested":0,"item_purchase_floors":[14],"current_hp_per_floor":[70,59,42,59,59,59,59,59,73,73,73,73,72,72,72,49,84,83,67,51,51,51,59,52,52,52,52,52,52],"gold":358,"neow_bonus":"THREE_ENEMY_KILL","is_daily":false,"chose_seed":false,"campfire_upgraded":5,"win_rate":0.0,"timestamp":1608064706,"path_taken":["M","?","?","?","?","R","E","R","T","?","R","M","E","?","R","BOSS","M","?","?","?","$","E","M","R","T","R","M"],"items_purchased_type":["Card"],"build_version":"2020-12-13","purchased_purges":0,"victory":false,"max_hp_per_floor":[70,70,70,70,70,70,70,70,84,84,84,84,84,84,84,84,84,84,89,89,89,89,89,89,89,89,89,89,89],"relic_stats":{"counters":[10,29],"Golden Idol":63,"obtain_stats":[{"Potion Belt":7,"Blood Vial":13,"NeowsBlessing":0,"WristBlade":17,"Golden Idol":3,"Enchiridion":20,"Mango":9,"Ring of the Snake":0},{"Potion Belt":2,"Blood Vial":5,"NeowsBlessing":0,"WristBlade":6,"Golden Idol":1,"Enchiridion":7,"Mango":2,"Ring of the Snake":0},{"Potion Belt":2,"Blood Vial":9,"NeowsBlessing":0,"WristBlade":15,"Golden Idol":1,"Enchiridion":19,"Mango":2,"Ring of the Snake":0}],"Ring of the Snake":[18]},"card_choices":[{"not_picked":["Backflip","Dagger Spray"],"picked":"Bouncing Flask","floor":1.0},{"not_picked":["Bane","Terror"],"picked":"Footwork","floor":7.0},{"not_picked":["Bouncing Flask","Bane"],"picked":"Catalyst","floor":10.0},{"not_picked":["All Out Attack","Underhanded Strike"],"picked":"Backflip","floor":12.0},{"not_picked":["Underhanded Strike","Slice","Well Laid Plans"],"picked":"SKIP","floor":13.0},{"not_picked":["Storm of Steel","A Thousand Cuts"],"picked":"Doppelganger","floor":16.0},{"not_picked":["Blade Dance","Dagger Throw","Flying Knee"],"picked":"SKIP","floor":18.0},{"not_picked":["Dagger Spray","Quick Slash","Sucker Punch"],"picked":"SKIP","floor":24.0}],"player_experience":273526,"relics_obtained":[{"floor":7.0,"key":"Potion Belt"},{"floor":9.0,"key":"Mango"},{"floor":13.0,"key":"Blood Vial"},{"floor":20.0,"key":"Enchiridion"}],"event_choices":[{"damage_healed":0.0,"max_hp_gain":0.0,"max_hp_loss":0.0,"gold_gain":75.0,"event_name":"World of Goop","player_choice":"Gather Gold","floor":2.0,"gold_loss":0.0,"damage_taken":11.0},{"damage_healed":0.0,"max_hp_gain":0.0,"max_hp_loss":0.0,"gold_gain":0.0,"event_name":"Golden Idol","player_choice":"Take Damage","floor":3.0,"gold_loss":0.0,"damage_taken":17.0,"relics_obtained":["Golden Idol"]},{"damage_healed":17.0,"max_hp_gain":0.0,"max_hp_loss":0.0,"gold_gain":0.0,"event_name":"The Cleric","player_choice":"Healed","floor":4.0,"gold_loss":35.0,"damage_taken":0.0},{"damage_healed":0.0,"max_hp_gain":0.0,"max_hp_loss":0.0,"gold_gain":0.0,"event_name":"Lab","player_choice":"Got Potions","floor":5.0,"gold_loss":0.0,"damage_taken":0.0},{"damage_healed":0.0,"max_hp_gain":5.0,"max_hp_loss":0.0,"gold_gain":0.0,"event_name":"Forgotten Altar","player_choice":"Shed Blood","floor":19.0,"gold_loss":0.0,"damage_taken":21.0},{"damage_healed":0.0,"max_hp_gain":0.0,"max_hp_loss":0.0,"gold_gain":0.0,"event_name":"Cursed Tome","player_choice":"Obtained Book","floor":20.0,"gold_loss":0.0,"damage_taken":16.0},{"damage_healed":0.0,"max_hp_gain":0.0,"max_hp_loss":0.0,"gold_gain":0.0,"event_name":"Vampires","player_choice":"Became a vampire (Vial)","floor":21.0,"relics_lost":["Blood Vial"],"gold_loss":0.0,"damage_taken":0.0,"cards_obtained":["Bite","Bite","Bite","Bite","Bite"]}],"is_beta":false,"boss_relics":[{"not_picked":["Sozu","Busted Crown"],"picked":"WristBlade"}],"items_purged_floors":[],"is_endless":false,"potions_floor_spawned":[1,10,16,24],"killed_by":"Shelled Parasite and Fungi","ascension_level":2}}