{"host":"4np54w3ai1r5lqo1","time":1608025217,"event":{"mods":["BaseMod","Colored Map","Minty Spire (QoL Compilation)","Quick Restart"],"gold_per_floor":[111,111,22,90,108,135,210,230,255,298,0,0,16,33,33,131,131,145,36,48,48,64,64,81,108,108,34,34,34,34,34,34,131,131,144,91,91,111,46,46,75,86,86,86,86,139,170,220,220,220],"floor_reached":51,"playtime":2143,"items_purged":["Strike_G"],"score":1132,"play_id":"79873b5b-cac6-4e7a-a408-e38a5c1eb297","local_time":"20201215074017","is_ascension_mode":true,"campfire_choices":[{"floor":12.0,"key":"REST"},{"data":"Footwork","floor":15.0,"key":"SMITH"},{"data":"Envenom","floor":23.0,"key":"SMITH"},{"data":"Calculated Gamble","floor":28,"key":"SMITH"},{"data":"Crippling Poison","floor":30,"key":"SMITH"},{"data":"Prepared","floor":32,"key":"SMITH"},{"data":"Tools of the Trade","floor":40,"key":"SMITH"},{"data":"Venomology","floor":44,"key":"SMITH"},{"floor":49,"key":"REST"}],"circlet_count":0,"master_deck":["Strike_G","Defend_G","Defend_G","Defend_G","Defend_G","Defend_G","Survivor","Neutralize","Poisoned Stab+1","Deadly Poison","Dash","PiercingWail","Escape Plan","Blur","Footwork+1","Noxious Fumes","Prepared+1","Envenom+1","Wraith Form v2+1","Eviscerate+1","Well Laid Plans+1","Noxious Fumes","Crippling Poison+1","Crippling Poison+1","Backflip","Calculated Gamble+1","Tools of the Trade+1","Dash+1","Bouncing Flask","Catalyst+1","Acrobatics","Dodge and Roll","Glass Knife","Blade Dance+1","Deflect+1"],"relics":["Ring of the Snake","NeowsBlessing","Tiny Chest","MawBank","MealTicket","Membership Card","Omamori","Astrolabe","Toolbox","Necronomicon","Mercury Hourglass","InkBottle","Lee\u0027s Waffle","Ornamental Fan","Black Star","Blood Vial","Oddly Smooth Stone","Incense Burner","Anchor","Bronze Scales","Kunai","StoneCalendar"],"acts_visited":["Exordium","TheCity","TheBeyond"],"potions_floor_usage":[25,25,33,35,48,48,50],"damage_taken":[{"damage":0.0,"enemies":"Small Slimes","floor":1.0,"turns":1.0},{"damage":0.0,"enemies":"2 Louse","floor":5.0,"turns":1.0},{"damage":0.0,"enemies":"3 Sentries","floor":6.0,"turns":1.0},{"damage":2.0,"enemies":"Jaw Worm","floor":8.0,"turns":3.0},{"damage":17.0,"enemies":"Lagavulin","floor":10.0,"turns":6.0},{"damage":0.0,"enemies":"Large Slime","floor":13.0,"turns":6.0},{"damage":0.0,"enemies":"Looter","floor":14.0,"turns":4.0},{"damage":17.0,"enemies":"Hexaghost","floor":16.0,"turns":11.0},{"damage":0.0,"enemies":"Shell Parasite","floor":18.0,"turns":7.0},{"damage":10.0,"enemies":"3 Byrds","floor":20.0,"turns":4.0},{"damage":15.0,"enemies":"Centurion and Healer","floor":22.0,"turns":6.0},{"damage":14.0,"enemies":"Cultist and Chosen","floor":24.0,"turns":8.0},{"damage":11,"enemies":"Book of Stabbing","floor":25,"turns":7},{"damage":25,"enemies":"Champ","floor":33,"turns":11},{"damage":6,"enemies":"3 Darklings","floor":35,"turns":6},{"damage":14,"enemies":"3 Shapes","floor":38,"turns":5},{"damage":2,"enemies":"Nemesis","floor":41,"turns":7},{"damage":15,"enemies":"Sphere and 2 Shapes","floor":42,"turns":6},{"damage":20,"enemies":"Giant Head","floor":47,"turns":8},{"damage":33,"enemies":"2 Orb Walkers","floor":48,"turns":7},{"damage":20,"enemies":"Donu and Deca","floor":50,"turns":9}],"seed_played":"-7205352681227106889","potions_obtained":[{"floor":1.0,"key":"SkillPotion"},{"floor":13.0,"key":"FearPotion"},{"floor":16.0,"key":"Ancient Potion"},{"floor":22.0,"key":"Block Potion"},{"floor":25,"key":"PowerPotion"},{"floor":33,"key":"Block Potion"},{"floor":38,"key":"FearPotion"},{"floor":42,"key":"SneckoOil"},{"floor":48,"key":"PowerPotion"}],"is_trial":false,"path_per_floor":["M","?","$","?","M","E","?","M","T","E","$","R","M","M","R","B",null,"M","$","M","?","M","R","M","E","T","$","R","?","R","T","R","B",null,"M","$","?","M","$","R","E","M","T","R","?","T","E","?","R","B",null],"character_chosen":"THE_SILENT","items_purchased":["Deadly Poison","Dash","Footwork","Membership Card","Omamori","Toolbox","Crippling Poison","Lee\u0027s Waffle","Bouncing Flask","Catalyst","Acrobatics"],"campfire_rested":2,"item_purchase_floors":[3,3,11,11,11,19,19,27,36,36,39],"current_hp_per_floor":[63,63,63,63,63,63,52,50,50,33,48,69,69,69,69,52,66,66,70,60,44,29,29,15,4,4,77,77,63,63,63,63,38,71,65,80,80,66,81,81,79,66,66,66,66,66,48,17,41,23],"gold":220,"neow_bonus":"THREE_ENEMY_KILL","is_daily":false,"chose_seed":false,"campfire_upgraded":7,"win_rate":0.0,"timestamp":1608025217,"path_taken":["M","?","$","?","M","E","?","M","T","E","$","R","M","M","R","BOSS","M","$","M","?","M","R","M","E","T","$","R","?","R","?","R","BOSS","M","$","?","?","$","R","E","M","T","R","?","?","E","?","R","BOSS"],"items_purchased_type":["Card","Card","Card","Relic","Relic","Relic","Card","Relic","Card","Card","Card"],"build_version":"2020-12-13","purchased_purges":1,"victory":true,"max_hp_per_floor":[70,70,70,70,70,70,70,70,70,70,70,70,70,70,70,70,70,70,70,70,70,70,70,70,70,70,77,77,82,82,82,82,82,82,82,82,82,82,82,82,82,82,82,82,82,82,82,82,82,82],"card_choices":[{"not_picked":["Setup","Dodge and Roll"],"picked":"Poisoned Stab","floor":1.0},{"not_picked":["Slice","Flying Knee"],"picked":"PiercingWail","floor":5.0},{"not_picked":["Deflect","Dagger Throw"],"picked":"Escape Plan","floor":6.0},{"not_picked":["Reflex","Quick Slash","Choke"],"picked":"SKIP","floor":8.0},{"not_picked":["Dagger Spray","Tactician"],"picked":"Blur","floor":10.0},{"not_picked":["Poisoned Stab","Deflect"],"picked":"Noxious Fumes","floor":13.0},{"not_picked":["Cloak And Dagger","Slice"],"picked":"Prepared","floor":14.0},{"not_picked":["Storm of Steel","A Thousand Cuts"],"picked":"Envenom","floor":16.0},{"not_picked":["Prepared","All Out Attack"],"picked":"Noxious Fumes","floor":18.0},{"not_picked":["Backstab","Flying Knee"],"picked":"Crippling Poison+1","floor":20.0},{"not_picked":["Deflect","Bane"],"picked":"Backflip","floor":22.0},{"not_picked":["Caltrops","Dagger Spray","Bane"],"picked":"SKIP","floor":24.0},{"not_picked":["Blade Dance","Outmaneuver"],"picked":"Calculated Gamble","floor":25},{"not_picked":["Phantasmal Killer","Night Terror"],"picked":"Tools of the Trade","floor":33},{"not_picked":["Flying Knee","Blade Dance"],"picked":"Dash+1","floor":35},{"not_picked":["Underhanded Strike","Well Laid Plans","Sucker Punch+1"],"picked":"SKIP","floor":38},{"not_picked":["Flying Knee+1","Heel Hook+1"],"picked":"Dodge and Roll","floor":41},{"not_picked":["Riddle With Holes","Prepared"],"picked":"Venomology","floor":42},{"not_picked":["Predator+1","Bane+1"],"picked":"Blade Dance+1","floor":47},{"not_picked":["PiercingWail","Distraction+1"],"picked":"Deflect+1","floor":48}],"player_experience":461013,"relics_obtained":[{"floor":6.0,"key":"Tiny Chest"},{"floor":9.0,"key":"MawBank"},{"floor":10.0,"key":"MealTicket"},{"floor":21.0,"key":"Necronomicon"},{"floor":25,"key":"Mercury Hourglass"},{"floor":26,"key":"InkBottle"},{"floor":31,"key":"Ornamental Fan"},{"floor":41,"key":"Blood Vial"},{"floor":41,"key":"Oddly Smooth Stone"},{"floor":43,"key":"Incense Burner"},{"floor":46,"key":"Anchor"},{"floor":47,"key":"Bronze Scales"},{"floor":47,"key":"Kunai"},{"floor":48,"key":"StoneCalendar"}],"event_choices":[{"damage_healed":0.0,"max_hp_gain":0.0,"max_hp_loss":0.0,"gold_gain":0.0,"event_name":"Living Wall","player_choice":"Grow","floor":2.0,"gold_loss":0.0,"damage_taken":0.0,"cards_upgraded":["Poisoned Stab"]},{"damage_healed":0.0,"max_hp_gain":0.0,"max_hp_loss":0.0,"gold_gain":68.0,"event_name":"Golden Wing","player_choice":"Gained Gold","floor":4.0,"gold_loss":0.0,"damage_taken":0.0},{"damage_healed":0.0,"max_hp_gain":0.0,"max_hp_loss":0.0,"gold_gain":75.0,"event_name":"World of Goop","player_choice":"Gather Gold","floor":7.0,"gold_loss":0.0,"damage_taken":11.0},{"damage_healed":0.0,"max_hp_gain":0.0,"max_hp_loss":0.0,"gold_gain":0.0,"event_name":"Cursed Tome","player_choice":"Obtained Book","floor":21.0,"gold_loss":0.0,"damage_taken":16.0},{"damage_healed":0,"gold_gain":0,"player_choice":"Shed Blood","damage_taken":19,"max_hp_gain":5,"max_hp_loss":0,"event_name":"Forgotten Altar","floor":29,"gold_loss":0},{"damage_healed":0,"gold_gain":0,"player_choice":"Upgraded","damage_taken":0,"max_hp_gain":0,"max_hp_loss":0,"event_name":"Upgrade Shrine","floor":37,"gold_loss":0,"cards_upgraded":["Catalyst"]},{"damage_healed":0,"gold_gain":0,"cards_transformed":["Venomology"],"player_choice":"Transformed","damage_taken":0,"max_hp_gain":0,"max_hp_loss":0,"event_name":"Transmorgrifier","floor":45,"gold_loss":0,"cards_obtained":["Glass Knife"]},{"damage_healed":0,"gold_gain":0,"player_choice":"Fight","damage_taken":0,"max_hp_gain":0,"max_hp_loss":0,"event_name":"Mysterious Sphere","floor":48,"gold_loss":0}],"is_beta":false,"boss_relics":[{"not_picked":["Philosopher\u0027s Stone","HoveringKite"],"picked":"Astrolabe"},{"not_picked":["Calling Bell","Ring of the Serpent"],"picked":"Black Star"}],"items_purged_floors":[39],"is_endless":false,"potions_floor_spawned":[1,13,16,22,25,33,38,42,48],"ascension_level":9}}