{"host":"og6lam4kt3nibbw0","time":1608058540,"event":{"mods":["AchievementEnabler","BaseMod","Colored Map","DeckTracker","Highlight Path","Keyboard Shortcuts","Minty Spire (QoL Compilation)","Permanent Neow","Quick Restart","StSLib","SuperFastMode"],"gold_per_floor":[119,36,36,36,56,81,6,6,6,6,35,35,35,35,35,109,109,129,129,129,129,156,191,191,201,247,259,259,277,177,193,193,266,266,277,277,292,167,193,193,224,224,304,318,10,10,39,52,52,52,52,52,52,52,83,83],"floor_reached":57,"playtime":1722,"items_purged":["Defend_G","Defend_G","Defend_G","Defend_G"],"score":3439,"play_id":"e608dacd-154b-4736-b6c7-2985bff17470","local_time":"20201216035540","is_ascension_mode":true,"campfire_choices":[{"data":"Acrobatics","floor":15.0,"key":"SMITH"},{"floor":24,"key":"RECALL"},{"data":"Grand Finale","floor":32,"key":"SMITH"},{"data":"Neutralize","floor":40,"key":"SMITH"},{"data":"Strike_G","floor":49,"key":"PURGE"},{"data":"Cloak And Dagger+1","floor":53,"key":"PURGE"}],"circlet_count":0,"master_deck":["AscendersBane","Survivor","Neutralize+1","Grand Finale+1","Acrobatics+1","Well Laid Plans","Prepared+1","Adrenaline+1","Blur+1","Acrobatics+1","Adrenaline+1","Dodge and Roll+1","Tactician+1","Finesse+1"],"relics":["Ring of the Snake","Juzu Bracelet","Toxic Egg 2","Kunai","Tiny Chest","Black Star","MealTicket","Lantern","Bronze Scales","Centennial Puzzle","Astrolabe","Peace Pipe","Vajra","TheAbacus","StrikeDummy","Oddly Smooth Stone","Pen Nib","Akabeko"],"acts_visited":["Exordium","TheCity","TheBeyond","TheEnding"],"potions_floor_usage":[56],"damage_taken":[{"damage":0.0,"enemies":"2 Louse","floor":1.0,"turns":1.0},{"damage":0.0,"enemies":"Jaw Worm","floor":5.0,"turns":1.0},{"damage":0.0,"enemies":"Gremlin Nob","floor":6.0,"turns":1.0},{"damage":0.0,"enemies":"3 Sentries","floor":11.0,"turns":1.0},{"damage":0.0,"enemies":"Hexaghost","floor":16.0,"turns":1.0},{"damage":0.0,"enemies":"2 Thieves","floor":18.0,"turns":1.0},{"damage":0,"enemies":"Book of Stabbing","floor":23,"turns":1},{"damage":0,"enemies":"Spheric Guardian","floor":25,"turns":1},{"damage":0,"enemies":"Centurion and Healer","floor":27,"turns":1},{"damage":0,"enemies":"Snake Plant","floor":29,"turns":1},{"damage":0,"enemies":"Shelled Parasite and Fungi","floor":31,"turns":1},{"damage":23,"enemies":"Collector","floor":33,"turns":8},{"damage":0,"enemies":"3 Shapes","floor":35,"turns":1},{"damage":0,"enemies":"3 Darklings","floor":37,"turns":1},{"damage":0,"enemies":"Giant Head","floor":41,"turns":2},{"damage":0,"enemies":"Maw","floor":44,"turns":3},{"damage":0,"enemies":"Reptomancer","floor":47,"turns":1},{"damage":0,"enemies":"Transient","floor":48,"turns":1},{"damage":0,"enemies":"Awakened One","floor":50,"turns":2},{"damage":0,"enemies":"Donu and Deca","floor":51,"turns":1},{"damage":0,"enemies":"Shield and Spear","floor":55,"turns":1},{"damage":5,"enemies":"The Heart","floor":56,"turns":7}],"seed_played":"6141080257004698714","potions_obtained":[{"floor":5.0,"key":"SteroidPotion"},{"floor":6.0,"key":"Weak Potion"},{"floor":18.0,"key":"LiquidMemories"},{"floor":55,"key":"PowerPotion"}],"is_trial":false,"path_per_floor":["M","$","?","?","M","E","$","?","T","$","E","?","$","?","R","B",null,"M","?","?","?","T","E","R","M","T","M","?","M","$","M","R","B",null,"M","?","M","$","T","R","E","?","T","M","$","?","E","M","R","B","B",null,"R","$","E","B",null],"character_chosen":"THE_SILENT","items_purchased":["Well Laid Plans","TheAbacus"],"campfire_rested":0,"item_purchase_floors":[2,45],"current_hp_per_floor":[59,59,52,52,52,52,52,52,52,52,52,52,52,41,41,41,60,60,60,60,60,60,60,60,60,60,60,60,60,66,66,66,43,60,60,51,51,66,66,66,66,66,66,66,66,66,66,66,66,66,66,66,66,66,66,61],"gold":83,"neow_bonus":"ONE_RANDOM_RARE_CARD","is_daily":false,"chose_seed":true,"campfire_upgraded":3,"win_rate":0.0,"timestamp":1608058540,"path_taken":["M","$","?","?","M","E","?","?","T","?","E","?","$","?","R","BOSS","M","?","?","?","?","E","R","M","T","M","?","M","?","M","R","BOSS","M","?","M","$","?","R","E","?","T","M","$","?","E","M","R","BOSS","BOSS","R","$","E","BOSS"],"items_purchased_type":["Card","Relic"],"build_version":"2020-12-13","purchased_purges":4,"victory":true,"max_hp_per_floor":[66,66,66,66,66,66,66,66,66,66,66,66,66,66,66,66,66,66,66,66,66,66,66,66,66,66,66,66,66,66,66,66,66,66,66,66,66,66,66,66,66,66,66,66,66,66,66,66,66,66,66,66,66,66,66,66],"card_choices":[{"not_picked":["Slice","Cloak And Dagger"],"picked":"Acrobatics","floor":1.0},{"not_picked":["Quick Slash","Bouncing Flask","Skewer"],"picked":"SKIP","floor":5.0},{"not_picked":["Noxious Fumes","Poisoned Stab","Expertise"],"picked":"SKIP","floor":6.0},{"not_picked":["Underhanded Strike","Escape Plan+1"],"picked":"Prepared+1","floor":11.0},{"not_picked":["Sucker Punch","Choke"],"picked":"Blur+1","floor":18.0},{"not_picked":["Dagger Spray","Deflect+1","Calculated Gamble+1"],"picked":"SKIP","floor":23},{"not_picked":["Deflect+1","Slice"],"picked":"Acrobatics+1","floor":25},{"not_picked":["Cloak And Dagger+1","Dagger Throw","Flying Knee"],"picked":"SKIP","floor":27},{"not_picked":["Crippling Poison+1","Terror+1","Underhanded Strike"],"picked":"SKIP","floor":29},{"not_picked":["Dagger Spray","Blade Dance+1","Catalyst+1"],"picked":"SKIP","floor":31},{"not_picked":["Night Terror+1","Tools of the Trade"],"picked":"Adrenaline+1","floor":33},{"not_picked":["Dagger Throw+1","Skewer","Sucker Punch"],"picked":"SKIP","floor":35},{"not_picked":["Backflip+1","Infinite Blades","Dodge and Roll+1"],"picked":"SKIP","floor":37},{"not_picked":["Dagger Throw","Slice","Underhanded Strike+1"],"picked":"SKIP","floor":41},{"not_picked":["Deadly Poison+1","Dagger Throw","Wraith Form v2"],"picked":"SKIP","floor":44},{"not_picked":["Flash of Steel","Swift Strike"],"picked":"Finesse+1","floor":46},{"not_picked":["Backflip+1","Concentrate+1","Deflect+1"],"picked":"SKIP","floor":47},{"not_picked":["Accuracy+1","Quick Slash+1","Catalyst+1"],"picked":"SKIP","floor":48},{"not_picked":["Slice+1","Dash","Sucker Punch+1"],"picked":"SKIP","floor":55}],"player_experience":764357,"relics_obtained":[{"floor":6.0,"key":"Juzu Bracelet"},{"floor":9.0,"key":"Toxic Egg 2"},{"floor":11.0,"key":"Kunai"},{"floor":22,"key":"MealTicket"},{"floor":23,"key":"Lantern"},{"floor":23,"key":"Bronze Scales"},{"floor":26,"key":"Centennial Puzzle"},{"floor":41,"key":"Peace Pipe"},{"floor":41,"key":"Vajra"},{"floor":47,"key":"StrikeDummy"},{"floor":47,"key":"Oddly Smooth Stone"},{"floor":55,"key":"Pen Nib"},{"floor":55,"key":"Akabeko"}],"event_choices":[{"cards_removed":["Strike_G"],"damage_healed":0.0,"max_hp_gain":0.0,"max_hp_loss":0.0,"gold_gain":0.0,"event_name":"Golden Wing","player_choice":"Card Removal","floor":3.0,"gold_loss":0.0,"damage_taken":7.0},{"damage_healed":0.0,"max_hp_gain":0.0,"max_hp_loss":0.0,"gold_gain":0.0,"event_name":"The Cleric","player_choice":"Leave","floor":4.0,"gold_loss":0.0,"damage_taken":0.0},{"damage_healed":0.0,"max_hp_gain":0.0,"max_hp_loss":0.0,"gold_gain":0.0,"event_name":"Shining Light","player_choice":"Ignored","floor":8.0,"gold_loss":0.0,"damage_taken":0.0},{"damage_healed":0.0,"max_hp_gain":0.0,"max_hp_loss":0.0,"gold_gain":0.0,"event_name":"Match and Keep!","player_choice":"1 cards matched","floor":12.0,"gold_loss":0.0,"damage_taken":0.0,"cards_obtained":["Adrenaline"]},{"damage_healed":0.0,"max_hp_gain":0.0,"max_hp_loss":0.0,"gold_gain":0.0,"event_name":"Scrap Ooze","player_choice":"Success","floor":14.0,"gold_loss":0.0,"damage_taken":11.0,"relics_obtained":["Tiny Chest"]},{"damage_healed":0,"gold_gain":0,"player_choice":"Ignored","damage_taken":0,"max_hp_gain":0,"max_hp_loss":0,"event_name":"Cursed Tome","floor":19,"gold_loss":0},{"damage_healed":0,"gold_gain":0,"player_choice":"Ignored","damage_taken":0,"max_hp_gain":0,"max_hp_loss":0,"event_name":"Vampires","floor":20,"gold_loss":0},{"cards_removed":["Strike_G"],"damage_healed":0,"gold_gain":0,"player_choice":"Offered Basic","damage_taken":0,"max_hp_gain":0,"max_hp_loss":0,"event_name":"Bonfire Elementals","floor":21,"gold_loss":0},{"damage_healed":0,"gold_gain":0,"player_choice":"Ignored","damage_taken":0,"max_hp_gain":0,"max_hp_loss":0,"event_name":"N\u0027loth","floor":28,"gold_loss":0},{"damage_healed":0,"gold_gain":0,"player_choice":"Damaged","damage_taken":9,"max_hp_gain":0,"max_hp_loss":0,"event_name":"Wheel of Change","floor":36,"gold_loss":0},{"damage_healed":0,"gold_gain":0,"player_choice":"Ignored","damage_taken":0,"max_hp_gain":0,"max_hp_loss":0,"event_name":"Tomb of Lord Red Mask","floor":42,"gold_loss":0},{"damage_healed":0,"gold_gain":0,"player_choice":"Memory 1","damage_taken":0,"max_hp_gain":0,"max_hp_loss":0,"event_name":"SensoryStone","floor":46,"gold_loss":0}],"is_beta":false,"boss_relics":[{"not_picked":["Pandora\u0027s Box","Ectoplasm"],"picked":"Black Star"},{"not_picked":["SlaversCollar","Ring of the Serpent"],"picked":"Astrolabe"}],"items_purged_floors":[7,30,38,45],"is_endless":false,"potions_floor_spawned":[5,6,18,25,33,44,47,55],"ascension_level":20}}