{"host":"mvw7i28zi3kj0eu9","time":1608050205,"event":{"mods":["AchievementEnabler","BaseMod","Better Third Choice","BetterRewards","Block Reminder","Conspire","Custom Start","Downfall","Energized Spire","Halation","Hermit","Hubris","Infinite Spire","Jorbs\u0027s Wanderer Trilogy","Minty Spire (QoL Compilation)","Replay The Spire","Shop Mod","Small Relic Pack","Spikes Relics","StSLib","The Blue Laboratory","The Necromancer","The Servant 0.9.4","Virulent Crown"],"gold_per_floor":[117,136,156,156,175,175,160,160,186,186,186,201,201,201],"floor_reached":13,"playtime":245,"items_purged":[],"score":77,"play_id":"6d98f0cc-51e4-47ce-bc3d-61ebb2673438","local_time":"20201215173645","is_ascension_mode":false,"campfire_choices":[{"data":"Zap","floor":6,"key":"SMITH"},{"data":"White Noise","floor":8,"key":"SMITH"},{"data":"Ball Lightning","floor":11,"key":"SMITH"}],"circlet_count":0,"master_deck":["Strike_B","Strike_B","Strike_B","Strike_B","Defend_B","Defend_B","Defend_B","Defend_B","Zap+1","Dualcast","White Noise+1","Coolheaded","Ball Lightning+1"],"relics":["Cracked Core","conspire:InfiniteJournal","Calipers","Centennial Puzzle"],"acts_visited":["Exordium"],"potions_floor_usage":[5],"damage_taken":[{"damage":24,"enemies":"infinitespire:Voidling","floor":1,"turns":4},{"damage":0,"enemies":"2 Louse","floor":2,"turns":2},{"damage":10,"enemies":"Small Slimes","floor":3,"turns":4},{"damage":15,"enemies":"2 Fungi Beasts","floor":5,"turns":4},{"damage":24,"enemies":"Exordium Thugs","floor":7,"turns":5},{"damage":3,"enemies":"conspire:2 RoseBushes","floor":12,"turns":4},{"damage":12,"enemies":"Gremlin Nob","floor":13,"turns":2}],"seed_played":"4298279332562317618","potions_obtained":[{"floor":2,"key":"blueLaboratory:PlasmaFuel"},{"floor":7,"key":"blueLaboratory:EmptyBottle"},{"floor":12,"key":"sneckomod:MuddlingPotion"}],"is_trial":true,"path_per_floor":["M","M","M","?","M","R","M","R","T","?","R","M","E"],"character_chosen":"DEFECT","items_purchased":[],"campfire_rested":0,"item_purchase_floors":[],"current_hp_per_floor":[58,58,48,48,33,33,9,9,9,9,9,6,0,0],"gold":201,"neow_bonus":"","is_daily":false,"chose_seed":false,"campfire_upgraded":3,"win_rate":0.0,"timestamp":1608050205,"path_taken":["M","?","M","?","M","R","M","R","T","?","R","M","E"],"items_purchased_type":[],"build_version":"2020-12-13","purchased_purges":0,"victory":false,"max_hp_per_floor":[75,75,75,75,75,75,75,75,75,75,75,75,75,75],"card_choices":[{"not_picked":["Sunder","Chaos","Redo"],"picked":"SKIP","floor":1},{"not_picked":["Melter","Panic Button"],"picked":"White Noise","floor":2},{"not_picked":["Sweeping Beam","BootSequence","Time Bomb"],"picked":"SKIP","floor":3},{"not_picked":["Sweeping Beam","BootSequence","Time Bomb"],"picked":"SKIP","floor":3},{"not_picked":["Force Field","Redo"],"picked":"Coolheaded","floor":5},{"not_picked":["Doom and Gloom","Stack"],"picked":"Ball Lightning","floor":7},{"not_picked":["Stack","Rebound","ReplayTheSpireMod:Repulse"],"picked":"SKIP","floor":12}],"player_experience":867898,"relics_obtained":[{"floor":9,"key":"Centennial Puzzle"}],"event_choices":[],"is_beta":false,"boss_relics":[],"items_purged_floors":[],"is_endless":false,"potions_floor_spawned":[2,7,12],"killed_by":"Gremlin Nob","ascension_level":0}}