{"host":"wha9hktbkslqvblg","time":1608031078,"event":{"mods":["BaseMod","Colored Map","Minty Spire (QoL Compilation)","Relic Stats","SuperFastMode","everything is the same but u backflip on backflip"],"gold_per_floor":[112,127,202,202,84,84,116,134,157,190,90,90,90,104,104,181,181,201,201,214,41,61,71,84,84,84,116,133,165,192,204,204,204,204],"floor_reached":33,"playtime":897,"items_purged":["Strike_R","Strike_R"],"score":744,"play_id":"7936557c-0d14-463e-85e5-15e8699aebee","local_time":"20201215201758","is_ascension_mode":true,"campfire_choices":[{"data":"Battle Trance","floor":6.0,"key":"SMITH"},{"data":"Shrug It Off","floor":15.0,"key":"SMITH"},{"data":"Power Through","floor":25,"key":"SMITH"},{"data":"Barricade","floor":32,"key":"SMITH"}],"circlet_count":0,"master_deck":["AscendersBane","Strike_R","Strike_R","Defend_R+1","Defend_R+1","Defend_R","Defend_R+1","Bash","Anger","Disarm+1","Battle Trance+1","Fire Breathing+1","Shrug It Off+1","Impervious","CurseOfTheBell","Bloodletting","Power Through+1","Carnage","Barricade+1","Body Slam"],"relics":["Burning Blood","NeowsBlessing","PreservedInsect","Strawberry","Magic Flower","Centennial Puzzle","Calling Bell","Letter Opener","Torii","War Paint","Omamori","Paper Frog","Tiny Chest","Oddly Smooth Stone","Red Mask"],"acts_visited":["Exordium","TheCity"],"potions_floor_usage":[18,24,29,30],"damage_taken":[{"damage":0.0,"enemies":"Cultist","floor":1.0,"turns":1.0},{"damage":0.0,"enemies":"2 Louse","floor":2.0,"turns":1.0},{"damage":0.0,"enemies":"Lagavulin","floor":7.0,"turns":1.0},{"damage":4.0,"enemies":"Small Slimes","floor":8.0,"turns":4.0},{"damage":0.0,"enemies":"Gremlin Nob","floor":10.0,"turns":3.0},{"damage":0.0,"enemies":"2 Fungi Beasts","floor":14.0,"turns":4.0},{"damage":21.0,"enemies":"Hexaghost","floor":16.0,"turns":9.0},{"damage":35,"enemies":"2 Thieves","floor":18,"turns":4},{"damage":9,"enemies":"Shell Parasite","floor":20,"turns":7},{"damage":7,"enemies":"Cultist and Chosen","floor":22,"turns":5},{"damage":10,"enemies":"Snake Plant","floor":23,"turns":6},{"damage":4,"enemies":"Shelled Parasite and Fungi","floor":24,"turns":5},{"damage":6,"enemies":"Gremlin Leader","floor":27,"turns":4},{"damage":3,"enemies":"Snecko","floor":28,"turns":5},{"damage":17,"enemies":"Slavers","floor":29,"turns":4},{"damage":15,"enemies":"Masked Bandits","floor":30,"turns":5},{"damage":6,"enemies":"Centurion and Healer","floor":31,"turns":6},{"damage":12,"enemies":"Automaton","floor":33,"turns":12}],"seed_played":"36211128895765035","potions_obtained":[{"floor":7.0,"key":"Block Potion"},{"floor":8.0,"key":"DistilledChaos"},{"floor":10.0,"key":"Dexterity Potion"},{"floor":14.0,"key":"AttackPotion"},{"floor":20,"key":"FearPotion"},{"floor":22,"key":"DistilledChaos"},{"floor":29,"key":"EssenceOfSteel"},{"floor":31,"key":"Strength Potion"}],"is_trial":false,"path_per_floor":["M","M","?","?","$","R","E","M","T","E","$","?","?","M","R","B",null,"M","?","M","$","M","M","M","R","T","E","M","E","?","M","R","B"],"character_chosen":"IRONCLAD","items_purchased":["Battle Trance","Omamori"],"campfire_rested":0,"item_purchase_floors":[5,21],"current_hp_per_floor":[74,75,64,41,41,41,47,49,56,62,62,62,62,71,71,59,76,50,50,50,50,52,51,56,56,56,59,65,57,51,54,54,42,42],"gold":204,"neow_bonus":"THREE_ENEMY_KILL","is_daily":false,"chose_seed":false,"campfire_upgraded":4,"win_rate":0.0,"timestamp":1608031078,"path_taken":["M","M","?","?","$","R","E","M","T","E","$","?","?","?","R","BOSS","M","?","M","$","M","?","M","R","T","E","M","E","?","M","R","BOSS"],"items_purchased_type":["Card","Relic"],"build_version":"2020-12-13","purchased_purges":2,"victory":false,"max_hp_per_floor":[75,75,75,75,75,75,75,75,82,82,82,82,82,82,82,82,82,82,82,82,82,82,82,82,82,82,82,82,82,82,82,82,82,82],"relic_stats":{"Centennial Puzzle":[33],"Torii":13,"counters":[18,86],"Magic Flower":[36],"Tiny Chest":0,"PreservedInsect":110,"Letter Opener":[155],"War Paint":["Defend_R","Defend_R"],"obtain_stats":[{"NeowsBlessing":0,"Torii":17,"Magic Flower":10,"Oddly Smooth Stone":29,"PreservedInsect":7,"Omamori":21,"Letter Opener":17,"War Paint":17,"Burning Blood":0,"Calling Bell":17,"Centennial Puzzle":13,"Strawberry":9,"Tiny Chest":27,"Red Mask":30,"Paper Frog":26},{"NeowsBlessing":0,"Torii":7,"Magic Flower":5,"Oddly Smooth Stone":15,"PreservedInsect":3,"Omamori":9,"Letter Opener":7,"War Paint":7,"Burning Blood":0,"Calling Bell":7,"Centennial Puzzle":5,"Strawberry":4,"Tiny Chest":13,"Red Mask":16,"Paper Frog":12},{"NeowsBlessing":0,"Torii":23,"Magic Flower":10,"Oddly Smooth Stone":63,"PreservedInsect":3,"Omamori":34,"Letter Opener":23,"War Paint":23,"Burning Blood":0,"Calling Bell":23,"Centennial Puzzle":10,"Strawberry":7,"Tiny Chest":54,"Red Mask":68,"Paper Frog":50}],"Burning Blood":133},"card_choices":[{"not_picked":["Dual Wield","Rage"],"picked":"Anger","floor":1.0},{"not_picked":["Iron Wave","Twin Strike"],"picked":"Disarm","floor":2.0},{"not_picked":["Havoc","Rampage","Dual Wield"],"picked":"SKIP","floor":7.0},{"not_picked":["Intimidate","Body Slam"],"picked":"Fire Breathing","floor":8.0},{"not_picked":["Havoc","Thunderclap","Flex"],"picked":"SKIP","floor":10.0},{"not_picked":["Flex","Body Slam"],"picked":"Shrug It Off","floor":14.0},{"not_picked":["Exhume","Double Tap"],"picked":"Impervious","floor":16.0},{"not_picked":["Wild Strike","Clothesline"],"picked":"Bloodletting","floor":18},{"not_picked":["Dropkick","Heavy Blade","Twin Strike"],"picked":"SKIP","floor":20},{"not_picked":["Rage","True Grit","Armaments"],"picked":"SKIP","floor":22},{"not_picked":["Double Tap","Dark Embrace","Heavy Blade"],"picked":"SKIP","floor":23},{"not_picked":["Iron Wave","Wild Strike"],"picked":"Power Through","floor":24},{"not_picked":["Infernal Blade","Thunderclap","Rupture"],"picked":"SKIP","floor":27},{"not_picked":["Shockwave","Rage"],"picked":"Carnage","floor":28},{"not_picked":["Shrug It Off","Clothesline"],"picked":"Barricade","floor":29},{"not_picked":["Wild Strike","Rage"],"picked":"Body Slam","floor":31}],"player_experience":844439,"relics_obtained":[{"floor":7.0,"key":"PreservedInsect"},{"floor":9.0,"key":"Strawberry"},{"floor":10.0,"key":"Magic Flower"},{"floor":17.0,"key":"Letter Opener"},{"floor":17.0,"key":"Torii"},{"floor":17.0,"key":"War Paint"},{"floor":26,"key":"Paper Frog"},{"floor":27,"key":"Tiny Chest"},{"floor":29,"key":"Oddly Smooth Stone"},{"floor":30,"key":"Red Mask"}],"event_choices":[{"damage_healed":0.0,"max_hp_gain":0.0,"max_hp_loss":0.0,"gold_gain":75.0,"event_name":"World of Goop","player_choice":"Gather Gold","floor":3.0,"gold_loss":0.0,"damage_taken":11.0},{"damage_healed":0.0,"max_hp_gain":0.0,"max_hp_loss":0.0,"gold_gain":0.0,"event_name":"Shining Light","player_choice":"Entered Light","floor":4.0,"gold_loss":0.0,"damage_taken":23.0,"cards_upgraded":["Disarm","Defend_R"]},{"damage_healed":0.0,"max_hp_gain":0.0,"max_hp_loss":0.0,"gold_gain":0.0,"event_name":"Living Wall","player_choice":"Grow","floor":12.0,"gold_loss":0.0,"damage_taken":0.0,"cards_upgraded":["Fire Breathing"]},{"damage_healed":0.0,"max_hp_gain":0.0,"max_hp_loss":0.0,"gold_gain":0.0,"event_name":"WeMeetAgain","player_choice":"Gave Potion","floor":13.0,"gold_loss":0.0,"damage_taken":0.0,"relics_obtained":["Centennial Puzzle"]},{"cards_removed":["Strike_R"],"damage_healed":0,"gold_gain":0,"player_choice":"Purged","damage_taken":0,"max_hp_gain":0,"max_hp_loss":0,"event_name":"Purifier","floor":19,"gold_loss":0},{"damage_healed":0,"gold_gain":0,"player_choice":"Fought Bandits","damage_taken":0,"max_hp_gain":0,"max_hp_loss":0,"event_name":"Masked Bandits","floor":30,"gold_loss":0}],"is_beta":false,"boss_relics":[{"not_picked":["Mark of Pain","Sozu"],"picked":"Calling Bell"}],"items_purged_floors":[5,11],"is_endless":false,"potions_floor_spawned":[7,8,10,14,20,22,29,31],"killed_by":"Automaton","ascension_level":20}}