{"host":"f14d6hm2349s9jse","time":1608072966,"event":{"mods":["2.2 Compatiblity","BaseMod","CapriCore","Minty Spire (QoL Compilation)","StSLib","The Immortal"],"gold_per_floor":[113,132,132,157,157,191,191,215,266,266,266,289,332,350,350,470,470,490,490,490,481,496,496,496,496],"floor_reached":23,"playtime":2097,"items_purged":[],"score":203,"play_id":"736136ee-2f63-4584-9d63-1d57d8fc213d","local_time":"20201215175606","is_ascension_mode":false,"campfire_choices":[{"floor":7,"key":"REST"},{"floor":11,"key":"REST"},{"data":"MokouMod:WarmUp","floor":15,"key":"SMITH"}],"circlet_count":0,"master_deck":["MokouMod:Strike","MokouMod:Strike","MokouMod:Strike","MokouMod:Strike","MokouMod:Defend","MokouMod:Defend","MokouMod:Defend","MokouMod:Defend","MokouMod:HeatSpark","MokouMod:WarmUp+1","MokouMod:InfernalWave+1","MokouMod:BlazingComet","MokouMod:SearingBlow+1","MokouMod:IgnitionBarrier","MokouMod:HeartofFire","MokouMod:SacredFire","MokouMod:InfernalWave+1","MokouMod:IgnitionBlast","MokouMod:IgneousBlow","MokouMod:ImperishableFlame+1"],"relics":["MokouMod:PhoenixFeather","NeowsBlessing","Golden Idol","Pantograph","Nunchaku","Sozu"],"acts_visited":["Exordium","TheCity"],"potions_floor_usage":[13],"damage_taken":[{"damage":0,"enemies":"Small Slimes","floor":1,"turns":1},{"damage":0,"enemies":"Cultist","floor":2,"turns":1},{"damage":0,"enemies":"Jaw Worm","floor":4,"turns":1},{"damage":51,"enemies":"3 Sentries","floor":6,"turns":12},{"damage":16,"enemies":"Large Slime","floor":8,"turns":6},{"damage":5,"enemies":"Looter","floor":12,"turns":4},{"damage":37,"enemies":"Lagavulin","floor":13,"turns":6},{"damage":11,"enemies":"Lots of Slimes","floor":14,"turns":5},{"damage":53,"enemies":"Slime Boss","floor":16,"turns":12},{"damage":4,"enemies":"3 Byrds","floor":18,"turns":4},{"damage":25,"enemies":"2 Thieves","floor":21,"turns":4},{"damage":35,"enemies":"Snake Plant","floor":22,"turns":5},{"damage":48,"enemies":"Book of Stabbing","floor":23,"turns":4}],"seed_played":"-1290857244553045105","potions_obtained":[{"floor":2,"key":"FairyPotion"},{"floor":8,"key":"DistilledChaos"},{"floor":14,"key":"Strength Potion"},{"floor":16,"key":"Energy Potion"}],"is_trial":false,"path_per_floor":["M","M","?","M","?","E","R","M","T","?","R","M","E","M","R","B",null,"M","?","?","M","M","E"],"character_chosen":"MKU","items_purchased":[],"campfire_rested":2,"item_purchase_floors":[],"current_hp_per_floor":[75,75,57,57,57,6,28,12,12,12,34,29,22,11,11,7,75,71,71,71,46,11,0,0,0],"gold":496,"neow_bonus":"THREE_ENEMY_KILL","is_daily":false,"chose_seed":false,"campfire_upgraded":1,"win_rate":0.0,"timestamp":1608072966,"path_taken":["M","M","?","M","?","E","R","?","T","?","R","M","E","?","R","BOSS","M","?","?","M","M","E"],"items_purchased_type":[],"build_version":"2020-12-13","purchased_purges":0,"victory":false,"max_hp_per_floor":[75,75,75,75,75,75,75,75,75,75,75,75,75,75,75,75,75,75,75,75,75,75,75,75,75],"card_choices":[{"not_picked":["MokouMod:Singe","MokouMod:Overheat"],"picked":"MokouMod:WarmUp","floor":1},{"not_picked":["MokouMod:SearingShot","MokouMod:FlareStarter","MokouMod:ScorchingColumn"],"picked":"SKIP","floor":2},{"not_picked":["MokouMod:RoaringFlare","MokouMod:HeatFactory"],"picked":"MokouMod:InfernalWave","floor":4},{"not_picked":["MokouMod:SubterraneanCore","MokouMod:ImperishableFlame"],"picked":"MokouMod:SearingBlow","floor":6},{"not_picked":["MokouMod:HeartofFire","MokouMod:Singe"],"picked":"MokouMod:IgnitionBarrier","floor":8},{"not_picked":["MokouMod:HeatFactory","MokouMod:Singe","MokouMod:FlareStarter"],"picked":"SKIP","floor":12},{"not_picked":["MokouMod:IndiscriminateIgnition","MokouMod:TemporalFireSeal"],"picked":"MokouMod:HeartofFire","floor":13},{"not_picked":["MokouMod:Stoke","MokouMod:Ember","MokouMod:Singe"],"picked":"SKIP","floor":14},{"not_picked":["MokouMod:Rekindle","MokouMod:Geothermal"],"picked":"MokouMod:SacredFire","floor":16},{"not_picked":["MokouMod:TemporalFireSeal","MokouMod:BlazingComet+1"],"picked":"MokouMod:InfernalWave+1","floor":18},{"not_picked":["MokouMod:RoaringFlare","MokouMod:Combust+1"],"picked":"MokouMod:IgneousBlow","floor":21},{"not_picked":["MokouMod:Firecracker+1","MokouMod:FujiyamaVolcano"],"picked":"MokouMod:ImperishableFlame+1","floor":22}],"player_experience":2463875,"relics_obtained":[{"floor":6,"key":"Pantograph"},{"floor":13,"key":"Nunchaku"}],"event_choices":[{"damage_healed":0,"gold_gain":0,"player_choice":"Take Damage","damage_taken":18,"relics_obtained":["Golden Idol"],"max_hp_gain":0,"max_hp_loss":0,"event_name":"Golden Idol","floor":3,"gold_loss":0},{"damage_healed":0,"gold_gain":0,"cards_transformed":["MokouMod:Strike"],"player_choice":"Transformed","damage_taken":0,"max_hp_gain":0,"max_hp_loss":0,"event_name":"Transmorgrifier","floor":5,"gold_loss":0,"cards_obtained":["MokouMod:BlazingComet"]},{"damage_healed":0,"gold_gain":0,"player_choice":"Forge","damage_taken":0,"max_hp_gain":0,"max_hp_loss":0,"event_name":"Accursed Blacksmith","floor":10,"gold_loss":0,"cards_upgraded":["MokouMod:InfernalWave"]},{"damage_healed":0,"gold_gain":0,"player_choice":"Ignored","damage_taken":0,"max_hp_gain":0,"max_hp_loss":0,"event_name":"Ghosts","floor":19,"gold_loss":0},{"damage_healed":0,"gold_gain":0,"player_choice":"Read","damage_taken":0,"max_hp_gain":0,"max_hp_loss":0,"event_name":"The Library","floor":20,"gold_loss":0,"cards_obtained":["MokouMod:IgnitionBlast"]}],"is_beta":false,"boss_relics":[{"not_picked":["Empty Cage","Velvet Choker"],"picked":"Sozu"}],"items_purged_floors":[],"is_endless":false,"potions_floor_spawned":[2,8,14,16,21],"killed_by":"Book of Stabbing","ascension_level":0}}