{"host":"y56d1fjpgcjsodvy","time":1608018319,"event":{"mods":["BaseMod","Colored Powertips","GifTheSpireLib","Highlight Path","Minty Spire (QoL Compilation)","StSLib","SuperFastMode","everything is the same but u backflip on backflip"],"gold_per_floor":[364,380,395,104,120,120,133,133,187,240,240,315,315,315,315,392,392,403,24,44,62,75,75,92,92,117,117,34,34,34,34,34,131,131,142,167,167,179,196,196,213,243,243,291,291,181,191,29,29,29,29,29,29,29,62,62,62],"floor_reached":56,"playtime":1729,"items_purged":["Strike_R","Strike_R"],"score":1725,"play_id":"74fec2c6-493b-499f-87ab-323923713644","local_time":"20201215164519","is_ascension_mode":true,"campfire_choices":[{"data":"Magnetism","floor":6.0,"key":"SMITH"},{"data":"Armaments","floor":8.0,"key":"SMITH"},{"floor":11.0,"key":"RECALL"},{"floor":15.0,"key":"REST"},{"data":"Corruption","floor":23.0,"key":"SMITH"},{"data":"Dual Wield","floor":25.0,"key":"SMITH"},{"data":"Master of Strategy","floor":29.0,"key":"SMITH"},{"data":"Juggernaut","floor":32.0,"key":"SMITH"},{"data":"Feel No Pain","floor":40.0,"key":"SMITH"},{"data":"Juggernaut","floor":49.0,"key":"SMITH"},{"data":"Armaments","floor":53.0,"key":"SMITH"}],"circlet_count":0,"master_deck":["AscendersBane","Defend_R","Defend_R","Defend_R","Defend_R","Bash","Cleave+1","Magnetism+1","Armaments+1","Double Tap","Juggernaut+1","Corruption+1","Feel No Pain+1","Master of Strategy+1","Sentinel","Dark Embrace","Dual Wield+1","Sentinel","Necronomicurse","Juggernaut+1","Shockwave","Immolate","Evolve","Sentinel","Armaments+1","Evolve","Fire Breathing","Shrug It Off","Reaper"],"relics":["Burning Blood","Happy Flower","Question Card","Boot","Snecko Eye","Ancient Tea Set","Necronomicon","Mark of Pain","FossilizedHelix","Ornamental Fan","Pocketwatch","TheAbacus","Bag of Marbles"],"acts_visited":["Exordium","TheCity","TheBeyond","TheEnding"],"potions_floor_usage":[56],"damage_taken":[{"damage":4.0,"enemies":"Small Slimes","floor":1.0,"turns":5.0},{"damage":7.0,"enemies":"Jaw Worm","floor":2.0,"turns":3.0},{"damage":6.0,"enemies":"2 Louse","floor":3.0,"turns":3.0},{"damage":11.0,"enemies":"Looter","floor":5.0,"turns":3.0},{"damage":3.0,"enemies":"2 Fungi Beasts","floor":7.0,"turns":4.0},{"damage":32.0,"enemies":"Gremlin Nob","floor":10.0,"turns":4.0},{"damage":31.0,"enemies":"The Guardian","floor":16.0,"turns":12.0},{"damage":12.0,"enemies":"3 Byrds","floor":18.0,"turns":5.0},{"damage":0.0,"enemies":"Shell Parasite","floor":20.0,"turns":3.0},{"damage":0.0,"enemies":"Snecko","floor":21.0,"turns":4.0},{"damage":16.0,"enemies":"Snake Plant","floor":22.0,"turns":4.0},{"damage":0.0,"enemies":"Cultist and Chosen","floor":24.0,"turns":4.0},{"damage":22.0,"enemies":"Collector","floor":33.0,"turns":5.0},{"damage":8.0,"enemies":"Orb Walker","floor":35.0,"turns":3.0},{"damage":0.0,"enemies":"Mind Bloom Boss Battle","floor":36.0,"turns":4.0},{"damage":0.0,"enemies":"3 Shapes","floor":38.0,"turns":4.0},{"damage":23.0,"enemies":"Jaw Worm Horde","floor":39.0,"turns":3.0},{"damage":49.0,"enemies":"Sphere and 2 Shapes","floor":41.0,"turns":4.0},{"damage":16.0,"enemies":"Reptomancer","floor":42.0,"turns":4.0},{"damage":8.0,"enemies":"2 Orb Walkers","floor":44.0,"turns":2.0},{"damage":0.0,"enemies":"Maw","floor":47.0,"turns":4.0},{"damage":9.0,"enemies":"Donu and Deca","floor":50.0,"turns":4.0},{"damage":19.0,"enemies":"Time Eater","floor":51.0,"turns":8.0},{"damage":61.0,"enemies":"Shield and Spear","floor":55.0,"turns":4.0},{"damage":8,"enemies":"The Heart","floor":56,"turns":3}],"seed_played":"1850016906339153490","potions_obtained":[{"floor":2.0,"key":"Dexterity Potion"},{"floor":3.0,"key":"AttackPotion"},{"floor":5.0,"key":"FearPotion"},{"floor":7.0,"key":"FairyPotion"},{"floor":18.0,"key":"Block Potion"},{"floor":20.0,"key":"Weak Potion"},{"floor":22.0,"key":"Energy Potion"},{"floor":35.0,"key":"SpeedPotion"},{"floor":41.0,"key":"SpeedPotion"},{"floor":42.0,"key":"Swift Potion"},{"floor":44.0,"key":"BloodPotion"},{"floor":55.0,"key":"Block Potion"}],"is_trial":false,"path_per_floor":["M","M","M","$","M","R","M","R","T","E","R","?","?","?","R","B",null,"M","$","M","M","M","R","M","R","T","?","$","R","?","?","R","B",null,"M","?","?","M","M","R","M","E","T","?","?","?","M","$","R","B","B",null,"R","$","E","B"],"character_chosen":"IRONCLAD","items_purchased":["Magnetism","Feel No Pain","Master of Strategy","Sentinel","TheAbacus"],"campfire_rested":1,"item_purchase_floors":[4,19,19,28,48],"current_hp_per_floor":[68,67,67,67,62,62,65,65,65,39,39,28,28,23,43,18,56,50,50,56,62,52,52,58,58,58,58,58,58,37,37,37,21,56,54,60,60,66,49,49,26,16,16,14,56,56,56,56,56,53,40,52,52,52,8,0,0],"gold":62,"neow_bonus":"TWO_FIFTY_GOLD","is_daily":false,"chose_seed":false,"campfire_upgraded":9,"win_rate":0.0,"timestamp":1608018319,"path_taken":["M","M","M","$","M","R","M","R","T","E","R","?","?","?","R","BOSS","M","$","M","M","M","R","M","R","T","?","$","R","?","?","R","BOSS","M","?","?","M","?","R","M","E","T","?","?","?","?","$","R","BOSS","BOSS","R","$","E","BOSS"],"items_purchased_type":["Card","Card","Card","Card","Relic"],"build_version":"2020-12-13","purchased_purges":2,"victory":false,"max_hp_per_floor":[68,68,68,68,68,68,68,68,68,68,68,68,68,68,68,68,68,68,68,68,68,68,68,68,68,68,68,68,68,68,68,68,68,68,68,68,68,68,68,68,68,68,68,68,56,56,56,56,56,56,56,56,56,56,56,56,56],"card_choices":[{"not_picked":["Body Slam","Rage"],"picked":"Cleave","floor":1.0},{"not_picked":["Seeing Red","Twin Strike","Thunderclap"],"picked":"SKIP","floor":2.0},{"not_picked":["Metallicize","Evolve","Twin Strike"],"picked":"SKIP","floor":3.0},{"not_picked":["Power Through","Reckless Charge","Rage"],"picked":"SKIP","floor":5.0},{"not_picked":["Clash","Thunderclap"],"picked":"Armaments","floor":7.0},{"not_picked":["Thunderclap","Power Through"],"picked":"Double Tap","floor":10.0},{"not_picked":["Berserk","Bludgeon","Feed"],"picked":"Corruption","floor":16.0},{"not_picked":["Warcry","Perfected Strike","Power Through","Anger"],"picked":"SKIP","floor":18.0},{"not_picked":["Cleave","Entrench","Clothesline"],"picked":"Sentinel","floor":20.0},{"not_picked":["Wild Strike","Heavy Blade","Headbutt","Cleave"],"picked":"SKIP","floor":21.0},{"not_picked":["Exhume","Shrug It Off","Seeing Red"],"picked":"Dark Embrace","floor":22.0},{"not_picked":["Spot Weakness","Heavy Blade","Thunderclap"],"picked":"Dual Wield","floor":24.0},{"not_picked":["Brutality","Demon Form","Fiend Fire"],"picked":"Juggernaut","floor":33.0},{"not_picked":["Flex","Perfected Strike","Cleave","True Grit"],"picked":"SKIP","floor":35.0},{"not_picked":["True Grit","Twin Strike","Anger"],"picked":"Shockwave","floor":36.0},{"not_picked":["Headbutt","Reckless Charge+1","Havoc"],"picked":"Evolve","floor":38.0},{"not_picked":["Bloodletting","Metallicize","Havoc+1"],"picked":"Sentinel","floor":39.0},{"not_picked":["Blood for Blood","Twin Strike+1","Heavy Blade"],"picked":"Armaments","floor":41.0},{"not_picked":["Limit Break","Warcry","Thunderclap"],"picked":"Evolve","floor":42.0},{"not_picked":["Flex+1","Cleave","Blood for Blood"],"picked":"Fire Breathing","floor":44.0},{"not_picked":["Cleave","Sword Boomerang","Thunderclap"],"picked":"Shrug It Off","floor":47.0},{"not_picked":["Power Through+1","Thunderclap","Uppercut"],"picked":"Reaper","floor":55.0}],"player_experience":1167411,"relics_obtained":[{"floor":9.0,"key":"Happy Flower"},{"floor":10.0,"key":"Question Card"},{"floor":26.0,"key":"Ancient Tea Set"},{"floor":30.0,"key":"Necronomicon"},{"floor":36.0,"key":"FossilizedHelix"},{"floor":42.0,"key":"Ornamental Fan"},{"floor":44.0,"key":"Pocketwatch"},{"floor":55.0,"key":"Bag of Marbles"}],"event_choices":[{"damage_healed":0.0,"max_hp_gain":0.0,"max_hp_loss":0.0,"gold_gain":75.0,"event_name":"World of Goop","player_choice":"Gather Gold","floor":12.0,"gold_loss":0.0,"damage_taken":11.0},{"damage_healed":0.0,"max_hp_gain":0.0,"max_hp_loss":0.0,"gold_gain":0.0,"cards_transformed":["Strike_R"],"event_name":"Living Wall","player_choice":"Change","floor":13.0,"gold_loss":0.0,"damage_taken":0.0,"cards_obtained":["Juggernaut"]},{"damage_healed":0.0,"max_hp_gain":0.0,"max_hp_loss":0.0,"gold_gain":0.0,"event_name":"Scrap Ooze","player_choice":"Success","floor":14.0,"gold_loss":0.0,"damage_taken":5.0,"relics_obtained":["Boot"]},{"cards_removed":["Strike_R"],"damage_healed":0.0,"max_hp_gain":0.0,"max_hp_loss":0.0,"gold_gain":0.0,"event_name":"Back to Basics","player_choice":"Elegance","floor":27.0,"gold_loss":0.0,"damage_taken":0.0},{"damage_healed":0.0,"max_hp_gain":0.0,"max_hp_loss":0.0,"gold_gain":0.0,"event_name":"Cursed Tome","player_choice":"Obtained Book","floor":30.0,"gold_loss":0.0,"damage_taken":21.0},{"damage_healed":0.0,"max_hp_gain":0.0,"max_hp_loss":0.0,"gold_gain":0.0,"event_name":"Ghosts","player_choice":"Ignored","floor":31.0,"gold_loss":0.0,"damage_taken":0.0},{"damage_healed":0.0,"max_hp_gain":0.0,"max_hp_loss":0.0,"gold_gain":0.0,"event_name":"MindBloom","player_choice":"Fight","floor":36.0,"gold_loss":0.0,"damage_taken":0.0},{"damage_healed":0.0,"max_hp_gain":0.0,"max_hp_loss":0.0,"gold_gain":0.0,"event_name":"Match and Keep!","player_choice":"1 cards matched","floor":37.0,"gold_loss":0.0,"damage_taken":0.0,"cards_obtained":["Immolate"]},{"damage_healed":0.0,"max_hp_gain":0.0,"max_hp_loss":0.0,"gold_gain":0.0,"event_name":"Mysterious Sphere","player_choice":"Fight","floor":44.0,"gold_loss":0.0,"damage_taken":0.0},{"damage_healed":56.0,"max_hp_gain":0.0,"max_hp_loss":12.0,"gold_gain":0.0,"event_name":"The Moai Head","player_choice":"Heal","floor":45.0,"gold_loss":0.0,"damage_taken":0.0},{"cards_removed":["Strike_R"],"damage_healed":0.0,"max_hp_gain":0.0,"max_hp_loss":0.0,"gold_gain":0.0,"event_name":"Designer","player_choice":"Upgrade and Remove","floor":46.0,"gold_loss":110.0,"damage_taken":0.0,"cards_upgraded":["Cleave"]}],"is_beta":false,"boss_relics":[{"not_picked":["SlaversCollar","SacredBark"],"picked":"Snecko Eye"},{"not_picked":["Coffee Dripper","Philosopher\u0027s Stone"],"picked":"Mark of Pain"}],"items_purged_floors":[4,19],"is_endless":false,"potions_floor_spawned":[2,3,5,7,18,20,22,35,41,42,44,55],"killed_by":"The Heart","ascension_level":20}}