{"host":"l8lm1goh5xm9tkuw","time":1608008014,"event":{"mods":["Act Like it!","Alarm Clock","Astrologer","BaseMod","Colored Map","Colored Powertips","GungeonMod","Hermit","KinomotoSakuraMod(Ä¾Ö®±¾Ó£)","KomeijiMod","Library of Ruina","Library of Ruina Extra","Lobotomy","LobotomyExtend","Marisa£¨ìFÓê¡¡Ä§ÀíÉ³£©","Minty Spire (QoL Compilation)","MostiFishMod","Quick Restart","Replay The Spire","Shade Mod","StSLib","TestMod","The Animator","The Bug Knight","The Hierophant","UnlockEverythingMod","Yuri Mod","vexMod","¡¾ÒÅÎï¿¨ÅÆ¡¿REMEMod"],"gold_per_floor":[111,111,130,142,142,171,171,186,209,249,277,318,341,353,365,451,463,488,518,580,611,641,681,708,737,749,795,907,945,480,513,513,513,513],"floor_reached":33,"playtime":787,"items_purged":["Strike_P"],"score":1248,"play_id":"f7b6260e-b858-4885-83b0-fe393ed9ed68","local_time":"20201215125334","is_ascension_mode":true,"campfire_choices":[{"data":"Eruption","floor":7,"key":"SMITH"},{"data":"Strike_P","floor":15,"key":"PURGE"},{"data":"Adaptation","floor":32,"key":"SMITH"}],"circlet_count":0,"master_deck":["AscendersBane","Defend_P","Defend_P","Defend_P","Defend_P","Eruption+1","Vigilance","Tantrum","Adaptation+1","CutThroughFate","CarveReality","Conclude","Ragnarok","TalkToTheHand","Replay:Hum","Crescendo","Wallop","Prostrate","MostiFishMod:LegendTransform","BowlingBash","Sanctity","MostiFishMod:Disappear","MostiFishMod:Speedup"],"relics":["DaveBox","testmod-TestBox","REME_ComplimentaryCards","Painkiller Herb","testmod-FatalChain","Civilization","Question Card","DemoMod:GlassGuonStoneRelic","LetterFromLob","Ornamental Fan","MawBank","DemoMod:GreenGuonStone","PreservedInsect","ImportantClient","PatriotShield","PageOfFreischutz","DemoMod:WhiteGuonStone","DemoMod:RingOfEthereal","DemoMod:SerJunkan","Replay:Rubber Ducky","Bag of Preparation","Orichalcum","DemoMod:Junk"],"acts_visited":["Exordium","TheCity"],"potions_floor_usage":[],"damage_taken":[{"damage":0,"enemies":"Small Slimes","floor":1,"turns":2},{"damage":0,"enemies":"Cultist","floor":3,"turns":2},{"damage":0,"enemies":"2 Louse","floor":4,"turns":2},{"damage":0,"enemies":"Lagavulin","floor":6,"turns":3},{"damage":0,"enemies":"Large Slime","floor":8,"turns":1},{"damage":0,"enemies":"Gremlin Nob","floor":10,"turns":1},{"damage":0,"enemies":"Blue Slaver","floor":11,"turns":1},{"damage":0,"enemies":"3 Sentries","floor":12,"turns":1},{"damage":0,"enemies":"3 Louse","floor":13,"turns":1},{"damage":0,"enemies":"The Guardian","floor":16,"turns":2},{"damage":0,"enemies":"Spheric Guardian","floor":18,"turns":1},{"damage":0,"enemies":"2 Thieves","floor":19,"turns":1},{"damage":0,"enemies":"Snake Plant","floor":21,"turns":1},{"damage":0,"enemies":"Chosen and Byrds","floor":22,"turns":1},{"damage":0,"enemies":"Slavers","floor":23,"turns":1},{"damage":0,"enemies":"Cultist and Chosen","floor":24,"turns":1},{"damage":0,"enemies":"Snecko","floor":25,"turns":2},{"damage":0,"enemies":"Replay:Snechameleon","floor":27,"turns":1},{"damage":0,"enemies":"Colosseum Slavers","floor":28,"turns":1},{"damage":0,"enemies":"Colosseum Nobs","floor":28,"turns":1},{"damage":0,"enemies":"Slavers","floor":29,"turns":1},{"damage":0,"enemies":"Gremlin Leader","floor":31,"turns":1}],"seed_played":"-8714445482354445683","potions_obtained":[{"floor":3,"key":"Swift Potion"},{"floor":4,"key":"PowerPotion"},{"floor":11,"key":"Adrenaline Potion"}],"is_trial":false,"path_per_floor":["?","?","?","?","?","E","T","?","T","E","?","E","?","?","R_BF","B",null,"?","?","?","?","?","E","?","?","T","E","?","E","T","E","T","B"],"character_chosen":"WATCHER","items_purchased":["Bag of Preparation","Orichalcum","Sanctity","MostiFishMod:Disappear"],"campfire_rested":0,"item_purchase_floors":[30,30,30,30],"current_hp_per_floor":[63,63,66,71,71,77,77,84,84,92,101,113,128,128,128,144,149,166,185,185,205,227,252,279,307,307,336,400,436,436,475,475,475,475],"gold":513,"neow_bonus":"BOSS_RELIC","is_daily":false,"chose_seed":false,"campfire_upgraded":2,"win_rate":0.0,"timestamp":1608008014,"path_taken":["?","?","?","?","?","E","T","?","T","E","?","E","?","?","R_BF","BOSS","?","?","?","?","?","E","?","?","T","E","?","E","T","E","T","BOSS"],"items_purchased_type":["Relic","Relic","Card","Card"],"build_version":"2020-12-13","purchased_purges":1,"victory":false,"max_hp_per_floor":[70,70,73,78,78,84,84,91,91,99,108,120,135,135,135,151,151,168,187,187,207,229,254,281,309,309,338,402,438,438,477,477,477,477],"card_choices":[{"not_picked":["REME_Repentance","WreathOfFlame","FlurryOfBlows"],"picked":"SKIP","floor":1},{"not_picked":["EmptyBody","CutThroughFate","JustLucky"],"picked":"Adaptation","floor":3},{"not_picked":["REME_Repentance","EmptyFist","Replay:AtTheReady"],"picked":"CutThroughFate","floor":4},{"not_picked":["WheelKick","Fasting2","ForeignInfluence"],"picked":"CarveReality","floor":6},{"not_picked":["Weave","EmptyBody","InnerPeace"],"picked":"Conclude","floor":8},{"not_picked":["Replay:Cycle","ReachHeaven","Protect"],"picked":"Ragnarok","floor":10},{"not_picked":["EmptyFist","SignatureMove","Replay:AtTheReady"],"picked":"TalkToTheHand","floor":11},{"not_picked":["Replay:BluntJabs","EmptyBody","Consecrate"],"picked":"Replay:Hum","floor":12},{"not_picked":["Replay:ManipulateFuture","Collect","WheelKick","Consecrate"],"picked":"SKIP","floor":13},{"not_picked":["SashWhip+1","FlyingSleeves","CrushJoints+1"],"picked":"Crescendo","floor":18},{"not_picked":["Replay:AtTheReady","BattleHymn","MostiFishMod:Clarity"],"picked":"Wallop","floor":19},{"not_picked":["Evaluate","ConjureBlade","Consecrate","FollowUp+1"],"picked":"SKIP","floor":21},{"not_picked":["Weave","JustLucky","Replay:Battleflow","MostiFishMod:StarOceanP"],"picked":"SKIP","floor":22},{"not_picked":["Replay:DivineShield","WheelKick","Replay:BluntJabs","CutThroughFate"],"picked":"SKIP","floor":23},{"not_picked":["Perseverance+1","WaveOfTheHand+1","Halt","Crescendo"],"picked":"SKIP","floor":24},{"not_picked":["Pray","EmptyMind","Consecrate"],"picked":"Prostrate","floor":25},{"not_picked":["Wallop","ReachHeaven+1","EmptyFist"],"picked":"MostiFishMod:LegendTransform","floor":27},{"not_picked":["Protect","ThirdEye","Prostrate"],"picked":"BowlingBash","floor":28},{"not_picked":["SignatureMove","LikeWater","BowlingBash+1","CarveReality"],"picked":"SKIP","floor":29},{"not_picked":["CutThroughFate","Replay:ManipulateFuture","MostiFishMod:KamiSmash"],"picked":"MostiFishMod:Speedup","floor":31}],"player_experience":316219,"relics_obtained":[{"floor":1,"key":"Question Card"},{"floor":3,"key":"LetterFromLob"},{"floor":6,"key":"Ornamental Fan"},{"floor":9,"key":"MawBank"},{"floor":10,"key":"DemoMod:GreenGuonStone"},{"floor":12,"key":"PreservedInsect"},{"floor":16,"key":"ImportantClient"},{"floor":23,"key":"PageOfFreischutz"},{"floor":27,"key":"DemoMod:WhiteGuonStone"},{"floor":28,"key":"DemoMod:RingOfEthereal"},{"floor":28,"key":"DemoMod:SerJunkan"},{"floor":29,"key":"Replay:Rubber Ducky"},{"floor":31,"key":"DemoMod:Junk"}],"event_choices":[{"damage_healed":0,"gold_gain":0,"cards_transformed":["Strike_P"],"player_choice":"Transformed","damage_taken":0,"max_hp_gain":0,"max_hp_loss":0,"event_name":"Transmorgrifier","floor":2,"gold_loss":0,"cards_obtained":["Tantrum"]},{"cards_removed":["Strike_P"],"damage_healed":0,"gold_gain":0,"player_choice":"Forget","damage_taken":0,"max_hp_gain":0,"max_hp_loss":0,"event_name":"Living Wall","floor":14,"gold_loss":0},{"damage_healed":0,"gold_gain":50,"player_choice":"Stole From Cult","damage_taken":0,"max_hp_gain":0,"max_hp_loss":0,"event_name":"Nest","floor":20,"gold_loss":0},{"damage_healed":0,"gold_gain":0,"player_choice":"Fight","damage_taken":0,"max_hp_gain":0,"max_hp_loss":0,"event_name":"Colosseum","floor":28,"gold_loss":0},{"damage_healed":0,"gold_gain":0,"player_choice":"Fought Nobs","damage_taken":0,"max_hp_gain":0,"max_hp_loss":0,"event_name":"Colosseum","floor":28,"gold_loss":0}],"is_beta":false,"boss_relics":[{"not_picked":["vexMod:CursedCompass","Tiny House"],"picked":"PatriotShield"}],"items_purged_floors":[30],"is_endless":false,"potions_floor_spawned":[3,4,10,11,18,21,27,28,28,31],"killed_by":"RedHoodMercenary","ascension_level":20}}