{"host":"f5h077e5av00giy4","time":1608034258,"event":{"mods":["Aspiration","BaseMod","Colored Powertips","Decade(王小明)","Hermit","Hunter 猎人","Koishi","KomeijiMod","Luminous","Marisa（F雨　魔理沙）","Minty Spire (QoL Compilation)","MostiFishMod","Quick Restart","Reimu（博丽灵梦）","Relic Stats","Remilia（蕾米莉亚）","Replay The Spire","RumiaBox-露米娅的神秘盒子","Shop Mod","Spicy Shops","StSLib","TestMod","The Gatherer","The Mystic","The Poker Player","The Runesmith","The Servant 0.9.4","Youmu（魂魄妖梦）","Yuyuko","noobMod","vexMod","【东方二次创作】八云紫mod","【功能Mod】聪明的最终Boss","【遗物卡牌】REMEMod"],"gold_per_floor":[118,118,118,118,129,161,161,153,153,163,163,177,189,209,209,306,306,323,35,47,64,80,105,125,142,165,184,194,212,212,26,26,127,127,144,144,162,180,197,229,241,241,241,254,254,270,284,295,295,295,295],"floor_reached":50,"playtime":4121,"items_purged":["Regret"],"score":710,"play_id":"0060f4ab-33b6-43aa-8567-6fd8b938505f","local_time":"20201215201058","is_ascension_mode":false,"campfire_choices":[{"data":"Apotheosis","floor":7.0,"key":"SMITH"},{"floor":15.0,"key":"DIG"},{"floor":30.0,"key":"RECALL"},{"data":"HeavenSword","floor":32.0,"key":"SMITH"},{"data":"ASingleThoughtAndInfiniteKalpas","floor":42.0,"key":"SMITH"},{"data":"SuddenPhantomFormationSlashOfKarmicWind","floor":49.0,"key":"SMITH"}],"circlet_count":1,"master_deck":["Strike_YM","Strike_YM","Strike_YM","Strike_YM","Defend_YM","Defend_YM","Defend_YM","Defend_YM","SlashOfPresentWorld","WheelOfPainOfLivingAndDead","Apotheosis+1","HeavenlyHaloSlash","Madness","Writhe","CrescentMoonSlash","SuddenPhantomFormationSlashOfKarmicWind+1","SwordExtraction","HeavenGodSword","PhosphoricSlash","LowerRealmReflectionSlash","IrresoluteSoul","HeavenSword+1","SlashOfMeditation","HellFireSword","FlashingScatteredFlowers+1","DoubleWheelOfPain","DeadlyForm","LowerRealmReflectionSlash+1","DispleasureOfTheSevenHakus","ThoughtCuttingSword+1","PretaSword","ReincarnationSword","testmod-Recap","ASingleThoughtAndInfiniteKalpas+1","ThreeKonsSevenHakus+1","Confused","RapidSlash","CherryBlossomFlashing+1","FantasyOfEnteringEnlightenment+1","HellGodSword+1","SlashOfMeditation+1","FlashingScatteredFlowers+1","LotusPostureSlash+1","TwoHundredYojanaInOneSlash+1","TenKingsRetributionOnThePreta"],"relics":["HalfPhantom","testmod-TestBox","ice","DaveBox","REME_ComplimentaryCards","testmod-InfectionSource","Circlet","Question Card","YidongShenshe:ReiMu","aspiration:AnachronicSnailShell","ImprovedEquipment","Blood Vial","Busted Crown","Chemical X","REME_CardOfGreed","Pet Ghost","FeatherPendant","vexMod:MemoryStick"],"acts_visited":[],"potions_floor_usage":[],"damage_taken":[{"damage":3.0,"enemies":"Jaw Worm","floor":1.0,"turns":2.0},{"damage":5.0,"enemies":"2 Louse","floor":5.0,"turns":2.0},{"damage":18.0,"enemies":"Lagavulin","floor":6.0,"turns":5.0},{"damage":3.0,"enemies":"Small Slimes","floor":8.0,"turns":2.0},{"damage":3.0,"enemies":"Looter","floor":10.0,"turns":2.0},{"damage":2.0,"enemies":"3 Louse","floor":12.0,"turns":2.0},{"damage":6.0,"enemies":"Gremlin Gang","floor":13.0,"turns":2.0},{"damage":3.0,"enemies":"2 Fungi Beasts","floor":14.0,"turns":2.0},{"damage":17.0,"enemies":"Fading Forest","floor":16.0,"turns":9.0},{"damage":3.0,"enemies":"2 Thieves","floor":18.0,"turns":2.0},{"damage":3.0,"enemies":"3 Byrds","floor":20.0,"turns":2.0},{"damage":3.0,"enemies":"Shelled Parasite and Fungi","floor":21.0,"turns":2.0},{"damage":3.0,"enemies":"Cultist and Chosen","floor":22.0,"turns":2.0},{"damage":12.0,"enemies":"Book of Stabbing","floor":23.0,"turns":4.0},{"damage":0.0,"enemies":"Snake Plant","floor":24.0,"turns":1.0},{"damage":5.0,"enemies":"Chosen and Byrds","floor":25.0,"turns":3.0},{"damage":5.0,"enemies":"Cultist and Chosen","floor":27.0,"turns":3.0},{"damage":0.0,"enemies":"3 Cultists","floor":28.0,"turns":4.0},{"damage":4.0,"enemies":"Shelled Parasite and Fungi","floor":29.0,"turns":3.0},{"damage":0.0,"enemies":"Collector","floor":33.0,"turns":6.0},{"damage":4.0,"enemies":"3 Darklings","floor":35.0,"turns":3.0},{"damage":0.0,"enemies":"3 Shapes","floor":37.0,"turns":2.0},{"damage":4.0,"enemies":"Transient","floor":38.0,"turns":5.0},{"damage":4.0,"enemies":"Sphere and 2 Shapes","floor":39.0,"turns":2.0},{"damage":1.0,"enemies":"Reptomancer","floor":40.0,"turns":2.0},{"damage":5.0,"enemies":"Spire Growth","floor":41.0,"turns":3.0},{"damage":0.0,"enemies":"3 Darklings","floor":44.0,"turns":2.0},{"damage":1.0,"enemies":"4 Shapes","floor":46.0,"turns":2.0},{"damage":18.0,"enemies":"Spire Growth","floor":47.0,"turns":4.0},{"damage":1.0,"enemies":"Jaw Worm Horde","floor":48.0,"turns":2.0},{"damage":0,"enemies":"Time Eater","floor":50,"turns":1}],"seed_played":"3746144225819243037","potions_obtained":[{"floor":8.0,"key":"LiquidMemories"},{"floor":10.0,"key":"CalmPotion"},{"floor":12.0,"key":"Weak Potion"},{"floor":13.0,"key":"LiquidBronze"},{"floor":18.0,"key":"SteroidPotion"},{"floor":23.0,"key":"CausticAgent"},{"floor":24.0,"key":"Death Potion"},{"floor":28.0,"key":"AttackPotion"},{"floor":29.0,"key":"SkillPotion"},{"floor":38.0,"key":"Ancient Potion"},{"floor":39.0,"key":"jedi:StrikingPotion"},{"floor":44.0,"key":"EntropicBrew"},{"floor":46.0,"key":"GrandPatriotsElixir:ReiMu"}],"is_trial":false,"path_per_floor":["M","?","?","?","M","E","R","M","T","M","?","M","M","M","R","B",null,"M","$","M","M","M","E","M","M","T","M","M","M","R","$","R","B",null,"M","?","M","M","M","E","M","R","T","M","?","M","M","M","R","B"],"character_chosen":"YOUMU","items_purchased":["Chemical X","REME_CardOfGreed","HellFireSword","testmod-Recap"],"campfire_rested":0,"item_purchase_floors":[19,19,19,31],"current_hp_per_floor":[79,79,79,79,74,56,56,53,53,50,50,48,42,39,39,42,82,79,79,78,77,76,66,68,65,65,62,64,62,62,62,62,64,82,78,78,80,78,76,77,74,74,74,76,76,77,61,62,62,64,64],"gold":295,"neow_bonus":"TEN_PERCENT_HP_BONUS","is_daily":false,"chose_seed":false,"campfire_upgraded":4,"win_rate":0.0,"timestamp":1608034258,"path_taken":["M","?","?","?","?","E","R","M","T","M","?","M","M","M","R","BOSS","M","$","M","M","M","E","?","M","T","M","M","M","R","$","R","BOSS","M","?","M","M","M","E","M","R","T","M","?","M","M","M","R","BOSS"],"items_purchased_type":["Relic","Relic","Card","Card"],"build_version":"2020-12-13","purchased_purges":1,"victory":false,"max_hp_per_floor":[82,82,82,82,82,82,82,82,82,82,82,82,82,82,82,82,82,82,82,82,82,82,82,82,82,82,82,82,82,82,82,82,82,82,82,82,82,82,82,82,82,82,82,82,82,82,82,82,82,82,82],"relic_stats":{"Blood Vial":42,"Busted Crown":44,"counters":[31,88],"Chemical X":[2],"Question Card":31,"obtain_stats":[{"vexMod:MemoryStick":40,"testmod-TestBox":0,"DaveBox":0,"ImprovedEquipment":9,"Circlet":0,"HalfPhantom":0,"ice":0,"Question Card":1,"Pet Ghost":23,"Blood Vial":15,"Busted Crown":17,"FeatherPendant":34,"aspiration:AnachronicSnailShell":6,"jedi:cryingmask":26,"YidongShenshe:ReiMu":3,"testmod-InfectionSource":0,"Chemical X":19,"REME_CardOfGreed":19,"SynthVGift-Tetrahedron":0,"REME_ComplimentaryCards":0},{"vexMod:MemoryStick":25,"testmod-TestBox":0,"DaveBox":0,"ImprovedEquipment":4,"Circlet":0,"HalfPhantom":0,"ice":0,"Question Card":1,"Pet Ghost":14,"Blood Vial":8,"Busted Crown":9,"FeatherPendant":20,"aspiration:AnachronicSnailShell":3,"jedi:cryingmask":16,"YidongShenshe:ReiMu":1,"testmod-InfectionSource":0,"Chemical X":10,"REME_CardOfGreed":10,"SynthVGift-Tetrahedron":0,"REME_ComplimentaryCards":0},{"vexMod:MemoryStick":74,"testmod-TestBox":0,"DaveBox":0,"ImprovedEquipment":11,"Circlet":0,"HalfPhantom":0,"ice":0,"Question Card":2,"Pet Ghost":40,"Blood Vial":19,"Busted Crown":28,"FeatherPendant":60,"aspiration:AnachronicSnailShell":9,"jedi:cryingmask":44,"YidongShenshe:ReiMu":2,"testmod-InfectionSource":0,"Chemical X":30,"REME_CardOfGreed":30,"SynthVGift-Tetrahedron":0,"REME_ComplimentaryCards":0}]},"card_choices":[{"not_picked":["SuddenPhantomFormationSlashOfKarmicWind","SwordOfBindingDesires"],"picked":"HeavenlyHaloSlash","floor":1.0},{"not_picked":["LowerRealmReflectionSlash","PreachingAvici","FantasyOfEnteringEnlightenment"],"picked":"CrescentMoonSlash","floor":5.0},{"not_picked":["DispleasureOfTheSevenHakus","LowerRealmReflectionSlash","ConstancyOfTheConventionalTruth"],"picked":"SuddenPhantomFormationSlashOfKarmicWind","floor":6.0},{"not_picked":["PreachingAvici","HellGodSword","ThreeKonsSevenHakus"],"picked":"SwordExtraction","floor":8.0},{"not_picked":["FlashingScatteredFlowers","SwordOfBindingDesires","CrescentMoonSlash"],"picked":"HeavenGodSword","floor":10.0},{"not_picked":["TenKingsRetributionOnThePreta","SwordOfBindingDesires","ThreeKonsSevenHakus"],"picked":"PhosphoricSlash","floor":12.0},{"not_picked":["SwordExtraction","SanzenSekai","SwordOfBindingDesires"],"picked":"LowerRealmReflectionSlash","floor":13.0},{"not_picked":["ConstancyOfTheConventionalTruth","SpiritCuttingSword","FiveSignsOfTheDyingDeva"],"picked":"IrresoluteSoul","floor":14.0},{"not_picked":["GreatEnlightenmentAppearingAndDisappearing","FastingOfTheYoungPreta","DeadlyForm"],"picked":"HeavenSword","floor":16.0},{"not_picked":["LifeCuttingSword"],"picked":"SlashOfMeditation","floor":18.0},{"not_picked":["PretaSword"],"picked":"FlashingScatteredFlowers+1","floor":20.0},{"not_picked":["LifeCuttingSword+1"],"picked":"HumanRealmSword+1","floor":21.0},{"not_picked":["FiveSignsOfTheDyingDeva"],"picked":"DoubleWheelOfPain","floor":22.0},{"not_picked":["SanzenSekai"],"picked":"DeadlyForm","floor":23.0},{"not_picked":["KarmicPunishmentOfTheIdleAndUnfocused"],"picked":"LowerRealmReflectionSlash+1","floor":24.0},{"not_picked":["DoubleWheelOfPain"],"picked":"DispleasureOfTheSevenHakus","floor":25.0},{"not_picked":["HellGodSword"],"picked":"ThoughtCuttingSword+1","floor":27.0},{"not_picked":["SpiritCuttingSword"],"picked":"PretaSword","floor":28.0},{"not_picked":["SlashClearingTheSixSenses+1"],"picked":"ReincarnationSword","floor":29.0},{"not_picked":["SlashOfTheEternalFuture"],"picked":"ASingleThoughtAndInfiniteKalpas","floor":33.0},{"not_picked":["DoubleWheelOfPain+1"],"picked":"ThreeKonsSevenHakus+1","floor":35.0},{"not_picked":["CrescentMoonSlash+1"],"picked":"RapidSlash","floor":37.0},{"not_picked":["ThreeKonsSevenHakus"],"picked":"CherryBlossomFlashing+1","floor":38.0},{"not_picked":["DispleasureOfTheSevenHakus+1"],"picked":"FantasyOfEnteringEnlightenment+1","floor":39.0},{"not_picked":["HumanRealmSword+1"],"picked":"HellGodSword+1","floor":40.0},{"not_picked":["CrescentMoonSlash"],"picked":"SlashOfMeditation+1","floor":41.0},{"not_picked":["SpiritCuttingSword+1"],"picked":"FlashingScatteredFlowers+1","floor":44.0},{"not_picked":["HesitationCuttingSword+1"],"picked":"LotusPostureSlash+1","floor":46.0},{"not_picked":["ASingleThoughtAndInfiniteKalpas"],"picked":"TwoHundredYojanaInOneSlash+1","floor":47.0},{"not_picked":["SwordOfBindingDesires"],"picked":"TenKingsRetributionOnThePreta","floor":48.0}],"player_experience":240989,"relics_obtained":[{"floor":1.0,"key":"Question Card"},{"floor":6.0,"key":"aspiration:AnachronicSnailShell"},{"floor":9.0,"key":"ImprovedEquipment"},{"floor":15.0,"key":"Blood Vial"},{"floor":23.0,"key":"Pet Ghost"},{"floor":26.0,"key":"jedi:cryingmask"},{"floor":40.0,"key":"vexMod:MemoryStick"}],"event_choices":[{"damage_healed":0.0,"max_hp_gain":0.0,"max_hp_loss":0.0,"gold_gain":0.0,"event_name":"yidonshenshe","player_choice":"带走神社","floor":3.0,"gold_loss":0.0,"damage_taken":0.0,"relics_obtained":["YidongShenshe:ReiMu"],"cards_obtained":["Poor:ReiMu"]},{"cards_removed":["Poor:ReiMu"],"damage_healed":0.0,"max_hp_gain":0.0,"max_hp_loss":0.0,"gold_gain":0.0,"event_name":"Purifier","player_choice":"Purged","floor":11.0,"gold_loss":0.0,"damage_taken":0.0},{"cards_removed":["HumanRealmSword"],"damage_healed":0.0,"max_hp_gain":0.0,"max_hp_loss":0.0,"gold_gain":0.0,"event_name":"Falling","player_choice":"Removed Skill","floor":45.0,"gold_loss":0.0,"damage_taken":0.0}],"is_beta":false,"boss_relics":[{"not_picked":["aspiration:IroncladSkillbook","testmod-Recursion"],"picked":"Busted Crown"},{"not_picked":["testmod-Nine","Runic Pyramid"],"picked":"FeatherPendant"}],"items_purged_floors":[19],"is_endless":false,"potions_floor_spawned":[8,10,12,13,18,23,24,28,29,38,39,44,46],"killed_by":"Time Eater","ascension_level":0}}