{"host":"g53rv5lvqt2dt0d8","time":1608051701,"event":{"mods":["AchievementEnabler","BaseMod","Better Match","BetterRewards","Card Forge","Colored Map","Colored Powertips","Infinite Spire","Minty Spire (QoL Compilation)","Quick Restart","Replay The Spire","StSLib","Unceasing Turn Reminder"],"gold_per_floor":[113,125,135,153,153,153,183,183,183,197,42,76,108,134,134,237,237,249,266,282,296,296,296,365,376,376,392,88,119,119,153,153,258,258,271,271,271,282,297,297,330,330,356,356,387,387,387,406,406,406,406,406,60,95,95],"floor_reached":56,"playtime":2895,"items_purged":[],"score":2598,"play_id":"fb9d65d9-71a5-44d3-b0a2-4b62a7e83c28","local_time":"20201215170141","is_ascension_mode":true,"campfire_choices":[{"floor":6.0,"key":"RECALL"},{"floor":8.0,"key":"REST"},{"floor":15.0,"key":"REST"},{"floor":23.0,"key":"REST"},{"floor":32.0,"key":"REST"},{"floor":40,"key":"REST"},{"floor":44,"key":"REST"},{"floor":49,"key":"REST"},{"floor":52,"key":"REST"}],"circlet_count":0,"master_deck":["AscendersBane","Survivor+1","Neutralize+1","Dash+1","Poisoned Stab+1","Bouncing Flask+1","Backflip+1","Footwork+1","Glass Knife+1","Dagger Throw+1","infinitespire:NeuralNetwork+1","infinitespire:Fortify+1","infinitespire:Gouge+1","Backflip+1","Catalyst+1","Quick Slash+1","Deadly Poison+1","Noxious Fumes+1","Footwork+1","infinitespire:Fortify+1","infinitespire:Neurotoxin+1","Blur+1","Die Die Die+1","Toxin Wave","ReplayTheSpireMod:Exploit Weakness+1"],"relics":["Ring of the Serpent","Hammer of Thor","Seething Fire","Anvil of the Gods","Strawberry","Calipers","Tiny Chest","Art of War","WingedGreaves","Boot","Matryoshka","The Specimen","Singing Bowl","Pantograph","Bag of Marbles","Meat on the Bone","Nunchaku","Tingsha","Juzu Bracelet","Blue Candle","HoveringKite","Ornamental Fan","Lantern","Runic Pyramid","StoneCalendar","Toy Ornithopter","MealTicket","Ice Cream","Mummified Hand"],"acts_visited":["Exordium","TheCity","TheBeyond","TheEnding"],"potions_floor_usage":[48,50],"damage_taken":[{"damage":0.0,"enemies":"Small Slimes","floor":1.0,"turns":2.0},{"damage":9.0,"enemies":"infinitespire:Voidling","floor":2.0,"turns":3.0},{"damage":0.0,"enemies":"2 Louse","floor":3.0,"turns":2.0},{"damage":0.0,"enemies":"2 Fungi Beasts","floor":4.0,"turns":3.0},{"damage":0.0,"enemies":"3 Sentries","floor":7.0,"turns":6.0},{"damage":6.0,"enemies":"Gremlin Gang","floor":10.0,"turns":3.0},{"damage":0.0,"enemies":"Gremlin Nob","floor":12.0,"turns":2.0},{"damage":0.0,"enemies":"3 Sentries","floor":13.0,"turns":4.0},{"damage":0.0,"enemies":"Lagavulin","floor":14.0,"turns":5.0},{"damage":0.0,"enemies":"The Guardian","floor":16.0,"turns":6.0},{"damage":0.0,"enemies":"Chosen","floor":18.0,"turns":3.0},{"damage":5.0,"enemies":"Shell Parasite","floor":19.0,"turns":6.0},{"damage":9.0,"enemies":"Shelled Parasite and Fungi","floor":20.0,"turns":4.0},{"damage":4.0,"enemies":"3 Cultists","floor":21.0,"turns":6.0},{"damage":6.0,"enemies":"Snake Plant","floor":25.0,"turns":4.0},{"damage":2.0,"enemies":"Centurion and Healer","floor":27.0,"turns":5.0},{"damage":8.0,"enemies":"Book of Stabbing","floor":29.0,"turns":5.0},{"damage":15.0,"enemies":"Slavers","floor":31.0,"turns":6.0},{"damage":0.0,"enemies":"Champ","floor":33.0,"turns":8.0},{"damage":4.0,"enemies":"Orb Walker","floor":35.0,"turns":4.0},{"damage":15,"enemies":"3 Darklings","floor":38,"turns":5},{"damage":10,"enemies":"Maw","floor":39,"turns":6},{"damage":23,"enemies":"Reptomancer","floor":41,"turns":6},{"damage":0,"enemies":"Giant Head","floor":45,"turns":6},{"damage":0,"enemies":"Sphere and 2 Shapes","floor":48,"turns":5},{"damage":18,"enemies":"Time Eater","floor":50,"turns":7},{"damage":2,"enemies":"Shield and Spear","floor":54,"turns":6},{"damage":51,"enemies":"The Heart","floor":55,"turns":7}],"seed_played":"164435221819452535","potions_obtained":[{"floor":1.0,"key":"Explosive Potion"},{"floor":3.0,"key":"CultistPotion"},{"floor":13.0,"key":"Swift Potion"},{"floor":20.0,"key":"Regen Potion"},{"floor":25.0,"key":"EssenceOfSteel"}],"is_trial":false,"path_per_floor":["M","M","M","M","?","R","E","R","T","M","$","E","E","E","R","B",null,"M","M","M","M","?","R","T","M","T","M","$","E","?","E","R","B",null,"M","?","T","M","M","R","E","AVR","T","R","E","?","?","M","R","B",null,"R","$","E","B",null],"character_chosen":"THE_SILENT","items_purchased":["Dash","Poisoned Stab","Strawberry","Tiny Chest","Art of War","infinitespire:BlackPotion","Tingsha","Toxin Wave","Ice Cream"],"campfire_rested":8,"item_purchase_floors":[0,0,0,0,0,11,28,53,53],"current_hp_per_floor":[70,70,70,70,70,70,70,77,77,71,71,71,71,71,77,79,79,81,76,67,80,80,83,83,77,77,77,77,69,69,56,82,87,87,83,83,83,70,62,89,66,66,66,91,93,93,93,95,95,77,91,95,95,93,56],"gold":95,"neow_bonus":"","is_daily":false,"chose_seed":false,"campfire_upgraded":0,"win_rate":0.0,"timestamp":1608051701,"path_taken":["M","M","M","M","?","R","E","R","T","M","$","E","E","E","R","BOSS","M","M","M","?","?","R","?","M","T","?","$","E","?","E","R","BOSS","M","?","?","M","M","R","E","AVR","T","R","E","?","?","M","R","BOSS","R","$","E","BOSS"],"items_purchased_type":["Card","Card","Relic","Relic","Relic","Potion","Relic","Card","Relic"],"build_version":"2020-12-13","purchased_purges":0,"victory":true,"max_hp_per_floor":[77,77,77,77,77,77,77,77,77,77,77,77,77,77,77,79,79,81,81,81,83,83,83,83,83,83,85,85,85,85,87,87,87,87,87,87,87,89,91,91,91,91,91,91,93,93,93,95,95,95,95,95,95,95,95],"card_choices":[{"not_picked":["Underhanded Strike","Dagger Throw"],"picked":"Bouncing Flask","floor":1.0},{"not_picked":["Blade Dance","Cloak And Dagger"],"picked":"Backflip","floor":2.0},{"not_picked":["Quick Slash","Underhanded Strike"],"picked":"Footwork","floor":3.0},{"not_picked":["Infinite Blades","Concentrate"],"picked":"Glass Knife","floor":4.0},{"not_picked":["Expertise","Glass Knife"],"picked":"All Out Attack","floor":7.0},{"not_picked":["Expertise","Heel Hook"],"picked":"Dagger Throw","floor":10.0},{"not_picked":["Tactician","Setup","Underhanded Strike"],"picked":"SKIP","floor":12.0},{"not_picked":["Masterful Stab","Distraction"],"picked":"Backflip","floor":13.0},{"not_picked":["Flechettes","Outmaneuver"],"picked":"Catalyst","floor":14.0},{"not_picked":["Unload","Grand Finale","Storm of Steel"],"picked":"Singing Bowl","floor":16.0},{"not_picked":["Backflip+1","Poisoned Stab","Deflect"],"picked":"Singing Bowl","floor":18.0},{"not_picked":["Dodge and Roll","Blur"],"picked":"Quick Slash+1","floor":19.0},{"not_picked":["Flying Knee","Slice+1"],"picked":"Deadly Poison","floor":20.0},{"not_picked":["Endless Agony","Sucker Punch","Phantasmal Killer"],"picked":"Singing Bowl","floor":21.0},{"not_picked":["Setup+1","Slice"],"picked":"Noxious Fumes","floor":25.0},{"not_picked":["Distraction+1","Quick Slash","All Out Attack"],"picked":"Singing Bowl","floor":27.0},{"not_picked":["Quick Slash","Die Die Die"],"picked":"Footwork","floor":29.0},{"not_picked":["Bouncing Flask","Backflip","Expertise"],"picked":"Singing Bowl","floor":31.0},{"not_picked":["Corpse Explosion","Grand Finale"],"picked":"infinitespire:Neurotoxin","floor":33.0},{"not_picked":["Backflip","Infinite Blades"],"picked":"Blur","floor":35.0},{"not_picked":["Deflect+1","Concentrate+1","Dagger Throw"],"picked":"Singing Bowl","floor":38},{"not_picked":["Outmaneuver","Backflip+1","Poisoned Stab"],"picked":"Singing Bowl","floor":39},{"not_picked":["ReplayTheSpireMod:Tripwire","Dagger Throw+1"],"picked":"Die Die Die","floor":41},{"not_picked":["Blur+1","Deflect+1","Corpse Explosion"],"picked":"Singing Bowl","floor":45},{"not_picked":["PiercingWail+1","Acrobatics+1","Predator"],"picked":"Singing Bowl","floor":48},{"not_picked":["Blade Dance","Outmaneuver"],"picked":"ReplayTheSpireMod:Exploit Weakness+1","floor":54}],"player_experience":492261,"relics_obtained":[{"floor":7.0,"key":"Boot"},{"floor":12.0,"key":"Matryoshka"},{"floor":13.0,"key":"The Specimen"},{"floor":14.0,"key":"Singing Bowl"},{"floor":24.0,"key":"Pantograph"},{"floor":24.0,"key":"Bag of Marbles"},{"floor":26.0,"key":"Meat on the Bone"},{"floor":26.0,"key":"Nunchaku"},{"floor":29.0,"key":"Juzu Bracelet"},{"floor":31.0,"key":"Blue Candle"},{"floor":37,"key":"Ornamental Fan"},{"floor":41,"key":"Lantern"},{"floor":43,"key":"Toy Ornithopter"},{"floor":45,"key":"MealTicket"},{"floor":54,"key":"Mummified Hand"}],"event_choices":[{"damage_healed":0.0,"max_hp_gain":0.0,"max_hp_loss":0.0,"gold_gain":0.0,"event_name":"The Woman in Blue","player_choice":"Bought 0 Potions","floor":5.0,"gold_loss":0.0,"damage_taken":0.0},{"damage_healed":0.0,"max_hp_gain":0.0,"max_hp_loss":0.0,"gold_gain":0.0,"event_name":"Beggar","player_choice":"Ignored","floor":22.0,"gold_loss":0.0,"damage_taken":0.0},{"damage_healed":0.0,"max_hp_gain":0.0,"max_hp_loss":0.0,"gold_gain":0.0,"event_name":"Forgotten Altar","player_choice":"Smashed Altar","floor":30.0,"gold_loss":0.0,"damage_taken":0.0,"cards_obtained":["Decay"]},{"damage_healed":0,"gold_gain":0,"player_choice":"Ignored","damage_taken":0,"max_hp_gain":0,"max_hp_loss":0,"event_name":"Mysterious Sphere","floor":36,"gold_loss":0},{"cards_removed":["Defend_G"],"damage_healed":0,"gold_gain":0,"player_choice":"Offered Basic","damage_taken":0,"max_hp_gain":0,"max_hp_loss":0,"event_name":"Bonfire Elementals","floor":46,"gold_loss":0},{"cards_removed":["All Out Attack"],"damage_healed":0,"gold_gain":0,"player_choice":"Removed Attack","damage_taken":0,"max_hp_gain":0,"max_hp_loss":0,"event_name":"Falling","floor":47,"gold_loss":0}],"is_beta":false,"boss_relics":[{"not_picked":["WristBlade","Tiny House"],"picked":"Ring of the Serpent"},{"not_picked":["Coffee Dripper","Velvet Choker"],"picked":"HoveringKite"}],"items_purged_floors":[],"is_endless":false,"potions_floor_spawned":[1,3,4,13,16,20,25,31,33,38,41],"ascension_level":11}}