{"host":"jmyzvm1p6bjfuoy1","time":1608062068,"event":{"mods":["2.2 Compatiblity","AchievementEnabler","Aspiration","BaseMod","BetterRewards","Conspire","Hubris","Hunter ??","Jedi Mod","Minty Spire (QoL Compilation)","Permanent Neow","Rare Cards Sparkle","Shop Mod","Spicy Shops","StSLib","The Runesmith"],"gold_per_floor":[115,115,115,290,310,325,342,352,352,352,384,397,397,447,447,546,546,566,577,40,40,40],"floor_reached":21,"playtime":6239,"items_purged":[],"score":181,"play_id":"23f8d40e-227a-4906-af9a-61c14dd041b3","local_time":"20201215145428","is_ascension_mode":false,"campfire_choices":[{"floor":10.0,"key":"REST"},{"floor":13.0,"key":"REST"},{"floor":15.0,"key":"REST"}],"circlet_count":0,"master_deck":["Runesmith:Strike_RS","Runesmith:Strike_RS+1","Runesmith:Strike_RS","Runesmith:Strike_RS","Runesmith:Defend_RS","Runesmith:Defend_RS","Runesmith:Defend_RS","Runesmith:Defend_RS+1","Runesmith:CraftFirestone","Runesmith:Fortify","Runesmith:CraftProtectio","Doubt","Runesmith:ChargedHammer","Runesmith:CraftIndustria","Runesmith:CraftMagma","Runesmith:Grindstone","Runesmith:UnstableHammer","Runesmith:ChiselStab","Runesmith:ReplicatingBarrier","Runesmith:RuneHurl","Runesmith:Electrocute","Runesmith:Firestorm","Runesmith:BackupBattery","Runesmith:HeatedChisel","Runesmith:UnstableHammer","jedi:LeechingStrike"],"relics":["Runesmith:BrokenRuby","aspiration:Nostalgia","Ring of the Snake","hubris:Towel","Anchor","Potion Belt","Regal Pillow","hubris:HollowSoul","HandDrill"],"acts_visited":["Exordium","TheCity"],"potions_floor_usage":[21,21],"damage_taken":[{"damage":2.0,"enemies":"2 Louse","floor":1.0,"turns":3.0},{"damage":0.0,"enemies":"conspire:RoseBush","floor":5.0,"turns":3.0},{"damage":7.0,"enemies":"Jaw Worm","floor":6.0,"turns":3.0},{"damage":5.0,"enemies":"2 Fungi Beasts","floor":7.0,"turns":4.0},{"damage":3.0,"enemies":"Exordium Wildlife","floor":8.0,"turns":6.0},{"damage":40.0,"enemies":"Gremlin Nob","floor":11.0,"turns":5.0},{"damage":9.0,"enemies":"Blue Slaver","floor":12.0,"turns":4.0},{"damage":50.0,"enemies":"Slime Boss","floor":16.0,"turns":12.0},{"damage":23.0,"enemies":"conspire:FuzzyDice","floor":18.0,"turns":7.0},{"damage":18,"enemies":"Spheric Guardian","floor":19,"turns":4},{"damage":18,"enemies":"Chosen and Byrds","floor":21,"turns":4}],"seed_played":"8245071745672271829","potions_obtained":[{"floor":5.0,"key":"DistilledChaos"},{"floor":6.0,"key":"Explosive Potion"},{"floor":8.0,"key":"SkillPotion"},{"floor":16.0,"key":"jedi:holywater"},{"floor":18.0,"key":"jedi:tentaclejuice"}],"is_trial":false,"path_per_floor":["M","?","?","?","M","M","M","M","T","R","E","M","R","T","R","B",null,"M","M","$","M"],"character_chosen":"RUNESMITH_CLASS","items_purchased":["Runesmith:Firestorm","Runesmith:BackupBattery","Runesmith:HeatedChisel","HandDrill","Runesmith:UnstableHammer","jedi:LeechingStrike"],"campfire_rested":3,"item_purchase_floors":[20,20,20,20,20,20],"current_hp_per_floor":[68,68,54,54,54,47,42,39,39,60,20,11,32,32,68,18,70,47,29,29,0,0],"gold":40,"neow_bonus":"NOSTALGIA","is_daily":false,"chose_seed":false,"campfire_upgraded":0,"win_rate":0.0,"timestamp":1608062068,"path_taken":["M","?","?","?","M","M","M","?","T","R","E","M","R","?","R","BOSS","M","M","$","M"],"items_purchased_type":["Card","Card","Card","Relic","Card","Card"],"build_version":"2020-12-13","purchased_purges":0,"victory":false,"max_hp_per_floor":[70,70,70,70,70,70,70,70,70,70,70,70,70,70,70,70,70,70,70,70,70,70],"card_choices":[{"not_picked":["Runesmith:MakeshiftArmor","Runesmith:ShiftingStrike"],"picked":"Runesmith:CraftProtectio","floor":1.0},{"not_picked":["Runesmith:Repurpose","Runesmith:Grindstone"],"picked":"Runesmith:ChargedHammer","floor":5.0},{"not_picked":["Runesmith:ChaoticBlast","Runesmith:Overpower"],"picked":"Runesmith:CraftIndustria","floor":6.0},{"not_picked":["Runesmith:EarthShield","Runesmith:ShiftingStrike"],"picked":"Runesmith:CraftMagma","floor":7.0},{"not_picked":["Runesmith:PerfectChisel","Runesmith:HeatExchange"],"picked":"Runesmith:Grindstone","floor":8.0},{"not_picked":["Runesmith:MetallurgicalResearch","Runesmith:PerfectChisel"],"picked":"Runesmith:UnstableHammer","floor":11.0},{"not_picked":["Runesmith:Grindstone","Runesmith:CraftVitae"],"picked":"Runesmith:ChiselStab","floor":12.0},{"not_picked":["Runesmith:Duplicate","Runesmith:CraftIndustria"],"picked":"Runesmith:ReplicatingBarrier","floor":16.0},{"not_picked":["Runesmith:MakeshiftArmor+1","Runesmith:NegativeSpace"],"picked":"Runesmith:RuneHurl","floor":18.0},{"not_picked":["Runesmith:Grindstone","Runesmith:ShiftingStrike"],"picked":"Runesmith:Electrocute","floor":19}],"player_experience":282805,"relics_obtained":[{"floor":9.0,"key":"Anchor"},{"floor":11.0,"key":"Potion Belt"},{"floor":14.0,"key":"Regal Pillow"}],"event_choices":[{"damage_healed":0.0,"max_hp_gain":0.0,"max_hp_loss":0.0,"gold_gain":0.0,"event_name":"Shining Light","player_choice":"Entered Light","floor":3.0,"gold_loss":0.0,"damage_taken":14.0,"cards_upgraded":["Runesmith:Defend_RS","Runesmith:Strike_RS"]},{"damage_healed":0.0,"max_hp_gain":0.0,"max_hp_loss":0.0,"gold_gain":175.0,"event_name":"Liars Game","player_choice":"AGREE","floor":4.0,"gold_loss":0.0,"damage_taken":0.0,"cards_obtained":["Doubt"]}],"is_beta":false,"boss_relics":[{"not_picked":["hubris:TerracottaHorce","Runic Dome"],"picked":"hubris:HollowSoul"}],"items_purged_floors":[],"is_endless":false,"potions_floor_spawned":[5,6,8,16,18],"killed_by":"Chosen and Byrds","ascension_level":0}}