{"host":"e40jm352kjzixotw","time":1608060564,"event":{"mods":["BaseMod","Better Altar","BetterRewards","Colored Map","Colored Powertips","DeckTracker","Dota2Spire","Downfall","Infinite Spire","Koishi","Marisa????????","Minty Spire (QoL Compilation)","Rare Cards Sparkle","Relic Stats","StSLib","Td1madao Mod","The Animator","The Mystic","The Servant 0.9.4"],"gold_per_floor":[211,64,14,31,41,76,76,76,150,150,185,201,201,214,214,344,344,364,364,289,314,314,314,314,352,430,474,488,488,688,729,729,860,860,878,878,878],"floor_reached":36,"playtime":1842,"items_purged":["Alleviate"],"score":553,"play_id":"698db0d0-9d15-4c28-beff-448c92f66920","local_time":"20201215202924","is_ascension_mode":true,"campfire_choices":[{"data":"SilverBlades","floor":8,"key":"SMITH"},{"data":"SilverBlades","floor":13,"key":"SMITH"},{"data":"Moonlight","floor":15,"key":"SMITH"},{"data":"SurpressingFire","floor":23,"key":"SMITH"},{"data":"Foresight","floor":29,"key":"SMITH"},{"floor":32,"key":"REST"}],"circlet_count":0,"master_deck":["Strike_S+1","Defend_S+1","Defend_S+1","Defend_S+1","Defend_S+1","KidneyShot","Exchange","Potential","SilverBlades+1","Moonlight+1","SilverBlades+1","BottledTime","GearUp","FanOfKnives","Foresight+1","KillingDoll","SurpressingFire+1","Luminosity","ShiftingGears","SilverBlades+1","Revamp","FlawlessForm"],"relics":["Uniform","Mango","FossilizedHelix","Dota2Spire:AghanimScepter","Golden Idol","TungstenRod","infinitespire:Lychee Nut","Bottled Lightning","Centennial Puzzle","Empty Cage"],"acts_visited":["Exordium","TheCity","TheBeyond"],"potions_floor_usage":[16,28,36],"damage_taken":[{"damage":0,"enemies":"2 Louse","floor":1,"turns":4},{"damage":3,"enemies":"Jaw Worm","floor":4,"turns":4},{"damage":0,"enemies":"Cultist","floor":5,"turns":2},{"damage":28,"enemies":"3 Sentries","floor":6,"turns":8},{"damage":3,"enemies":"Lagavulin","floor":11,"turns":6},{"damage":0,"enemies":"Large Slime","floor":12,"turns":4},{"damage":0,"enemies":"3 Louse","floor":14,"turns":4},{"damage":0,"enemies":"Slime Boss","floor":16,"turns":5},{"damage":3,"enemies":"Shell Parasite","floor":18,"turns":3},{"damage":0,"enemies":"Chosen","floor":21,"turns":4},{"damage":34,"enemies":"Gremlin Leader","floor":25,"turns":6},{"damage":0,"enemies":"Nightmare","floor":27,"turns":6},{"damage":12,"enemies":"Snake Plant","floor":28,"turns":2},{"damage":17,"enemies":"Gremlin Leader","floor":31,"turns":5},{"damage":19,"enemies":"Champ","floor":33,"turns":6},{"damage":25,"enemies":"Orb Walker","floor":35,"turns":5},{"damage":26,"enemies":"infinitespire:Three Voidlings","floor":36,"turns":4},{"damage":16,"enemies":"Nightmare_Alpha","floor":36,"turns":3}],"seed_played":"5827334097643307074","potions_obtained":[{"floor":4,"key":"Dota2Spire:Clarity"},{"floor":5,"key":"SpeedPotion"},{"floor":11,"key":"AttackPotion"},{"floor":27,"key":"Dota2Spire:HealingSalve"}],"is_trial":false,"path_per_floor":["M","$","?","M","M","E","T","R","T","?","E","M","R","M","R","B",null,"M","?","$","M","AVR","R","?","E","T","NM","M","R","?","E","R","B",null,"M","?"],"character_chosen":"THE_SERVANT","items_purchased":["SilverBlades","Moonlight"],"campfire_rested":1,"item_purchase_floors":[2,2],"current_hp_per_floor":[65,65,65,62,62,48,48,48,48,48,45,45,45,45,45,45,73,70,70,70,70,54,54,54,21,21,27,21,21,21,10,26,13,54,30,0,0],"gold":878,"neow_bonus":"HUNDRED_GOLD","is_daily":false,"chose_seed":false,"campfire_upgraded":5,"win_rate":0.0,"timestamp":1608060564,"path_taken":["M","$","?","M","M","E","?","R","T","?","E","?","R","M","R","BOSS","M","?","$","M","AVR","R","?","E","T","NM","M","R","?","E","R","BOSS","M","?"],"items_purchased_type":["Card","Card"],"build_version":"2020-12-13","purchased_purges":1,"victory":false,"max_hp_per_floor":[65,65,65,65,65,79,79,79,79,73,73,73,73,73,73,73,73,73,73,73,73,54,54,54,54,54,54,54,54,54,54,54,54,54,54,54,54],"relic_stats":{"Centennial Puzzle":[4],"counters":[18,81],"Golden Idol":131,"obtain_stats":[{"Dota2Spire:AghanimScepter":9,"Centennial Puzzle":31,"Golden Idol":10,"infinitespire:Lychee Nut":22,"Mango":6,"Uniform":0,"Bottled Lightning":27,"Empty Cage":34,"FossilizedHelix":7,"TungstenRod":11},{"Dota2Spire:AghanimScepter":4,"Centennial Puzzle":14,"Golden Idol":4,"infinitespire:Lychee Nut":10,"Mango":4,"Uniform":0,"Bottled Lightning":12,"Empty Cage":15,"FossilizedHelix":4,"TungstenRod":5},{"Dota2Spire:AghanimScepter":18,"Centennial Puzzle":63,"Golden Idol":18,"infinitespire:Lychee Nut":44,"Mango":18,"Uniform":0,"Bottled Lightning":56,"Empty Cage":69,"FossilizedHelix":18,"TungstenRod":24}],"TungstenRod":28},"card_choices":[{"not_picked":["Defy","Revamp"],"picked":"Potential","floor":1},{"not_picked":["Replace","Spin"],"picked":"SilverBlades","floor":4},{"not_picked":["Spin","Alleviate"],"picked":"BottledTime","floor":5},{"not_picked":["Snipe","Sabotage"],"picked":"Alleviate","floor":6},{"not_picked":["Unruled","Alleviate"],"picked":"GearUp","floor":11},{"not_picked":["BottledTime","Unruled"],"picked":"FanOfKnives","floor":12},{"not_picked":["MoonPhase","FanOfKnives"],"picked":"Foresight","floor":14},{"not_picked":["MurderousAura","LightFlow"],"picked":"KillingDoll","floor":16},{"not_picked":["ShatteredReality+1","ShiftingGears"],"picked":"SurpressingFire","floor":18},{"not_picked":["Defy+1","TimeWarp+1","Misdirection"],"picked":"SKIP","floor":21},{"not_picked":["Foresight+1","Starlight"],"picked":"ShiftingGears","floor":25},{"not_picked":["BottledTime","SurpressingFire"],"picked":"SilverBlades+1","floor":27},{"not_picked":["Spin","Reset","GearUp+1"],"picked":"SKIP","floor":28},{"not_picked":["Alleviate","Rearm"],"picked":"Revamp","floor":31},{"not_picked":["PendulumOfEternity","Sunlight"],"picked":"FlawlessForm","floor":33},{"not_picked":["ShiftingGears","Rewind","Moonlight"],"picked":"SKIP","floor":35}],"player_experience":1217534,"relics_obtained":[{"floor":6,"key":"Mango"},{"floor":7,"key":"FossilizedHelix"},{"floor":9,"key":"Dota2Spire:AghanimScepter"},{"floor":11,"key":"TungstenRod"},{"floor":27,"key":"Bottled Lightning"},{"floor":31,"key":"Centennial Puzzle"}],"event_choices":[{"cards_removed":["Strike_S"],"damage_healed":0,"gold_gain":0,"player_choice":"Card Removal","damage_taken":0,"max_hp_gain":0,"max_hp_loss":0,"event_name":"The Cleric","floor":3,"gold_loss":50},{"damage_healed":0,"gold_gain":0,"player_choice":"Lose Max HP","damage_taken":0,"relics_obtained":["Golden Idol"],"max_hp_gain":0,"max_hp_loss":6,"event_name":"Golden Idol","floor":10,"gold_loss":0},{"damage_healed":0,"gold_gain":0,"player_choice":"Simplicity","damage_taken":0,"max_hp_gain":0,"max_hp_loss":0,"event_name":"Back to Basics","floor":19,"gold_loss":0,"cards_upgraded":["Strike_S","Strike_S","Strike_S","Defend_S","Defend_S","Defend_S","Defend_S"]},{"damage_healed":0,"gold_gain":0,"player_choice":"Read","damage_taken":0,"max_hp_gain":0,"max_hp_loss":0,"event_name":"The Library","floor":24,"gold_loss":0,"cards_obtained":["Luminosity"]},{"damage_healed":0,"gold_gain":200,"player_choice":"Gold","damage_taken":0,"max_hp_gain":0,"max_hp_loss":0,"event_name":"Wheel of Change","floor":30,"gold_loss":0}],"is_beta":false,"boss_relics":[{"not_picked":["Busted Crown","MysterySword","Velvet Choker"]},{"not_picked":["Calling Bell","Coffee Dripper"],"picked":"Empty Cage"}],"items_purged_floors":[20],"is_endless":true,"potions_floor_spawned":[4,5,11,12,14,27],"killed_by":"Nightmare_Alpha","ascension_level":1}}