{"host":"gzk4gkgy3zij1c51","time":1608042423,"event":{"mods":["BaseMod","Colored Map","Downfall","Highlight Path","Minty Spire (QoL Compilation)","Relic Stats","StSLib","everything is the same but u backflip on backflip"],"gold_per_floor":[349,382,232,243,256,181,206,216,14,43,56,75,91,541,559,657,657,657,684,702,713,713,747,747,767,692,727,677,696,68,168,188,284,284,284,69,99,99,199,209,279,204,135,135,155,173,186,236,255,255,255,283,15,15,15],"floor_reached":56,"playtime":8999,"items_purged":["Slimebound:Icky","Slimebound:Icky","Slimebound:Icky"],"score":1324,"play_id":"2317481c-cb33-48d3-b41e-45e8c4858c5d","local_time":"20201215142703","is_ascension_mode":false,"campfire_choices":[{"floor":1.0,"key":"RECALL"},{"data":"champ:Taunt","floor":6.0,"key":"SMITH"},{"data":"champ:SteelEdge","floor":18.0,"key":"SMITH"},{"data":"champ:EndlessRage","floor":22.0,"key":"SMITH"},{"data":"champ:CrookedStrike","floor":26.0,"key":"SMITH"},{"data":"champ:GutPunch","floor":35.0,"key":"SMITH"},{"data":"champ:ShieldThrow","floor":38.0,"key":"SMITH"},{"data":"champ:FanOfKnives","floor":42.0,"key":"SMITH"},{"data":"champ:Encircle","floor":44.0,"key":"SMITH"},{"data":"champ:FanOfKnives","floor":54,"key":"SMITH"}],"circlet_count":0,"master_deck":["champ:Strike","champ:Strike","champ:Defend","champ:Defend","champ:Defend","champ:Defend","champ:Execute","champ:Taunt+1","Clumsy","champ:BringItOn+1","champ:Circumvent+1","champ:Shatter","champ:PreciseThrust","champ:HeartStrike","champ:HoldFirm+1","champ:ShieldWall","champ:StanceDance+1","champ:CheapShot","champ:FanOfKnives+1","champ:FocusedBerserking+1","champ:SteelEdge+1","champ:Riposte+1","champ:EndlessRage+1","champ:GladiatorsShout+1","champ:CrookedStrike+1","champ:GutPunch+1","champ:RisingSlash","champ:Lariat+1","Bandage Up+1","champ:LastStand","champ:EnragedBash","J.A.X.+1","champ:AdrenalArmor+1","champ:BerserkerStyle","champ:FanOfKnives+1","champ:GladiatorStyle+1","champ:ShieldThrow+1","champ:Backstep+1","champ:ArenaPreparation+1","champ:IronFortress+1","champ:FlashCut","champ:Backstep+1","champ:Encircle+1","champ:DefensiveStyle+1","champ:AdrenalArmor+1","champ:EnGarde+1","champ:EndlessRage+1"],"relics":["champ:ChampionCrown","Toxic Egg 2","downfall:HeartBlessingRed","Toy Ornithopter","Singing Bowl","expansioncontent:StudyCardRelic","Vajra","Meat on the Bone","Sundial","downfall:HeartBlessingGreen","Incense Burner","Blood Vial","MutagenicStrength","SacredBark","Oddly Smooth Stone","Eternal Feather","Frozen Egg 2","White Beast Statue","downfall:HeartBlessingBlue","Turnip","Strawberry","Sling"],"acts_visited":["Exordium","TheCity","TheBeyond","TheEnding"],"potions_floor_usage":[55,55,55],"damage_taken":[{"damage":47.0,"enemies":"Lagavulin","floor":2.0,"turns":7.0},{"damage":5.0,"enemies":"Cultist","floor":4.0,"turns":3.0},{"damage":5.0,"enemies":"Small Slimes","floor":5.0,"turns":3.0},{"damage":11.0,"enemies":"2 Louse","floor":8.0,"turns":3.0},{"damage":5.0,"enemies":"downfall:FleeingMerchant","floor":9.0,"turns":4.0},{"damage":21.0,"enemies":"Gremlin Nob","floor":10.0,"turns":5.0},{"damage":3.0,"enemies":"2 Fungi Beasts","floor":11.0,"turns":4.0},{"damage":0.0,"enemies":"Exordium Wildlife","floor":12.0,"turns":3.0},{"damage":14.0,"enemies":"Red Slaver","floor":13.0,"turns":3.0},{"damage":1.0,"enemies":"Large Slime","floor":15.0,"turns":5.0},{"damage":78.0,"enemies":"downfall:Silent","floor":16.0,"turns":13.0},{"damage":39.0,"enemies":"Gremlin Leader","floor":19.0,"turns":6.0},{"damage":0.0,"enemies":"Spheric Guardian","floor":20.0,"turns":2.0},{"damage":32.0,"enemies":"Shell Parasite","floor":21.0,"turns":6.0},{"damage":98.0,"enemies":"Book of Stabbing","floor":23.0,"turns":9.0},{"damage":41.0,"enemies":"Centurion and Healer","floor":25.0,"turns":7.0},{"damage":54.0,"enemies":"Slavers","floor":27.0,"turns":4.0},{"damage":6.0,"enemies":"Sentry and Sphere","floor":29.0,"turns":4.0},{"damage":9.0,"enemies":"downfall:FleeingMerchant","floor":30.0,"turns":4.0},{"damage":28.0,"enemies":"downfall:Augmenter","floor":31.0,"turns":4.0},{"damage":3.0,"enemies":"Snake Plant","floor":32.0,"turns":4.0},{"damage":37.0,"enemies":"downfall:Watcher","floor":33.0,"turns":12.0},{"damage":19.0,"enemies":"downfall:FleeingMerchant","floor":36.0,"turns":4.0},{"damage":102.0,"enemies":"Nemesis","floor":37.0,"turns":5.0},{"damage":5.0,"enemies":"downfall:LadyInBlue","floor":39.0,"turns":3.0},{"damage":19.0,"enemies":"Orb Walker","floor":40.0,"turns":3.0},{"damage":37.0,"enemies":"3 Shapes","floor":45.0,"turns":3.0},{"damage":25.0,"enemies":"Sphere and 2 Shapes","floor":46.0,"turns":3.0},{"damage":21.0,"enemies":"Writhing Mass","floor":47.0,"turns":5.0},{"damage":85.0,"enemies":"Mind Bloom Boss Battle","floor":48.0,"turns":11.0},{"damage":26,"enemies":"3 Darklings","floor":49,"turns":4},{"damage":45,"enemies":"downfall:Defect","floor":50,"turns":8},{"damage":98,"enemies":"downfall:CharBossMerchant","floor":52,"turns":9},{"damage":164,"enemies":"downfall:NeowBoss","floor":55,"turns":30}],"seed_played":"4077609806189367114","potions_obtained":[{"floor":2.0,"key":"champ:CounterPotion"},{"floor":5.0,"key":"champ:OpenerPotion"},{"floor":13.0,"key":"Dexterity Potion"},{"floor":16.0,"key":"ColorlessPotion"},{"floor":19.0,"key":"AttackPotion"},{"floor":25.0,"key":"AttackPotion"},{"floor":27.0,"key":"Swift Potion"},{"floor":29.0,"key":"champ:CounterPotion"},{"floor":33.0,"key":"Fruit Juice"},{"floor":39.0,"key":"champ:UltimateStancePotion"},{"floor":39.0,"key":"Dexterity Potion"},{"floor":47.0,"key":"SpeedPotion"}],"is_trial":false,"path_per_floor":["R","E","?","M","M","R","T","M","$","E","M","M","M","?","M","B",null,"R","E","M","M","R","E","T","M","R","E","?","M","$","?","M","B",null,"R","?","E","R","?","M","T","R","$","R","M","M","M","?","M","B",null,"E","$","R","B",null],"character_chosen":"THE_CHAMP","items_purchased":["champ:HoldFirm+1","champ:ShieldWall","Bandage Up+1","Blood Vial","champ:LastStand","champ:EnragedBash","champ:OpenerPotion","Oddly Smooth Stone","champ:Backstep+1","Eternal Feather","champ:Backstep+1","champ:Encircle","Sling"],"campfire_rested":0,"item_purchase_floors":[9,9,30,30,30,30,30,36,36,36,43,43,53],"current_hp_per_floor":[90,58,100,100,100,100,100,94,94,78,83,83,75,75,76,31,102,102,83,83,59,59,53,53,46,46,35,71,78,96,104,104,103,114,114,116,81,105,105,116,116,126,126,126,103,90,117,128,118,130,130,137,137,137,137],"gold":15,"neow_bonus":"TWO_FIFTY_GOLD","is_daily":false,"chose_seed":false,"campfire_upgraded":9,"win_rate":0.0,"timestamp":1608042423,"path_taken":["R","E","?","M","?","R","T","M","$","E","?","M","M","?","M","BOSS","R","E","M","M","R","E","T","M","R","E","?","M","$","?","M","BOSS","R","?","E","R","?","M","T","R","$","R","?","M","M","?","M","BOSS","E","$","R","BOSS"],"items_purchased_type":["Card","Card","Card","Relic","Card","Card","Potion","Relic","Card","Relic","Card","Card","Relic"],"build_version":"2020-12-13","purchased_purges":3,"victory":true,"max_hp_per_floor":[90,90,100,100,100,100,100,100,100,100,100,100,100,100,102,102,102,102,102,102,104,104,104,104,104,104,104,104,104,104,104,104,104,114,114,116,116,116,116,116,116,126,126,126,128,128,128,128,130,130,130,137,137,137,137],"relic_stats":{"Blood Vial":14,"Singing Bowl":10,"counters":[34,203],"Sundial":[4],"Eternal Feather":24,"Turnip":[2],"obtain_stats":[{"downfall:HeartBlessingRed":6,"Singing Bowl":10,"SacredBark":34,"Vajra":19,"Oddly Smooth Stone":36,"champ:ChampionCrown":0,"downfall:HeartBlessingGreen":26,"Eternal Feather":36,"expansioncontent:StudyCardRelic":17,"Incense Burner":27,"Frozen Egg 2":37,"Sling":53,"White Beast Statue":39,"Blood Vial":30,"Sundial":24,"downfall:HeartBlessingBlue":42,"MutagenicStrength":31,"Strawberry":52,"Turnip":48,"Toxic Egg 2":2,"Toy Ornithopter":7,"Meat on the Bone":23},{"downfall:HeartBlessingRed":3,"Singing Bowl":6,"SacredBark":22,"Vajra":12,"Oddly Smooth Stone":23,"champ:ChampionCrown":0,"downfall:HeartBlessingGreen":16,"Eternal Feather":23,"expansioncontent:StudyCardRelic":11,"Incense Burner":17,"Frozen Egg 2":24,"Sling":33,"White Beast Statue":25,"Blood Vial":19,"Sundial":15,"downfall:HeartBlessingBlue":26,"MutagenicStrength":20,"Strawberry":33,"Turnip":30,"Toxic Egg 2":1,"Toy Ornithopter":3,"Meat on the Bone":15},{"downfall:HeartBlessingRed":13,"Singing Bowl":25,"SacredBark":115,"Vajra":59,"Oddly Smooth Stone":119,"champ:ChampionCrown":0,"downfall:HeartBlessingGreen":83,"Eternal Feather":119,"expansioncontent:StudyCardRelic":53,"Incense Burner":87,"Frozen Egg 2":124,"Sling":173,"White Beast Statue":127,"Blood Vial":95,"Sundial":76,"downfall:HeartBlessingBlue":130,"MutagenicStrength":99,"Strawberry":173,"Turnip":152,"Toxic Egg 2":7,"Toy Ornithopter":13,"Meat on the Bone":76}],"Toy Ornithopter":45,"Meat on the Bone":36},"card_choices":[{"not_picked":["champ:PerfectedStrike","champ:RapidStrikes"],"picked":"champ:BringItOn+1","floor":2.0},{"not_picked":["champ:Haymaker","champ:FlashCut"],"picked":"champ:Circumvent+1","floor":4.0},{"not_picked":["champ:Encircle","champ:FlashCut"],"picked":"champ:Shatter","floor":5.0},{"not_picked":["champ:Haymaker","champ:RecklessLeap"],"picked":"champ:PreciseThrust","floor":8.0},{"not_picked":["champ:BladeFlurry","champ:GladiatorsShout+1"],"picked":"champ:HeartStrike","floor":9.0},{"not_picked":["champ:FlashCut","champ:FaceSlap"],"picked":"champ:StanceDance+1","floor":10.0},{"not_picked":["champ:FalseCounter+1","champ:FightOn"],"picked":"champ:CheapShot","floor":11.0},{"not_picked":["champ:GladiatorsShout+1","champ:PreciseThrust"],"picked":"champ:FanOfKnives","floor":12.0},{"not_picked":["champ:PerfectedStrike","champ:FanOfKnives"],"picked":"champ:FocusedBerserking+1","floor":13.0},{"not_picked":["champ:Haymaker","champ:HeartStrike","champ:BerserkersShout+1"],"picked":"Singing Bowl","floor":15.0},{"not_picked":["champ:Improvising","champ:CrownThrow"],"picked":"champ:SteelEdge","floor":16.0},{"not_picked":["champ:RapidStrikes","champ:DefensiveShout+1"],"picked":"champ:Riposte+1","floor":19.0},{"not_picked":["champ:StanceDance+1","champ:BringItOn+1"],"picked":"champ:EndlessRage","floor":20.0},{"not_picked":["champ:BladeFlurry+1","champ:BringItOn+1","champ:Haymaker"],"picked":"Singing Bowl","floor":21.0},{"not_picked":["champ:Circumvent+1","champ:EnGarde+1"],"picked":"champ:GladiatorsShout+1","floor":23.0},{"not_picked":["champ:DefensiveShout+1","champ:Circumvent+1"],"picked":"champ:CrookedStrike","floor":25.0},{"not_picked":["champ:Duel","champ:Backstep+1"],"picked":"champ:GutPunch","floor":27.0},{"not_picked":["champ:Riposte+1","champ:Circumvent+1"],"picked":"champ:RisingSlash","floor":29.0},{"not_picked":["champ:DefensiveShout+1","champ:RecklessLeap"],"picked":"champ:Lariat+1","floor":30.0},{"not_picked":[],"picked":"J.A.X.+1","floor":31.0},{"not_picked":["champ:CrookedStrike","champ:ViciousMockery+1"],"picked":"champ:AdrenalArmor+1","floor":31.0},{"not_picked":["champ:FlashCut","champ:BringItOn+1"],"picked":"champ:GladiatorStyle+1","floor":32.0},{"not_picked":["champ:CheapShot","champ:Devastate"],"picked":"champ:ShieldThrow","floor":33.0},{"not_picked":["champ:FocusedDefense+1","champ:CrookedStrike+1","champ:EnGarde+1"],"picked":"Singing Bowl","floor":36.0},{"not_picked":["champ:CrookedStrike+1","champ:ViciousMockery+1"],"picked":"champ:ArenaPreparation+1","floor":37.0},{"not_picked":["champ:CrookedStrike","champ:GladiatorsShout+1"],"picked":"champ:IronFortress+1","floor":39.0},{"not_picked":["champ:Backstep+1","champ:FightOn"],"picked":"champ:FlashCut","floor":40.0},{"not_picked":["champ:FocusedBerserking+1","champ:TornadoPunch","champ:EnGarde+1"],"picked":"Singing Bowl","floor":45.0},{"not_picked":["champ:BladeFlurry+1","champ:HeavySlash"],"picked":"champ:DefensiveStyle+1","floor":46.0},{"not_picked":["champ:PreciseThrust+1","champ:GladiatorStyle+1"],"picked":"champ:AdrenalArmor+1","floor":47.0},{"not_picked":["champ:BerserkerStyle+1","champ:Circumvent+1"],"picked":"champ:EnGarde+1","floor":48.0},{"not_picked":["champ:Encircle","champ:Circumvent+1","champ:PerfectedStrike+1"],"picked":"Singing Bowl","floor":49},{"not_picked":["champ:Backstep+1","champ:FlashCut"],"picked":"champ:EndlessRage+1","floor":52}],"player_experience":912633,"relics_obtained":[{"floor":2.0,"key":"Toxic Egg 2"},{"floor":7.0,"key":"Toy Ornithopter"},{"floor":10.0,"key":"Singing Bowl"},{"floor":19.0,"key":"Vajra"},{"floor":23.0,"key":"Meat on the Bone"},{"floor":24.0,"key":"Sundial"},{"floor":27.0,"key":"Incense Burner"},{"floor":31.0,"key":"MutagenicStrength"},{"floor":37.0,"key":"Frozen Egg 2"},{"floor":39.0,"key":"White Beast Statue"},{"floor":48.0,"key":"Turnip"},{"floor":52,"key":"Strawberry"}],"event_choices":[],"is_beta":false,"boss_relics":[{"not_picked":["Runic Dome","Coffee Dripper"],"picked":"expansioncontent:StudyCardRelic"},{"not_picked":["Fusion Hammer","Philosopher\u0027s Stone"],"picked":"SacredBark"}],"items_purged_floors":[30,36,53],"is_endless":false,"potions_floor_spawned":[2,5,13,16,19,25,27,29,33,40,45,46,47,48,49,52],"ascension_level":0}}