{"host":"8fjsnt81u6xsmhji","time":1608011894,"event":{"mods":["BaseMod","Colored Powertips","Downfall","Glutton Mod","Minty Spire (QoL Compilation)","Quick Restart","Somnambulant","StSLib","The Bladedancer","The Bug Knight","The Construct","The Forsaken","The Judge","The Jungle","The Mystic","TheVacant"],"gold_per_floor":[99,99,99,128,128,53,53,68,80,109,121,121,133,133,152,152,152],"floor_reached":16,"playtime":1393,"items_purged":[],"score":135,"play_id":"aade96dc-e135-47f7-826c-5a620b1c6e83","local_time":"20201214235814","is_ascension_mode":false,"campfire_choices":[{"floor":1,"key":"RECALL"},{"data":"champ:Taunt","floor":6,"key":"SMITH"}],"circlet_count":0,"master_deck":["champ:Strike","champ:Strike","champ:Strike","champ:Strike","champ:Defend","champ:Defend","champ:Defend","champ:Defend","champ:Execute","champ:Taunt+1","champ:Circumvent","champ:BringItOn","champ:FlashCut","champ:Backstep+1","champ:GutPunch","champ:ViciousMockery","champ:DefensiveShout+1","champ:SkillfulDodge"],"relics":["champ:ChampionCrown","downfall:HeartsMalice","Singing Bowl","downfall:HeartBlessingRed","theForsaken:HumbleEgg","Turnip"],"acts_visited":["Exordium"],"potions_floor_usage":[],"damage_taken":[{"damage":0,"enemies":"Cultist","floor":2,"turns":1},{"damage":0,"enemies":"Jaw Worm","floor":3,"turns":1},{"damage":0,"enemies":"Gremlin Nob","floor":4,"turns":1},{"damage":8,"enemies":"Small Slimes","floor":8,"turns":4},{"damage":5,"enemies":"3 Louse","floor":9,"turns":2},{"damage":40,"enemies":"HollowMod:MossKnight","floor":10,"turns":9},{"damage":8,"enemies":"3 Louse","floor":11,"turns":3},{"damage":0,"enemies":"2 Fungi Beasts","floor":13,"turns":3},{"damage":16,"enemies":"Blue Slaver","floor":15,"turns":3},{"damage":72,"enemies":"downfall:Defect","floor":16,"turns":8}],"seed_played":"3710547890319110882","potions_obtained":[{"floor":4,"key":"Ancient Potion"},{"floor":9,"key":"DistilledChaos"},{"floor":11,"key":"BlessingOfTheForge"},{"floor":13,"key":"LiquidBronze"}],"is_trial":false,"path_per_floor":["R","M","M","E","T","R","T","M","M","E","M","?","M","?","M","B"],"character_chosen":"THE_CHAMP","items_purchased":[],"campfire_rested":0,"item_purchase_floors":[],"current_hp_per_floor":[90,90,90,90,90,90,90,90,92,60,60,60,65,62,59,0,0],"gold":152,"neow_bonus":"THREE_ENEMY_KILL","is_daily":false,"chose_seed":false,"campfire_upgraded":1,"win_rate":0.0,"timestamp":1608011894,"path_taken":["R","M","M","E","?","R","T","M","M","E","M","?","M","?","M","BOSS"],"items_purchased_type":[],"build_version":"2020-12-13","purchased_purges":0,"victory":false,"max_hp_per_floor":[90,90,90,90,90,90,90,90,92,92,92,92,92,92,92,92,92],"card_choices":[{"not_picked":["champ:Riposte","champ:Backstep"],"picked":"champ:Circumvent","floor":2},{"not_picked":["champ:Backstep","champ:CrookedStrike"],"picked":"champ:BringItOn","floor":3},{"not_picked":["champ:DefensiveShout","champ:Circumvent"],"picked":"champ:FlashCut","floor":4},{"not_picked":["champ:FightOn","champ:Haymaker+1"],"picked":"champ:Backstep+1","floor":8},{"not_picked":["champ:Encircle+1","champ:FightOn","champ:LastStand"],"picked":"Singing Bowl","floor":9},{"not_picked":["champ:ShieldWall","champ:CrookedStrike+1"],"picked":"champ:GutPunch","floor":10},{"not_picked":["champ:Backstep+1","champ:TornadoPunch+1"],"picked":"champ:ViciousMockery","floor":11},{"not_picked":["champ:BladeFlurry+1","champ:Encircle+1"],"picked":"champ:DefensiveShout+1","floor":13},{"not_picked":["champ:HeartStrike","champ:DeathBlow"],"picked":"champ:SkillfulDodge","floor":15}],"player_experience":546492,"relics_obtained":[{"floor":4,"key":"Singing Bowl"},{"floor":7,"key":"theForsaken:HumbleEgg"},{"floor":10,"key":"Turnip"}],"event_choices":[{"damage_healed":0,"gold_gain":0,"player_choice":"Fled","damage_taken":3,"max_hp_gain":0,"max_hp_loss":0,"event_name":"Scrap Ooze","floor":14,"gold_loss":0}],"is_beta":false,"boss_relics":[],"items_purged_floors":[],"is_endless":false,"potions_floor_spawned":[4,9,11,13],"killed_by":"downfall:Defect","ascension_level":0}}