{"host":"fhq3k2nq5elnbks3","time":1608005790,"event":{"mods":["2.2 Compatiblity","AchievementEnabler","Act Like it!","AlwaysNeverKeys","Aspiration","Astrologer","Bard","Bartender","BaseMod","Better Altar","Better Skull","Better Vampires","Better-Laid Plans","Block Reminder","CCEM","CapriCore","Card Filter","CatGirl Mod","Chen","Colored Powertips","Displayed Cursed Tome","Dota2Spire","Ekko","Eldritch Tears","Elementarium","Energized Spire","Fiend Mod","Fireblade Mod","Friendly Minions","FutureSeer","Gensokyo","GifTheSpireLib","Gremlin Mod","Gremlin Skip","Halation","Hallownest","Hermit","HololiveMod","Hunter ??","Hyrulean Relics","Infinite Spire","Ironclad Rager","Jedi Mod","JesterMod","Jorbs\u0027s Wanderer Trilogy","Koishi","Mad Scientist","Magitek Elite","Mari Mod (Legacy)","Mari\u0027s V1 Patch","Marisa????????","Mathemortician","Menagerie","Minty Spire (QoL Compilation)","Nova Terra(??·??)","Onozuka Komachi Mod","Pale of the Ancients","Permanent Neow","Potionbrewer","Prisma Mod","Quarter Circle Forward PUNCH!","QueenMod","Quick Restart","READ ME - Guardian Mod","Reimu??????","Relic Filter","Remilia_Scarlet Moed?????·?????3.3.5","Remilia??????","Robot Space Explorer","Ruin Mod","SOS???????","Shop Mod","Somnambulant","Spikes Relics","StSLib","SuperFastMode","Td1madao Mod","The Animator","The Blackbeard","The Bug Knight","The Cursed","The Exordian Avenger","The Forsaken","The Gatherer","The Hierophant","The Immortal","The Necromancer","The Runesmith","The Servant 0.9.4","The Trickster","The Wild Card","TheBandit","TheFirefly","Thrall Mod","Transform Curses","Uncapped","Unknown Chances","Virulent Crown","Yohane!","Yuri Mod","thorton","vexMod"],"gold_per_floor":[152,152,166,166,166,166,181,207,207,207,207,225,243,243,243,243,243],"floor_reached":16,"playtime":1202,"items_purged":[],"score":100,"play_id":"0fed34d0-7339-4d6b-89a8-273757464587","local_time":"20201214221630","is_ascension_mode":false,"campfire_choices":[{"data":"MariMod:Mari_Debut","floor":6,"key":"SMITH"},{"data":"MariMod:Mari_Glow","floor":10,"key":"SMITH"},{"data":"MariMod:Mari_Defend","floor":15,"key":"SMITH"}],"circlet_count":0,"master_deck":["MariMod:Mari_Strike","MariMod:Mari_Strike","MariMod:Mari_Strike","MariMod:Mari_Strike","MariMod:Mari_Strike","MariMod:Mari_Defend","MariMod:Mari_Defend","MariMod:Mari_Defend+1","MariMod:Mari_Defend","MariMod:Mari_Defend","MariMod:Mari_Debut+1"],"relics":["MariMod:MariTheSpark","qcfpunch:Army_Boots","Runesmith:Nanobots","Gensokyo:Justice","Dota2Spire:EtherealBlade","Angel_Ring","Gensokyo:OccultBall","infinitespire:Lychee Nut"],"acts_visited":["Exordium"],"potions_floor_usage":[],"damage_taken":[{"damage":1,"enemies":"Gensokyo:Gryphon","floor":1,"turns":5},{"damage":3,"enemies":"Gensokyo:Python","floor":3,"turns":3},{"damage":0,"enemies":"Gensokyo:3_Fairies","floor":7,"turns":3},{"damage":16,"enemies":"Gensokyo:Cirno","floor":8,"turns":5},{"damage":0,"enemies":"Gensokyo:LivingMonolith","floor":12,"turns":2},{"damage":1,"enemies":"Gensokyo:Python_and_Kodama","floor":13,"turns":3},{"damage":16,"enemies":"Gensokyo:Reimu","floor":16,"turns":9}],"seed_played":"4209383574779915368","potions_obtained":[{"floor":12,"key":"potionbrewer:BarricadePotion"},{"floor":13,"key":"potionbrewer:BarricadePotion"}],"is_trial":false,"path_per_floor":["M","?","M","?","?","R","M","E","T","R","?","M","M","T","R","B"],"character_chosen":"MARI","items_purchased":[],"campfire_rested":0,"item_purchase_floors":[],"current_hp_per_floor":[71,71,68,68,68,68,68,52,52,52,52,52,51,51,51,38,38],"gold":243,"neow_bonus":"RANDOM_COMMON_RELIC","is_daily":false,"chose_seed":false,"campfire_upgraded":3,"win_rate":0.0,"timestamp":1608005790,"path_taken":["M","?","M","?","?","R","M","E","T","R","?","M","M","?","R","BOSS"],"items_purchased_type":[],"build_version":"2020-12-13","purchased_purges":0,"victory":false,"max_hp_per_floor":[72,72,72,72,72,72,72,72,72,72,72,72,72,54,54,54,54],"card_choices":[{"not_picked":["MariMod:Mari_Self_Care","MariMod:Mari_Defiance"],"picked":"MariMod:Mari_Glow","floor":1},{"not_picked":["MariMod:Mari_Heavy_Price","MariMod:Mari_Slap","MariMod:Mari_Tough_Front"],"picked":"SKIP","floor":3},{"not_picked":["MariMod:Mari_Overexertion","MariMod:Mari_Tough_Front","MariMod:Mari_Heavy_Price"],"picked":"SKIP","floor":7},{"not_picked":["MariMod:Mari_Fire_Strike","MariMod:Mari_Reflection","MariMod:Mari_Mic_Check"],"picked":"SKIP","floor":8},{"not_picked":["MariMod:Mari_Reckless_Driving","MariMod:Mari_Expenses","MariMod:Mari_Kyu"],"picked":"SKIP","floor":12},{"not_picked":["MariMod:Mari_Pent_Up_Emotions","MariMod:Mari_Undying_Spark","MariMod:Mari_Its_Joke"],"picked":"SKIP","floor":13}],"player_experience":574280,"relics_obtained":[{"floor":8,"key":"Dota2Spire:EtherealBlade"},{"floor":9,"key":"Angel_Ring"},{"floor":14,"key":"infinitespire:Lychee Nut"}],"event_choices":[],"is_beta":false,"boss_relics":[],"items_purged_floors":[],"is_endless":false,"potions_floor_spawned":[12,13],"killed_by":"Gensokyo:Reimu","ascension_level":0}}