{"host":"m7puq4mk16tgc6yn","time":1608012684,"event":{"mods":["AchievementEnabler","BaseMod","Colored Map","Colored Powertips","Minty Spire (QoL Compilation)","Relic Stats"],"gold_per_floor":[109,127,77,2,2,30,30,45,45,65,65,84,84,16,16,120,120,131,150,163,87,103,103,115,115,115],"floor_reached":25,"playtime":1354,"items_purged":["Strike_B"],"score":288,"play_id":"58c9fc7e-aaa1-4aa7-ae32-6c3089e31137","local_time":"20201214221124","is_ascension_mode":true,"campfire_choices":[{"data":"Leap","floor":7,"key":"SMITH"},{"data":"Conserve Battery","floor":11,"key":"SMITH"},{"data":"Aggregate","floor":15,"key":"SMITH"},{"data":"Loop","floor":23,"key":"SMITH"}],"circlet_count":0,"master_deck":["Strike_B","Defend_B","Defend_B","Defend_B","Defend_B","Zap","Dualcast+1","Doom and Gloom+1","Hologram","Leap+1","Conserve Battery+1","Aggregate+1","FTL","Loop+1","Electrodynamics","Conserve Battery","Seek","Reinforced Body","Sweeping Beam+1"],"relics":["FrozenCore","NeowsBlessing","Shuriken","InkBottle"],"acts_visited":["Exordium","TheCity"],"potions_floor_usage":[22],"damage_taken":[{"damage":0,"enemies":"Cultist","floor":1,"turns":1},{"damage":0,"enemies":"2 Louse","floor":2,"turns":1},{"damage":0,"enemies":"3 Sentries","floor":6,"turns":1},{"damage":3,"enemies":"Small Slimes","floor":8,"turns":2},{"damage":1,"enemies":"Blue Slaver","floor":10,"turns":3},{"damage":7,"enemies":"Gremlin Gang","floor":12,"turns":4},{"damage":6,"enemies":"Slime Boss","floor":16,"turns":8},{"damage":11,"enemies":"Shell Parasite","floor":18,"turns":6},{"damage":14,"enemies":"Spheric Guardian","floor":19,"turns":5},{"damage":28,"enemies":"Snake Plant","floor":20,"turns":8},{"damage":6,"enemies":"Centurion and Healer","floor":22,"turns":7},{"damage":4,"enemies":"Snecko","floor":24,"turns":4},{"damage":21,"enemies":"Gremlin Leader","floor":25,"turns":7}],"seed_played":"7542759016753790767","potions_obtained":[{"floor":1,"key":"Regen Potion"},{"floor":12,"key":"SteroidPotion"},{"floor":16,"key":"Explosive Potion"},{"floor":22,"key":"Fire Potion"}],"is_trial":false,"path_per_floor":["M","M","?","$","?","E","R","M","T","M","R","M","?","$","R","B",null,"M","M","M","$","M","R","M","E"],"character_chosen":"DEFECT","items_purchased":["Loop","Seek"],"campfire_rested":0,"item_purchase_floors":[14,21],"current_hp_per_floor":[75,75,75,75,60,60,60,57,57,56,56,49,42,42,42,36,65,54,40,12,12,21,21,17,0,0],"gold":115,"neow_bonus":"THREE_ENEMY_KILL","is_daily":false,"chose_seed":false,"campfire_upgraded":4,"win_rate":0.0,"timestamp":1608012684,"path_taken":["M","?","?","$","?","E","R","M","T","M","R","M","?","?","R","BOSS","M","M","M","$","?","R","M","E"],"items_purchased_type":["Card","Card"],"build_version":"2020-12-13","purchased_purges":1,"victory":false,"max_hp_per_floor":[75,75,75,75,75,75,75,75,75,75,75,75,75,75,75,75,75,75,75,75,75,75,75,75,75,75],"relic_stats":{"counters":[13,57],"Shuriken":[2],"obtain_stats":[{"NeowsBlessing":0,"Shuriken":6,"Cracked Core":0,"InkBottle":9,"FrozenCore":17},{"NeowsBlessing":0,"Shuriken":3,"Cracked Core":0,"InkBottle":4,"FrozenCore":7},{"NeowsBlessing":0,"Shuriken":3,"Cracked Core":0,"InkBottle":5,"FrozenCore":20}],"InkBottle":[17],"FrozenCore":[13]},"card_choices":[{"not_picked":["Undo","Conserve Battery"],"picked":"Doom and Gloom","floor":1},{"not_picked":["Blizzard","Go for the Eyes"],"picked":"Hologram","floor":2},{"not_picked":["Consume","Coolheaded"],"picked":"Leap","floor":6},{"not_picked":["Undo","Static Discharge"],"picked":"Conserve Battery","floor":8},{"not_picked":["Compile Driver","Static Discharge"],"picked":"Aggregate","floor":10},{"not_picked":["Barrage","Lockon"],"picked":"FTL","floor":12},{"not_picked":["Multi-Cast","Amplify"],"picked":"Electrodynamics","floor":16},{"not_picked":["Scrape","Steam"],"picked":"Conserve Battery","floor":18},{"not_picked":["Hologram+1","Go for the Eyes","Rebound"],"picked":"SKIP","floor":19},{"not_picked":["Genetic Algorithm","Auto Shields","Redo+1"],"picked":"SKIP","floor":20},{"not_picked":["Hologram+1","Beam Cell+1"],"picked":"Reinforced Body","floor":22},{"not_picked":["Gash+1","Recycle"],"picked":"Sweeping Beam+1","floor":24}],"player_experience":68550,"relics_obtained":[{"floor":6,"key":"Shuriken"},{"floor":9,"key":"InkBottle"}],"event_choices":[{"cards_removed":["Strike_B"],"damage_healed":0,"gold_gain":0,"player_choice":"Card Removal","damage_taken":0,"max_hp_gain":0,"max_hp_loss":0,"event_name":"The Cleric","floor":3,"gold_loss":50},{"damage_healed":0,"gold_gain":0,"player_choice":"Entered Light","damage_taken":15,"max_hp_gain":0,"max_hp_loss":0,"event_name":"Shining Light","floor":5,"gold_loss":0,"cards_upgraded":["Dualcast","Doom and Gloom"]},{"cards_removed":["Strike_B"],"damage_healed":0,"gold_gain":0,"player_choice":"Card Removal","damage_taken":7,"max_hp_gain":0,"max_hp_loss":0,"event_name":"Golden Wing","floor":13,"gold_loss":0}],"is_beta":false,"boss_relics":[{"not_picked":["Runic Dome","Tiny House"],"picked":"FrozenCore"}],"items_purged_floors":[4],"is_endless":false,"potions_floor_spawned":[1,12,16,22],"killed_by":"Gremlin Leader","ascension_level":5}}