{"host":"kjmsjq3kpb3v9rdj","time":1608002015,"event":{"mods":["AchievementEnabler","Aspiration","Bard","BaseMod","Beaked The Cultist","Better Altar","Better Match","Better Note","Better Sensory Stone","Better Skull","Better Third Choice","BetterRewards","CCEM","Clawfect","Colored Map","Conspire","Downfall","GifTheSpireLib","Halation","Hermit","Highlight Path","Hubris","Hunter ??","Infinite Spire","Ironclad Rager","Jedi Mod","Jorbs\u0027s Wanderer Trilogy","Mad Scientist","Marisa????????","Mimic Mod","Minty Spire (QoL Compilation)","Permanent Neow","Quick Restart","Replay The Spire","Shade Mod","Shop Mod","Spicy Shops","Spikes Relics","StSLib","Stuff the Spire","The Administrix","The Blackbeard","The Blue Laboratory","The Construct","The Cursed","The Disciple","The Gatherer","The Hierophant","The Jungle","The Mystic","The Necromancer","The Problem Sleuth","The Servant 0.9.4","The Showman","The Spell Scribe","The Witch","Trackpad","Unceasing Turn Reminder","vexMod"],"gold_per_floor":[99,99,99,99,111,122,122,122,148,173,321,339,372,146,146,146,164,8939,8969,8969,9019,9019,9019,9019,9045,8455,8455,8755],"floor_reached":29,"playtime":2120,"items_purged":[],"score":1205,"play_id":"10f47f14-45c5-4d30-beaa-af92a36f4ecc","local_time":"20201214191335","is_ascension_mode":true,"campfire_choices":[{"floor":1,"key":"DIG"},{"floor":4,"key":"DIG"},{"data":"Eruption","floor":8,"key":"SMITH"},{"data":"1","floor":18,"key":"LIFT"},{"data":"2","floor":20,"key":"LIFT"},{"data":"3","floor":23,"key":"LIFT"},{"data":"Pot Of Greed","floor":27,"key":"SMITH"}],"circlet_count":0,"master_deck":["Strike_P","Defend_P","Defend_P","Defend_P","Defend_P","Eruption+1","Vigilance","AbeCurse","Replay:AtTheReady","CutThroughFate","Replay:AtTheReady+1","jedi:nirvanicrebirth","Brilliance","Pot Of Greed","Pot Of Greed+1"],"relics":["trackpad:PetRock","AdministrixMod:DragonsEyeCharm","Abe\u0027s Treasure","Replay:Drink Me","infinitespire:BottledMercury","CCEMRelics:TransientCore","halation:OrihimeAndHikoboshiSamaAndTears","HandDrill","Girya","Replay:Mystery Machine","trackpad:Compendium","WingedGreaves","downfall:HeartBlessingGreen","downfall:HeartBlessingRed","downfall:HeartBlessingBlue","LugNut","hubris:BottledRain","hubris:Potato","Sling","aspiration:TomeofQuesting","conspire:GiftBox","halation:Jellyphish","Grinning Jar","halation:SelfBoilingWater"],"acts_visited":["Exordium","Exordium","TheBeyond","TheEnding"],"potions_floor_usage":[19,19,19,28,28],"damage_taken":[{"damage":0,"enemies":"2 Louse","floor":5,"turns":1},{"damage":0,"enemies":"Small Slimes","floor":6,"turns":1},{"damage":0,"enemies":"3 Sentries","floor":9,"turns":1},{"damage":0,"enemies":"downfall:FleeingMerchant","floor":11,"turns":1},{"damage":0,"enemies":"Cultist","floor":12,"turns":1},{"damage":0,"enemies":"Gremlin Nob","floor":13,"turns":1},{"damage":0,"enemies":"Exordium Thugs","floor":17,"turns":1},{"damage":24,"enemies":"Nemesis","floor":19,"turns":2},{"damage":0,"enemies":"Mind Bloom Boss Battle","floor":21,"turns":1},{"damage":0,"enemies":"downfall:Defect","floor":23,"turns":1},{"damage":0,"enemies":"downfall:CharBossMerchant","floor":25,"turns":1},{"damage":0,"enemies":"downfall:NeowBoss","floor":28,"turns":8}],"seed_played":"2482820524734144015","potions_obtained":[{"floor":6,"key":"SkillPotion"},{"floor":9,"key":"DistilledChaos"},{"floor":17,"key":"blueLaboratory:Moonshine"}],"is_trial":false,"path_per_floor":["R_BF","?","MIM","R_BF","M","M","?","R","E","T","$","M","E","$","$","$","M","R_BF","E","R","?","?","R",null,"E","$","R","B",null],"character_chosen":"WATCHER","items_purchased":["HandDrill","Replay:Mystery Machine","trackpad:Compendium","conspire:GiftBox","halation:Jellyphish","Grinning Jar"],"campfire_rested":0,"item_purchase_floors":[11,14,14,26,26,26],"current_hp_per_floor":[65,65,54,54,54,60,60,60,66,66,72,78,84,84,84,84,90,100,81,81,87,87,93,111,117,117,117,122],"gold":8755,"neow_bonus":"BOSS_RELIC","is_daily":false,"chose_seed":false,"campfire_upgraded":2,"win_rate":0.0,"timestamp":1608002015,"path_taken":["R_BF","?","?","R_BF","?","?","?","R","E","T","$","M","E","?","$","$","M","R_BF","E","R","?","?","R","BOSS","E","$","R","BOSS"],"items_purchased_type":["Relic","Relic","Relic","Relic","Relic","Relic"],"build_version":"2020-12-13","purchased_purges":0,"victory":true,"max_hp_per_floor":[72,72,54,54,54,60,60,60,66,66,72,78,84,84,84,84,90,100,105,105,111,111,117,117,123,123,123,122],"card_choices":[{"not_picked":["FollowUp","Conclude","Protect"],"picked":"SKIP","floor":5},{"not_picked":["ThirdEye","EmptyFist"],"picked":"Replay:AtTheReady","floor":6},{"not_picked":["Perseverance","BowlingBash","Replay:BluntJabs"],"picked":"SKIP","floor":9},{"not_picked":["MentalFortress","Pray","TalkToTheHand"],"picked":"SKIP","floor":11},{"not_picked":["FollowUp","Worship","JustLucky"],"picked":"SKIP","floor":12},{"not_picked":["WaveOfTheHand","DevaForm","WreathOfFlame"],"picked":"SKIP","floor":13},{"not_picked":["CutThroughFate","Tantrum","Halt"],"picked":"SKIP","floor":17},{"not_picked":["JustLucky","ClearTheMind"],"picked":"CutThroughFate","floor":19},{"not_picked":["CrushJoints","Replay:BluntJabs"],"picked":"Replay:AtTheReady+1","floor":21},{"not_picked":["Prostrate","Judgement"],"picked":"jedi:nirvanicrebirth","floor":25},{"not_picked":["Establishment","LessonLearned"],"picked":"Brilliance","floor":26}],"player_experience":495412,"relics_obtained":[{"floor":1,"key":"trackpad:PetRock"},{"floor":4,"key":"infinitespire:BottledMercury"},{"floor":9,"key":"halation:OrihimeAndHikoboshiSamaAndTears"},{"floor":13,"key":"Girya"},{"floor":19,"key":"hubris:BottledRain"},{"floor":21,"key":"hubris:Potato"},{"floor":25,"key":"Sling"},{"floor":25,"key":"aspiration:TomeofQuesting"}],"event_choices":[],"is_beta":false,"boss_relics":[],"items_purged_floors":[],"is_endless":false,"potions_floor_spawned":[6,9,17],"ascension_level":7}}