{"host":"kh1j1cf337zr4nij","time":1608007497,"event":{"mods":["2.2 Compatiblity","AchievementEnabler","Act Like it!","Aspiration","BaseMod","Bestiary","CCEM","Colored Map","Colored Powertips","Conspire","Downfall","Energized Spire","Friendly Minions","GifTheSpireLib","Halation","Hermit","Highlight Path","Hubris","Minty Spire (QoL Compilation)","Quick Restart","Random Character Button","Relic Stats","Replay The Spire","StSLib","Stuff the Spire","SuperFastMode","Synergy Search","Trackpad"],"gold_per_floor":[99,117,134,168,183,183,183,108,136,136,27,44,44,60,70,172,172,172,172,172,188,188,188],"floor_reached":22,"playtime":1162,"items_purged":[],"score":194,"play_id":"12f96264-de50-485e-bbc7-b9ec8e98079a","local_time":"20201214234457","is_ascension_mode":false,"campfire_choices":[{"floor":1,"key":"RECALL"},{"data":"hermit:Roulette","floor":8,"key":"SMITH"},{"data":"hermit:Reprieve","floor":10,"key":"SMITH"},{"data":"hermit:CalledShot","floor":18,"key":"SMITH"}],"circlet_count":0,"master_deck":["hermit:Strike_Hermit","hermit:Strike_Hermit","hermit:Strike_Hermit","hermit:Strike_Hermit","hermit:Defend_Hermit","hermit:Defend_Hermit","hermit:Defend_Hermit+1","hermit:Snapshot+1","hermit:Covet","hermit:Roulette+1","hermit:Headshot+1","hermit:Maintenance","hermit:GhostlyPresence","Regret","hermit:Reprieve+1","hermit:ShadowCloak","expansioncontent:LastStand","hermit:BodyArmor","Amnesia","hermit:SprayPray","hermit:CalledShot+1","hermit:DeadOrAlive"],"relics":["hermit:Momento","halation:LettersToHer","Iron Hammer","downfall:HeartBlessingRed","StuffTheSpire:RubySignet","energizedSpire:StickyHand","Nilry\u0027s Codex"],"acts_visited":["Exordium","TheCity"],"potions_floor_usage":[16,22,22],"damage_taken":[{"damage":6,"enemies":"2 Louse","floor":2,"turns":3},{"damage":6,"enemies":"Jaw Worm","floor":3,"turns":2},{"damage":26,"enemies":"Lagavulin","floor":4,"turns":5},{"damage":5,"enemies":"Small Slimes","floor":5,"turns":3},{"damage":13,"enemies":"3 Sentries","floor":9,"turns":6},{"damage":7,"enemies":"downfall:FleeingMerchant","floor":11,"turns":4},{"damage":0,"enemies":"3 Louse","floor":12,"turns":2},{"damage":0,"enemies":"2 Fungi Beasts","floor":14,"turns":2},{"damage":12,"enemies":"Lots of Slimes","floor":15,"turns":5},{"damage":69,"enemies":"downfall:Defect","floor":16,"turns":8},{"damage":2,"enemies":"Chosen","floor":21,"turns":4},{"damage":74,"enemies":"Gremlin Leader","floor":22,"turns":9}],"seed_played":"-5459636853669876929","potions_obtained":[{"floor":3,"key":"SkillPotion"},{"floor":14,"key":"SpeedPotion"},{"floor":15,"key":"GamblersBrew"},{"floor":16,"key":"SpeedPotion"}],"is_trial":false,"path_per_floor":["R","M","M","E","M","?","T","R","E","R","$","M","?","M","M","B",null,"R","?","?","M","E"],"character_chosen":"HERMIT","items_purchased":["expansioncontent:LastStand"],"campfire_rested":0,"item_purchase_floors":[11],"current_hp_per_floor":[75,69,63,37,32,32,32,32,19,19,12,22,75,75,71,6,75,75,59,59,61,0,0],"gold":188,"neow_bonus":"REMOVE_CARD","is_daily":false,"chose_seed":false,"campfire_upgraded":3,"win_rate":0.0,"timestamp":1608007497,"path_taken":["R","M","M","E","M","?","T","R","E","R","$","M","?","M","M","BOSS","R","?","?","M","E"],"items_purchased_type":["Card"],"build_version":"2020-12-13","purchased_purges":0,"victory":false,"max_hp_per_floor":[75,75,75,75,75,75,75,75,75,75,75,75,75,75,75,75,75,75,75,75,75,75,75],"relic_stats":{"counters":[12,53],"obtain_stats":[{"downfall:HeartBlessingRed":8,"Nilry\u0027s Codex":19,"Iron Hammer":7,"StuffTheSpire:RubySignet":9,"energizedSpire:StickyHand":17,"halation:LettersToHer":4,"hermit:Momento":0},{"downfall:HeartBlessingRed":4,"Nilry\u0027s Codex":10,"Iron Hammer":4,"StuffTheSpire:RubySignet":5,"energizedSpire:StickyHand":10,"halation:LettersToHer":3,"hermit:Momento":0},{"downfall:HeartBlessingRed":13,"Nilry\u0027s Codex":40,"Iron Hammer":13,"StuffTheSpire:RubySignet":19,"energizedSpire:StickyHand":40,"halation:LettersToHer":10,"hermit:Momento":0}]},"card_choices":[{"not_picked":["hermit:Feint","hermit:HoleUp"],"picked":"hermit:Roulette","floor":2},{"not_picked":["hermit:Ricochet","hermit:WideOpen"],"picked":"hermit:Headshot","floor":3},{"not_picked":["hermit:BodyArmor","hermit:Desperado"],"picked":"hermit:Maintenance","floor":4},{"not_picked":["hermit:Glare","hermit:Dive"],"picked":"hermit:GhostlyPresence","floor":5},{"not_picked":["hermit:Ricochet","hermit:HoleUp"],"picked":"hermit:Reprieve","floor":9},{"not_picked":["hermit:CalledShot","hermit:Quickdraw"],"picked":"hermit:ShadowCloak","floor":11},{"not_picked":["hermit:Desperado","hermit:BigShot"],"picked":"hermit:BodyArmor","floor":12},{"not_picked":["hermit:Determination","hermit:Virtue"],"picked":"hermit:SprayPray","floor":14},{"not_picked":["hermit:GhostlyPresence","hermit:Gestalt"],"picked":"hermit:CalledShot","floor":15},{"not_picked":["hermit:Magnum","hermit:Purgatory"],"picked":"hermit:DeadOrAlive","floor":16},{"not_picked":["hermit:Spite+1","hermit:Coalescence+1","hermit:Desperado+1"],"picked":"SKIP","floor":21}],"player_experience":12633,"relics_obtained":[{"floor":4,"key":"halation:LettersToHer"},{"floor":7,"key":"Iron Hammer"},{"floor":7,"key":"halation:LettersToHer"},{"floor":9,"key":"StuffTheSpire:RubySignet"},{"floor":19,"key":"Nilry\u0027s Codex"}],"event_choices":[],"is_beta":false,"boss_relics":[{"not_picked":["hermit:ClaspedLocket","hubris:CrackedHourglass"],"picked":"energizedSpire:StickyHand"}],"items_purged_floors":[],"is_endless":false,"potions_floor_spawned":[3,14,15,16],"killed_by":"Gremlin Leader","ascension_level":0}}