{"host":"qwttrqaysb380yri","time":1608070124,"event":{"mods":["BaseMod","Custom Start","Minty Spire (QoL Compilation)","Puzzle Mod","Relic Stats","StSLib","The Cursed","The Hierophant"],"gold_per_floor":[20,33,46,66,29,35,15,15,40,51,69,69,69,80,80,76,76],"floor_reached":16,"playtime":521,"items_purged":[],"score":228,"play_id":"8f82c9a5-3e05-40b4-b7e8-90eddc0b4f93","local_time":"20201215230844","is_ascension_mode":true,"campfire_choices":[{"data":"hierophant:ChurchCoffers","floor":8,"key":"SMITH"},{"floor":15,"key":"REST"}],"circlet_count":0,"master_deck":["AscendersBane","hierophant:Strike_Hierophant","hierophant:Strike_Hierophant","hierophant:Strike_Hierophant","hierophant:Strike_Hierophant","hierophant:Punish","hierophant:Defend_Hierophant","hierophant:Defend_Hierophant","hierophant:Defend_Hierophant","hierophant:Defend_Hierophant","hierophant:ChurchCoffers+1","hierophant:Smite","hierophant:Smite","hierophant:ThreeLashes","hierophant:Encroach","hierophant:SealAway","hierophant:Martyrdom+1","hierophant:Doubloon","hierophant:Refuge+1"],"relics":["hierophant:PropheticMaskRelic","Singing Bowl","Happy Flower","Frozen Egg 2"],"acts_visited":["Exordium"],"potions_floor_usage":[6,16,16],"damage_taken":[{"damage":6,"enemies":"Cultist","floor":1,"turns":3},{"damage":0,"enemies":"2 Louse","floor":2,"turns":2},{"damage":0,"enemies":"Small Slimes","floor":3,"turns":2},{"damage":1,"enemies":"2 Fungi Beasts","floor":4,"turns":2},{"damage":10,"enemies":"Exordium Thugs","floor":5,"turns":4},{"damage":28,"enemies":"Lagavulin","floor":6,"turns":6},{"damage":1,"enemies":"Looter","floor":7,"turns":3},{"damage":3,"enemies":"Blue Slaver","floor":10,"turns":2},{"damage":18,"enemies":"3 Sentries","floor":11,"turns":6},{"damage":3,"enemies":"3 Louse","floor":14,"turns":2},{"damage":47,"enemies":"Slime Boss","floor":16,"turns":8}],"seed_played":"2175247258031785024","potions_obtained":[{"floor":1,"key":"DuplicationPotion"},{"floor":2,"key":"SneckoOil"},{"floor":4,"key":"PowerPotion"},{"floor":11,"key":"PowerPotion"}],"is_trial":false,"path_per_floor":["M","M","M","M","M","E","M","R","T","M","E","?","?","M","R","B"],"character_chosen":"HIEROPHANT","items_purchased":[],"campfire_rested":1,"item_purchase_floors":[],"current_hp_per_floor":[76,76,76,75,65,39,40,40,40,37,21,21,21,18,46,0,0],"gold":76,"neow_bonus":"TWENTY_PERCENT_HP_BONUS","is_daily":false,"chose_seed":false,"campfire_upgraded":1,"win_rate":0.0,"timestamp":1608070124,"path_taken":["M","M","M","M","?","E","M","R","T","M","E","?","?","M","R","BOSS"],"items_purchased_type":[],"build_version":"2020-12-13","purchased_purges":0,"victory":false,"max_hp_per_floor":[89,89,89,89,89,91,93,93,93,93,95,95,95,95,95,95,95],"relic_stats":{"Singing Bowl":6,"Happy Flower":[6],"counters":[11,40],"obtain_stats":[{"Singing Bowl":6,"Happy Flower":9,"hierophant:PropheticMaskRelic":0,"Frozen Egg 2":11},{"Singing Bowl":6,"Happy Flower":7,"hierophant:PropheticMaskRelic":0,"Frozen Egg 2":9},{"Singing Bowl":19,"Happy Flower":22,"hierophant:PropheticMaskRelic":0,"Frozen Egg 2":30}]},"card_choices":[{"not_picked":["hierophant:Charity","hierophant:Shelter"],"picked":"hierophant:Smite","floor":1},{"not_picked":["hierophant:Racketeering","hierophant:FlamingChariot"],"picked":"hierophant:Smite","floor":2},{"not_picked":["hierophant:Bribe","hierophant:Encroach"],"picked":"hierophant:ThreeLashes","floor":3},{"not_picked":["hierophant:SealAway","hierophant:Prophecy"],"picked":"hierophant:Encroach","floor":4},{"not_picked":["hierophant:CoinFling","hierophant:OrnateBuckler"],"picked":"hierophant:SealAway","floor":5},{"not_picked":["hierophant:Encroach","hierophant:ArchangelShield","hierophant:CursedGold"],"picked":"Singing Bowl","floor":6},{"not_picked":["hierophant:AuricShield","hierophant:Cornucopia","hierophant:OrnateBuckler"],"picked":"Singing Bowl","floor":7},{"not_picked":["hierophant:Shelter","hierophant:Empathy"],"picked":"hierophant:Martyrdom","floor":10},{"not_picked":["hierophant:HammerAndAnvil","hierophant:Bribe","hierophant:EyeForCoin"],"picked":"Singing Bowl","floor":11},{"not_picked":["hierophant:FieryStrike","hierophant:Levitation"],"picked":"hierophant:Refuge+1","floor":14}],"player_experience":1864479,"relics_obtained":[{"floor":6,"key":"Singing Bowl"},{"floor":9,"key":"Happy Flower"},{"floor":11,"key":"Frozen Egg 2"}],"event_choices":[{"damage_healed":0,"gold_gain":0,"player_choice":"Ignored","damage_taken":0,"max_hp_gain":0,"max_hp_loss":0,"event_name":"Shining Light","floor":12,"gold_loss":0},{"damage_healed":0,"gold_gain":0,"player_choice":"Grow","damage_taken":0,"max_hp_gain":0,"max_hp_loss":0,"event_name":"Living Wall","floor":13,"gold_loss":0,"cards_upgraded":["hierophant:Martyrdom"]}],"is_beta":false,"boss_relics":[],"items_purged_floors":[],"is_endless":false,"potions_floor_spawned":[1,2,4,11,14],"killed_by":"Slime Boss","ascension_level":15}}