{"host":"0iey8v53xvwqxh5z","time":1608010144,"event":{"mods":["BaseMod","BetterRewards","Hermit","Hubris","Minty Spire (QoL Compilation)","Relic Stats","Replay The Spire","Shop Mod","StSLib","The Cursed"],"gold_per_floor":[111,111,111,142,220,251,251,265,265,278,314,335,348,386,386,484,484,498,498,1038,1061,1084,1127,1150,1183,1183,1218,1231,1245,1245,896,896,985,985,1005,2004,2023,2356,1871,1871,1472,1501,1501,1514,1529,1579,1579,1619,1619,1619,1619,1619,2594,2625,2625],"floor_reached":56,"playtime":15581,"items_purged":["TheCursedMod:Defend_TheCursed","TheCursedMod:Strike_TheCursed","TheCursedMod:Strike_TheCursed","TheCursedMod:Strike_TheCursed","TheCursedMod:Defend_TheCursed"],"score":2746,"play_id":"8a5b71d5-c493-4707-8a04-831f40d79a5d","local_time":"20201215002904","is_ascension_mode":true,"campfire_choices":[{"data":"TheCursedMod:LuckyCharm","floor":7.0,"key":"SMITH"},{"data":"TheCursedMod:ReleasedStrength","floor":15.0,"key":"SMITH"},{"floor":30.0,"key":"REST"},{"floor":32.0,"key":"RECALL"},{"data":"TheCursedMod:NeowsMight","floor":40,"key":"SMITH"},{"data":"TheCursedMod:CursedRelics","floor":40,"key":"SMITH"},{"data":"TheCursedMod:ReleasedStrength","floor":47,"key":"SMITH"},{"data":"TheCursedMod:AshesToAshes","floor":47,"key":"SMITH"},{"data":"Eclipse","floor":49,"key":"SMITH"},{"data":"TheCursedMod:CursedMace","floor":49,"key":"SMITH"},{"data":"TheCursedMod:AshesToAshes","floor":52,"key":"SMITH"},{"data":"TheCursedMod:CursedSpellbook","floor":52,"key":"SMITH"}],"circlet_count":0,"master_deck":["AscendersBane","TheCursedMod:AntiAging+1","TheCursedMod:Strike_TheCursed","TheCursedMod:Defend_TheCursed","TheCursedMod:CursedWand","TheCursedMod:CleanUpWorkshop","TheCursedMod:Dregs","TheCursedMod:AshesToAshes","TheCursedMod:AntiAging+1","TheCursedMod:LuckyCharm+1","TheCursedMod:SmokeScreen","TheCursedMod:CursedStaff","TheCursedMod:CursedShiv","TheCursedMod:DoubleShield+1","TheCursedMod:LuckyCharm+1","TheCursedMod:CursedMace+1","Injury","TheCursedMod:SurpriseAttack","TheCursedMod:ReleasedStrength+1","hubris:Lust","Pain","TheCursedMod:HellsGateOpen+1","TheCursedMod:AshesToAshes+1","TheCursedMod:TroublousMinions","TheCursedMod:BlessingInDisguise","TheCursedMod:CursedSpellbook+1","TheCursedMod:NeowsMight+1","TheCursedMod:CursedShiv","TheCursedMod:ManaBullet","TheCursedMod:SpreadPlague+1","TheCursedMod:SpitefulPlan+1","TheCursedMod:RavingStaff+1","TheCursedMod:CursedSpellbook","TheCursedMod:CursedBoomerang","TheCursedMod:HellfireBreathing+1","TheCursedMod:ReleasedStrength+1","TheCursedMod:DemonicPact+1","TheCursedMod:CursedBlade+1","Normality","Normality","TheCursedMod:AshesToAshes+1","TheCursedMod:HellsGateOpen+1","TheCursedMod:TroublousMinions","Finesse","TheCursedMod:CursedRelics+1","TheCursedMod:LuckyCharm+1","ReplayTheSpireMod:Brewmster+1","TheCursedMod:CursedMace+1","Eclipse+1","ReplayTheSpireMod:IOU","ReplayTheSpireMod:IOU","ReplayTheSpireMod:IOU","hubris:Wrath","ReplayTheSpireMod:IOU","ReplayTheSpireMod:IOU","ReplayTheSpireMod:Faulty Equipment","Parasite","ReplayTheSpireMod:IOU","hubris:Gluttony","TheCursedMod:CursedRelics","TheCursedMod:SpitefulPlan+1","Master of Strategy","Looming Evil","TheCursedMod:Dregs","Overencumbered"],"relics":["TheCursedMod:BlackMagic101","DollysMirror","Vajra","Counterbalance","BargainBundle","Bag of Preparation","hubris:CuriousFeather","Replay:Rubber Ducky","Frozen Egg 2","Membership Card","ReplayTheSpireMod:CursedCoin","Happy Flower","Replay:Ringing Soul","Chameleon Ring","Simple Rune","hubris:Backtick","Replay:Wax Seal","Strawberry","TheCursedMod:Tack","Mummified Hand","HornCleat","hubris:GrandSneckoEye","Replay:Arrowhead","Centennial Puzzle","Toolbox","hubris:DisguiseKit","Juzu Bracelet","Ring of Greed","Blue Doll","Golden Idol","Ring of Searing","InkBottle","hubris:NiceRug","ReplayFunnel","Lantern","Sling","Bottled Lightning"],"acts_visited":["Exordium","TheCity","TheBeyond","TheEnding"],"potions_floor_usage":[50,54,55],"damage_taken":[{"damage":0.0,"enemies":"2 Louse","floor":1.0,"turns":4.0},{"damage":12.0,"enemies":"3 Sentries","floor":6.0,"turns":10.0},{"damage":3.0,"enemies":"Jaw Worm","floor":8.0,"turns":3.0},{"damage":1.0,"enemies":"Small Slimes","floor":10.0,"turns":12.0},{"damage":12.0,"enemies":"Lagavulin","floor":11.0,"turns":7.0},{"damage":1.0,"enemies":"Red Slaver","floor":12.0,"turns":7.0},{"damage":2.0,"enemies":"2 Fungi Beasts","floor":13.0,"turns":7.0},{"damage":1.0,"enemies":"Replay:BlueRogue","floor":14.0,"turns":8.0},{"damage":10.0,"enemies":"Hexaghost","floor":16.0,"turns":10.0},{"damage":4.0,"enemies":"Spheric Guardian","floor":18.0,"turns":4.0},{"damage":7.0,"enemies":"3 Byrds","floor":21.0,"turns":10.0},{"damage":1.0,"enemies":"Centurion and Healer","floor":22.0,"turns":6.0},{"damage":7.0,"enemies":"Gremlin Leader","floor":23.0,"turns":8.0},{"damage":64.0,"enemies":"Cultist and Chosen","floor":24.0,"turns":6.0},{"damage":17.0,"enemies":"Slavers","floor":25.0,"turns":8.0},{"damage":1.0,"enemies":"Book of Stabbing","floor":27.0,"turns":5.0},{"damage":3.0,"enemies":"3 Cultists","floor":28.0,"turns":4.0},{"damage":2.0,"enemies":"Centurion and Healer","floor":29.0,"turns":5.0},{"damage":10.0,"enemies":"Automaton","floor":33.0,"turns":8.0},{"damage":0,"enemies":"3 Shapes","floor":35,"turns":3},{"damage":1,"enemies":"Orb Walker","floor":37,"turns":5},{"damage":6,"enemies":"Reptomancer","floor":42,"turns":3},{"damage":0,"enemies":"Sphere and 2 Shapes","floor":44,"turns":2},{"damage":1,"enemies":"4 Shapes","floor":45,"turns":5},{"damage":20,"enemies":"Giant Head","floor":48,"turns":5},{"damage":18,"enemies":"Replay:Hell Engine","floor":50,"turns":4},{"damage":21,"enemies":"hubris:Merchant","floor":53,"turns":5},{"damage":26,"enemies":"Shield and Spear","floor":54,"turns":6},{"damage":13,"enemies":"The Heart","floor":55,"turns":6}],"seed_played":"-3894498902915287935","potions_obtained":[{"floor":1.0,"key":"Elixir"},{"floor":5.0,"key":"DuplicationPotion"},{"floor":13.0,"key":"PowerPotion"},{"floor":16.0,"key":"Venom Potion"},{"floor":27.0,"key":"Adrenaline Potion"},{"floor":53,"key":"SkillPotion"}],"is_trial":false,"path_per_floor":["M","?","?","$","?","E","R","M","T","M","E","M","M","E","R","B",null,"M","?","?","M","M","E","M","E","T","E","M","M","R","$","R","B",null,"M","?","M","?","$","R","$","E","T","M","M","?","R","E","R","B",null,"R","$","E","B",null],"character_chosen":"THE_CURSED","items_purchased":["TheCursedMod:AshesToAshes","DollysMirror","Vajra","BargainBundle","TheCursedMod:LuckyCharm","TheCursedMod:SmokeScreen","TheCursedMod:CursedStaff","TheCursedMod:CursedShiv","Bag of Preparation","TheCursedMod:DoubleShield+1","Replay:Rubber Ducky","Frozen Egg 2","TheCursedMod:LuckyCharm+1","Membership Card","TheCursedMod:CursedMace","Adrenaline Potion","TheCursedMod:SurpriseAttack","TheCursedMod:ReleasedStrength","ReplayTheSpireMod:CursedCoin","HornCleat","TheCursedMod:CursedSpellbook","TheCursedMod:CursedBoomerang","TheCursedMod:HellfireBreathing+1","TheCursedMod:ReleasedStrength","TheCursedMod:AshesToAshes","TheCursedMod:HellsGateOpen+1","TheCursedMod:TroublousMinions","Finesse","Replay:Arrowhead","TheCursedMod:CursedRelics","TheCursedMod:LuckyCharm+1","Centennial Puzzle","Toolbox","ReplayTheSpireMod:Brewmster+1"],"campfire_rested":1,"item_purchase_floors":[0,0,0,0,0,0,0,0,0,0,0,0,0,0,0,0,4,4,4,31,31,31,31,31,39,39,39,39,39,39,41,41,41,41],"current_hp_per_floor":[28,53,53,53,53,47,47,44,44,49,43,45,52,60,60,59,109,111,111,54,56,64,73,18,10,10,15,15,19,78,81,81,80,178,181,184,186,186,189,189,192,195,195,198,205,205,205,194,194,193,242,242,227,209,202],"gold":2625,"neow_bonus":"","is_daily":false,"chose_seed":false,"campfire_upgraded":10,"win_rate":0.0,"timestamp":1608010144,"path_taken":["M","?","?","$","?","E","R","M","T","M","E","M","?","E","R","BOSS","M","?","?","?","M","E","M","E","T","E","M","M","R","$","R","BOSS","M","?","M","?","$","R","$","E","T","M","M","?","R","E","R","BOSS","R","$","E","BOSS"],"items_purchased_type":["Card","Relic","Relic","Relic","Card","Card","Card","Card","Relic","Card","Relic","Relic","Card","Relic","Card","Potion","Card","Card","Relic","Relic","Card","Card","Card","Card","Card","Card","Card","Card","Relic","Card","Card","Relic","Relic","Card"],"build_version":"2020-12-13","purchased_purges":5,"victory":true,"max_hp_per_floor":[77,77,77,77,77,83,83,83,83,89,95,98,107,116,116,125,125,131,131,131,140,149,165,174,183,183,189,192,198,198,201,201,210,210,213,216,219,219,222,222,225,234,234,237,243,243,243,252,252,258,258,258,264,270,276],"relic_stats":{"Centennial Puzzle":[16],"Happy Flower":[54],"counters":[390,1974],"Mummified Hand":[287],"Golden Idol":270,"Bag of Preparation":[59],"Juzu Bracelet":0,"obtain_stats":[{"Golden Egg":20,"Replay:Accelerometer":42,"Whetstone":44,"Ginger":0,"hubris:MysteriousPyramids":42,"Sling":53,"Boot":40,"Old Coin":5,"Ring of Searing":46,"Blood Vial":25,"Replay:Wanted Poster":38,"Replay:Ringing Soul":53,"hubris:HerbalPaste":53,"hubris:AstralHammer":44,"TheCursedMod:CrystalBall":7,"hubris:DeckOfHolding":40,"MealTicket":28,"HandDrill":57,"Kunai":29,"Replay:Wax Seal":0,"hubris:TinFlute":28,"Replay:Bottled Steam":36,"TheCursedMod:BlackMagic101":0,"Pear":58,"Counterbalance":0,"hubris:SphereOfDissonance":40,"Eternal Feather":23,"Pen Nib":31,"Replay:Ancient Bell":17,"SlaversCollar":34,"Runic Dome":34,"Bird Faced Urn":14,"hubris:TenFootPole":0,"Kintsugi":17,"Unceasing Top":0,"Abe\u0027s Treasure":17,"TheCursedMod:SoulVessel":46,"hubris:Reverence":54,"TheCursedMod:FourLeafCloverCharm":17,"Lantern":53,"Regal Pillow":6,"Torii":0,"Blue Doll":27,"StoneCalendar":53,"GremlinMask":29,"Bag of Preparation":46,"Replay:Multitool":40,"hubris:EmptyBottle":0,"Cursed Key":17,"Ancient Tea Set":44,"Pet Ghost":10,"Replay:Rubber Ducky":0,"hubris:Backtick":17,"Ring of Peace":11,"Toolbox":3,"WingedGreaves":0,"hubris:CuriousFeather":0,"hubris:FunFungus":43,"Chemical X":0,"Ring of Panic":5,"Replay:Bottled Eggs":28,"InkBottle":40,"hubris:GlazedTorus":0,"Potion Belt":45,"Lee\u0027s Waffle":0,"Golden Idol":3,"hubris:64BitClover":28,"Thread and Needle":0,"PreservedInsect":26,"Ring of Greed":5,"hubris:Towel":37,"Frozen Egg 2":0,"MawBank":13,"Replay:Arrowhead":0,"hubris:Spice":0,"Ornamental Fan":0,"Bloody Idol":27,"Orrery":0,"Garlic":26,"Durian":9,"Bottled Lightning":54,"ReplayTheSpireMod:Lightbulb":54,"Toy Ornithopter":9,"hubris:BottledRain":9,"Ice Cream":39,"Mark of the Bloom":49,"Calipers":0,"hubris:CrystalStatue":34,"Gremlin Horn":20,"Nilry\u0027s Codex":19,"TheCursedMod:Tack":54,"hubris:VirtuousBlindfold":34,"Vajra":0,"hubris:TerracottaHorce":19,"Centennial Puzzle":8,"Lizard Tail":25,"HornCleat":0,"DollysMirror":28,"Strawberry":46,"Honey Jar":0,"Philosopher\u0027s Stone":17,"Iron Hammer":0,"Toxic Egg 2":0,"Girya":26,"hubris:Teleporter":13,"hubris:DuctTape":57,"Happy Flower":53,"ReplayTheSpireMod:CursedCoin":0,"Oddly Smooth Stone":0,"Replay:Kaleidoscope":47,"Letter Opener":53,"War Paint":0,"WarpedTongs":2,"hubris:Zylophone":0,"OrangePellets":0,"Replay:Baseball":21,"Bottled Flame":9,"ReplayTheSpireMod:Shallot":9,"Shuriken":9,"Bronze Scales":27,"hubris:PeanutButter":9,"Simple Rune":23,"Onion Ring":54,"Molten Egg 2":21,"Black Star":34,"ReplayTheSpireMod:TigerMarble":39,"hubris:ToyBattleship":26,"Grinning Jar":11,"Mirror":38,"Meat on the Bone":15,"ReplayFunnel":21,"Darkstone Periapt":30,"TheCursedMod:BloodyHarpoon":54,"Replay:PocketPolymizer":0,"Mango":0,"Incense Burner":0,"hubris:SlimyHat":28,"Juzu Bracelet":42,"Empty Cage":34,"ClockworkSouvenir":22,"Frozen Eye":38,"Dream Catcher":6,"Replay:Bandana":7,"Nunchaku":53,"hubris:Icosahedron":9,"Chameleon Ring":11,"Mummified Hand":53,"Pantograph":22,"Gambling Chip":0,"Red Mask":21,"Replay:Bottled Snecko":28,"Gremlin Food":28,"hubris:DisguiseKit":14,"BargainBundle":0,"Replay:Towering Pillar of Hats":0,"Quantum Egg":0,"hubris:MedicalManual":42,"TheCursedMod:MagicCandle":0,"Orichalcum":0,"Medical Kit":0,"White Beast Statue":0,"Mercury Hourglass":0,"Peace Pipe":12,"Strange Spoon":0,"Cauldron":53,"Pondfish Scales":14,"CaptainsWheel":19,"Anchor":10,"TheCursedMod:OminousMark":34,"hubris:BundleOfHerbs":0,"Snack Pack":54,"Bag of Marbles":31,"Coffee Dripper":17,"hubris:GrandSneckoEye":17,"Membership Card":0,"FossilizedHelix":6,"hubris:OldNail":0,"TungstenRod":44,"hubris:NiceRug":53,"ReplayTheSpireMod:ShopPack":45},{"Golden Egg":207,"Replay:Accelerometer":327,"Whetstone":20,"Ginger":86,"hubris:MysteriousPyramids":107,"Sling":221,"Boot":269,"Old Coin":279,"Ring of Searing":385,"Blood Vial":12,"Replay:Wanted Poster":75,"Replay:Ringing Soul":144,"hubris:HerbalPaste":144,"hubris:AstralHammer":50,"TheCursedMod:CrystalBall":90,"hubris:DeckOfHolding":106,"MealTicket":233,"HandDrill":84,"Kunai":70,"Replay:Wax Seal":25,"hubris:TinFlute":183,"Replay:Bottled Steam":324,"TheCursedMod:BlackMagic101":0,"Pear":85,"Counterbalance":25,"hubris:SphereOfDissonance":19,"Eternal Feather":11,"Pen Nib":13,"Replay:Ancient Bell":343,"SlaversCollar":14,"Runic Dome":236,"Bird Faced Urn":342,"hubris:TenFootPole":334,"Kintsugi":229,"Unceasing Top":146,"Abe\u0027s Treasure":154,"TheCursedMod:SoulVessel":52,"hubris:Reverence":197,"TheCursedMod:FourLeafCloverCharm":122,"Lantern":196,"Regal Pillow":309,"Torii":198,"Blue Doll":127,"StoneCalendar":169,"GremlinMask":292,"Bag of Preparation":21,"Replay:Multitool":48,"hubris:EmptyBottle":25,"Cursed Key":35,"Ancient Tea Set":79,"Pet Ghost":61,"Replay:Rubber Ducky":25,"hubris:Backtick":370,"Ring of Peace":152,"Toolbox":1,"WingedGreaves":115,"hubris:CuriousFeather":171,"hubris:FunFungus":242,"Chemical X":25,"Ring of Panic":279,"Replay:Bottled Eggs":348,"InkBottle":326,"hubris:GlazedTorus":86,"Potion Belt":20,"Lee\u0027s Waffle":115,"Golden Idol":59,"hubris:64BitClover":129,"Thread and Needle":198,"PreservedInsect":41,"Ring of Greed":279,"hubris:Towel":47,"Frozen Egg 2":198,"MawBank":94,"Replay:Arrowhead":25,"hubris:Spice":25,"Ornamental Fan":171,"Bloody Idol":182,"Orrery":25,"Garlic":12,"Durian":175,"Bottled Lightning":389,"ReplayTheSpireMod:Lightbulb":222,"Toy Ornithopter":251,"hubris:BottledRain":200,"Ice Cream":105,"Mark of the Bloom":80,"Calipers":57,"hubris:CrystalStatue":73,"Gremlin Horn":37,"Nilry\u0027s Codex":180,"TheCursedMod:Tack":170,"hubris:VirtuousBlindfold":351,"Vajra":361,"hubris:TerracottaHorce":65,"Centennial Puzzle":30,"Lizard Tail":126,"HornCleat":115,"DollysMirror":12,"Strawberry":166,"Honey Jar":0,"Philosopher\u0027s Stone":7,"Iron Hammer":57,"Toxic Egg 2":86,"Girya":69,"hubris:Teleporter":33,"hubris:DuctTape":83,"Happy Flower":196,"ReplayTheSpireMod:CursedCoin":246,"Oddly Smooth Stone":25,"Replay:Kaleidoscope":141,"Letter Opener":275,"War Paint":25,"WarpedTongs":87,"hubris:Zylophone":25,"OrangePellets":25,"Replay:Baseball":9,"Bottled Flame":151,"ReplayTheSpireMod:Shallot":119,"Shuriken":30,"Bronze Scales":291,"hubris:PeanutButter":4,"Simple Rune":98,"Onion Ring":114,"Molten Egg 2":124,"Black Star":46,"ReplayTheSpireMod:TigerMarble":105,"hubris:ToyBattleship":232,"Grinning Jar":5,"Mirror":47,"Meat on the Bone":63,"ReplayFunnel":258,"Darkstone Periapt":264,"TheCursedMod:BloodyHarpoon":276,"Replay:PocketPolymizer":223,"Mango":25,"Incense Burner":25,"hubris:SlimyHat":69,"Juzu Bracelet":270,"Empty Cage":213,"ClockworkSouvenir":180,"Frozen Eye":134,"Dream Catcher":3,"Replay:Bandana":119,"Nunchaku":169,"hubris:Icosahedron":60,"Chameleon Ring":366,"Mummified Hand":220,"Pantograph":97,"Gambling Chip":146,"Red Mask":97,"Replay:Bottled Snecko":129,"Gremlin Food":43,"hubris:DisguiseKit":94,"BargainBundle":361,"Replay:Towering Pillar of Hats":115,"Quantum Egg":223,"hubris:MedicalManual":138,"TheCursedMod:MagicCandle":25,"Orichalcum":334,"Medical Kit":277,"White Beast Statue":25,"Mercury Hourglass":25,"Peace Pipe":62,"Strange Spoon":86,"Cauldron":196,"Pondfish Scales":63,"CaptainsWheel":123,"Anchor":176,"TheCursedMod:OminousMark":161,"hubris:BundleOfHerbs":86,"Snack Pack":24,"Bag of Marbles":45,"Coffee Dripper":95,"hubris:GrandSneckoEye":315,"Membership Card":25,"FossilizedHelix":29,"hubris:OldNail":57,"TungstenRod":243,"hubris:NiceRug":55,"ReplayTheSpireMod:ShopPack":243},{"Golden Egg":1076,"Replay:Accelerometer":1603,"Whetstone":102,"Ginger":455,"hubris:MysteriousPyramids":566,"Sling":1169,"Boot":1351,"Old Coin":1396,"Ring of Searing":1948,"Blood Vial":62,"Replay:Wanted Poster":406,"Replay:Ringing Soul":727,"hubris:HerbalPaste":727,"hubris:AstralHammer":280,"TheCursedMod:CrystalBall":470,"hubris:DeckOfHolding":562,"MealTicket":1209,"HandDrill":443,"Kunai":384,"Replay:Wax Seal":130,"hubris:TinFlute":946,"Replay:Bottled Steam":1591,"TheCursedMod:BlackMagic101":0,"Pear":448,"Counterbalance":130,"hubris:SphereOfDissonance":95,"Eternal Feather":58,"Pen Nib":66,"Replay:Ancient Bell":1685,"SlaversCollar":79,"Runic Dome":1218,"Bird Faced Urn":1675,"hubris:TenFootPole":1640,"Kintsugi":1197,"Unceasing Top":738,"Abe\u0027s Treasure":773,"TheCursedMod:SoulVessel":289,"hubris:Reverence":1023,"TheCursedMod:FourLeafCloverCharm":637,"Lantern":1017,"Regal Pillow":1511,"Torii":1030,"Blue Doll":659,"StoneCalendar":853,"GremlinMask":1440,"Bag of Preparation":107,"Replay:Multitool":266,"hubris:EmptyBottle":130,"Cursed Key":180,"Ancient Tea Set":424,"Pet Ghost":338,"Replay:Rubber Ducky":130,"hubris:Backtick":1866,"Ring of Peace":758,"Toolbox":3,"WingedGreaves":616,"hubris:CuriousFeather":879,"hubris:FunFungus":1235,"Chemical X":130,"Ring of Panic":1396,"Replay:Bottled Eggs":1710,"InkBottle":1600,"hubris:GlazedTorus":455,"Potion Belt":102,"Lee\u0027s Waffle":616,"Golden Idol":330,"hubris:64BitClover":664,"Thread and Needle":1030,"PreservedInsect":213,"Ring of Greed":1396,"hubris:Towel":252,"Frozen Egg 2":1030,"MawBank":487,"Replay:Arrowhead":130,"hubris:Spice":130,"Ornamental Fan":879,"Bloody Idol":943,"Orrery":130,"Garlic":62,"Durian":896,"Bottled Lightning":1968,"ReplayTheSpireMod:Lightbulb":1173,"Toy Ornithopter":1275,"hubris:BottledRain":1037,"Ice Cream":557,"Mark of the Bloom":427,"Calipers":327,"hubris:CrystalStatue":397,"Gremlin Horn":188,"Nilry\u0027s Codex":930,"TheCursedMod:Tack":863,"hubris:VirtuousBlindfold":1732,"Vajra":1798,"hubris:TerracottaHorce":357,"Centennial Puzzle":151,"Lizard Tail":654,"HornCleat":616,"DollysMirror":62,"Strawberry":832,"Honey Jar":0,"Philosopher\u0027s Stone":32,"Iron Hammer":327,"Toxic Egg 2":455,"Girya":378,"hubris:Teleporter":163,"hubris:DuctTape":439,"Happy Flower":1017,"ReplayTheSpireMod:CursedCoin":1253,"Oddly Smooth Stone":130,"Replay:Kaleidoscope":712,"Letter Opener":1379,"War Paint":130,"WarpedTongs":459,"hubris:Zylophone":130,"OrangePellets":130,"Replay:Baseball":45,"Bottled Flame":753,"ReplayTheSpireMod:Shallot":625,"Shuriken":151,"Bronze Scales":1437,"hubris:PeanutButter":14,"Simple Rune":510,"Onion Ring":607,"Molten Egg 2":644,"Black Star":245,"ReplayTheSpireMod:TigerMarble":557,"hubris:ToyBattleship":1206,"Grinning Jar":21,"Mirror":252,"Meat on the Bone":347,"ReplayFunnel":1308,"Darkstone Periapt":1332,"TheCursedMod:BloodyHarpoon":1384,"Replay:PocketPolymizer":1179,"Mango":130,"Incense Burner":130,"hubris:SlimyHat":378,"Juzu Bracelet":1356,"Empty Cage":1127,"ClockworkSouvenir":930,"Frozen Eye":679,"Dream Catcher":13,"Replay:Bandana":625,"Nunchaku":853,"hubris:Icosahedron":331,"Chameleon Ring":1834,"Mummified Hand":1161,"Pantograph":507,"Gambling Chip":738,"Red Mask":507,"Replay:Bottled Snecko":664,"Gremlin Food":227,"hubris:DisguiseKit":487,"BargainBundle":1798,"Replay:Towering Pillar of Hats":616,"Quantum Egg":1179,"hubris:MedicalManual":700,"TheCursedMod:MagicCandle":130,"Orichalcum":1640,"Medical Kit":1392,"White Beast Statue":130,"Mercury Hourglass":130,"Peace Pipe":342,"Strange Spoon":455,"Cauldron":1017,"Pondfish Scales":347,"CaptainsWheel":643,"Anchor":902,"TheCursedMod:OminousMark":811,"hubris:BundleOfHerbs":455,"Snack Pack":121,"Bag of Marbles":237,"Coffee Dripper":498,"hubris:GrandSneckoEye":1546,"Membership Card":130,"FossilizedHelix":143,"hubris:OldNail":327,"TungstenRod":1239,"hubris:NiceRug":311,"ReplayTheSpireMod:ShopPack":1239}],"InkBottle":[17]},"card_choices":[{"not_picked":["TheCursedMod:CursedBlade","TheCursedMod:CircleOfBlood","TheCursedMod:CursedArmor"],"picked":"SKIP","floor":1.0},{"not_picked":["TheCursedMod:AshesToAshes","TheCursedMod:SurpriseAttack"],"picked":"TheCursedMod:HellsGateOpen+1","floor":6.0},{"not_picked":["TheCursedMod:StunningStrike","TheCursedMod:SurpriseAttack"],"picked":"TheCursedMod:AshesToAshes","floor":8.0},{"not_picked":["TheCursedMod:CircleOfCorruption","TheCursedMod:CursedAmulet"],"picked":"TheCursedMod:TroublousMinions","floor":10.0},{"not_picked":["TheCursedMod:Mangle","TheCursedMod:Stigma","TheCursedMod:Torture"],"picked":"SKIP","floor":11.0},{"not_picked":["TheCursedMod:Evocation","TheCursedMod:CursedBlade","TheCursedMod:CircleOfFocus"],"picked":"SKIP","floor":12.0},{"not_picked":["TheCursedMod:ParallelWorld","TheCursedMod:Stigma"],"picked":"TheCursedMod:BlessingInDisguise","floor":13.0},{"not_picked":["TheCursedMod:FuryStrike","TheCursedMod:ReleasedKnowledge"],"picked":"TheCursedMod:CursedSpellbook","floor":14.0},{"not_picked":["TheCursedMod:DemonSword","TheCursedMod:Neurasthenia"],"picked":"TheCursedMod:NeowsMight","floor":16.0},{"not_picked":["TheCursedMod:Grudge","TheCursedMod:WearCloak+1","TheCursedMod:CircleOfCorruption"],"picked":"SKIP","floor":18.0},{"not_picked":["TheCursedMod:Stretching","TheCursedMod:CircleOfFlame+1"],"picked":"TheCursedMod:CursedShiv","floor":21.0},{"not_picked":["TheCursedMod:Stigma","TheCursedMod:StingEye"],"picked":"TheCursedMod:ManaBullet","floor":22.0},{"not_picked":["TheCursedMod:ShockAndAwe","TheCursedMod:StingEye+1"],"picked":"TheCursedMod:SpreadPlague+1","floor":23.0},{"not_picked":["TheCursedMod:ReleasedKnowledge","TheCursedMod:PrepareRite"],"picked":"TheCursedMod:SpitefulPlan+1","floor":24.0},{"not_picked":["TheCursedMod:ManaBullet","TheCursedMod:CursedArmor"],"picked":"TheCursedMod:RavingStaff+1","floor":25.0},{"not_picked":["TheCursedMod:ManaBullet","TheCursedMod:TacticalStrike","TheCursedMod:Torture"],"picked":"SKIP","floor":27.0},{"not_picked":["TheCursedMod:CircleOfFocus","TheCursedMod:RavingStaff","TheCursedMod:ReleasedKnowledge"],"picked":"SKIP","floor":28.0},{"not_picked":["TheCursedMod:RavingStaff","TheCursedMod:Stigma","TheCursedMod:SpreadPlague"],"picked":"SKIP","floor":29.0},{"not_picked":["TheCursedMod:ForbiddenAlchemy","TheCursedMod:CircleOfAbyss"],"picked":"TheCursedMod:DemonicPact+1","floor":33.0},{"not_picked":["TheCursedMod:Stretching","TheCursedMod:VitalStrike"],"picked":"TheCursedMod:CursedBlade+1","floor":35},{"not_picked":["TheCursedMod:CursedShiv","TheCursedMod:Wield","TheCursedMod:FleshFromBone+1"],"picked":"SKIP","floor":37},{"not_picked":["TheCursedMod:CircleOfAmplification","TheCursedMod:CursedSpellbook"],"picked":"TheCursedMod:CursedMace+1","floor":42},{"not_picked":["TheCursedMod:CursedAmulet","TheCursedMod:Stigma","TheCursedMod:CursedArmor","Iron Wave"],"picked":"SKIP","floor":44},{"not_picked":["TheCursedMod:Torture","TheCursedMod:RavingStaff","TheCursedMod:Obscuration","Metallicize"],"picked":"SKIP","floor":45},{"not_picked":["TheCursedMod:ReleasedKnowledge","TheCursedMod:SoulCrush","TheCursedMod:StingEye"],"picked":"Eclipse","floor":48},{"not_picked":[],"picked":"TheCursedMod:CursedRelics","floor":53},{"not_picked":[],"picked":"TheCursedMod:SpitefulPlan+1","floor":53},{"not_picked":[],"picked":"Master of Strategy","floor":53},{"not_picked":["TheCursedMod:CursedStaff"],"picked":"SKIP","floor":53},{"not_picked":["TheCursedMod:CircleOfFocus+1"],"picked":"SKIP","floor":53},{"not_picked":["TheCursedMod:DoubleShield"],"picked":"SKIP","floor":53},{"not_picked":["Replay:Sssssssssstrike"],"picked":"SKIP","floor":53},{"not_picked":["TheCursedMod:CircleOfFlame+1","TheCursedMod:HellsGateOpen+1","TheCursedMod:TroublousMinions","Armaments"],"picked":"SKIP","floor":54}],"player_experience":208634,"relics_obtained":[{"floor":6.0,"key":"Happy Flower"},{"floor":9.0,"key":"Replay:Ringing Soul"},{"floor":11.0,"key":"Chameleon Ring"},{"floor":14.0,"key":"Simple Rune"},{"floor":23.0,"key":"Strawberry"},{"floor":25.0,"key":"TheCursedMod:Tack"},{"floor":27.0,"key":"Mummified Hand"},{"floor":42,"key":"hubris:DisguiseKit"},{"floor":43,"key":"Juzu Bracelet"},{"floor":46,"key":"Ring of Greed"},{"floor":46,"key":"Blue Doll"},{"floor":46,"key":"Golden Idol"},{"floor":46,"key":"Ring of Searing"},{"floor":48,"key":"InkBottle"},{"floor":53,"key":"ReplayFunnel"},{"floor":53,"key":"Lantern"},{"floor":53,"key":"Sling"},{"floor":54,"key":"Bottled Lightning"}],"event_choices":[{"damage_healed":25.0,"max_hp_gain":0.0,"max_hp_loss":0.0,"gold_gain":0.0,"event_name":"Big Fish","player_choice":"Banana","floor":2.0,"gold_loss":0.0,"damage_taken":0.0},{"damage_healed":0.0,"max_hp_gain":0.0,"max_hp_loss":0.0,"gold_gain":0.0,"event_name":"Golden Idol","player_choice":"Take Wound","floor":3.0,"gold_loss":0.0,"damage_taken":0.0,"relics_obtained":["Golden Idol"],"cards_obtained":["Injury"]},{"cards_removed":["TheCursedMod:Defend_TheCursed"],"damage_healed":0.0,"max_hp_gain":0.0,"max_hp_loss":0.0,"gold_gain":0.0,"event_name":"Back to Basics","player_choice":"Elegance","floor":19.0,"gold_loss":0.0,"damage_taken":0.0},{"damage_healed":0.0,"max_hp_gain":0.0,"max_hp_loss":0.0,"gold_gain":540.0,"event_name":"Knowing Skull","player_choice":"GOLD GOLD GOLD GOLD GOLD GOLD ","floor":20.0,"potions_obtained":[],"gold_loss":0.0,"damage_taken":57.0,"cards_obtained":[]},{"damage_healed":0,"gold_gain":999,"player_choice":"Gold","damage_taken":0,"max_hp_gain":0,"max_hp_loss":0,"event_name":"MindBloom","floor":36,"gold_loss":0,"cards_obtained":["Normality","Normality"]},{"damage_healed":0,"gold_gain":333,"player_choice":"Gave Idol","damage_taken":0,"max_hp_gain":0,"max_hp_loss":0,"event_name":"The Moai Head","floor":38,"relics_lost":["Golden Idol"],"gold_loss":0}],"is_beta":false,"boss_relics":[{"not_picked":["SacredBark","Astrolabe"],"picked":"hubris:Backtick"},{"not_picked":["hubris:ScarierMask","hubris:RunicObelisk"],"picked":"hubris:GrandSneckoEye"}],"items_purged_floors":[0,4,31,39,41],"is_endless":false,"potions_floor_spawned":[1,13,16,21,22,27,29,33,35,44,48,54],"ascension_level":17}}