{"host":"d6jq5n191gimxfx1","time":1608052488,"event":{"mods":["AchievementEnabler","BaseMod","DeckTracker","Hermit","Minty Spire (QoL Compilation)","Random Character Button","Rare Cards Sparkle","StSLib"],"gold_per_floor":[114,114,134,149,168,168,168,168,222,258,6,26,101,116,116,116,116],"floor_reached":16,"playtime":475,"items_purged":["Strike_R"],"score":168,"play_id":"71395559-11bb-4718-a564-61869eccc1a7","local_time":"20201215181448","is_ascension_mode":true,"campfire_choices":[{"data":"Feed","floor":6,"key":"SMITH"},{"data":"Bash","floor":8,"key":"SMITH"},{"data":"Madness","floor":15,"key":"SMITH"}],"circlet_count":0,"master_deck":["Strike_R","Strike_R","Strike_R","Strike_R","Defend_R","Defend_R","Defend_R","Defend_R","Bash+1","Feed+1","Shrug It Off","Reaper","Inflame","Madness+1"],"relics":["Burning Blood","NeowsBlessing","Golden Idol","Anchor","Boot"],"acts_visited":["Exordium"],"potions_floor_usage":[10,16,16],"damage_taken":[{"damage":0,"enemies":"Small Slimes","floor":1,"turns":1},{"damage":0,"enemies":"Cultist","floor":3,"turns":1},{"damage":7,"enemies":"Jaw Worm","floor":4,"turns":3},{"damage":13,"enemies":"Exordium Wildlife","floor":5,"turns":6},{"damage":2,"enemies":"Gremlin Nob","floor":10,"turns":3},{"damage":7,"enemies":"3 Louse","floor":12,"turns":6},{"damage":20,"enemies":"2 Fungi Beasts","floor":14,"turns":4},{"damage":65,"enemies":"The Guardian","floor":16,"turns":16}],"seed_played":"-3102041678559952707","potions_obtained":[{"floor":3,"key":"Swift Potion"},{"floor":5,"key":"DuplicationPotion"},{"floor":14,"key":"Weak Potion"}],"is_trial":false,"path_per_floor":["M","?","M","M","M","R","?","R","T","E","$","M","?","M","R","B"],"character_chosen":"IRONCLAD","items_purchased":["Inflame","Madness"],"campfire_rested":0,"item_purchase_floors":[11,11],"current_hp_per_floor":[78,78,80,82,78,78,57,57,57,65,65,75,64,64,64,0,0],"gold":116,"neow_bonus":"THREE_ENEMY_KILL","is_daily":false,"chose_seed":false,"campfire_upgraded":3,"win_rate":0.0,"timestamp":1608052488,"path_taken":["M","?","M","?","M","R","?","R","T","E","?","M","?","M","R","BOSS"],"items_purchased_type":["Card","Card"],"build_version":"2020-12-13","purchased_purges":1,"victory":false,"max_hp_per_floor":[80,80,80,83,86,86,86,86,86,90,90,94,94,98,98,98,98],"card_choices":[{"not_picked":["Flex","Headbutt","Perfected Strike"],"picked":"SKIP","floor":1},{"not_picked":["Pommel Strike","Clash"],"picked":"Feed","floor":3},{"not_picked":["Sentinel","Armaments","Pommel Strike"],"picked":"SKIP","floor":4},{"not_picked":["Dark Embrace","Dropkick"],"picked":"Shrug It Off","floor":5},{"not_picked":["Warcry","Power Through"],"picked":"Reaper","floor":10},{"not_picked":["Flame Barrier","Clothesline","Infernal Blade"],"picked":"SKIP","floor":12},{"not_picked":["Warcry","Flex","Evolve"],"picked":"SKIP","floor":14}],"player_experience":574211,"relics_obtained":[{"floor":9,"key":"Anchor"},{"floor":10,"key":"Boot"}],"event_choices":[{"damage_healed":0,"gold_gain":0,"player_choice":"Bought 0 Potions","damage_taken":0,"max_hp_gain":0,"max_hp_loss":0,"event_name":"The Woman in Blue","floor":2,"gold_loss":0},{"damage_healed":0,"gold_gain":0,"player_choice":"Take Damage","damage_taken":21,"relics_obtained":["Golden Idol"],"max_hp_gain":0,"max_hp_loss":0,"event_name":"Golden Idol","floor":7,"gold_loss":0},{"damage_healed":0,"gold_gain":75,"player_choice":"Gather Gold","damage_taken":11,"max_hp_gain":0,"max_hp_loss":0,"event_name":"World of Goop","floor":13,"gold_loss":0}],"is_beta":false,"boss_relics":[],"items_purged_floors":[11],"is_endless":false,"potions_floor_spawned":[3,5,14],"killed_by":"The Guardian","ascension_level":8}}