{"host":"gc0hqzwg2gd3zszy","time":1608002209,"event":{"mods":["BaseMod","DeckTracker","Minty Spire (QoL Compilation)","Relic Stats","SuperFastMode"],"gold_per_floor":[111,35,35,55,74,105,105,140,140,140,153,153,153,167,167,241,241,254,284,284,284,44,44,57,57,111,133,155,186,8,21,21,98,98,109,122,59,59,71,71,71],"floor_reached":40,"playtime":1478,"items_purged":["Strike_B","Strike_B","Strike_B"],"score":796,"play_id":"7fcef055-2a07-479a-8ea3-09f05c58f82a","local_time":"20201215121649","is_ascension_mode":true,"campfire_choices":[{"floor":7.0,"key":"REST"},{"data":"Dualcast","floor":10.0,"key":"SMITH"},{"floor":12.0,"key":"REST"},{"data":"Coolheaded","floor":15.0,"key":"SMITH"},{"data":"Recycle","floor":23,"key":"SMITH"},{"data":"Fission","floor":25,"key":"SMITH"},{"floor":32,"key":"REST"}],"circlet_count":0,"master_deck":["AscendersBane","Strike_B","Defend_B","Defend_B","Defend_B","Zap","Dualcast+1","Undo","Ball Lightning","Compile Driver","Thunder Strike","Electrodynamics","Reinforced Body","Coolheaded+1","Fission+1","Turbo","Defragment","Recycle+1","Hologram","Loop","Defragment","FTL","Coolheaded+1","Biased Cognition","Decay","Compile Driver"],"relics":["Cracked Core","Orichalcum","Ginger","Centennial Puzzle","Sozu","Red Mask","Membership Card","MawBank","Mummified Hand","Runic Dome"],"acts_visited":["Exordium","TheCity","TheBeyond"],"potions_floor_usage":[],"damage_taken":[{"damage":12.0,"enemies":"Jaw Worm","floor":1.0,"turns":3.0},{"damage":1.0,"enemies":"Cultist","floor":4.0,"turns":4.0},{"damage":5.0,"enemies":"Small Slimes","floor":5.0,"turns":3.0},{"damage":21.0,"enemies":"Lagavulin","floor":6.0,"turns":6.0},{"damage":26.0,"enemies":"3 Sentries","floor":8.0,"turns":6.0},{"damage":7.0,"enemies":"Blue Slaver","floor":11.0,"turns":2.0},{"damage":1.0,"enemies":"3 Louse","floor":14.0,"turns":3.0},{"damage":26.0,"enemies":"Slime Boss","floor":16.0,"turns":6.0},{"damage":0.0,"enemies":"3 Byrds","floor":18.0,"turns":2.0},{"damage":0.0,"enemies":"Masked Bandits","floor":19.0,"turns":2.0},{"damage":5,"enemies":"Chosen","floor":24,"turns":4},{"damage":19,"enemies":"Snecko","floor":27,"turns":5},{"damage":1,"enemies":"Centurion and Healer","floor":28,"turns":3},{"damage":9,"enemies":"Snake Plant","floor":29,"turns":3},{"damage":2,"enemies":"Snecko","floor":31,"turns":4},{"damage":11,"enemies":"Collector","floor":33,"turns":9},{"damage":11,"enemies":"Orb Walker","floor":35,"turns":3},{"damage":23,"enemies":"3 Shapes","floor":36,"turns":3},{"damage":4,"enemies":"3 Darklings","floor":39,"turns":3},{"damage":79,"enemies":"Giant Head","floor":40,"turns":7}],"seed_played":"-4699552215448969577","potions_obtained":[{"floor":4.0,"key":"FocusPotion"},{"floor":8.0,"key":"DuplicationPotion"},{"floor":14.0,"key":"FairyPotion"}],"is_trial":false,"path_per_floor":["M","?","$","M","M","E","R","E","T","R","M","R","?","M","R","B",null,"M","?","?","?","$","R","M","R","T","M","M","M","$","M","R","B",null,"M","M","$","?","M","E"],"character_chosen":"DEFECT","items_purchased":["Membership Card","Recycle","Hologram","Mummified Hand"],"campfire_rested":3,"item_purchase_floors":[22,22,22,30],"current_hp_per_floor":[52,52,52,51,46,25,46,20,20,20,13,34,34,33,33,7,55,55,55,55,55,55,55,50,50,50,31,30,21,21,19,40,29,61,50,27,27,27,23,0,0],"gold":71,"neow_bonus":"REMOVE_CARD","is_daily":false,"chose_seed":false,"campfire_upgraded":4,"win_rate":0.0,"timestamp":1608002209,"path_taken":["M","?","$","M","M","E","R","E","T","R","?","R","?","M","R","BOSS","M","?","?","?","$","R","M","R","T","M","M","M","$","?","R","BOSS","M","M","$","?","M","E"],"items_purchased_type":["Relic","Card","Card","Relic"],"build_version":"2020-12-13","purchased_purges":3,"victory":false,"max_hp_per_floor":[71,71,71,71,71,71,71,71,71,71,71,71,71,71,71,71,71,71,71,71,71,71,71,71,71,71,71,71,71,71,71,71,71,71,71,71,71,71,71,71,71],"relic_stats":{"Sozu":4,"Centennial Puzzle":[39],"counters":[20,80],"Mummified Hand":[36],"Ginger":[15],"Orichalcum":[138],"MawBank":48,"obtain_stats":[{"Sozu":17,"Runic Dome":34,"Centennial Puzzle":8,"Mummified Hand":30,"Red Mask":19,"Ginger":6,"Membership Card":22,"Orichalcum":2,"Cracked Core":0,"MawBank":26},{"Sozu":8,"Runic Dome":16,"Centennial Puzzle":5,"Mummified Hand":14,"Red Mask":10,"Ginger":4,"Membership Card":10,"Orichalcum":1,"Cracked Core":0,"MawBank":11},{"Sozu":33,"Runic Dome":65,"Centennial Puzzle":22,"Mummified Hand":52,"Red Mask":37,"Ginger":16,"Membership Card":37,"Orichalcum":3,"Cracked Core":0,"MawBank":41}]},"card_choices":[{"not_picked":["Redo","Self Repair"],"picked":"Undo","floor":1.0},{"not_picked":["Beam Cell","Chill"],"picked":"Ball Lightning","floor":4.0},{"not_picked":["Cold Snap","Consume"],"picked":"Compile Driver","floor":5.0},{"not_picked":["Leap","Hyperbeam"],"picked":"Thunder Strike","floor":6.0},{"not_picked":["Ball Lightning","Core Surge"],"picked":"Electrodynamics","floor":8.0},{"not_picked":["Stack","Darkness"],"picked":"Reinforced Body","floor":11.0},{"not_picked":["Doom and Gloom","Ball Lightning"],"picked":"Coolheaded","floor":14.0},{"not_picked":["Rainbow","Machine Learning"],"picked":"Fission","floor":16.0},{"not_picked":["Auto Shields","Beam Cell"],"picked":"Turbo","floor":18.0},{"not_picked":["Reinforced Body","Force Field"],"picked":"Defragment","floor":19.0},{"not_picked":["Stack","Redo"],"picked":"Loop","floor":24},{"not_picked":["Aggregate","Sweeping Beam"],"picked":"Defragment","floor":27},{"not_picked":["Rip and Tear","Coolheaded"],"picked":"FTL","floor":28},{"not_picked":["Coolheaded","Ball Lightning","Blizzard"],"picked":"SKIP","floor":29},{"not_picked":["Cold Snap","Doom and Gloom"],"picked":"Coolheaded+1","floor":31},{"not_picked":["Fission","Machine Learning"],"picked":"Biased Cognition","floor":33},{"not_picked":["Beam Cell","Fusion","Cold Snap+1"],"picked":"SKIP","floor":35},{"not_picked":["Ball Lightning+1","Steam","Hologram"],"picked":"SKIP","floor":36},{"not_picked":["White Noise","Turbo"],"picked":"Compile Driver","floor":39}],"player_experience":1297852,"relics_obtained":[{"floor":6.0,"key":"Ginger"},{"floor":8.0,"key":"Centennial Puzzle"},{"floor":19.0,"key":"Red Mask"},{"floor":26,"key":"MawBank"}],"event_choices":[{"damage_healed":0.0,"max_hp_gain":0.0,"max_hp_loss":0.0,"gold_gain":0.0,"event_name":"WeMeetAgain","player_choice":"Paid Gold","floor":2.0,"gold_loss":76.0,"damage_taken":0.0,"relics_obtained":["Orichalcum"]},{"damage_healed":0.0,"max_hp_gain":0.0,"max_hp_loss":0.0,"gold_gain":0.0,"event_name":"Shining Light","player_choice":"Ignored","floor":13.0,"gold_loss":0.0,"damage_taken":0.0},{"damage_healed":0.0,"max_hp_gain":0.0,"max_hp_loss":0.0,"gold_gain":0.0,"event_name":"Masked Bandits","player_choice":"Fought Bandits","floor":19.0,"gold_loss":0.0,"damage_taken":0.0},{"damage_healed":0.0,"max_hp_gain":0.0,"max_hp_loss":0.0,"gold_gain":0.0,"event_name":"Vampires","player_choice":"Ignored","floor":20.0,"gold_loss":0.0,"damage_taken":0.0},{"damage_healed":0,"gold_gain":0,"player_choice":"Ignored","damage_taken":0,"max_hp_gain":0,"max_hp_loss":0,"event_name":"Cursed Tome","floor":21,"gold_loss":0},{"damage_healed":0,"gold_gain":0,"player_choice":"Cursed","damage_taken":0,"max_hp_gain":0,"max_hp_loss":0,"event_name":"Wheel of Change","floor":38,"gold_loss":0,"cards_obtained":["Decay"]}],"is_beta":false,"boss_relics":[{"not_picked":["FrozenCore","Astrolabe"],"picked":"Sozu"},{"not_picked":["Tiny House","Inserter"],"picked":"Runic Dome"}],"items_purged_floors":[22,30,37],"is_endless":false,"potions_floor_spawned":[4,8,14,19,27,28,39],"killed_by":"Giant Head","ascension_level":20}}