{"host":"l2dnabsh5e0fsksb","time":1608041332,"event":{"mods":["2.2 Compatiblity","BaseMod","Downfall","Minty Spire (QoL Compilation)","Quick Restart","StSLib"],"gold_per_floor":[99,99,134,134,163,176,176,26,42,67,67,83,68,126,139,139,139],"floor_reached":16,"playtime":434,"items_purged":[],"score":302,"play_id":"d7a40608-bba1-46ce-8ab9-b8eda62b500e","local_time":"20201216003852","is_ascension_mode":true,"campfire_choices":[{"floor":1,"key":"RECALL"},{"data":"Slimebound:Split","floor":8,"key":"SMITH"}],"circlet_count":0,"master_deck":["AscendersBane","Slimebound:Strike_Slimebound","Slimebound:Strike_Slimebound","Slimebound:Strike_Slimebound","Slimebound:Tackle","Slimebound:Defend_Slimebound","Slimebound:Defend_Slimebound","Slimebound:Defend_Slimebound","Slimebound:Defend_Slimebound","Slimebound:Split+1","Slimebound:CorrosiveSpit","Slimebound:SplitAcid","Slimebound:SplitLeeching","Slimebound:Repurpose","Slimebound:SplitAcid","Slimebound:SplitAcid","Slimebound:SplitBruiser","Slimebound:SplitBruiser","Slimebound:GoopTackle"],"relics":["Slimebound:AbsorbEndCombat","downfall:HeartsMalice","InkBottle","Gremlin Horn","downfall:HeartBlessingBlue","downfall:HeartBlessingRed","Slimebound:ScrapOozeRelic","Bottled Lightning"],"acts_visited":["Exordium"],"potions_floor_usage":[13,14],"damage_taken":[{"damage":0,"enemies":"Jaw Worm","floor":2,"turns":1},{"damage":0,"enemies":"3 Sentries","floor":3,"turns":1},{"damage":0,"enemies":"Gremlin Nob","floor":5,"turns":1},{"damage":20,"enemies":"Cultist","floor":6,"turns":5},{"damage":8,"enemies":"2 Louse","floor":9,"turns":2},{"damage":35,"enemies":"Lagavulin","floor":10,"turns":5},{"damage":27,"enemies":"Large Slime","floor":12,"turns":3},{"damage":31,"enemies":"downfall:FleeingMerchant","floor":13,"turns":4},{"damage":37,"enemies":"Gremlin Nob","floor":14,"turns":3},{"damage":12,"enemies":"Exordium Wildlife","floor":15,"turns":1},{"damage":66,"enemies":"downfall:Defect","floor":16,"turns":5}],"seed_played":"8286636538785671040","potions_obtained":[{"floor":4,"key":"LiquidBronze"},{"floor":9,"key":"Strength Potion"},{"floor":12,"key":"Slimebound:SpawnSlimePotion"},{"floor":14,"key":"LiquidBronze"}],"is_trial":false,"path_per_floor":["R","M","E","?","E","M","T","R","M","E","?","M","$","?","M","B"],"character_chosen":"SLIMEBOUND","items_purchased":[],"campfire_rested":0,"item_purchase_floors":[],"current_hp_per_floor":[49,49,49,49,49,45,45,55,57,56,56,59,57,40,44,0,0],"gold":139,"neow_bonus":"THREE_ENEMY_KILL","is_daily":false,"chose_seed":false,"campfire_upgraded":1,"win_rate":0.0,"timestamp":1608041332,"path_taken":["R","M","E","?","E","?","T","R","M","E","?","M","$","?","M","BOSS"],"items_purchased_type":[],"build_version":"2020-12-13","purchased_purges":0,"victory":false,"max_hp_per_floor":[54,54,54,54,54,54,54,64,64,64,64,64,64,64,64,64,64],"card_choices":[{"not_picked":["Slimebound:RollThrough","Slimebound:HungryTackle","Slimebound:SlimeSpikes"],"picked":"SKIP","floor":2},{"not_picked":["Slimebound:SlimeTap","Slimebound:DisruptingSlam"],"picked":"Slimebound:SplitAcid","floor":3},{"not_picked":["Slimebound:HauntingLick","Slimebound:LeechEnergy"],"picked":"Slimebound:SplitLeeching","floor":5},{"not_picked":["Slimebound:SamplingLick","Slimebound:RollThrough"],"picked":"Slimebound:Repurpose","floor":6},{"not_picked":["Slimebound:Prepare","Slimebound:Chomp"],"picked":"Slimebound:SplitAcid","floor":9},{"not_picked":["Slimebound:RainOfGoop","Slimebound:HungryTackle"],"picked":"Slimebound:SplitAcid","floor":10},{"not_picked":["Slimebound:GrowthPunch","Slimebound:SamplingLick"],"picked":"Slimebound:SplitBruiser","floor":12},{"not_picked":["Slimebound:SplitAcid","Slimebound:FlameTackle"],"picked":"Slimebound:SplitBruiser","floor":13},{"not_picked":["Slimebound:FormOfPuddle","Slimebound:FirmFortitude"],"picked":"Slimebound:GoopTackle","floor":14},{"not_picked":["Slimebound:FinishingTackle","Slimebound:ComboTackle","Slimebound:TongueLash"],"picked":"SKIP","floor":15}],"player_experience":1683301,"relics_obtained":[{"floor":3,"key":"InkBottle"},{"floor":5,"key":"Gremlin Horn"},{"floor":10,"key":"PreservedInsect"},{"floor":14,"key":"Bottled Lightning"}],"event_choices":[{"damage_healed":0,"gold_gain":0,"player_choice":"Got Potions","damage_taken":0,"max_hp_gain":0,"max_hp_loss":0,"event_name":"Lab","floor":4,"gold_loss":0}],"is_beta":false,"boss_relics":[],"items_purged_floors":[],"is_endless":false,"potions_floor_spawned":[9,10,12,14],"killed_by":"downfall:Defect","ascension_level":16}}