{"host":"6bsan6hkua32tfq7","time":1608017910,"event":{"mods":["BaseMod","Better Third Choice","Colored Map","Downfall","Highlight Path","Minty Spire (QoL Compilation)","StSLib"],"gold_per_floor":[119,119,11,28,40,40,72,72,72,72,98,118,130,161,161,238,238,254,268,248,258,96,122,122,157,238,238,258,258,283,301,301,378,378,393,1392,1404,1028,1045,1045,1074,1074,1074,1074,852,381,381,409,409,409,409],"floor_reached":50,"playtime":1789,"items_purged":["Strike_G","Strike_G","Strike_G","Strike_G"],"score":1202,"play_id":"d0dbae23-6dbf-4eca-bc22-ada96dae38a7","local_time":"20201215083830","is_ascension_mode":true,"campfire_choices":[{"data":"Terror","floor":6,"key":"SMITH"},{"floor":8,"key":"REST"},{"floor":10,"key":"REST"},{"data":"Discovery","floor":15,"key":"SMITH"},{"floor":24,"key":"REST"},{"data":"Malaise","floor":27,"key":"SMITH"},{"data":"Malaise","floor":29,"key":"SMITH"},{"floor":32,"key":"REST"},{"floor":40,"key":"RECALL"},{"floor":42,"key":"REST"},{"floor":49,"key":"REST"}],"circlet_count":0,"master_deck":["AscendersBane","Strike_G","Defend_G","Defend_G","Defend_G","Defend_G","Defend_G","Survivor","Neutralize","Blade Dance","Discovery+1","Terror+1","Dash","Dagger Spray","Malaise+1","Dagger Spray","Reflex","Tools of the Trade","Accuracy","PiercingWail","Footwork","Tactician","Malaise+1","Malaise","Cloak And Dagger+1","Caltrops","Venomology","Infinite Blades","Caltrops"],"relics":["Ring of the Snake","NeowsBlessing","Ninja Scroll","Vajra","Meat on the Bone","The Specimen","WristBlade","Omamori","Anchor","Singing Bowl","Smiling Mask","Fusion Hammer","WingedGreaves","Blue Candle","Strawberry","Lee\u0027s Waffle","Centennial Puzzle"],"acts_visited":["Exordium","TheCity","TheBeyond"],"potions_floor_usage":[25,25,25,25,33,41,41,48,50,50,50],"damage_taken":[{"damage":0,"enemies":"2 Louse","floor":1,"turns":1},{"damage":0,"enemies":"Cultist","floor":4,"turns":1},{"damage":0,"enemies":"Jaw Worm","floor":5,"turns":1},{"damage":41,"enemies":"Gremlin Nob","floor":7,"turns":4},{"damage":10,"enemies":"3 Sentries","floor":11,"turns":6},{"damage":0,"enemies":"Lots of Slimes","floor":12,"turns":1},{"damage":5,"enemies":"Looter","floor":13,"turns":3},{"damage":12,"enemies":"Lagavulin","floor":14,"turns":6},{"damage":6,"enemies":"The Guardian","floor":16,"turns":11},{"damage":9,"enemies":"Shell Parasite","floor":18,"turns":3},{"damage":0,"enemies":"3 Byrds","floor":19,"turns":3},{"damage":6,"enemies":"3 Cultists","floor":21,"turns":3},{"damage":24,"enemies":"Slavers","floor":23,"turns":4},{"damage":18,"enemies":"Book of Stabbing","floor":25,"turns":4},{"damage":0,"enemies":"Centurion and Healer","floor":28,"turns":5},{"damage":14,"enemies":"Slavers","floor":30,"turns":7},{"damage":1,"enemies":"Snake Plant","floor":31,"turns":6},{"damage":17,"enemies":"Champ","floor":33,"turns":17},{"damage":13,"enemies":"3 Darklings","floor":35,"turns":6},{"damage":0,"enemies":"3 Shapes","floor":37,"turns":2},{"damage":1,"enemies":"Sphere and 2 Shapes","floor":39,"turns":10},{"damage":42,"enemies":"Reptomancer","floor":41,"turns":10},{"damage":44,"enemies":"Giant Head","floor":48,"turns":7},{"damage":78,"enemies":"Time Eater","floor":50,"turns":12}],"seed_played":"-7001479015448817494","potions_obtained":[{"floor":4,"key":"FearPotion"},{"floor":11,"key":"DuplicationPotion"},{"floor":21,"key":"EntropicBrew"},{"floor":23,"key":"CultistPotion"},{"floor":25,"key":"Ancient Potion"},{"floor":30,"key":"SkillPotion"},{"floor":37,"key":"SpeedPotion"}],"is_trial":false,"path_per_floor":["M","?","$","M","M","R","E","R","T","R","E","M","M","E","R","B",null,"M","M","?","M","$","E","R","E","T","R","M","R","E","M","R","B",null,"M","?","M","$","M","R","E","R","T","?","$","$","?","E","R","B"],"character_chosen":"THE_SILENT","items_purchased":["Discovery","Footwork","WingedGreaves","Caltrops","Venomology","Infinite Blades","Strawberry","Lee\u0027s Waffle"],"campfire_rested":6,"item_purchase_floors":[3,22,38,45,45,46,46,46],"current_hp_per_floor":[59,59,59,59,59,59,18,37,37,56,46,46,41,41,41,35,58,49,49,49,43,43,31,50,44,44,44,46,46,46,47,68,51,67,56,56,56,56,57,57,29,52,52,52,52,92,73,41,68,0,0],"gold":409,"neow_bonus":"THREE_ENEMY_KILL","is_daily":false,"chose_seed":false,"campfire_upgraded":4,"win_rate":0.0,"timestamp":1608017910,"path_taken":["M","?","$","M","?","R","E","R","T","R","E","M","M","E","R","BOSS","M","M","?","M","$","E","R","E","T","R","?","R","E","M","R","BOSS","M","?","M","$","M","R","E","R","T","?","$","$","?","E","R","BOSS"],"items_purchased_type":["Card","Card","Relic","Card","Card","Card","Relic","Relic"],"build_version":"2020-12-13","purchased_purges":4,"victory":false,"max_hp_per_floor":[66,66,66,66,66,66,66,66,66,66,66,66,66,66,66,66,66,66,66,66,66,66,66,66,66,66,66,68,68,70,72,72,72,72,74,74,74,74,76,76,78,78,78,78,78,92,92,92,92,92,92],"card_choices":[{"not_picked":["Bouncing Flask","Prepared"],"picked":"Blade Dance","floor":1},{"not_picked":["Prepared","Endless Agony"],"picked":"Terror","floor":4},{"not_picked":["Backflip","Cloak And Dagger"],"picked":"Dash","floor":5},{"not_picked":["Deadly Poison","Backflip"],"picked":"Dagger Spray","floor":7},{"not_picked":["Predator","Bane"],"picked":"Malaise","floor":11},{"not_picked":["Skewer","Slice","Choke"],"picked":"SKIP","floor":12},{"not_picked":["Heel Hook","Caltrops"],"picked":"Dagger Spray","floor":13},{"not_picked":["Dodge and Roll","Cloak And Dagger"],"picked":"Reflex","floor":14},{"not_picked":["Doppelganger","Storm of Steel"],"picked":"Tools of the Trade","floor":16},{"not_picked":["Quick Slash","Blur"],"picked":"Accuracy","floor":18},{"not_picked":["Setup","Riddle With Holes"],"picked":"PiercingWail","floor":19},{"not_picked":["Flying Knee","Heel Hook","Terror"],"picked":"SKIP","floor":21},{"not_picked":["Concentrate","Deadly Poison"],"picked":"Tactician","floor":23},{"not_picked":["PiercingWail","Prepared"],"picked":"Malaise","floor":25},{"not_picked":["Underhanded Strike","Eviscerate+1","Cloak And Dagger"],"picked":"Singing Bowl","floor":28},{"not_picked":["Acrobatics","Prepared","Dagger Spray+1"],"picked":"Singing Bowl","floor":30},{"not_picked":["Deadly Poison","Dagger Spray","Bane"],"picked":"Singing Bowl","floor":31},{"not_picked":["Venomology","Doppelganger"],"picked":"Malaise","floor":33},{"not_picked":["Deadly Poison","Deflect","Concentrate+1"],"picked":"Singing Bowl","floor":35},{"not_picked":["Deflect+1","Backflip"],"picked":"Cloak And Dagger+1","floor":37},{"not_picked":["Expertise","Predator+1","Cloak And Dagger"],"picked":"Singing Bowl","floor":39},{"not_picked":["A Thousand Cuts","Deadly Poison+1","Dagger Spray"],"picked":"Singing Bowl","floor":41},{"not_picked":["Dagger Spray","Prepared"],"picked":"Caltrops","floor":48}],"player_experience":5156783,"relics_obtained":[{"floor":7,"key":"Ninja Scroll"},{"floor":9,"key":"Vajra"},{"floor":11,"key":"Meat on the Bone"},{"floor":14,"key":"The Specimen"},{"floor":23,"key":"Omamori"},{"floor":25,"key":"Anchor"},{"floor":26,"key":"Singing Bowl"},{"floor":30,"key":"Smiling Mask"},{"floor":41,"key":"Blue Candle"},{"floor":48,"key":"Centennial Puzzle"}],"event_choices":[{"damage_healed":0,"gold_gain":0,"player_choice":"0 cards matched","damage_taken":0,"max_hp_gain":0,"max_hp_loss":0,"event_name":"Match and Keep!","floor":2,"gold_loss":0,"cards_obtained":[]},{"damage_healed":0,"gold_gain":0,"player_choice":"Bought 1 Potion","damage_taken":0,"max_hp_gain":0,"max_hp_loss":0,"event_name":"The Woman in Blue","floor":20,"gold_loss":0},{"damage_healed":0,"gold_gain":999,"player_choice":"Gold","damage_taken":0,"max_hp_gain":0,"max_hp_loss":0,"event_name":"MindBloom","floor":36,"gold_loss":0,"cards_obtained":["Normality","Normality"]},{"damage_healed":0,"gold_gain":0,"player_choice":"Ignored","damage_taken":0,"max_hp_gain":0,"max_hp_loss":0,"event_name":"Tomb of Lord Red Mask","floor":44,"gold_loss":0},{"damage_healed":0,"gold_gain":0,"player_choice":"Random: Green","damage_taken":0,"max_hp_gain":0,"max_hp_loss":0,"event_name":"betterThird:BetterPortal","floor":47,"gold_loss":0},{"damage_healed":0,"gold_gain":0,"player_choice":"POTION POTION ","damage_taken":19,"max_hp_gain":0,"max_hp_loss":0,"event_name":"Knowing Skull","floor":47,"potions_obtained":["Poison Potion","FearPotion"],"gold_loss":0,"cards_obtained":[]}],"is_beta":false,"boss_relics":[{"not_picked":["Philosopher\u0027s Stone","Runic Dome"],"picked":"WristBlade"},{"not_picked":["Empty Cage","Pandora\u0027s Box"],"picked":"Fusion Hammer"}],"items_purged_floors":[22,38,45,46],"is_endless":false,"potions_floor_spawned":[4,11,13,14,21,23,25,30,37],"killed_by":"Time Eater","ascension_level":20}}