{"host":"f7rb14kzcw8hx1r1","time":1608051289,"event":{"mods":["BaseMod","Better Note","Better Third Choice","Colored Map","Highlight Path","Hubris","Minty Spire (QoL Compilation)","Replay The Spire","StSLib"],"gold_per_floor":[11,27,42,58,77,77,97,108,188,218,218,218,64,75,75,171,171,190,202,220,220,220],"floor_reached":21,"playtime":974,"items_purged":[],"score":212,"play_id":"516980d3-484b-438f-8a29-8ac0c3bb8eec","local_time":"20201215175449","is_ascension_mode":false,"campfire_choices":[{"data":"Eruption","floor":6,"key":"SMITH"},{"data":"ForeignInfluence","floor":12,"key":"SMITH"},{"data":"Vigilance","floor":15,"key":"SMITH"}],"circlet_count":0,"master_deck":["Strike_P","Strike_P","Strike_P","Strike_P","Defend_P","Defend_P","Defend_P","Defend_P","Eruption+1","Vigilance+1","EmptyFist","FollowUp","CarveReality","FollowUp","Consecrate","ForeignInfluence+1","ReplayTheSpireMod:Private Reserves","ThirdEye","DevaForm","Establishment"],"relics":["PureWater","hubris:64BitClover","Replay:Bottled Snecko","Replay:Bottled Steam","ReplayTheSpireMod:Lightbulb","Tiny Chest","Philosopher\u0027s Stone"],"acts_visited":["Exordium","TheCity"],"potions_floor_usage":[3,16,18,21],"damage_taken":[{"damage":0,"enemies":"Small Slimes","floor":1,"turns":3},{"damage":0,"enemies":"Cultist","floor":2,"turns":3},{"damage":0,"enemies":"Jaw Worm","floor":3,"turns":3},{"damage":0,"enemies":"Large Slime","floor":4,"turns":4},{"damage":4,"enemies":"Gremlin Gang","floor":5,"turns":4},{"damage":4,"enemies":"Blue Slaver","floor":7,"turns":5},{"damage":3,"enemies":"Lots of Slimes","floor":8,"turns":4},{"damage":0,"enemies":"Gremlin Nob","floor":10,"turns":2},{"damage":0,"enemies":"2 Fungi Beasts","floor":14,"turns":2},{"damage":27,"enemies":"Hexaghost","floor":16,"turns":7},{"damage":6,"enemies":"Chosen","floor":18,"turns":5},{"damage":0,"enemies":"3 Byrds","floor":19,"turns":4},{"damage":50,"enemies":"Cultist and Chosen","floor":20,"turns":7},{"damage":26,"enemies":"Snake Plant","floor":21,"turns":3}],"seed_played":"-4228391390971437232","potions_obtained":[{"floor":1,"key":"SteroidPotion"},{"floor":8,"key":"Energy Potion"},{"floor":10,"key":"SpeedPotion"},{"floor":14,"key":"SkillPotion"},{"floor":16,"key":"Dexterity Potion"}],"is_trial":false,"path_per_floor":["M","M","M","M","M","R","M","M","T","E","?","R","$","M","R","B",null,"M","M","M","M"],"character_chosen":"WATCHER","items_purchased":["Tiny Chest"],"campfire_rested":0,"item_purchase_floors":[13],"current_hp_per_floor":[72,72,72,72,68,68,64,61,61,61,61,61,61,61,61,34,72,66,66,16,0,0],"gold":220,"neow_bonus":"ONE_RARE_RELIC","is_daily":false,"chose_seed":false,"campfire_upgraded":3,"win_rate":0.0,"timestamp":1608051289,"path_taken":["M","M","M","M","M","R","M","M","T","E","?","R","$","?","R","BOSS","M","M","M","M"],"items_purchased_type":["Relic"],"build_version":"2020-12-13","purchased_purges":0,"victory":false,"max_hp_per_floor":[72,72,72,72,72,72,72,72,72,72,72,72,72,72,72,72,72,72,72,72,72,72],"card_choices":[{"not_picked":["Adaptation","Replay:AtTheReady"],"picked":"EmptyFist","floor":1},{"not_picked":["SandsOfTime","Prostrate","Replay:ManipulateFuture"],"picked":"SKIP","floor":2},{"not_picked":["Replay:ManipulateFuture","JustLucky"],"picked":"FollowUp","floor":3},{"not_picked":["Protect","Halt"],"picked":"CarveReality","floor":4},{"not_picked":["Replay:BluntJabs","ClearTheMind"],"picked":"FollowUp","floor":5},{"not_picked":["FollowUp","Meditate","PathToVictory"],"picked":"SKIP","floor":7},{"not_picked":["EmptyBody","ThirdEye","Tantrum"],"picked":"SKIP","floor":8},{"not_picked":["Replay:ManipulateFuture","Replay:AllIn"],"picked":"Consecrate","floor":10},{"not_picked":["Weave","FollowUp"],"picked":"ThirdEye","floor":14},{"not_picked":["Replay:LoomingThreat","DeusExMachina"],"picked":"DevaForm","floor":16},{"not_picked":["Replay:AtTheReady+1","JustLucky","Study"],"picked":"SKIP","floor":18},{"not_picked":["FlyingSleeves+1","Sanctity"],"picked":"Establishment","floor":19},{"not_picked":["BowlingBash","FearNoEvil","SashWhip"],"picked":"SKIP","floor":20}],"player_experience":823686,"relics_obtained":[{"floor":8,"key":"Replay:Bottled Snecko"},{"floor":9,"key":"Replay:Bottled Steam"},{"floor":10,"key":"ReplayTheSpireMod:Lightbulb"}],"event_choices":[{"damage_healed":0,"gold_gain":0,"player_choice":"2 cards matched","damage_taken":0,"max_hp_gain":0,"max_hp_loss":0,"event_name":"Match and Keep!","floor":11,"gold_loss":0,"cards_obtained":["ForeignInfluence","ReplayTheSpireMod:Private Reserves"]}],"is_beta":false,"boss_relics":[{"not_picked":["SacredBark","Snecko Eye"],"picked":"Philosopher\u0027s Stone"}],"items_purged_floors":[],"is_endless":false,"potions_floor_spawned":[1,8,10,14,16],"killed_by":"Snake Plant","ascension_level":0}}