{"host":"sav7uxregyirlf69","time":1608044427,"event":{"mods":["AchievementEnabler","BaseMod","Colored Map","DeckTracker","Keyboard Shortcuts","Minty Spire (QoL Compilation)","READ ME - Guardian Mod","StSLib","SuperFastMode"],"gold_per_floor":[112,112,112,133,151,151,186,207,257,257,257,257,304,158,158,287,287,302,302,327,351,371,404,404,440,440,484,507,219,219,253,253,381,381,404,404,424,757,776,805,411,422,422,422,438,438,448,476,488,500,512,524,60,90,90],"floor_reached":56,"playtime":1691,"items_purged":["Strike_B","Strike_B","Strike_B+1","Defend_B"],"score":1738,"play_id":"c2ff20f4-bc56-4a59-9a6b-3d5b523f5c71","local_time":"20201216000027","is_ascension_mode":true,"campfire_choices":[{"data":"Dualcast","floor":6,"key":"SMITH"},{"data":"Self Repair","floor":10,"key":"SMITH"},{"data":"Hello World","floor":15,"key":"SMITH"},{"data":"Defragment","floor":24,"key":"SMITH"},{"data":"Defragment","floor":30,"key":"SMITH"},{"data":"Heatsinks","floor":32,"key":"SMITH"},{"data":"Amplify","floor":46,"key":"SMITH"},{"floor":49,"key":"RECALL"},{"data":"Loop","floor":52,"key":"SMITH"}],"circlet_count":0,"master_deck":["Defend_B","Defend_B","Defend_B","Zap","Dualcast+1","Sweeping Beam","All For One","Compile Driver","Coolheaded","Self Repair+1","FTL+1","Electrodynamics","Defragment+1","Gash","Gash","Go for the Eyes+1","Defragment+1","Self Repair","Gash+1","Loop+1","Heatsinks+1","Amplify+1","Finesse","Dark Shackles","Force Field+1","Buffer","Hologram","Defragment","Capacitor","Defragment+1","Glacier","Master of Strategy"],"relics":["Nuclear Battery","Mummified Hand","Bag of Preparation","Juzu Bracelet","Art of War","Runic Pyramid","Boot","Eternal Feather","Strawberry","Whetstone","OrangePellets","Symbiotic Virus","Coffee Dripper","Molten Egg 2","ClockworkSouvenir","MawBank","Unceasing Top"],"acts_visited":["Exordium","TheCity","TheBeyond","TheEnding"],"potions_floor_usage":[12,25,27,31,50,54,55,55],"damage_taken":[{"damage":1,"enemies":"2 Louse","floor":1,"turns":3},{"damage":12,"enemies":"Jaw Worm","floor":4,"turns":3},{"damage":0,"enemies":"Cultist","floor":5,"turns":2},{"damage":14,"enemies":"Lagavulin","floor":7,"turns":9},{"damage":13,"enemies":"Exordium Thugs","floor":8,"turns":6},{"damage":0,"enemies":"The Mushroom Lair","floor":12,"turns":2},{"damage":0,"enemies":"Slime Boss","floor":16,"turns":5},{"damage":11,"enemies":"Shell Parasite","floor":18,"turns":4},{"damage":4,"enemies":"3 Byrds","floor":20,"turns":3},{"damage":0,"enemies":"3 Cultists","floor":21,"turns":3},{"damage":4,"enemies":"Cultist and Chosen","floor":22,"turns":4},{"damage":23,"enemies":"Slavers","floor":23,"turns":4},{"damage":3,"enemies":"Gremlin Leader","floor":25,"turns":4},{"damage":23,"enemies":"Book of Stabbing","floor":27,"turns":7},{"damage":5,"enemies":"Snecko","floor":28,"turns":3},{"damage":15,"enemies":"Gremlin Leader","floor":31,"turns":3},{"damage":0,"enemies":"Champ","floor":33,"turns":5},{"damage":6,"enemies":"Orb Walker","floor":35,"turns":3},{"damage":35,"enemies":"3 Darklings","floor":37,"turns":3},{"damage":0,"enemies":"Spire Growth","floor":39,"turns":3},{"damage":5,"enemies":"Nemesis","floor":40,"turns":5},{"damage":0,"enemies":"Maw","floor":42,"turns":5},{"damage":0,"enemies":"Writhing Mass","floor":45,"turns":4},{"damage":0,"enemies":"Transient","floor":47,"turns":5},{"damage":0,"enemies":"Reptomancer","floor":48,"turns":4},{"damage":41,"enemies":"Awakened One","floor":50,"turns":9},{"damage":23,"enemies":"Shield and Spear","floor":54,"turns":2},{"damage":13,"enemies":"The Heart","floor":55,"turns":8}],"seed_played":"8974702214557747130","potions_obtained":[{"floor":4,"key":"SmokeBomb"},{"floor":16,"key":"Block Potion"},{"floor":20,"key":"EssenceOfSteel"},{"floor":21,"key":"GamblersBrew"},{"floor":25,"key":"FocusPotion"},{"floor":31,"key":"BlessingOfTheForge"},{"floor":42,"key":"PowerPotion"},{"floor":45,"key":"FocusPotion"}],"is_trial":false,"path_per_floor":["M","?","?","M","M","R","E","M","T","R","T","?","T","$","R","B",null,"M","?","M","M","M","E","R","E","T","E","M","$","R","E","R","B",null,"M","?","M","?","M","E","$","M","T","?","M","R","M","E","R","B",null,"R","$","E","B",null],"character_chosen":"DEFECT","items_purchased":["Hello World","Loop","OrangePellets","Hologram","Defragment","ClockworkSouvenir","Glacier","Master of Strategy","Swift Potion"],"campfire_rested":0,"item_purchase_floors":[14,29,29,41,41,41,53,53,53],"current_hp_per_floor":[74,56,56,44,44,44,30,24,24,24,24,34,34,34,34,44,67,66,66,72,75,75,62,62,69,76,70,82,82,82,82,82,82,82,82,72,44,44,68,80,80,82,82,82,82,82,82,82,82,58,76,82,82,59,63],"gold":90,"neow_bonus":"BOSS_RELIC","is_daily":false,"chose_seed":false,"campfire_upgraded":8,"win_rate":0.0,"timestamp":1608044427,"path_taken":["M","?","?","M","M","R","E","M","T","R","?","?","?","$","R","BOSS","M","?","M","M","M","E","R","E","T","E","M","$","R","E","R","BOSS","M","?","M","?","M","E","$","M","T","?","M","R","M","E","R","BOSS","R","$","E","BOSS"],"items_purchased_type":["Card","Card","Relic","Card","Card","Relic","Card","Card","Potion"],"build_version":"2020-12-13","purchased_purges":4,"victory":true,"max_hp_per_floor":[75,75,75,75,75,75,75,75,75,75,75,75,75,75,75,75,75,75,75,75,75,75,75,75,75,82,82,82,82,82,82,82,82,82,82,82,82,82,82,82,82,82,82,82,82,82,82,82,82,82,82,82,82,82,82],"card_choices":[{"not_picked":["Compile Driver","Ball Lightning"],"picked":"Sweeping Beam","floor":1},{"not_picked":["Rebound","Rip and Tear"],"picked":"Compile Driver","floor":4},{"not_picked":["Beam Cell","Hello World"],"picked":"Coolheaded","floor":5},{"not_picked":["Ball Lightning","Redo"],"picked":"Self Repair","floor":7},{"not_picked":["Rebound","Thunder Strike"],"picked":"FTL","floor":8},{"not_picked":["Machine Learning","Fission"],"picked":"Electrodynamics","floor":16},{"not_picked":["Genetic Algorithm","Cold Snap"],"picked":"Defragment","floor":18},{"not_picked":["Ball Lightning","Conserve Battery"],"picked":"Gash","floor":20},{"not_picked":["Conserve Battery","Streamline"],"picked":"Gash","floor":21},{"not_picked":["Aggregate+1","Redo"],"picked":"Go for the Eyes+1","floor":22},{"not_picked":["Rebound","Conserve Battery+1"],"picked":"Defragment","floor":23},{"not_picked":["Steam","Melter"],"picked":"Self Repair","floor":25},{"not_picked":["Compile Driver","Undo","Fission"],"picked":"SKIP","floor":27},{"not_picked":["Reprogram","Blizzard"],"picked":"Gash+1","floor":28},{"not_picked":["Ball Lightning","Stack"],"picked":"Heatsinks","floor":31},{"not_picked":["All For One","Thunder Strike"],"picked":"Amplify","floor":33},{"not_picked":["Darkness+1","Ball Lightning+1","Reprogram"],"picked":"SKIP","floor":35},{"not_picked":["Madness","Dramatic Entrance"],"picked":"Finesse","floor":36},{"not_picked":["Forethought","Blind"],"picked":"Dark Shackles","floor":36},{"not_picked":["Force Field+1","Streamline","Gash+1"],"picked":"SKIP","floor":37},{"not_picked":["Streamline","Gash+1"],"picked":"Force Field+1","floor":37},{"not_picked":["Leap","Barrage","Ball Lightning+1"],"picked":"SKIP","floor":39},{"not_picked":["Conserve Battery","Leap+1"],"picked":"Buffer","floor":40},{"not_picked":["Force Field","Conserve Battery","Scrape+1"],"picked":"SKIP","floor":42},{"not_picked":["Turbo","Sweeping Beam+1"],"picked":"Capacitor","floor":45},{"not_picked":["Double Energy+1","Steam","Gash+1"],"picked":"SKIP","floor":47},{"not_picked":["Go for the Eyes+1","Scrape+1"],"picked":"Defragment+1","floor":48},{"not_picked":["Conserve Battery+1","Chaos","Redo"],"picked":"SKIP","floor":54}],"player_experience":915405,"relics_obtained":[{"floor":7,"key":"Mummified Hand"},{"floor":9,"key":"Bag of Preparation"},{"floor":11,"key":"Juzu Bracelet"},{"floor":13,"key":"Art of War"},{"floor":23,"key":"Boot"},{"floor":25,"key":"Eternal Feather"},{"floor":26,"key":"Strawberry"},{"floor":27,"key":"Whetstone"},{"floor":31,"key":"Symbiotic Virus"},{"floor":40,"key":"Molten Egg 2"},{"floor":48,"key":"MawBank"},{"floor":54,"key":"Unceasing Top"}],"event_choices":[{"damage_healed":0,"gold_gain":0,"player_choice":"Take Damage","damage_taken":18,"relics_obtained":["Golden Idol"],"max_hp_gain":0,"max_hp_loss":0,"event_name":"Golden Idol","floor":2,"gold_loss":0},{"damage_healed":0,"gold_gain":0,"cards_transformed":["Strike_B"],"player_choice":"Change","damage_taken":0,"max_hp_gain":0,"max_hp_loss":0,"event_name":"Living Wall","floor":3,"gold_loss":0,"cards_obtained":["All For One"]},{"damage_healed":0,"gold_gain":0,"player_choice":"Fought Mushrooms","damage_taken":0,"max_hp_gain":0,"max_hp_loss":0,"event_name":"Mushrooms","floor":12,"gold_loss":0},{"damage_healed":0,"gold_gain":0,"player_choice":"Ignored","damage_taken":0,"max_hp_gain":0,"max_hp_loss":0,"event_name":"The Mausoleum","floor":19,"gold_loss":0},{"damage_healed":0,"gold_gain":0,"player_choice":"Memory 3","damage_taken":10,"max_hp_gain":0,"max_hp_loss":0,"event_name":"SensoryStone","floor":36,"gold_loss":0},{"damage_healed":0,"gold_gain":333,"player_choice":"Gave Idol","damage_taken":0,"max_hp_gain":0,"max_hp_loss":0,"event_name":"The Moai Head","floor":38,"relics_lost":["Golden Idol"],"gold_loss":0},{"cards_removed":["Hello World"],"damage_healed":0,"gold_gain":0,"player_choice":"Removed Power","damage_taken":0,"max_hp_gain":0,"max_hp_loss":0,"event_name":"Falling","floor":44,"gold_loss":0}],"is_beta":false,"boss_relics":[{"not_picked":["Sozu","Snecko Eye"],"picked":"Runic Pyramid"},{"not_picked":["Velvet Choker","Astrolabe"],"picked":"Coffee Dripper"}],"items_purged_floors":[14,29,41,53],"is_endless":false,"potions_floor_spawned":[4,12,16,20,21,25,31,42,45,48],"ascension_level":5}}