{"host":"jm9833yuloeli2yd","time":1608071701,"event":{"mods":["AchievementEnabler","BaseMod","Better Altar","Better Match","Better Note","Better Sensory Stone","Better Skull","Better Vampires","Colored Map","Colored Powertips","DeckTracker","Minty Spire (QoL Compilation)","Permanent Neow","Quick Restart","Replay The Spire","StSLib","SuperFastMode"],"gold_per_floor":[110,128,44,56,70,70,96,96,96,116,116,116],"floor_reached":11,"playtime":236,"items_purged":[],"score":150,"play_id":"68ab1ae6-3b27-4428-93e6-004ca7009c07","local_time":"20201215173501","is_ascension_mode":true,"campfire_choices":[{"data":"Doom and Gloom","floor":6,"key":"SMITH"}],"circlet_count":0,"master_deck":["AscendersBane","Strike_B","Strike_B","Strike_B","Strike_B","Defend_B","Defend_B","Defend_B","Defend_B","Zap","Dualcast","Sunder","Go for the Eyes","Doom and Gloom+1","Self Repair","Cold Snap","FIFO Queue","Hologram"],"relics":["Coffee Dripper","Letter Opener","Carrot"],"acts_visited":["Exordium"],"potions_floor_usage":[7,7],"damage_taken":[{"damage":1,"enemies":"Cultist","floor":1,"turns":3},{"damage":0,"enemies":"2 Louse","floor":2,"turns":2},{"damage":1,"enemies":"Small Slimes","floor":4,"turns":3},{"damage":10,"enemies":"Exordium Wildlife","floor":5,"turns":3},{"damage":16,"enemies":"3 Sentries","floor":7,"turns":4},{"damage":4,"enemies":"Blue Slaver","floor":10,"turns":4},{"damage":47,"enemies":"Gremlin Nob","floor":11,"turns":4}],"seed_played":"103335988092976021","potions_obtained":[{"floor":1,"key":"GamblersBrew"},{"floor":4,"key":"Explosive Potion"}],"is_trial":false,"path_per_floor":["M","M","$","M","M","R","E","?","T","M","E"],"character_chosen":"DEFECT","items_purchased":["Doom and Gloom"],"campfire_rested":0,"item_purchase_floors":[3],"current_hp_per_floor":[63,63,63,62,59,59,43,33,33,36,0,0],"gold":116,"neow_bonus":"BOSS_RELIC","is_daily":false,"chose_seed":false,"campfire_upgraded":1,"win_rate":0.0,"timestamp":1608071701,"path_taken":["M","M","$","M","?","R","E","?","T","?","E"],"items_purchased_type":["Card"],"build_version":"2020-12-13","purchased_purges":0,"victory":false,"max_hp_per_floor":[71,71,71,71,71,71,71,71,71,71,71,71],"card_choices":[{"not_picked":["ReplayTheSpireMod:Calculation Training","BasicCrystalCard"],"picked":"Sunder","floor":1},{"not_picked":["Stack","Steam Power"],"picked":"Go for the Eyes","floor":2},{"not_picked":["Time Bomb","Stack"],"picked":"Self Repair","floor":4},{"not_picked":["Hologram","Blizzard"],"picked":"Cold Snap","floor":5},{"not_picked":["Blizzard","Storm"],"picked":"FIFO Queue","floor":7},{"not_picked":["Beam Cell","Lockon"],"picked":"Hologram","floor":10}],"player_experience":1088051,"relics_obtained":[{"floor":7,"key":"Letter Opener"},{"floor":9,"key":"Carrot"}],"event_choices":[{"damage_healed":0,"gold_gain":0,"player_choice":"Damaged","damage_taken":10,"max_hp_gain":0,"max_hp_loss":0,"event_name":"Wheel of Change","floor":8,"gold_loss":0}],"is_beta":false,"boss_relics":[],"items_purged_floors":[],"is_endless":false,"potions_floor_spawned":[1,4],"killed_by":"Gremlin Nob","ascension_level":20}}