{"host":"Squid","time":1608055419,"event":{"mods":["BaseMod","Minty Spire (QoL Compilation)","StSLib"],"gold_per_floor":[368,44,44,64,81,113,113,126,152,152,182,182,196,231,231,231,231],"floor_reached":16,"playtime":683,"items_purged":["Parasite"],"score":198,"play_id":"af69ca0e-dfc7-4baf-84b7-ac6a2826c725","local_time":"20201215130339","is_ascension_mode":true,"campfire_choices":[{"data":"Noxious Fumes","floor":7,"key":"SMITH"},{"floor":10,"key":"REST"},{"floor":15,"key":"REST"}],"circlet_count":0,"master_deck":["AscendersBane","Strike_G","Strike_G","Strike_G","Strike_G","Defend_G","Defend_G","Defend_G","Defend_G","Defend_G","Survivor","Neutralize","Noxious Fumes+1","Endless Agony","Predator","Night Terror","Backflip","Catalyst","Deflect","PiercingWail","Backflip","Wraith Form v2"],"relics":["Ring of the Snake","OrangePellets","Dream Catcher","Smiling Mask","Nunchaku","Golden Idol","Toy Ornithopter"],"acts_visited":[],"potions_floor_usage":[6,11],"damage_taken":[{"damage":22,"enemies":"Jaw Worm","floor":1,"turns":11},{"damage":0,"enemies":"Cultist","floor":4,"turns":4},{"damage":0,"enemies":"Small Slimes","floor":5,"turns":3},{"damage":11,"enemies":"3 Sentries","floor":6,"turns":8},{"damage":2,"enemies":"3 Louse","floor":8,"turns":5},{"damage":10,"enemies":"Lagavulin","floor":11,"turns":8},{"damage":10,"enemies":"Red Slaver","floor":13,"turns":5},{"damage":26,"enemies":"3 Sentries","floor":14,"turns":8},{"damage":19,"enemies":"Slime Boss","floor":16,"turns":9}],"seed_played":"-150464351332680710","potions_obtained":[{"floor":1,"key":"BlessingOfTheForge"},{"floor":5,"key":"Fruit Juice"},{"floor":8,"key":"Energy Potion"}],"is_trial":false,"path_per_floor":["M","$","?","M","M","E","R","M","T","R","E","?","M","E","R","B"],"character_chosen":"THE_SILENT","items_purchased":["OrangePellets","Endless Agony","Predator"],"campfire_rested":2,"item_purchase_floors":[2,2,2],"current_hp_per_floor":[41,41,41,41,41,30,30,28,28,48,38,38,28,2,20,1,1],"gold":231,"neow_bonus":"TWO_FIFTY_GOLD","is_daily":false,"chose_seed":false,"campfire_upgraded":1,"win_rate":0.0,"timestamp":1608055419,"path_taken":["M","$","?","?","M","E","R","M","T","R","E","?","M","E","R","BOSS"],"items_purchased_type":["Relic","Card","Card"],"build_version":"2020-12-07","purchased_purges":1,"victory":false,"max_hp_per_floor":[70,67,67,67,67,67,67,67,67,67,67,62,62,62,62,62,62],"card_choices":[{"not_picked":["Concentrate","Quick Slash"],"picked":"Noxious Fumes","floor":1},{"not_picked":["Cloak And Dagger","Slice"],"picked":"Night Terror","floor":4},{"not_picked":["Flying Knee","Cloak And Dagger","Slice"],"picked":"SKIP","floor":5},{"not_picked":["Heel Hook","Flechettes"],"picked":"Backflip","floor":6},{"not_picked":["PiercingWail","Backflip"],"picked":"Catalyst","floor":8},{"not_picked":["Slice","Dagger Throw"],"picked":"Deflect","floor":10},{"not_picked":["Choke","Flechettes"],"picked":"PiercingWail","floor":11},{"not_picked":["Distraction","Masterful Stab"],"picked":"Backflip","floor":13},{"not_picked":["Flying Knee","Heel Hook","Poisoned Stab"],"picked":"SKIP","floor":14},{"not_picked":["Blade Dance","Caltrops"],"picked":"Wraith Form v2","floor":15}],"player_experience":832000,"relics_obtained":[{"floor":6,"key":"Dream Catcher"},{"floor":9,"key":"Smiling Mask"},{"floor":11,"key":"Nunchaku"},{"floor":14,"key":"Toy Ornithopter"}],"event_choices":[{"cards_removed":["Strike_G"],"damage_healed":0,"gold_gain":0,"player_choice":"Offered Basic","damage_taken":0,"max_hp_gain":0,"max_hp_loss":0,"event_name":"Bonfire Elementals","floor":3,"gold_loss":0},{"damage_healed":0,"gold_gain":0,"player_choice":"Lose Max HP","damage_taken":0,"relics_obtained":["Golden Idol"],"max_hp_gain":0,"max_hp_loss":5,"event_name":"Golden Idol","floor":12,"gold_loss":0}],"is_beta":true,"boss_relics":[],"items_purged_floors":[2],"is_endless":false,"potions_floor_spawned":[1,5,8],"killed_by":"Slime Boss","ascension_level":13}}