{"host":"esx1hwjnbftf3eqj","time":1608071490,"event":{"mods":["BaseMod","Colored Map","Minty Spire (QoL Compilation)","StSLib","Wandering Minibosses"],"gold_per_floor":[113,113,132,147,147,147,190,190,214,214,22,69,19,34,34,34,34],"floor_reached":16,"playtime":744,"items_purged":["Regret","Strike_B"],"score":108,"play_id":"170ea3c6-8e7a-442d-bd92-a1387759f344","local_time":"20201215143130","is_ascension_mode":true,"campfire_choices":[{"data":"Zap","floor":6,"key":"SMITH"},{"data":"Genetic Algorithm","floor":8,"key":"SMITH"},{"data":"Dualcast","floor":10,"key":"SMITH"},{"floor":15,"key":"REST"}],"circlet_count":0,"master_deck":["Strike_B","Strike_B","Strike_B","Defend_B","Defend_B","Defend_B","Defend_B","Zap+1","Dualcast+1","Amplify","Sweeping Beam","Auto Shields","Rebound","Genetic Algorithm+1","Leap","Steam"],"relics":["Cracked Core","Golden Idol","Anchor","WingedGreaves","Toy Ornithopter","Membership Card","Dream Catcher"],"acts_visited":["Exordium"],"potions_floor_usage":[],"damage_taken":[{"damage":1,"enemies":"2 Louse","floor":1,"turns":2},{"damage":2,"enemies":"Jaw Worm","floor":3,"turns":3},{"damage":1,"enemies":"Cultist","floor":4,"turns":3},{"damage":30,"enemies":"Gremlin Nob","floor":7,"turns":4},{"damage":0,"enemies":"Large Slime","floor":14,"turns":7},{"damage":47,"enemies":"Hexaghost","floor":16,"turns":10}],"seed_played":"4345511918549917287","potions_obtained":[{"floor":3,"key":"LiquidBronze"},{"floor":14,"key":"Dexterity Potion"}],"is_trial":false,"path_per_floor":["M","?","M","M","?","R","E","R","T","R","$","T","$","M","R","B"],"character_chosen":"DEFECT","items_purchased":["Membership Card"],"campfire_rested":1,"item_purchase_floors":[11],"current_hp_per_floor":[74,56,54,53,53,53,23,23,23,23,23,23,23,23,45,0,0],"gold":34,"neow_bonus":"ONE_RANDOM_RARE_CARD","is_daily":false,"chose_seed":false,"campfire_upgraded":3,"win_rate":0.0,"timestamp":1608071490,"path_taken":["M","?","M","M","?","R","E","R","T","R","$","?","?","?","R","BOSS"],"items_purchased_type":["Relic"],"build_version":"2020-12-13","purchased_purges":2,"victory":false,"max_hp_per_floor":[75,75,75,75,75,75,75,75,75,75,75,75,75,75,75,75,75],"card_choices":[{"not_picked":["Compile Driver","Stack"],"picked":"Sweeping Beam","floor":1},{"not_picked":["Rebound","Gash"],"picked":"Auto Shields","floor":3},{"not_picked":["Coolheaded","Consume"],"picked":"Rebound","floor":4},{"not_picked":["Rainbow","Ball Lightning"],"picked":"Genetic Algorithm","floor":7},{"not_picked":["Compile Driver","Redo"],"picked":"Leap","floor":14},{"not_picked":["Recycle","Gash"],"picked":"Steam","floor":15}],"player_experience":323534,"relics_obtained":[{"floor":7,"key":"WingedGreaves"},{"floor":9,"key":"Toy Ornithopter"},{"floor":12,"key":"Dream Catcher"}],"event_choices":[{"damage_healed":0,"gold_gain":0,"player_choice":"Take Damage","damage_taken":18,"relics_obtained":["Golden Idol"],"max_hp_gain":0,"max_hp_loss":0,"event_name":"Golden Idol","floor":2,"gold_loss":0},{"damage_healed":0,"gold_gain":0,"player_choice":"Box","damage_taken":0,"relics_obtained":["Anchor"],"max_hp_gain":0,"max_hp_loss":0,"event_name":"Big Fish","floor":5,"gold_loss":0,"cards_obtained":["Regret"]}],"is_beta":false,"boss_relics":[],"items_purged_floors":[11,13],"is_endless":false,"potions_floor_spawned":[3,14],"killed_by":"Hexaghost","ascension_level":2}}