{"host":"1","time":1608057104,"event":{"mods":["Act Like it!","BaseMod","Better Third Choice","Hubris","Jorbs\u0027s Wanderer Trilogy","Minty Spire (QoL Compilation)","Replay The Spire","Shade Mod","StSLib","The Cursed","The Mystic","Wandering Minibosses"],"gold_per_floor":[216,216,7,62,58,90,90,119,166,166,177,189,203,203,203,203,203],"floor_reached":16,"playtime":509,"items_purged":["ReplayTheSpireMod:Doomed"],"score":113,"play_id":"a98993d6-d69b-4069-b0f9-a58283640d72","local_time":"20201215213144","is_ascension_mode":true,"campfire_choices":[{"floor":7,"key":"REST"},{"floor":10,"key":"REST"}],"circlet_count":0,"master_deck":["Strike_B","Strike_B","Strike_B","Defend_B","Defend_B","Defend_B","Defend_B","Zap","Dualcast","Storm","Replay:Parry","Auto Shields","Sweeping Beam","Static Discharge","Aggregate","Streamline","Go for the Eyes"],"relics":["Cracked Core","Geode","ReplayTheSpireMod:CursedCoin","Nunchaku","Bottled Tornado","Toy Ornithopter"],"acts_visited":["Exordium"],"potions_floor_usage":[4,6,13],"damage_taken":[{"damage":6,"enemies":"Cultist","floor":1,"turns":3},{"damage":39,"enemies":"3 Sentries","floor":6,"turns":8},{"damage":20,"enemies":"Lagavulin","floor":8,"turns":6},{"damage":0,"enemies":"2 Louse","floor":11,"turns":2},{"damage":5,"enemies":"Small Slimes","floor":12,"turns":3},{"damage":9,"enemies":"Exordium Wildlife","floor":13,"turns":3},{"damage":44,"enemies":"Fading Forest","floor":16,"turns":7}],"seed_played":"-6453165470078190415","potions_obtained":[{"floor":1,"key":"Venom Potion"},{"floor":4,"key":"Fruit Juice"},{"floor":4,"key":"Explosive Potion"},{"floor":6,"key":"SteroidPotion"},{"floor":11,"key":"Strength Potion"},{"floor":15,"key":"Flashbang"},{"floor":15,"key":"Death Potion"}],"is_trial":false,"path_per_floor":["M","?","$","?","$","E","R","E","T","R","M","M","M","?","R","B"],"character_chosen":"DEFECT","items_purchased":["Storm","Replay:Parry","Turbo","ReplayTheSpireMod:CursedCoin","Auto Shields"],"campfire_rested":2,"item_purchase_floors":[3,3,3,5,5],"current_hp_per_floor":[69,62,62,49,49,10,34,14,14,38,38,33,29,34,34,0,0],"gold":203,"neow_bonus":"HUNDRED_GOLD","is_daily":false,"chose_seed":false,"campfire_upgraded":0,"win_rate":0.0,"timestamp":1608057104,"path_taken":["M","?","$","?","?","E","R","E","T","R","M","?","M","?","R","BOSS"],"items_purchased_type":["Card","Card","Card","Relic","Card"],"build_version":"2020-11-17","purchased_purges":1,"victory":false,"max_hp_per_floor":[75,75,75,80,80,80,80,80,80,80,80,80,80,80,80,80,80],"card_choices":[{"not_picked":["Rip and Tear","ReplayGash","Lockon"],"picked":"SKIP","floor":1},{"not_picked":["Double Energy","Crystallizer"],"picked":"Sweeping Beam","floor":6},{"not_picked":["Meteor Strike","Skim"],"picked":"Static Discharge","floor":8},{"not_picked":["Lockon","FIFO Queue"],"picked":"Aggregate","floor":11},{"not_picked":["Conserve Battery","Fusion"],"picked":"Streamline","floor":12},{"not_picked":["Streamline","Leap"],"picked":"Go for the Eyes","floor":13}],"player_experience":78841,"relics_obtained":[{"floor":4,"key":"Geode"},{"floor":6,"key":"Nunchaku"},{"floor":8,"key":"Bottled Tornado"},{"floor":9,"key":"Toy Ornithopter"}],"event_choices":[{"cards_removed":["Strike_B"],"damage_healed":0,"gold_gain":0,"player_choice":"Card Removal","damage_taken":7,"max_hp_gain":0,"max_hp_loss":0,"event_name":"Golden Wing","floor":2,"gold_loss":0},{"cards_removed":["Turbo"],"damage_healed":5,"gold_gain":0,"player_choice":"Offered Common","damage_taken":0,"max_hp_gain":0,"max_hp_loss":0,"event_name":"Bonfire Elementals","floor":14,"gold_loss":0},{"cards_removed":["Turbo"],"damage_healed":5,"gold_gain":0,"player_choice":"Offered Special","damage_taken":0,"max_hp_gain":0,"max_hp_loss":0,"event_name":"Bonfire Elementals","floor":14,"gold_loss":0}],"is_beta":true,"boss_relics":[],"items_purged_floors":[5],"is_endless":false,"potions_floor_spawned":[1,6,11],"killed_by":"Fading Forest","ascension_level":1}}