{"host":"ec2wu4mdnvke243f","time":1608061649,"event":{"mods":["2.2 Compatiblity","AchievementEnabler","BaseMod","Defuse TimeMaze Blight","Downfall","Hermit","Infinite Spire","Minty Spire (QoL Compilation)","StSLib","The Cursed","The Disciple","The Jungle","The Servant 0.9.4"],"gold_per_floor":[99,112,212,212,222,234,257,107,133,58,117,137,122,397,411,411,411],"floor_reached":16,"playtime":1128,"items_purged":[],"score":130,"play_id":"773dd961-cb61-472a-8deb-7c9cce42bee5","local_time":"20201215204729","is_ascension_mode":true,"campfire_choices":[{"floor":1,"key":"RECALL"},{"data":"hermit:Misfire","floor":8,"key":"SMITH"},{"data":"hermit:Malice","floor":10,"key":"SMITH"}],"circlet_count":0,"master_deck":["hermit:Strike_Hermit","hermit:Strike_Hermit","hermit:Strike_Hermit","hermit:Strike_Hermit","hermit:Defend_Hermit","hermit:Defend_Hermit","hermit:Defend_Hermit","hermit:Defend_Hermit","hermit:Snapshot","hermit:Covet","hermit:Purgatory","hermit:Malice+1","hermit:Misfire+1","hermit:Ricochet","hermit:Manifest","hermit:Headshot","Regret","hermit:Ricochet"],"relics":["hermit:Momento","downfall:HeartBlessingBlue","downfall:HeartBlessingRed","Strawberry","downfall:HeartBlessingGreen","infinitespire:PuzzleCube"],"acts_visited":["Exordium"],"potions_floor_usage":[9,16,16,16],"damage_taken":[{"damage":1,"enemies":"2 Louse","floor":2,"turns":3},{"damage":3,"enemies":"Small Slimes","floor":5,"turns":4},{"damage":1,"enemies":"Cultist","floor":6,"turns":3},{"damage":35,"enemies":"3 Sentries","floor":9,"turns":11},{"damage":27,"enemies":"3 Sentries","floor":11,"turns":5},{"damage":1,"enemies":"Blue Slaver","floor":12,"turns":3},{"damage":0,"enemies":"downfall:FleeingMerchant","floor":13,"turns":4},{"damage":8,"enemies":"Exordium Thugs","floor":15,"turns":4},{"damage":20,"enemies":"downfall:Watcher","floor":16,"turns":5}],"seed_played":"-6689626980918344656","potions_obtained":[{"floor":0,"key":"Explosive Potion"},{"floor":0,"key":"Block Potion"},{"floor":0,"key":"hermit:Tonic"},{"floor":11,"key":"sneckomod:MuddlingPotion"},{"floor":15,"key":"Strength Potion"}],"is_trial":false,"path_per_floor":["R","M","?","?","M","M","T","R","E","R","?","M","$","?","M","B"],"character_chosen":"HERMIT","items_purchased":[],"campfire_rested":0,"item_purchase_floors":[],"current_hp_per_floor":[75,74,74,74,71,70,70,80,52,52,25,24,24,24,16,0,0],"gold":411,"neow_bonus":"THREE_SMALL_POTIONS","is_daily":false,"chose_seed":false,"campfire_upgraded":2,"win_rate":0.0,"timestamp":1608061649,"path_taken":["R","M","?","?","M","?","T","R","E","R","?","M","$","?","M","BOSS"],"items_purchased_type":[],"build_version":"2020-12-13","purchased_purges":0,"victory":false,"max_hp_per_floor":[75,75,75,75,75,75,75,85,92,92,92,92,92,92,92,92,92],"card_choices":[{"not_picked":["hermit:Cheat","hermit:LoneWolf"],"picked":"hermit:BigShot","floor":2},{"not_picked":["hermit:CalledShot","hermit:Enervate"],"picked":"hermit:Malice","floor":5},{"not_picked":["hermit:Manifest","hermit:CalledShot"],"picked":"hermit:Misfire","floor":6},{"not_picked":["hermit:HighNoon","hermit:ItchyTrigger"],"picked":"hermit:Ricochet","floor":9},{"not_picked":["hermit:ItchyTrigger","hermit:Feint"],"picked":"hermit:Manifest","floor":11},{"not_picked":["hermit:Misfire","hermit:Desperado"],"picked":"hermit:Headshot","floor":12},{"not_picked":["hermit:BigShot","hermit:FullyLoaded","hermit:Malice"],"picked":"SKIP","floor":13},{"not_picked":["hermit:Coalescence","hermit:WideOpen"],"picked":"hermit:Ricochet","floor":15}],"player_experience":505139,"relics_obtained":[{"floor":9,"key":"Strawberry"},{"floor":11,"key":"infinitespire:PuzzleCube"}],"event_choices":[{"damage_healed":0,"gold_gain":0,"cards_transformed":["hermit:BigShot"],"player_choice":"Transformed","damage_taken":0,"max_hp_gain":0,"max_hp_loss":0,"event_name":"Transmorgrifier","floor":4,"gold_loss":0,"cards_obtained":["hermit:Purgatory"]}],"is_beta":false,"boss_relics":[],"items_purged_floors":[],"is_endless":false,"potions_floor_spawned":[2,5,11,15],"killed_by":"downfall:Watcher","ascension_level":1}}