{"host":"ocll6kdfqxraqtza","time":1608051644,"event":{"mods":["2.2 Compatiblity","Act Like it!","Aspiration","BaseMod","Better Third Choice","Gensokyo","Hallownest","Hermit","Hubris","Jorbs\u0027s Wanderer Trilogy","Luminous","Marisa（霧雨　魔理沙）","Minty Spire (QoL Compilation)","Reimu（博??梦）","Replay The Spire","Shade Mod","StSLib","The Alterego","The Bug Knight","The Cursed","The Hierophant","The Runesmith","TheBandit","Wandering Minibosses","vexMod"],"gold_per_floor":[115,115,40,40,71,71,107,134,161,161,161,161,193,158,158,158,158],"floor_reached":16,"playtime":642,"items_purged":["TheCursedMod:Strike_TheCursed"],"score":163,"play_id":"2756e62b-6c5a-42f8-be25-efd457784a39","local_time":"20201216010044","is_ascension_mode":true,"campfire_choices":[{"data":"TheCursedMod:CleanUpWorkshop","floor":6,"key":"SMITH"},{"data":"TheCursedMod:HellfireBreathing","floor":10,"key":"SMITH"},{"data":"TheCursedMod:CursedArmor","floor":12,"key":"SMITH"}],"circlet_count":0,"master_deck":["TheCursedMod:Strike_TheCursed","TheCursedMod:Strike_TheCursed","TheCursedMod:Strike_TheCursed","TheCursedMod:Defend_TheCursed","TheCursedMod:Defend_TheCursed","TheCursedMod:Defend_TheCursed","TheCursedMod:CursedWand+1","TheCursedMod:CleanUpWorkshop+1","TheCursedMod:Dregs","TheCursedMod:Obscuration+1","TheCursedMod:CursedAmulet","TheCursedMod:HellfireBreathing+1","TheCursedMod:CursedArmor+1","TheCursedMod:CircleOfCorruption"],"relics":["TheCursedMod:BlackMagic101","Hallownest:DreamNailRelic","Anchor","CrazyTorch:ReiMu","Du-Vu Doll"],"acts_visited":["Hallownest:Greenpath"],"potions_floor_usage":[13],"damage_taken":[{"damage":0,"enemies":"Hallownest:monsterHuskWarrior","floor":1,"turns":4},{"damage":4,"enemies":"Hallownest:2_MossCreeps","floor":5,"turns":8},{"damage":16,"enemies":"Hallownest:monsterHuskGuard","floor":7,"turns":9},{"damage":9,"enemies":"Hallownest:eliteMossKnight","floor":8,"turns":14},{"damage":32,"enemies":"Hallownest:eliteCrystalGuardian","floor":13,"turns":8}],"seed_played":"3349460502859137495","potions_obtained":[{"floor":8,"key":"DistilledChaos"}],"is_trial":false,"path_per_floor":["M","?","$","?","M","R","M","E","T","R","T","R","E","?","R","B"],"character_chosen":"THE_CURSED","items_purchased":[],"campfire_rested":0,"item_purchase_floors":[],"current_hp_per_floor":[75,75,75,75,71,71,55,46,46,46,46,46,14,19,43,0,0],"gold":158,"neow_bonus":"UPGRADE_CARD","is_daily":false,"chose_seed":false,"campfire_upgraded":3,"win_rate":0.0,"timestamp":1608051644,"path_taken":["M","?","$","?","?","R","?","E","T","R","?","R","E","?","R","BOSS"],"items_purchased_type":[],"build_version":"2020-12-13","purchased_purges":1,"victory":false,"max_hp_per_floor":[75,75,75,75,75,75,75,75,75,75,75,75,75,80,80,80,80],"card_choices":[{"not_picked":["TheCursedMod:VitalStrike","TheCursedMod:ReleasedStrength"],"picked":"TheCursedMod:Obscuration","floor":1},{"not_picked":["TheCursedMod:SmokeScreen","TheCursedMod:Torture"],"picked":"TheCursedMod:CursedAmulet","floor":5},{"not_picked":["TheCursedMod:Stigma","TheCursedMod:CircleOfFlame"],"picked":"TheCursedMod:HellfireBreathing","floor":7},{"not_picked":["TheCursedMod:CircleOfFlame","TheCursedMod:ManaBullet"],"picked":"TheCursedMod:CursedArmor","floor":8},{"not_picked":["TheCursedMod:ManaBullet","TheCursedMod:CursedShiv"],"picked":"TheCursedMod:CircleOfCorruption","floor":13}],"player_experience":461986,"relics_obtained":[{"floor":8,"key":"Anchor"},{"floor":11,"key":"CrazyTorch:ReiMu"},{"floor":13,"key":"Du-Vu Doll"}],"event_choices":[],"is_beta":false,"boss_relics":[],"items_purged_floors":[3],"is_endless":false,"potions_floor_spawned":[8],"killed_by":"Hallownest:BossBrokenVessel","ascension_level":1}}