{"host":"newqdrzxfhh2im9e","time":1608071945,"event":{"mods":["AchievementEnabler","BaseMod","BetterRewards","Block Reminder","Colored Map","Jorbs\u0027s Wanderer Trilogy","Minty Spire (QoL Compilation)","Rare Cards Sparkle","Shop Mod","StSLib"],"gold_per_floor":[109,123,123,298,314,314,338,338,417,431,443,443,462,477,477,577,577,590,590,58,77,89,89,89,89,89,49,60,86,86,86],"floor_reached":30,"playtime":1035,"items_purged":["Doubt"],"score":305,"play_id":"bea97a02-15fa-4d3f-adf2-8eeb1699009f","local_time":"20201215143905","is_ascension_mode":true,"campfire_choices":[{"data":"Noxious Fumes","floor":6,"key":"SMITH"},{"data":"Dagger Spray","floor":8,"key":"SMITH"},{"data":"Tools of the Trade","floor":12,"key":"SMITH"},{"floor":15,"key":"REST"},{"floor":23,"key":"REST"},{"floor":25,"key":"REST"}],"circlet_count":0,"master_deck":["Survivor","Neutralize","Dagger Spray+1","Noxious Fumes+1","Slice","Flying Knee+1","Tools of the Trade+1","Setup","Skewer+1","Night Terror","Dodge and Roll","Eviscerate+1","Sucker Punch+1","Heel Hook+1","Tools of the Trade","Prepared+1","Noxious Fumes","Venomology","Outmaneuver+1","Concentrate","Slice+1","Predator+1","PiercingWail+1","Adrenaline"],"relics":["Ring of the Snake","NeowsBlessing","Centennial Puzzle","Tiny Chest","Molten Egg 2","Pandora\u0027s Box","ClockworkSouvenir","Torii","Prayer Wheel","Gambling Chip"],"acts_visited":["Exordium","TheCity"],"potions_floor_usage":[14,16,19,19,21,21,22,28,28,29,29,29,30],"damage_taken":[{"damage":0,"enemies":"Cultist","floor":1,"turns":1},{"damage":0,"enemies":"Small Slimes","floor":2,"turns":1},{"damage":0,"enemies":"Jaw Worm","floor":5,"turns":1},{"damage":3,"enemies":"Blue Slaver","floor":10,"turns":3},{"damage":4,"enemies":"3 Louse","floor":11,"turns":2},{"damage":14,"enemies":"Exordium Thugs","floor":13,"turns":3},{"damage":3,"enemies":"Lots of Slimes","floor":14,"turns":3},{"damage":36,"enemies":"Hexaghost","floor":16,"turns":9},{"damage":29,"enemies":"3 Byrds","floor":18,"turns":4},{"damage":0,"enemies":"Spheric Guardian","floor":19,"turns":2},{"damage":17,"enemies":"Snake Plant","floor":21,"turns":4},{"damage":2,"enemies":"Cultist and Chosen","floor":22,"turns":4},{"damage":11,"enemies":"Shelled Parasite and Fungi","floor":28,"turns":5},{"damage":36,"enemies":"Slavers","floor":29,"turns":4},{"damage":7,"enemies":"Snake Plant","floor":30,"turns":1}],"seed_played":"1861189873455461521","potions_obtained":[{"floor":2,"key":"Fire Potion"},{"floor":5,"key":"SmokeBomb"},{"floor":13,"key":"CunningPotion"},{"floor":21,"key":"GhostInAJar"},{"floor":22,"key":"Dexterity Potion"},{"floor":28,"key":"Energy Potion"},{"floor":29,"key":"CultistPotion"}],"is_trial":false,"path_per_floor":["M","M","?","?","M","R","T","R","T","M","M","R","M","M","R","B",null,"M","M","$","M","M","R","?","R","T","?","M","E","M"],"character_chosen":"THE_SILENT","items_purchased":["ClockworkSouvenir","Torii"],"campfire_rested":3,"item_purchase_floors":[20,20],"current_hp_per_floor":[70,70,63,63,63,63,63,63,63,60,56,56,42,39,60,24,59,30,30,30,13,11,32,32,53,53,53,42,6,0,0],"gold":86,"neow_bonus":"THREE_ENEMY_KILL","is_daily":false,"chose_seed":false,"campfire_upgraded":3,"win_rate":0.0,"timestamp":1608071945,"path_taken":["M","M","?","?","M","R","?","R","T","M","M","R","M","M","R","BOSS","M","M","$","M","M","R","?","R","T","?","M","E","M"],"items_purchased_type":["Relic","Relic"],"build_version":"2020-12-13","purchased_purges":1,"victory":false,"max_hp_per_floor":[70,70,70,70,70,70,70,70,70,70,70,70,70,70,70,70,70,70,70,70,70,70,70,70,70,70,70,70,70,70,70],"card_choices":[{"not_picked":["Riddle With Holes","Prepared"],"picked":"Dagger Spray","floor":1},{"not_picked":["Finisher","Prepared"],"picked":"Noxious Fumes","floor":2},{"not_picked":["Quick Slash","Deflect"],"picked":"Slice","floor":5},{"not_picked":["Riddle With Holes+1","Skewer+1"],"picked":"Flying Knee+1","floor":10},{"not_picked":["Blur","Predator+1"],"picked":"Tools of the Trade","floor":11},{"not_picked":["Acrobatics","Sucker Punch+1"],"picked":"Setup","floor":13},{"not_picked":["Eviscerate+1","Expertise"],"picked":"Skewer+1","floor":14},{"not_picked":["Malaise","Tools of the Trade"],"picked":"Night Terror","floor":16},{"not_picked":["Deadly Poison","Prepared"],"picked":"Slice+1","floor":18},{"not_picked":["Well Laid Plans","Bane+1","Eviscerate+1"],"picked":"SKIP","floor":21},{"not_picked":["Flying Knee+1","Deadly Poison","Underhanded Strike+1"],"picked":"SKIP","floor":22},{"not_picked":["Heel Hook+1","Deflect"],"picked":"Predator+1","floor":28},{"not_picked":["Bane+1","Distraction+1"],"picked":"PiercingWail+1","floor":28},{"not_picked":["Outmaneuver","Deflect+1"],"picked":"Adrenaline","floor":29}],"player_experience":601293,"relics_obtained":[{"floor":7,"key":"Tiny Chest"},{"floor":9,"key":"Molten Egg 2"},{"floor":26,"key":"Prayer Wheel"},{"floor":29,"key":"Gambling Chip"}],"event_choices":[{"damage_healed":0,"gold_gain":0,"player_choice":"Success","damage_taken":7,"relics_obtained":["Centennial Puzzle"],"max_hp_gain":0,"max_hp_loss":0,"event_name":"Scrap Ooze","floor":3,"gold_loss":0},{"damage_healed":0,"gold_gain":175,"player_choice":"AGREE","damage_taken":0,"max_hp_gain":0,"max_hp_loss":0,"event_name":"Liars Game","floor":4,"gold_loss":0,"cards_obtained":["Doubt"]},{"damage_healed":0,"gold_gain":0,"player_choice":"Ignored","damage_taken":0,"max_hp_gain":0,"max_hp_loss":0,"event_name":"The Mausoleum","floor":24,"gold_loss":0},{"damage_healed":0,"gold_gain":0,"player_choice":"Upgraded Two","damage_taken":0,"max_hp_gain":0,"max_hp_loss":0,"event_name":"Designer","floor":27,"gold_loss":40,"cards_upgraded":["Outmaneuver","Prepared"]}],"is_beta":false,"boss_relics":[{"not_picked":["Empty Cage","WristBlade"],"picked":"Pandora\u0027s Box"}],"items_purged_floors":[20],"is_endless":false,"potions_floor_spawned":[2,5,13,21,22,28,29],"killed_by":"Snake Plant","ascension_level":5}}