{"host":"e4hse1vg61zltgzv","time":1608017446,"event":{"mods":["AchievementEnabler","BaseMod","Block Reminder","Colored Map","DeckTracker","GifTheSpireLib","Minty Spire (QoL Compilation)","Rare Cards Sparkle","StSLib","SuperFastMode","everything is the same but u backflip on backflip"],"gold_per_floor":[117,130,142,155,168,168,168,168,221,246,259,275,301,316,316,387,387,403,415,415,426,426,459,459,485,485,485,518,531,562,632,632,709,709,719,719,287,303,54,89,108,141,164,177,204,217,250,266,266,266,266,266,266,56,85,85],"floor_reached":57,"playtime":1396,"items_purged":["Dual Wield+1"],"score":3982,"play_id":"a63aeb7e-348e-4cd0-b5be-0bb7e7561284","local_time":"20201215163046","is_ascension_mode":true,"campfire_choices":[{"data":"Body Slam","floor":6,"key":"SMITH"},{"data":"Entrench","floor":8,"key":"SMITH"},{"data":"Barricade","floor":15,"key":"SMITH"},{"data":"Evolve","floor":24,"key":"SMITH"},{"data":"Dual Wield","floor":27,"key":"SMITH"},{"floor":32,"key":"RECALL"},{"data":"Second Wind","floor":49,"key":"SMITH"},{"data":"Power Through","floor":53,"key":"SMITH"}],"circlet_count":0,"master_deck":["Body Slam+1","Power Through+1","Second Wind+1","Evolve+1","Impervious+1","Offering+1","Barricade+1","Entrench+1"],"relics":["Burning Blood","Smiling Mask","Art of War","Pantograph","War Paint","Mark of Pain","Bottled Lightning","Pen Nib","Bag of Marbles","Blue Candle","Bottled Flame","SlaversCollar","Vajra","Question Card","Membership Card","Potion Belt","Bag of Preparation","Nunchaku","Toy Ornithopter","Happy Flower","HornCleat","Oddly Smooth Stone","PrismaticShard","Boot"],"acts_visited":["Exordium","TheCity","TheBeyond","TheEnding"],"potions_floor_usage":[7,11,19,56,56,56,56,56,56,56],"damage_taken":[{"damage":6,"enemies":"Jaw Worm","floor":1,"turns":1},{"damage":6,"enemies":"Cultist","floor":2,"turns":4},{"damage":6,"enemies":"2 Louse","floor":3,"turns":4},{"damage":6,"enemies":"Blue Slaver","floor":4,"turns":1},{"damage":17,"enemies":"Exordium Thugs","floor":5,"turns":5},{"damage":6,"enemies":"3 Sentries","floor":10,"turns":5},{"damage":6,"enemies":"Lots of Slimes","floor":11,"turns":5},{"damage":6,"enemies":"3 Louse","floor":12,"turns":3},{"damage":6,"enemies":"Gremlin Nob","floor":13,"turns":2},{"damage":6,"enemies":"Exordium Thugs","floor":14,"turns":2},{"damage":6,"enemies":"Slime Boss","floor":16,"turns":2},{"damage":6,"enemies":"Spheric Guardian","floor":18,"turns":1},{"damage":6,"enemies":"Chosen","floor":19,"turns":2},{"damage":6,"enemies":"Centurion and Healer","floor":21,"turns":2},{"damage":6,"enemies":"Gremlin Leader","floor":23,"turns":2},{"damage":6,"enemies":"Book of Stabbing","floor":25,"turns":2},{"damage":6,"enemies":"Slavers","floor":28,"turns":2},{"damage":6,"enemies":"Snake Plant","floor":29,"turns":1},{"damage":6,"enemies":"Gremlin Leader","floor":30,"turns":1},{"damage":6,"enemies":"Collector","floor":33,"turns":2},{"damage":6,"enemies":"Orb Walker","floor":35,"turns":1},{"damage":6,"enemies":"3 Darklings","floor":38,"turns":2},{"damage":6,"enemies":"Reptomancer","floor":40,"turns":1},{"damage":6,"enemies":"4 Shapes","floor":41,"turns":2},{"damage":6,"enemies":"Nemesis","floor":42,"turns":1},{"damage":6,"enemies":"Sphere and 2 Shapes","floor":44,"turns":2},{"damage":6,"enemies":"Giant Head","floor":45,"turns":3},{"damage":6,"enemies":"Maw","floor":46,"turns":1},{"damage":6,"enemies":"Reptomancer","floor":47,"turns":1},{"damage":6,"enemies":"4 Shapes","floor":48,"turns":4},{"damage":6,"enemies":"Donu and Deca","floor":50,"turns":2},{"damage":6,"enemies":"Awakened One","floor":51,"turns":3},{"damage":6,"enemies":"Shield and Spear","floor":55,"turns":2},{"damage":6,"enemies":"The Heart","floor":56,"turns":5}],"seed_played":"-2354424993625699171","potions_obtained":[{"floor":1,"key":"Fruit Juice"},{"floor":2,"key":"AttackPotion"},{"floor":7,"key":"FearPotion"},{"floor":13,"key":"BloodPotion"},{"floor":19,"key":"DistilledChaos"},{"floor":25,"key":"LiquidMemories"},{"floor":41,"key":"CultistPotion"},{"floor":44,"key":"Block Potion"},{"floor":55,"key":"EntropicBrew"}],"is_trial":false,"path_per_floor":["M","M","M","M","M","R","?","R","T","E","M","M","E","M","R","B",null,"M","M","?","M","?","E","R","E","T","R","E","M","E","T","R","B",null,"M","?","$","M","$","E","M","E","T","M","E","M","E","M","R","B","B",null,"R","$","E","B",null],"character_chosen":"IRONCLAD","items_purchased":["Vajra","Question Card","Membership Card","Potion Belt","Oddly Smooth Stone","PrismaticShard"],"campfire_rested":0,"item_purchase_floors":[37,37,39,39,54,54],"current_hp_per_floor":[68,68,68,68,57,57,62,62,62,62,62,62,62,62,62,80,80,80,80,80,80,80,80,80,80,80,80,80,80,80,80,80,80,80,80,80,80,80,80,80,80,80,80,80,80,80,80,80,80,80,80,80,80,80,80,80],"gold":85,"neow_bonus":"RANDOM_COMMON_RELIC","is_daily":false,"chose_seed":false,"campfire_upgraded":7,"win_rate":0.0,"timestamp":1608017446,"path_taken":["M","M","M","M","M","R","?","R","T","E","M","M","E","?","R","BOSS","M","M","?","M","?","E","R","E","T","R","E","M","E","?","R","BOSS","M","?","$","?","$","E","M","E","T","M","E","M","E","M","R","BOSS","BOSS","R","$","E","BOSS"],"items_purchased_type":["Relic","Relic","Relic","Relic","Relic","Relic"],"build_version":"2020-12-13","purchased_purges":1,"victory":true,"max_hp_per_floor":[75,75,75,75,75,75,80,80,80,80,80,80,80,80,80,80,80,80,80,80,80,80,80,80,80,80,80,80,80,80,80,80,80,80,80,80,80,80,80,80,80,80,80,80,80,80,80,80,80,80,80,80,80,80,80,80],"card_choices":[{"not_picked":["Dropkick","Sword Boomerang"],"picked":"Entrench","floor":1},{"not_picked":["Iron Wave","Intimidate"],"picked":"Dual Wield","floor":2},{"not_picked":["Perfected Strike","Hemokinesis","Clothesline"],"picked":"SKIP","floor":3},{"not_picked":["Iron Wave","Second Wind","Power Through"],"picked":"SKIP","floor":4},{"not_picked":["Uppercut","Fire Breathing","Infernal Blade"],"picked":"SKIP","floor":5},{"not_picked":["Spot Weakness","Flame Barrier","Evolve"],"picked":"SKIP","floor":10},{"not_picked":["Armaments","Body Slam","Headbutt"],"picked":"SKIP","floor":11},{"not_picked":["Sword Boomerang","Whirlwind","Body Slam"],"picked":"SKIP","floor":12},{"not_picked":["Ghostly Armor","Pommel Strike","Offering"],"picked":"SKIP","floor":13},{"not_picked":["Ghostly Armor","Pommel Strike","Offering"],"picked":"SKIP","floor":13},{"not_picked":["Flex","Uppercut","Armaments"],"picked":"SKIP","floor":14},{"not_picked":["Blood for Blood","Sever Soul","Armaments"],"picked":"SKIP","floor":18},{"not_picked":["Flex","Spot Weakness","Second Wind"],"picked":"SKIP","floor":19},{"not_picked":["Body Slam","Shrug It Off","Cleave+1"],"picked":"SKIP","floor":21},{"not_picked":["Cleave","Warcry","Feed"],"picked":"SKIP","floor":23},{"not_picked":["Second Wind","Sever Soul","Anger"],"picked":"SKIP","floor":25},{"not_picked":["Brutality","Flame Barrier","Metallicize"],"picked":"SKIP","floor":28},{"not_picked":["Shockwave","Rage","Clash"],"picked":"SKIP","floor":29},{"not_picked":["Anger","Body Slam","Sword Boomerang"],"picked":"SKIP","floor":30},{"not_picked":["Anger","Body Slam","Sword Boomerang"],"picked":"SKIP","floor":30},{"not_picked":["Clash+1","Wild Strike","Shrug It Off"],"picked":"SKIP","floor":35},{"not_picked":["True Grit","Sentinel","Burning Pact+1","Clothesline"],"picked":"SKIP","floor":38},{"not_picked":["Sword Boomerang","Shockwave+1","Seeing Red","Iron Wave"],"picked":"SKIP","floor":40},{"not_picked":["Cleave+1","Uppercut","Headbutt+1","Pummel"],"picked":"SKIP","floor":41},{"not_picked":["Flame Barrier","Inflame","Burning Pact","Sever Soul"],"picked":"SKIP","floor":42},{"not_picked":["Disarm+1","Sever Soul","Bludgeon","True Grit"],"picked":"SKIP","floor":44},{"not_picked":["Flame Barrier+1","Rage","True Grit","Clash"],"picked":"SKIP","floor":45},{"not_picked":["Metallicize+1","Iron Wave+1","Ghostly Armor","Flame Barrier"],"picked":"SKIP","floor":46},{"not_picked":["Pummel","Pommel Strike","Shockwave","Headbutt"],"picked":"SKIP","floor":47},{"not_picked":["Iron Wave","Clothesline+1","Heavy Blade","Blood for Blood"],"picked":"SKIP","floor":48},{"not_picked":["Coolheaded","Steam","Trip","Indignation+1"],"picked":"SKIP","floor":55}],"player_experience":736030,"relics_obtained":[{"floor":9,"key":"Art of War"},{"floor":10,"key":"Pantograph"},{"floor":13,"key":"Whetstone"},{"floor":25,"key":"Pen Nib"},{"floor":28,"key":"Bag of Marbles"},{"floor":30,"key":"Blue Candle"},{"floor":31,"key":"Bottled Flame"},{"floor":40,"key":"Bag of Preparation"},{"floor":42,"key":"Nunchaku"},{"floor":43,"key":"Toy Ornithopter"},{"floor":45,"key":"Happy Flower"},{"floor":47,"key":"HornCleat"},{"floor":55,"key":"Boot"}],"event_choices":[{"damage_healed":0,"gold_gain":0,"player_choice":"Got Potions","damage_taken":0,"max_hp_gain":0,"max_hp_loss":0,"event_name":"Lab","floor":7,"gold_loss":0},{"damage_healed":0,"gold_gain":0,"player_choice":"Ignored","damage_taken":0,"max_hp_gain":0,"max_hp_loss":0,"event_name":"Cursed Tome","floor":20,"gold_loss":0},{"damage_healed":0,"gold_gain":0,"player_choice":"Ignored","damage_taken":0,"max_hp_gain":0,"max_hp_loss":0,"event_name":"Ghosts","floor":22,"gold_loss":0},{"damage_healed":0,"gold_gain":0,"player_choice":"Ignored","damage_taken":0,"max_hp_gain":0,"max_hp_loss":0,"event_name":"Transmorgrifier","floor":36,"gold_loss":0}],"is_beta":false,"boss_relics":[{"not_picked":["SacredBark","Snecko Eye"],"picked":"Mark of Pain"},{"not_picked":["Velvet Choker","Runic Cube"],"picked":"SlaversCollar"}],"items_purged_floors":[54],"is_endless":false,"potions_floor_spawned":[1,2,13,14,16,18,19,25,33,35,41,44,45,47,55],"ascension_level":20}}