{"host":"szp1d6dso4pv7ddl","time":1608017187,"event":{"mods":["AchievementEnabler","Alarm Clock","BaseMod","Bestiary","Block Reminder","Colored Map","Colored Powertips","Curses Come First","Displayed Cursed Tome","Highlight Path","Minty Spire (QoL Compilation)","Permanent Neow","Quick Restart","Relic Stats","StSLib"],"gold_per_floor":[118,118,136,151,168,196,70,86,112,112,112,136,184,207,207,336,336,356,109,309,325,325,325],"floor_reached":22,"playtime":893,"items_purged":["Defend_B","Strike_B"],"score":226,"play_id":"614b3e4c-cc71-404d-af7c-e2ef84ed878d","local_time":"20201214232627","is_ascension_mode":true,"campfire_choices":[{"floor":10.0,"key":"REST"},{"floor":15.0,"key":"REST"}],"circlet_count":0,"master_deck":["Strike_B+1","Strike_B+1","Strike_B","Defend_B","Defend_B","Defend_B","Zap","Dualcast","Melter","Sweeping Beam","Conserve Battery","Buffer","CurseOfTheBell","Meteor Strike"],"relics":["Cracked Core","Whetstone","Mummified Hand","Boot","Golden Idol","Toy Ornithopter","Calling Bell","CeramicFish","Darkstone Periapt","Du-Vu Doll"],"acts_visited":["Exordium","TheCity"],"potions_floor_usage":[16,22],"damage_taken":[{"damage":4.0,"enemies":"2 Louse","floor":1.0,"turns":2.0},{"damage":0.0,"enemies":"Cultist","floor":3.0,"turns":2.0},{"damage":2.0,"enemies":"Jaw Worm","floor":4.0,"turns":3.0},{"damage":0.0,"enemies":"Large Slime","floor":5.0,"turns":4.0},{"damage":30.0,"enemies":"3 Sentries","floor":6.0,"turns":8.0},{"damage":24.0,"enemies":"Lots of Slimes","floor":8.0,"turns":3.0},{"damage":2.0,"enemies":"2 Fungi Beasts","floor":12.0,"turns":3.0},{"damage":1.0,"enemies":"Looter","floor":14.0,"turns":3.0},{"damage":42,"enemies":"Slime Boss","floor":16,"turns":7},{"damage":23,"enemies":"Shell Parasite","floor":18,"turns":5},{"damage":25,"enemies":"Chosen","floor":21,"turns":6},{"damage":36,"enemies":"Snake Plant","floor":22,"turns":3}],"seed_played":"4128661534285795126","potions_obtained":[{"floor":2.0,"key":"Regen Potion"},{"floor":2.0,"key":"CultistPotion"},{"floor":2.0,"key":"SneckoOil"},{"floor":3.0,"key":"AttackPotion"},{"floor":4.0,"key":"Ancient Potion"},{"floor":6.0,"key":"Fruit Juice"},{"floor":18,"key":"CultistPotion"}],"is_trial":false,"path_per_floor":["M","?","M","M","M","E","$","M","T","R","?","M","T","M","R","B",null,"M","$","?","M","M"],"character_chosen":"DEFECT","items_purchased":["Sweeping Beam","Meteor Strike"],"campfire_rested":2,"item_purchase_floors":[7,19],"current_hp_per_floor":[71,71,71,69,69,59,59,35,35,59,39,37,37,36,60,23,80,57,57,57,32,1,1],"gold":325,"neow_bonus":"RANDOM_COMMON_RELIC","is_daily":false,"chose_seed":false,"campfire_upgraded":0,"win_rate":0.0,"timestamp":1608017187,"path_taken":["M","?","?","M","M","E","$","M","T","R","?","M","?","M","R","BOSS","M","$","?","?","M"],"items_purchased_type":["Card","Card"],"build_version":"2020-12-13","purchased_purges":2,"victory":false,"max_hp_per_floor":[75,75,75,75,75,80,80,80,80,80,80,80,80,80,80,80,80,80,80,80,80,80,80],"relic_stats":{"Darkstone Periapt":0,"counters":[12,49],"Mummified Hand":[1],"Golden Idol":43,"CeramicFish":9,"Whetstone":["Strike_B","Strike_B"],"Boot":[0],"obtain_stats":[{"Calling Bell":17,"Darkstone Periapt":17,"Du-Vu Doll":17,"Mummified Hand":6,"Golden Idol":11,"CeramicFish":17,"Whetstone":0,"Cracked Core":0,"Boot":9,"Toy Ornithopter":13},{"Calling Bell":9,"Darkstone Periapt":9,"Du-Vu Doll":9,"Mummified Hand":5,"Golden Idol":6,"CeramicFish":9,"Whetstone":0,"Cracked Core":0,"Boot":6,"Toy Ornithopter":7},{"Calling Bell":35,"Darkstone Periapt":35,"Du-Vu Doll":35,"Mummified Hand":19,"Golden Idol":22,"CeramicFish":35,"Whetstone":0,"Cracked Core":0,"Boot":22,"Toy Ornithopter":25}],"Toy Ornithopter":10},"card_choices":[{"not_picked":["Ball Lightning","Darkness","Defragment"],"picked":"SKIP","floor":1.0},{"not_picked":["Lockon","Auto Shields","Cold Snap"],"picked":"SKIP","floor":3.0},{"not_picked":["Steam","Barrage"],"picked":"Melter","floor":4.0},{"not_picked":["Hologram","Steam","Skim"],"picked":"SKIP","floor":5.0},{"not_picked":["Chill","BootSequence","Thunder Strike"],"picked":"SKIP","floor":6.0},{"not_picked":["Redo","Static Discharge"],"picked":"Conserve Battery","floor":8.0},{"not_picked":["Stack","Turbo","Barrage"],"picked":"SKIP","floor":12.0},{"not_picked":["Capacitor","Gash","Melter"],"picked":"SKIP","floor":14.0},{"not_picked":["Multi-Cast","Hyperbeam"],"picked":"Buffer","floor":16},{"not_picked":["Steam Power","Gash","FTL"],"picked":"SKIP","floor":18},{"not_picked":["Blizzard","White Noise","Barrage"],"picked":"SKIP","floor":21}],"player_experience":943308,"relics_obtained":[{"floor":6.0,"key":"Mummified Hand"},{"floor":9.0,"key":"Boot"},{"floor":13.0,"key":"Toy Ornithopter"},{"floor":17,"key":"CeramicFish"},{"floor":17,"key":"Darkstone Periapt"},{"floor":17,"key":"Du-Vu Doll"}],"event_choices":[{"damage_healed":0.0,"max_hp_gain":0.0,"max_hp_loss":0.0,"gold_gain":0.0,"event_name":"Lab","player_choice":"Got Potions","floor":2.0,"gold_loss":0.0,"damage_taken":0.0},{"damage_healed":0.0,"max_hp_gain":0.0,"max_hp_loss":0.0,"gold_gain":0.0,"event_name":"Golden Idol","player_choice":"Take Damage","floor":11.0,"gold_loss":0.0,"damage_taken":20.0,"relics_obtained":["Golden Idol"]},{"damage_healed":0,"gold_gain":250,"player_choice":"Bet on Owner","damage_taken":0,"max_hp_gain":0,"max_hp_loss":0,"event_name":"The Joust","floor":20,"gold_loss":50}],"is_beta":false,"boss_relics":[{"not_picked":["SlaversCollar","Runic Dome"],"picked":"Calling Bell"}],"items_purged_floors":[7,19],"is_endless":false,"potions_floor_spawned":[3,4,6,18],"killed_by":"Snake Plant","ascension_level":4}}