{"host":"i9o21tdcc8l3o4rw","time":1608066621,"event":{"mods":["2.2 Compatiblity","Act Like it!","BaseMod","BetterRewards","Colored Map","Colored Powertips","Hermit","Hubris","Marisa????????","Menagerie","Minty Spire (QoL Compilation)","Replay The Spire","Shop Mod","StSLib","The Disciple","The Necromancer","The Servant 0.9.4"],"gold_per_floor":[116,135,151,151,75,75,80,90,102,102,107,121,121,121,121,168,168,93,142,142,152,4,4,4],"floor_reached":23,"playtime":2708,"items_purged":[],"score":189,"play_id":"3d28d112-1e61-4bb3-94ae-521de9e79122","local_time":"20201215221021","is_ascension_mode":false,"campfire_choices":[{"data":"hermit:Quickdraw","floor":6,"key":"SMITH"},{"data":"hermit:Maintenance","floor":10,"key":"SMITH"},{"floor":15,"key":"REST"}],"circlet_count":0,"master_deck":["hermit:Strike_Hermit","hermit:Strike_Hermit","hermit:Strike_Hermit","hermit:Defend_Hermit","hermit:Defend_Hermit","hermit:Defend_Hermit","hermit:Defend_Hermit","hermit:Snapshot","hermit:Covet","hermit:Quickdraw+1","hermit:Gestalt","hermit:Maintenance+1","hermit:Roughhouse","hermit:Combo","hermit:Quickdraw","hermit:Dissolve","Menagerie:LightningHelix","hermit:HighNoon","hermit:WideOpen","hermit:FullyLoaded+1","hermit:LowProfile","Mind Blast"],"relics":["hermit:Momento","NeowsBlessing","hubris:Icosahedron","Menagerie:Aurumvore","Boot","ReplayTheSpireMod:Lightbulb","hubris:HollowSoul"],"acts_visited":["Menagerie:Menagerie","TheCity"],"potions_floor_usage":[23],"damage_taken":[{"damage":0,"enemies":"Menagerie:2_RABBITS","floor":1,"turns":1},{"damage":0,"enemies":"Menagerie:WhisperingWraith","floor":2,"turns":1},{"damage":1,"enemies":"Menagerie:MonstrousExperiment","floor":3,"turns":1},{"damage":7,"enemies":"Menagerie:MENAGERIE_WILDLIFE","floor":7,"turns":4},{"damage":2,"enemies":"Menagerie:RedMage","floor":8,"turns":4},{"damage":2,"enemies":"Menagerie:Hexasnake","floor":11,"turns":3},{"damage":25,"enemies":"Menagerie:Hydra","floor":12,"turns":5},{"damage":20,"enemies":"Menagerie:AVATARS","floor":16,"turns":13},{"damage":33,"enemies":"2 Thieves","floor":18,"turns":5},{"damage":40,"enemies":"Spheric Guardian","floor":21,"turns":8},{"damage":22,"enemies":"Snake Plant","floor":23,"turns":5}],"seed_played":"-4492453182863484393","potions_obtained":[{"floor":7,"key":"AttackPotion"},{"floor":8,"key":"SteroidPotion"},{"floor":12,"key":"Doom Potion"}],"is_trial":false,"path_per_floor":["M","M","M","?","?","R","M","M","T","R","M","E","?","?","R","B",null,"M","?","?","M","$","M"],"character_chosen":"HERMIT","items_purchased":["hermit:LowProfile","Mind Blast"],"campfire_rested":1,"item_purchase_floors":[22,22],"current_hp_per_floor":[75,75,74,74,74,74,67,65,65,65,63,38,56,56,75,58,75,45,45,45,8,8,0,0],"gold":4,"neow_bonus":"THREE_ENEMY_KILL","is_daily":false,"chose_seed":false,"campfire_upgraded":2,"win_rate":0.0,"timestamp":1608066621,"path_taken":["M","M","?","?","?","R","M","M","T","R","M","E","?","?","R","BOSS","M","?","?","M","$","M"],"items_purchased_type":["Card","Card"],"build_version":"2020-11-29","purchased_purges":0,"victory":false,"max_hp_per_floor":[75,75,75,75,75,75,75,75,75,75,75,75,75,75,75,75,75,75,75,75,75,75,75,75],"card_choices":[{"not_picked":["hermit:LowProfile","hermit:Headshot"],"picked":"hermit:Quickdraw","floor":1},{"not_picked":["hermit:Coalescence","hermit:Headshot"],"picked":"hermit:Gestalt","floor":2},{"not_picked":["hermit:Ricochet","hermit:Brawl"],"picked":"hermit:Maintenance","floor":3},{"not_picked":["hermit:Desperado","hermit:EyeOfTheStorm"],"picked":"hermit:Roughhouse","floor":7},{"not_picked":["hermit:HighCaliber","hermit:HoleUp"],"picked":"hermit:Combo","floor":8},{"not_picked":["hermit:CalledShot","hermit:Ricochet"],"picked":"hermit:Quickdraw","floor":11},{"not_picked":["hermit:Feint","hermit:HeroicBravado"],"picked":"hermit:Dissolve","floor":12},{"not_picked":["hermit:Adapt","hermit:Roughhouse"],"picked":"hermit:HighNoon","floor":16},{"not_picked":["hermit:Manifest","hermit:CursedWeapon"],"picked":"hermit:WideOpen","floor":18},{"not_picked":["hermit:HoleUp+1","hermit:Deadeye"],"picked":"hermit:FullyLoaded+1","floor":21}],"player_experience":73561,"relics_obtained":[{"floor":9,"key":"Boot"},{"floor":12,"key":"ReplayTheSpireMod:Lightbulb"}],"event_choices":[{"damage_healed":0,"gold_gain":0,"player_choice":"Pacify","damage_taken":0,"relics_obtained":["Menagerie:Aurumvore"],"max_hp_gain":0,"max_hp_loss":0,"event_name":"Menagerie:ScentOfGold","floor":5,"gold_loss":0},{"damage_healed":18,"gold_gain":0,"player_choice":"Goat","damage_taken":0,"max_hp_gain":0,"max_hp_loss":0,"event_name":"Menagerie:ThreeAnimals","floor":13,"gold_loss":0},{"damage_healed":0,"gold_gain":0,"cards_transformed":["hermit:Strike_Hermit"],"player_choice":"Grasp","damage_taken":0,"max_hp_gain":0,"max_hp_loss":0,"event_name":"Menagerie:MagesHand","floor":14,"gold_loss":0,"cards_obtained":["Menagerie:LightningHelix"]},{"damage_healed":0,"gold_gain":99,"player_choice":"Stole From Cult","damage_taken":0,"max_hp_gain":0,"max_hp_loss":0,"event_name":"Nest","floor":19,"gold_loss":0},{"damage_healed":0,"gold_gain":0,"player_choice":"Ignored","damage_taken":0,"max_hp_gain":0,"max_hp_loss":0,"event_name":"The Mausoleum","floor":20,"gold_loss":0}],"is_beta":false,"boss_relics":[{"not_picked":["Coffee Dripper","Abe\u0027s Treasure"],"picked":"hubris:HollowSoul"}],"items_purged_floors":[],"is_endless":false,"potions_floor_spawned":[7,8,12,16],"killed_by":"Snake Plant","ascension_level":0}}