{"host":"zjpedncu52gty2eg","time":1608034928,"event":{"mods":["AchievementEnabler","BaseMod","Colored Powertips","Minty Spire (QoL Compilation)","Quick Restart","StSLib"],"gold_per_floor":[112,132,149,161,172,204,52,52,78,78,78,88,102,113,113,218,218,228,245,170,182,182,182,209,221,233,259,299,326,368,290,302,412,424,454,484,496,0,12,24,65,77,89,101,129,141,169,181,193,205,217,229,104,129,129],"floor_reached":56,"playtime":2991,"items_purged":["Defend_R"],"score":1289,"play_id":"05122720-0a58-47c3-b89f-2a5e6ac7bd08","local_time":"20201215052208","is_ascension_mode":false,"campfire_choices":[{"floor":8,"key":"REST"},{"data":"Rupture","floor":11,"key":"SMITH"},{"data":"Heavy Blade","floor":15,"key":"SMITH"},{"data":"J.A.X.","floor":23,"key":"SMITH"},{"data":"Offering","floor":25,"key":"SMITH"},{"data":"Heavy Blade","floor":32,"key":"SMITH"},{"data":"Reaper","floor":40,"key":"SMITH"},{"data":"Offering","floor":42,"key":"SMITH"},{"data":"Combust","floor":46,"key":"SMITH"},{"floor":49,"key":"RECALL"},{"data":"Battle Trance","floor":52,"key":"SMITH"}],"circlet_count":0,"master_deck":["Strike_R","Strike_R+1","Strike_R","Strike_R","Strike_R","Defend_R","Defend_R","Bash","Thunderclap","Battle Trance+1","Blood for Blood","Rage","Rupture+1","Reaper+1","Heavy Blade+1","Heavy Blade+1","Offering+1","Shockwave+1","J.A.X.+1","Combust+1","Offering+1","Heavy Blade+1","Brutality"],"relics":["Burning Blood","Magic Flower","Pen Nib","PreservedInsect","Sozu","MawBank","Mercury Hourglass","Bag of Preparation","Runic Cube","Red Mask","Dream Catcher","Boot","Orichalcum"],"acts_visited":["Exordium","TheCity","TheBeyond","TheEnding"],"potions_floor_usage":[16,24,24,55],"damage_taken":[{"damage":3,"enemies":"2 Louse","floor":1,"turns":3},{"damage":4,"enemies":"Cultist","floor":2,"turns":4},{"damage":15,"enemies":"Jaw Worm","floor":3,"turns":5},{"damage":3,"enemies":"2 Fungi Beasts","floor":4,"turns":4},{"damage":16,"enemies":"Red Slaver","floor":5,"turns":3},{"damage":42,"enemies":"Gremlin Nob","floor":6,"turns":5},{"damage":14,"enemies":"Looter","floor":12,"turns":3},{"damage":16,"enemies":"Exordium Wildlife","floor":13,"turns":3},{"damage":16,"enemies":"Lots of Slimes","floor":14,"turns":3},{"damage":38,"enemies":"Slime Boss","floor":16,"turns":4},{"damage":38,"enemies":"2 Thieves","floor":18,"turns":4},{"damage":6,"enemies":"Chosen","floor":19,"turns":4},{"damage":50,"enemies":"Sentry and Sphere","floor":21,"turns":5},{"damage":17,"enemies":"Book of Stabbing","floor":24,"turns":3},{"damage":32,"enemies":"Snake Plant","floor":27,"turns":3},{"damage":11,"enemies":"Gremlin Leader","floor":28,"turns":3},{"damage":28,"enemies":"Cultist and Chosen","floor":29,"turns":4},{"damage":43,"enemies":"Slavers","floor":30,"turns":3},{"damage":31,"enemies":"Collector","floor":33,"turns":4},{"damage":27,"enemies":"3 Shapes","floor":35,"turns":2},{"damage":12,"enemies":"Orb Walker","floor":36,"turns":2},{"damage":24,"enemies":"Giant Head","floor":41,"turns":2},{"damage":37,"enemies":"4 Shapes","floor":45,"turns":2},{"damage":14,"enemies":"3 Darklings","floor":47,"turns":2},{"damage":59,"enemies":"Donu and Deca","floor":50,"turns":3},{"damage":25,"enemies":"Shield and Spear","floor":54,"turns":2},{"damage":101,"enemies":"The Heart","floor":55,"turns":4}],"seed_played":"-8868971756342418838","potions_obtained":[{"floor":1,"key":"Fire Potion"},{"floor":2,"key":"BloodPotion"},{"floor":12,"key":"GamblersBrew"},{"floor":14,"key":"DistilledChaos"},{"floor":16,"key":"Weak Potion"}],"is_trial":false,"path_per_floor":["M","M","M","M","M","E","$","R","T","?","R","M","M","M","R","B",null,"M","M","$","M","?","R","E","R","T","M","E","M","E","?","R","B",null,"M","M","?","?","$","R","E","R","T","$","M","R","M","?","R","B",null,"R","$","E","B",null],"character_chosen":"IRONCLAD","items_purchased":["Reaper","Brutality"],"campfire_rested":1,"item_purchase_floors":[7,53],"current_hp_per_floor":[75,77,68,71,61,25,25,53,53,53,53,54,59,76,76,47,96,96,96,96,61,61,61,68,68,68,60,96,96,80,80,80,96,96,96,93,93,93,93,93,96,96,96,96,68,68,96,96,96,46,96,96,96,80,18],"gold":129,"neow_bonus":"TWENTY_PERCENT_HP_BONUS","is_daily":false,"chose_seed":false,"campfire_upgraded":9,"win_rate":0.0,"timestamp":1608034928,"path_taken":["M","M","M","M","M","E","$","R","T","?","R","?","M","M","R","BOSS","M","M","$","M","?","R","E","R","T","M","E","M","E","?","R","BOSS","M","M","?","?","?","R","E","R","T","$","?","R","M","?","R","BOSS","R","$","E","BOSS"],"items_purchased_type":["Card","Card"],"build_version":"2020-12-13","purchased_purges":1,"victory":true,"max_hp_per_floor":[96,96,96,96,96,96,96,96,96,96,96,96,96,96,96,96,96,96,96,96,96,96,96,96,96,96,96,96,96,96,96,96,96,96,96,96,96,96,96,96,96,96,96,96,96,96,96,96,96,96,96,96,96,96,96],"card_choices":[{"not_picked":["Feel No Pain","Headbutt"],"picked":"Thunderclap","floor":1},{"not_picked":["Iron Wave","Perfected Strike"],"picked":"Battle Trance","floor":2},{"not_picked":["Thunderclap","Warcry"],"picked":"Blood for Blood","floor":3},{"not_picked":["Headbutt","Corruption"],"picked":"Combust","floor":4},{"not_picked":["Body Slam","Heavy Blade"],"picked":"Rage","floor":5},{"not_picked":["Metallicize","Pommel Strike"],"picked":"Rupture","floor":6},{"not_picked":["Havoc","Warcry"],"picked":"Heavy Blade","floor":12},{"not_picked":["Flex","True Grit","Anger"],"picked":"SKIP","floor":13},{"not_picked":["Havoc","Sentinel"],"picked":"Heavy Blade","floor":14},{"not_picked":["Berserk","Impervious"],"picked":"Offering","floor":16},{"not_picked":["Warcry","Rage"],"picked":"Shockwave+1","floor":18},{"not_picked":["Heavy Blade","True Grit+1","Pommel Strike"],"picked":"SKIP","floor":19},{"not_picked":["Searing Blow","Pommel Strike","Perfected Strike"],"picked":"SKIP","floor":21},{"not_picked":["Havoc+1","True Grit"],"picked":"Combust","floor":24},{"not_picked":["Twin Strike","Body Slam+1","Iron Wave"],"picked":"SKIP","floor":27},{"not_picked":["Cleave","Armaments","Pommel Strike"],"picked":"SKIP","floor":28},{"not_picked":["Ghostly Armor","Sword Boomerang","Shrug It Off"],"picked":"SKIP","floor":29},{"not_picked":["Thunderclap+1","Juggernaut","Cleave"],"picked":"SKIP","floor":30},{"not_picked":["Fiend Fire","Exhume"],"picked":"Offering","floor":33},{"not_picked":["Reckless Charge+1","Iron Wave","Twin Strike+1"],"picked":"SKIP","floor":35},{"not_picked":["Sever Soul+1","Burning Pact","Dark Embrace+1"],"picked":"SKIP","floor":36},{"not_picked":["Spot Weakness","Flex","Searing Blow+1"],"picked":"SKIP","floor":41},{"not_picked":["Sentinel+1","Sword Boomerang+1"],"picked":"Heavy Blade+1","floor":45},{"not_picked":["Iron Wave+1","Shrug It Off","True Grit"],"picked":"SKIP","floor":47},{"not_picked":["Fire Breathing","Ghostly Armor","Corruption"],"picked":"SKIP","floor":54}],"player_experience":145825,"relics_obtained":[{"floor":6,"key":"Magic Flower"},{"floor":9,"key":"Pen Nib"},{"floor":24,"key":"MawBank"},{"floor":28,"key":"Mercury Hourglass"},{"floor":30,"key":"Bag of Preparation"},{"floor":41,"key":"Dream Catcher"},{"floor":43,"key":"Boot"},{"floor":54,"key":"Orichalcum"}],"event_choices":[{"damage_healed":0,"gold_gain":0,"player_choice":"Gave Potion","damage_taken":0,"relics_obtained":["PreservedInsect"],"max_hp_gain":0,"max_hp_loss":0,"event_name":"WeMeetAgain","floor":10,"gold_loss":0},{"damage_healed":0,"gold_gain":0,"player_choice":"Obtain J.A.X.","damage_taken":0,"max_hp_gain":0,"max_hp_loss":0,"event_name":"Drug Dealer","floor":22,"gold_loss":0,"cards_obtained":["J.A.X."]},{"cards_removed":["Defend_R"],"damage_healed":0,"gold_gain":0,"player_choice":"Upgrade and Remove","damage_taken":0,"max_hp_gain":0,"max_hp_loss":0,"event_name":"Designer","floor":31,"gold_loss":90,"cards_upgraded":["Strike_R"]},{"cards_removed":["Combust"],"damage_healed":0,"gold_gain":0,"player_choice":"Removed Power","damage_taken":0,"max_hp_gain":0,"max_hp_loss":0,"event_name":"Falling","floor":37,"gold_loss":0},{"damage_healed":0,"gold_gain":0,"player_choice":"Paid","damage_taken":0,"relics_obtained":["Red Mask"],"max_hp_gain":0,"max_hp_loss":0,"event_name":"Tomb of Lord Red Mask","floor":38,"gold_loss":508},{"damage_healed":0,"gold_gain":0,"player_choice":"Full Heal","damage_taken":0,"max_hp_gain":0,"max_hp_loss":0,"event_name":"Wheel of Change","floor":48,"gold_loss":0}],"is_beta":false,"boss_relics":[{"not_picked":["SlaversCollar","SacredBark"],"picked":"Sozu"},{"not_picked":["Calling Bell","Velvet Choker"],"picked":"Runic Cube"}],"items_purged_floors":[20],"is_endless":false,"potions_floor_spawned":[1,2,12,14,16,21,27,30,35,45,47],"ascension_level":0}}