{"host":"mi0eibewekhugwl1","time":1608044529,"event":{"mods":["AchievementEnabler","BaseMod","Colored Map","Colored Powertips","DeckTracker","Keyboard Shortcuts","Minty Spire (QoL Compilation)","Quick Restart","Rare Cards Sparkle","Relic Stats","StSLib","SuperFastMode","everything is the same but u backflip on backflip"],"gold_per_floor":[110,125,275,350,3,37,53,53,77,77,77,88,101,111,111,111,111],"floor_reached":16,"playtime":273,"items_purged":["Doubt"],"score":204,"play_id":"06121712-367c-46fc-869d-24e28d106842","local_time":"20201216000209","is_ascension_mode":true,"campfire_choices":[{"data":"Eruption","floor":8,"key":"SMITH"},{"data":"Adaptation","floor":10,"key":"SMITH"},{"floor":15,"key":"REST"}],"circlet_count":0,"master_deck":["AscendersBane","Strike_P","Strike_P","Strike_P","Strike_P","Defend_P","Defend_P","Defend_P","Eruption+1","Vigilance","Adaptation+1","EmptyFist","Wallop","Evaluate","FollowUp","Adaptation","Meditate"],"relics":["PureWater","Pen Nib","Boot","MealTicket"],"acts_visited":["Exordium"],"potions_floor_usage":[13,14,16],"damage_taken":[{"damage":0,"enemies":"Cultist","floor":1,"turns":2},{"damage":7,"enemies":"Small Slimes","floor":2,"turns":3},{"damage":17,"enemies":"Lagavulin","floor":6,"turns":7},{"damage":0,"enemies":"2 Louse","floor":7,"turns":1},{"damage":0,"enemies":"Looter","floor":12,"turns":1},{"damage":17,"enemies":"Exordium Wildlife","floor":13,"turns":3},{"damage":0,"enemies":"2 Fungi Beasts","floor":14,"turns":3},{"damage":43,"enemies":"Hexaghost","floor":16,"turns":7}],"seed_played":"-995123721607358746","potions_obtained":[{"floor":6,"key":"SpeedPotion"},{"floor":7,"key":"Fire Potion"},{"floor":13,"key":"Swift Potion"}],"is_trial":false,"path_per_floor":["M","M","?","?","$","E","M","R","T","R","?","M","M","M","R","B"],"character_chosen":"WATCHER","items_purchased":["Wallop","Evaluate","Pen Nib"],"campfire_rested":1,"item_purchase_floors":[5,5,5],"current_hp_per_floor":[61,54,54,43,43,26,26,26,26,26,26,26,9,9,29,0,0],"gold":111,"neow_bonus":"REMOVE_CARD","is_daily":false,"chose_seed":false,"campfire_upgraded":2,"win_rate":0.0,"timestamp":1608044529,"path_taken":["M","?","?","?","$","E","M","R","T","R","?","M","M","M","R","BOSS"],"items_purchased_type":["Card","Card","Relic"],"build_version":"2020-12-13","purchased_purges":1,"victory":false,"max_hp_per_floor":[68,68,68,68,68,68,68,68,68,68,68,68,68,68,68,68,68],"relic_stats":{"counters":[8,27],"MealTicket":0,"Pen Nib":[4],"Boot":[2],"obtain_stats":[{"MealTicket":9,"Pen Nib":5,"PureWater":0,"Boot":6},{"MealTicket":4,"Pen Nib":2,"PureWater":0,"Boot":3},{"MealTicket":13,"Pen Nib":5,"PureWater":0,"Boot":12}]},"card_choices":[{"not_picked":["FlyingSleeves","Nirvana"],"picked":"Adaptation","floor":1},{"not_picked":["CrushJoints","WaveOfTheHand"],"picked":"EmptyFist","floor":2},{"not_picked":["Prostrate","SashWhip"],"picked":"FollowUp","floor":6},{"not_picked":["InnerPeace","Evaluate","JustLucky"],"picked":"SKIP","floor":7},{"not_picked":["Evaluate","EmptyBody"],"picked":"Adaptation","floor":12},{"not_picked":["Protect","DevaForm"],"picked":"Meditate","floor":13},{"not_picked":["Consecrate","WreathOfFlame","Protect"],"picked":"SKIP","floor":14}],"player_experience":1668273,"relics_obtained":[{"floor":6,"key":"Boot"},{"floor":9,"key":"MealTicket"}],"event_choices":[{"damage_healed":0,"gold_gain":150,"player_choice":"AGREE","damage_taken":0,"max_hp_gain":0,"max_hp_loss":0,"event_name":"Liars Game","floor":3,"gold_loss":0,"cards_obtained":["Doubt"]},{"damage_healed":0,"gold_gain":75,"player_choice":"Gather Gold","damage_taken":11,"max_hp_gain":0,"max_hp_loss":0,"event_name":"World of Goop","floor":4,"gold_loss":0},{"damage_healed":0,"gold_gain":0,"player_choice":"Searched \u00271\u0027 times","damage_taken":0,"max_hp_gain":0,"max_hp_loss":0,"event_name":"Dead Adventurer","floor":11,"gold_loss":0}],"is_beta":false,"boss_relics":[],"items_purged_floors":[5],"is_endless":false,"potions_floor_spawned":[6,7,13],"killed_by":"Hexaghost","ascension_level":20}}