{"host":"d8hh7rr4yzitjeuj","time":1608004052,"event":{"mods":["2.2 Compatiblity","AchievementEnabler","BaseMod","CapriCore","Colored Map","Colored Powertips","Highlight Path","Keyboard Shortcuts","Minty Spire (QoL Compilation)","Permanent Neow","Quick Restart","StSLib","SuperFastMode"],"gold_per_floor":[118,135,155,167,226,257,407,418,418,446,12,12,12,24,24,98,98,118,118,75,90,5,5,51,51,51,64,64,81,100,118,118,118,118],"floor_reached":33,"playtime":1018,"items_purged":["Doubt"],"score":562,"play_id":"89d5ef1d-cefb-4c12-b481-d427ad32249a","local_time":"20201215124732","is_ascension_mode":true,"campfire_choices":[{"floor":12.0,"key":"REST"},{"floor":15.0,"key":"REST"},{"floor":23.0,"key":"REST"},{"floor":32.0,"key":"REST"}],"circlet_count":0,"master_deck":["AscendersBane","Strike_B","Strike_B","Strike_B","Strike_B","Defend_B","Defend_B","Defend_B+1","Defend_B","Zap+1","Dualcast","Streamline","Sweeping Beam","Cold Snap","Beam Cell","Sunder","Go for the Eyes","Auto Shields","Magnetism+1","Turbo","Gash","Leap","Meteor Strike","CurseOfTheBell","Coolheaded","Hologram","Hello World","Leap","Rip and Tear+1","Capacitor","Rebound"],"relics":["Fusion Hammer","Dream Catcher","InkBottle","Bottled Flame","Toolbox","Calling Bell","Tiny Chest","Cables","TungstenRod","Blue Candle","Matryoshka","War Paint","Happy Flower","Art of War","Bronze Scales"],"acts_visited":["Exordium","TheCity"],"potions_floor_usage":[33],"damage_taken":[{"damage":0.0,"enemies":"2 Louse","floor":1.0,"turns":2.0},{"damage":0.0,"enemies":"Cultist","floor":2.0,"turns":3.0},{"damage":5.0,"enemies":"Small Slimes","floor":3.0,"turns":2.0},{"damage":9.0,"enemies":"2 Fungi Beasts","floor":4.0,"turns":3.0},{"damage":10.0,"enemies":"3 Sentries","floor":6.0,"turns":5.0},{"damage":8.0,"enemies":"Blue Slaver","floor":8.0,"turns":2.0},{"damage":21.0,"enemies":"Lagavulin","floor":10.0,"turns":6.0},{"damage":9.0,"enemies":"Large Slime","floor":14.0,"turns":4.0},{"damage":18.0,"enemies":"The Guardian","floor":16.0,"turns":10.0},{"damage":14.0,"enemies":"Shell Parasite","floor":18.0,"turns":5.0},{"damage":16.0,"enemies":"2 Thieves","floor":20.0,"turns":5.0},{"damage":6.0,"enemies":"Centurion and Healer","floor":21.0,"turns":8.0},{"damage":35.0,"enemies":"Slavers","floor":24.0,"turns":6.0},{"damage":3.0,"enemies":"Snake Plant","floor":27.0,"turns":4.0},{"damage":0.0,"enemies":"Shelled Parasite and Fungi","floor":29.0,"turns":4.0},{"damage":6.0,"enemies":"Snecko","floor":30.0,"turns":4.0},{"damage":0.0,"enemies":"Snake Plant","floor":31.0,"turns":4.0},{"damage":53,"enemies":"Automaton","floor":33,"turns":6}],"seed_played":"-1974987120484994629","potions_obtained":[{"floor":2.0,"key":"Explosive Potion"},{"floor":3.0,"key":"PowerPotion"},{"floor":6.0,"key":"Fruit Juice"},{"floor":8.0,"key":"Explosive Potion"},{"floor":24.0,"key":"DistilledChaos"},{"floor":27.0,"key":"PowerPotion"},{"floor":29.0,"key":"GamblersBrew"}],"is_trial":false,"path_per_floor":["M","M","M","M","?","E","?","M","T","E","$","R","?","M","R","B",null,"M","$","M","M","?","R","E","?","T","M","T","M","M","M","R","B"],"character_chosen":"DEFECT","items_purchased":["Magnetism","Toolbox"],"campfire_rested":4,"item_purchase_floors":[11,11],"current_hp_per_floor":[64,64,59,50,50,45,45,37,37,16,16,38,38,29,51,33,65,51,51,35,29,29,51,16,16,16,13,13,13,7,7,29,0,0],"gold":118,"neow_bonus":"BOSS_RELIC","is_daily":false,"chose_seed":false,"campfire_upgraded":0,"win_rate":0.0,"timestamp":1608004052,"path_taken":["M","M","M","M","?","E","?","M","T","E","$","R","?","M","R","BOSS","M","?","M","M","?","R","E","?","T","M","?","M","M","M","R","BOSS"],"items_purchased_type":["Card","Relic"],"build_version":"2020-12-13","purchased_purges":1,"victory":false,"max_hp_per_floor":[71,71,71,71,71,76,76,76,76,76,76,76,76,76,76,76,76,76,76,76,76,76,76,76,76,76,76,76,76,76,76,76,76,76],"card_choices":[{"not_picked":["BootSequence","Scrape"],"picked":"Streamline","floor":1.0},{"not_picked":["Streamline","Consume"],"picked":"Sweeping Beam","floor":2.0},{"not_picked":["Redo","Gash"],"picked":"Cold Snap","floor":3.0},{"not_picked":["Leap","Conserve Battery"],"picked":"Beam Cell","floor":4.0},{"not_picked":["Beam Cell","Multi-Cast"],"picked":"Sunder","floor":6.0},{"not_picked":["Conserve Battery","Gash"],"picked":"Go for the Eyes","floor":8.0},{"not_picked":["Turbo","Tempest"],"picked":"Auto Shields","floor":10.0},{"not_picked":["Cold Snap","Leap"],"picked":"Turbo","floor":12.0},{"not_picked":["Redo","Blizzard"],"picked":"Gash","floor":14.0},{"not_picked":["Ball Lightning","Lockon"],"picked":"Leap","floor":15.0},{"not_picked":["Fission","Multi-Cast"],"picked":"Meteor Strike","floor":16.0},{"not_picked":["Gash","Redo"],"picked":"Coolheaded","floor":18.0},{"not_picked":["Beam Cell","Blizzard"],"picked":"Hologram","floor":20.0},{"not_picked":["Steam Power","Cold Snap"],"picked":"Hello World","floor":21.0},{"not_picked":["Streamline","Biased Cognition"],"picked":"Leap","floor":23.0},{"not_picked":["Melter","Static Discharge"],"picked":"Rip and Tear+1","floor":24.0},{"not_picked":["Tempest","Turbo","Barrage"],"picked":"SKIP","floor":27.0},{"not_picked":["Chaos","Fusion"],"picked":"Capacitor","floor":29.0},{"not_picked":["Streamline","Cold Snap","Scrape+1"],"picked":"SKIP","floor":30.0},{"not_picked":["Chaos","Streamline","Conserve Battery"],"picked":"SKIP","floor":31.0},{"not_picked":["Steam","Conserve Battery+1"],"picked":"Rebound","floor":32.0}],"player_experience":1335707,"relics_obtained":[{"floor":6.0,"key":"Dream Catcher"},{"floor":9.0,"key":"InkBottle"},{"floor":10.0,"key":"Bottled Flame"},{"floor":17.0,"key":"Tiny Chest"},{"floor":17.0,"key":"Cables"},{"floor":17.0,"key":"TungstenRod"},{"floor":24.0,"key":"Matryoshka"},{"floor":26.0,"key":"War Paint"},{"floor":26.0,"key":"Happy Flower"},{"floor":28.0,"key":"Art of War"},{"floor":28.0,"key":"Bronze Scales"}],"event_choices":[{"damage_healed":0.0,"max_hp_gain":0.0,"max_hp_loss":0.0,"gold_gain":59.0,"event_name":"Golden Wing","player_choice":"Gained Gold","floor":5.0,"gold_loss":0.0,"damage_taken":0.0},{"damage_healed":0.0,"max_hp_gain":0.0,"max_hp_loss":0.0,"gold_gain":150.0,"event_name":"Liars Game","player_choice":"AGREE","floor":7.0,"gold_loss":0.0,"damage_taken":0.0,"cards_obtained":["Doubt"]},{"damage_healed":0.0,"max_hp_gain":0.0,"max_hp_loss":0.0,"gold_gain":0.0,"event_name":"Accursed Blacksmith","player_choice":"Forge","floor":13.0,"gold_loss":0.0,"damage_taken":0.0,"cards_upgraded":["Magnetism"]},{"damage_healed":0.0,"max_hp_gain":0.0,"max_hp_loss":0.0,"gold_gain":0.0,"event_name":"Addict","player_choice":"Obtained Relic","floor":22.0,"gold_loss":85.0,"damage_taken":0.0,"relics_obtained":["Blue Candle"]},{"damage_healed":0.0,"max_hp_gain":0.0,"max_hp_loss":0.0,"gold_gain":0.0,"event_name":"Ghosts","player_choice":"Ignored","floor":25.0,"gold_loss":0.0,"damage_taken":0.0}],"is_beta":false,"boss_relics":[{"not_picked":["Velvet Choker","Sozu"],"picked":"Calling Bell"}],"items_purged_floors":[11],"is_endless":false,"potions_floor_spawned":[2,3,6,8,24,27,29],"killed_by":"Automaton","ascension_level":20}}