{"host":"6bsan6hkua32tfq7","time":1608012634,"event":{"mods":["BaseMod","Better Third Choice","Colored Map","Downfall","Highlight Path","Minty Spire (QoL Compilation)","StSLib"],"gold_per_floor":[119,119,119,137,137,172,172,195,220,220,259,284,284,305,305,403,403,421,72,72,96,96,96,96],"floor_reached":23,"playtime":566,"items_purged":["Defend_G"],"score":448,"play_id":"0dbc8f25-765c-4f5e-9f89-afa3ba0aebcd","local_time":"20201215071034","is_ascension_mode":true,"campfire_choices":[{"data":"Terror","floor":7,"key":"SMITH"},{"data":"Neutralize","floor":10,"key":"SMITH"},{"data":"Phantasmal Killer","floor":13,"key":"SMITH"},{"data":"Dodge and Roll","floor":15,"key":"SMITH"}],"circlet_count":0,"master_deck":["AscendersBane","Strike_G+1","Strike_G+1","Strike_G","Strike_G","Strike_G","Defend_G","Defend_G","Survivor","Neutralize+1","Terror+1","Deflect","Infinite Blades","Dodge and Roll+1","Poisoned Stab","Phantasmal Killer+1","Backstab","Infinite Blades","Night Terror","Dodge and Roll+1","Backstab"],"relics":["Ring of the Snake","NeowsBlessing","Golden Idol","Art of War","Snake Skull","Whetstone","Black Star","Ornamental Fan"],"acts_visited":["Exordium","TheCity"],"potions_floor_usage":[16,18,21],"damage_taken":[{"damage":0,"enemies":"Small Slimes","floor":1,"turns":1},{"damage":0,"enemies":"2 Louse","floor":4,"turns":1},{"damage":0,"enemies":"Lagavulin","floor":6,"turns":1},{"damage":0,"enemies":"Cultist","floor":8,"turns":3},{"damage":35,"enemies":"3 Sentries","floor":11,"turns":9},{"damage":0,"enemies":"Looter","floor":12,"turns":4},{"damage":2,"enemies":"Red Slaver","floor":14,"turns":2},{"damage":5,"enemies":"Hexaghost","floor":16,"turns":7},{"damage":22,"enemies":"Shell Parasite","floor":18,"turns":5},{"damage":11,"enemies":"3 Byrds","floor":21,"turns":6},{"damage":19,"enemies":"Slavers","floor":23,"turns":1}],"seed_played":"-885552126609472147","potions_obtained":[{"floor":4,"key":"sneckomod:MuddlingPotion"},{"floor":6,"key":"Strength Potion"},{"floor":12,"key":"AttackPotion"},{"floor":18,"key":"Fire Potion"}],"is_trial":false,"path_per_floor":["M","?","?","M","?","E","R","M","T","R","E","M","R","M","R","B",null,"M","$","$","M","?","E"],"character_chosen":"THE_SILENT","items_purchased":["Ornamental Fan"],"campfire_rested":0,"item_purchase_floors":[19],"current_hp_per_floor":[59,59,59,59,59,59,59,59,59,59,24,24,24,22,22,17,49,27,27,27,16,16,0,0],"gold":96,"neow_bonus":"THREE_ENEMY_KILL","is_daily":false,"chose_seed":false,"campfire_upgraded":4,"win_rate":0.0,"timestamp":1608012634,"path_taken":["M","?","?","M","?","E","R","M","T","R","E","M","R","M","R","BOSS","M","?","$","M","?","E"],"items_purchased_type":["Relic"],"build_version":"2020-12-13","purchased_purges":1,"victory":false,"max_hp_per_floor":[66,60,60,60,60,60,60,60,60,60,60,60,60,60,60,60,60,60,60,60,60,60,60,60],"card_choices":[{"not_picked":["Underhanded Strike","Dodge and Roll"],"picked":"Terror","floor":1},{"not_picked":["Dagger Spray","Acrobatics"],"picked":"Infinite Blades","floor":4},{"not_picked":["Deadly Poison","Riddle With Holes"],"picked":"Dodge and Roll","floor":6},{"not_picked":["Acrobatics","Backflip"],"picked":"Poisoned Stab","floor":8},{"not_picked":["Slice","Riddle With Holes"],"picked":"Phantasmal Killer","floor":11},{"not_picked":["Heel Hook","Endless Agony"],"picked":"Backstab","floor":12},{"not_picked":["Flying Knee","Deadly Poison"],"picked":"Infinite Blades","floor":14},{"not_picked":["Storm of Steel","Grand Finale"],"picked":"Night Terror","floor":16},{"not_picked":["Flying Knee","Catalyst"],"picked":"Dodge and Roll+1","floor":18},{"not_picked":["Slice","Underhanded Strike"],"picked":"Backstab","floor":21}],"player_experience":5152969,"relics_obtained":[{"floor":6,"key":"Art of War"},{"floor":9,"key":"Snake Skull"},{"floor":11,"key":"Whetstone"}],"event_choices":[{"damage_healed":0,"gold_gain":0,"player_choice":"Lose Max HP","damage_taken":0,"relics_obtained":["Golden Idol"],"max_hp_gain":0,"max_hp_loss":6,"event_name":"Golden Idol","floor":2,"gold_loss":0},{"damage_healed":0,"gold_gain":0,"cards_transformed":["Defend_G"],"player_choice":"Change","damage_taken":0,"max_hp_gain":0,"max_hp_loss":0,"event_name":"Living Wall","floor":3,"gold_loss":0,"cards_obtained":["Deflect"]},{"cards_removed":["Defend_G"],"damage_healed":0,"gold_gain":0,"player_choice":"Purged","damage_taken":0,"max_hp_gain":0,"max_hp_loss":0,"event_name":"Purifier","floor":5,"gold_loss":0},{"damage_healed":0,"gold_gain":0,"player_choice":"Ignored","damage_taken":0,"max_hp_gain":0,"max_hp_loss":0,"event_name":"N\u0027loth","floor":22,"gold_loss":0}],"is_beta":false,"boss_relics":[{"not_picked":["Ectoplasm","SacredBark"],"picked":"Black Star"}],"items_purged_floors":[19],"is_endless":false,"potions_floor_spawned":[4,6,12,18],"killed_by":"Slavers","ascension_level":20}}