{"host":"1","time":1608035919,"event":{"mods":["Act Like it!","BaseMod","Better Third Choice","Hubris","Jorbs\u0027s Wanderer Trilogy","Minty Spire (QoL Compilation)","Replay The Spire","Shade Mod","StSLib","The Cursed","The Mystic","Wandering Minibosses"],"gold_per_floor":[119,323,81,81,81,81,114,114,189,207,240,267,287,302,302,421,421,435,449,112,112,112,147,147,147,147,174,184,184,37,62,62,162,162,181,181,181,192,212,237,237,251,251,278,297,351,351,16,16,16],"floor_reached":51,"playtime":3215,"items_purged":["Strike_P"],"score":886,"play_id":"070df61d-e180-4635-92e3-d929853bb2e5","local_time":"20201215153839","is_ascension_mode":true,"campfire_choices":[{"floor":6.0,"key":"REST"},{"data":"Eruption","floor":8.0,"key":"SMITH"},{"floor":15.0,"key":"REST"},{"floor":25.0,"key":"RECALL"},{"floor":29.0,"key":"REST"},{"floor":32.0,"key":"REST"},{"floor":47,"key":"REST"},{"floor":49,"key":"REST"}],"circlet_count":0,"master_deck":["Strike_P","Strike_P","Defend_P","Defend_P","Eruption+1","Vigilance","Perseverance","Wallop","Establishment","ClearTheMind","Devotion","Replay:ManipulateFuture","JustLucky","CutThroughFate","Protect","Scrawl","Replay:BluntJabs","Protect","Apotheosis","BattleHymn","DevaForm","TalkToTheHand+1","Evaluate+1","Parasite","ConjureBlade","Replay:Battleflow+1","TalkToTheHand+1","Protect+1"],"relics":["PureWater","Bloody Idol","Boot","Sundial","Replay:Ringing Soul","Tiny Chest","Fusion Hammer","Bag of Preparation","MutagenicStrength","Replay:Mystery Machine","Ancient Tea Set","Anchor","Oddly Smooth Stone","hubris:Backtick","hubris:64BitClover","Vajra","ReplayTheSpireMod:Lightbulb","Shuriken","hubris:CrystalStatue","hubris:GlazedTorus","hubris:PeanutButter"],"acts_visited":["Exordium","TheCity","TheBeyond"],"potions_floor_usage":[],"damage_taken":[{"damage":3.0,"enemies":"Small Slimes","floor":1.0,"turns":3.0},{"damage":19.0,"enemies":"Lagavulin","floor":7.0,"turns":10.0},{"damage":1.0,"enemies":"Jaw Worm","floor":10.0,"turns":3.0},{"damage":23.0,"enemies":"3 Sentries","floor":11.0,"turns":12.0},{"damage":0.0,"enemies":"2 Louse","floor":13.0,"turns":2.0},{"damage":6.0,"enemies":"Looter","floor":14.0,"turns":4.0},{"damage":23.0,"enemies":"Hexaghost","floor":16.0,"turns":9.0},{"damage":12.0,"enemies":"Shell Parasite","floor":18.0,"turns":7.0},{"damage":11.0,"enemies":"Spheric Guardian","floor":19.0,"turns":4.0},{"damage":17.0,"enemies":"Book of Stabbing","floor":23.0,"turns":5.0},{"damage":1.0,"enemies":"Gremlin Leader","floor":27.0,"turns":6.0},{"damage":12.0,"enemies":"Centurion and Healer","floor":28.0,"turns":4.0},{"damage":18.0,"enemies":"hubris:MusketHawk","floor":33.0,"turns":8.0},{"damage":6.0,"enemies":"3 Darklings","floor":35.0,"turns":5.0},{"damage":13.0,"enemies":"Orb Walker","floor":38.0,"turns":4.0},{"damage":0.0,"enemies":"Writhing Mass","floor":39.0,"turns":6.0},{"damage":31.0,"enemies":"Reptomancer","floor":40.0,"turns":8.0},{"damage":1.0,"enemies":"Maw","floor":42.0,"turns":6.0},{"damage":7.0,"enemies":"R_Hoarder","floor":44.0,"turns":8.0},{"damage":31,"enemies":"Sphere and 2 Shapes","floor":45,"turns":6},{"damage":32,"enemies":"2 Orb Walkers","floor":46,"turns":4},{"damage":50,"enemies":"Time Eater","floor":50,"turns":9}],"seed_played":"-2536300021760279176","potions_obtained":[{"floor":7.0,"key":"Ancient Potion"},{"floor":10.0,"key":"Fire Potion"},{"floor":14.0,"key":"Swift Potion"},{"floor":16.0,"key":"Elixir"},{"floor":18.0,"key":"SkillPotion"},{"floor":19.0,"key":"Venom Potion"},{"floor":39.0,"key":"Ancient Potion"},{"floor":40.0,"key":"Strength Potion"},{"floor":42.0,"key":"Milkshake"},{"floor":45,"key":"BottledMiracle"}],"is_trial":false,"path_per_floor":["M","?","$","?","?","R","E","R","T","M","E","T","M","M","R","B",null,"M","M","$","?","?","E","?","R","T","E","M","R","$","T","R","B",null,"M","?","?","M","M","E","T","M","T","E","M","?","R","$","R","B",null],"character_chosen":"WATCHER","items_purchased":["Wallop","Establishment","ClearTheMind","Apotheosis","Bag of Preparation","Anchor","hubris:PeanutButter"],"campfire_rested":6,"item_purchase_floors":[3,3,3,20,20,30,48],"current_hp_per_floor":[76,76,76,69,50,73,54,54,54,53,33,33,36,33,59,39,91,82,74,77,77,77,60,60,60,60,67,60,90,90,95,103,93,106,108,108,108,103,111,88,88,95,95,96,70,46,84,84,122,72],"gold":16,"neow_bonus":"TEN_PERCENT_HP_BONUS","is_daily":false,"chose_seed":false,"campfire_upgraded":1,"win_rate":0.0,"timestamp":1608035919,"path_taken":["M","?","$","?","?","R","E","R","T","M","E","?","M","M","R","BOSS","M","M","$","?","?","E","?","R","T","E","M","R","$","?","R","BOSS","M","?","?","M","?","E","?","M","T","E","M","?","R","$","R","BOSS"],"items_purchased_type":["Card","Card","Card","Card","Relic","Relic","Relic"],"build_version":"2020-11-17","purchased_purges":1,"victory":true,"max_hp_per_floor":[79,79,79,79,79,79,79,79,79,79,82,82,85,88,88,91,91,94,97,100,100,100,100,100,100,100,103,103,103,103,103,103,106,106,109,109,109,112,115,118,118,121,121,124,124,127,127,127,127,127],"card_choices":[{"not_picked":["Halt","FollowUp"],"picked":"Perseverance","floor":1.0},{"not_picked":["SashWhip","Evaluate"],"picked":"Devotion","floor":7.0},{"not_picked":["Fasting2","Worship"],"picked":"Replay:ManipulateFuture","floor":10.0},{"not_picked":["Replay:BluntJabs","Sanctity"],"picked":"JustLucky","floor":11.0},{"not_picked":["PathToVictory","EmptyBody"],"picked":"CutThroughFate","floor":13.0},{"not_picked":["EmptyFist","Crescendo"],"picked":"Protect","floor":14.0},{"not_picked":["Blasphemy","Judgement"],"picked":"Scrawl","floor":16.0},{"not_picked":["InnerPeace","Consecrate"],"picked":"Replay:BluntJabs","floor":18.0},{"not_picked":["EmptyFist","Replay:ManipulateFuture"],"picked":"Protect","floor":19.0},{"not_picked":["Indignation+1","SashWhip+1","Judgement"],"picked":"SKIP","floor":23.0},{"not_picked":["ReachHeaven","EmptyFist+1"],"picked":"BattleHymn","floor":27.0},{"not_picked":["Meditate","Replay:BluntJabs+1","Replay:AtTheReady"],"picked":"SKIP","floor":28.0},{"not_picked":["Establishment","Replay:LoomingThreat"],"picked":"DevaForm","floor":33.0},{"not_picked":["Crescendo+1","WindmillStrike"],"picked":"TalkToTheHand+1","floor":35.0},{"not_picked":["Study","Weave"],"picked":"Evaluate+1","floor":38.0},{"not_picked":["Perseverance","Replay:BluntJabs","Protect"],"picked":"SKIP","floor":39.0},{"not_picked":["InnerPeace","PathToVictory+1"],"picked":"ConjureBlade","floor":40.0},{"not_picked":["BowlingBash+1","Swivel"],"picked":"Replay:Battleflow+1","floor":42.0},{"not_picked":["Replay:LoomingThreat","CrushJoints+1"],"picked":"TalkToTheHand+1","floor":44.0},{"not_picked":["Crescendo","CutThroughFate","SashWhip"],"picked":"SKIP","floor":45},{"not_picked":["FlyingSleeves+1","Replay:AtTheReady"],"picked":"Protect+1","floor":46}],"player_experience":72268,"relics_obtained":[{"floor":7.0,"key":"Boot"},{"floor":9.0,"key":"Sundial"},{"floor":11.0,"key":"Replay:Ringing Soul"},{"floor":12.0,"key":"Tiny Chest"},{"floor":23.0,"key":"Replay:Mystery Machine"},{"floor":27.0,"key":"Ancient Tea Set"},{"floor":31.0,"key":"Oddly Smooth Stone"},{"floor":40.0,"key":"Vajra"},{"floor":41.0,"key":"ReplayTheSpireMod:Lightbulb"},{"floor":43.0,"key":"Shuriken"},{"floor":44.0,"key":"hubris:CrystalStatue"},{"floor":46,"key":"hubris:GlazedTorus"}],"event_choices":[{"cards_removed":["Strike_P"],"damage_healed":0.0,"max_hp_gain":0.0,"max_hp_loss":0.0,"gold_gain":0.0,"event_name":"Golden Wing","player_choice":"Card Removal","floor":4.0,"gold_loss":0.0,"damage_taken":7.0},{"damage_healed":0.0,"max_hp_gain":0.0,"max_hp_loss":0.0,"gold_gain":0.0,"event_name":"Golden Idol","player_choice":"Take Damage","floor":5.0,"gold_loss":0.0,"damage_taken":19.0,"relics_obtained":["Golden Idol"]},{"cards_removed":["Defend_P"],"damage_healed":0.0,"max_hp_gain":0.0,"max_hp_loss":0.0,"gold_gain":0.0,"event_name":"betterThird:BetterWriting","player_choice":"Elegance","floor":21.0,"gold_loss":0.0,"damage_taken":0.0},{"damage_healed":0.0,"max_hp_gain":0.0,"max_hp_loss":0.0,"gold_gain":0.0,"event_name":"Drug Dealer","player_choice":"Inject Mutagens","floor":22.0,"gold_loss":0.0,"damage_taken":0.0,"relics_obtained":["MutagenicStrength"]},{"damage_healed":0.0,"max_hp_gain":0.0,"max_hp_loss":0.0,"gold_gain":0.0,"event_name":"Forgotten Altar","player_choice":"Gave Idol","floor":24.0,"relics_lost":["Golden Idol"],"gold_loss":0.0,"damage_taken":0.0,"relics_obtained":["Bloody Idol"]},{"cards_removed":["Defend_P"],"damage_healed":0.0,"max_hp_gain":0.0,"max_hp_loss":0.0,"gold_gain":0.0,"event_name":"Falling","player_choice":"Removed Skill","floor":36.0,"gold_loss":0.0,"damage_taken":0.0},{"damage_healed":0.0,"max_hp_gain":0.0,"max_hp_loss":0.0,"gold_gain":0.0,"event_name":"Tomb of Lord Red Mask","player_choice":"Ignored","floor":37.0,"gold_loss":0.0,"damage_taken":0.0},{"damage_healed":0,"gold_gain":0,"player_choice":"Fight","damage_taken":0,"max_hp_gain":0,"max_hp_loss":0,"event_name":"Mysterious Sphere","floor":46,"gold_loss":0}],"is_beta":true,"boss_relics":[{"not_picked":["SlaversCollar","hubris:TerracottaHorce"],"picked":"Fusion Hammer"},{"not_picked":["Replay:Bronze Core","hubris:CrackedHourglass"],"picked":"hubris:Backtick"}],"items_purged_floors":[48],"is_endless":false,"potions_floor_spawned":[7,10,14,16,18,19,39,40,42,44,45],"ascension_level":1}}