{"host":"jjunaul04msmo6r1","time":1608051710,"event":{"mods":["BaseMod","Better Third Choice","Booster Modes","Colored Map","Downfall","Minty Spire (QoL Compilation)","Relic Stats","StSLib","UnlockEverythingMod","everything is the same but u backflip on backflip"],"gold_per_floor":[99,199,228,228,255,255,255,255,270,304,315,465,480,508,522,624,624,399,45,60,60,11,11,11,45,45,70,70,70,170,180,194,293,293,293,304,331,372,372,398,398,398,427,427,727,391,410,421,433,433,433,460,225,225,225],"floor_reached":56,"playtime":11980,"items_purged":["Slimebound:Icky","champ:Defend","champ:Defend","champ:Defend"],"score":1687,"play_id":"6851f301-be9f-4adf-a3ef-6d96de24e6d9","local_time":"20201215100150","is_ascension_mode":false,"campfire_choices":[{"data":"champ:Taunt","floor":1,"key":"SMITH"},{"floor":8,"key":"RECALL"},{"data":"champ:SteelEdge","floor":18,"key":"SMITH"},{"data":"champ:HoldFirm","floor":21,"key":"SMITH"},{"data":"champ:CalledShot","floor":23,"key":"SMITH"},{"data":"champ:StanceDance","floor":26,"key":"SMITH"},{"data":"champ:HoldFirm","floor":35,"key":"SMITH"},{"data":"champ:SteelEdge","floor":42,"key":"SMITH"},{"data":"champ:Lariat","floor":44,"key":"SMITH"},{"data":"champ:StanceDance","floor":54,"key":"SMITH"}],"circlet_count":0,"master_deck":["champ:Strike","champ:Strike","champ:Strike","champ:Strike","champ:Defend","champ:Execute","champ:Taunt+1","champ:ArenaPreparation","champ:FanOfKnives","champ:StanceDance+1","champ:BerserkersShout","champ:HoldFirm+1","champ:BringItOn","champ:Backstep","champ:IgnorePain","champ:SteelEdge+1","champ:Encircle","champ:IronFortress","champ:BringItOn","champ:StanceDance+1","champ:CalledShot+1","champ:GutPunch","champ:RisingSlash+1","champ:AdrenalArmor+1","champ:RisingSlash","champ:HoldFirm+1","champ:RisingSlash+1","champ:FlashCut+1","champ:SteelEdge+1","champ:Lariat+1","champ:StrikeOfGenius+1","champ:MurderStrike","champ:ShieldWall+1","Master of Strategy","champ:GladiatorsShout+1","champ:Backstep+1","champ:BringItOn+1","expansioncontent:DefensiveStance+1","champ:EndlessRage+1"],"relics":["champ:ChampionCrown","downfall:HeartsMalice","CloakClasp","Thread and Needle","Turnip","champ:LiftRelic","Question Card","Odd Mushroom","SlaversCollar","downfall:HeartBlessingRed","downfall:HeartBlessingBlue","downfall:HeartBlessingGreen","ClockworkSouvenir","Frozen Egg 2","Omamori","Pantograph","Enchiridion","StrikeDummy","champ:BlackKnightHelmet","Philosopher\u0027s Stone","Ancient Tea Set","Membership Card","WingedGreaves","Incense Burner","Ginger","Lantern","Shuriken","Vajra"],"acts_visited":["Exordium","TheCity","TheBeyond","TheEnding"],"potions_floor_usage":[11,16,50,55],"damage_taken":[{"damage":0,"enemies":"Lagavulin","floor":2,"turns":1},{"damage":0,"enemies":"Gremlin Nob","floor":3,"turns":1},{"damage":0,"enemies":"Jaw Worm","floor":4,"turns":1},{"damage":16,"enemies":"3 Sentries","floor":5,"turns":6},{"damage":8,"enemies":"2 Louse","floor":9,"turns":1},{"damage":37,"enemies":"Lagavulin","floor":10,"turns":9},{"damage":35,"enemies":"Small Slimes","floor":11,"turns":10},{"damage":25,"enemies":"Blue Slaver","floor":13,"turns":3},{"damage":20,"enemies":"The Mushroom Lair","floor":14,"turns":4},{"damage":14,"enemies":"2 Fungi Beasts","floor":15,"turns":4},{"damage":37,"enemies":"downfall:Watcher","floor":16,"turns":12},{"damage":26,"enemies":"downfall:FleeingMerchant","floor":19,"turns":4},{"damage":12,"enemies":"Chosen","floor":20,"turns":4},{"damage":21,"enemies":"downfall:FleeingMerchant","floor":22,"turns":4},{"damage":21,"enemies":"Book of Stabbing","floor":25,"turns":5},{"damage":21,"enemies":"Gremlin Leader","floor":27,"turns":5},{"damage":33,"enemies":"Gremlin Leader","floor":30,"turns":8},{"damage":27,"enemies":"Snake Plant","floor":31,"turns":3},{"damage":13,"enemies":"Centurion and Healer","floor":32,"turns":3},{"damage":58,"enemies":"downfall:Defect","floor":33,"turns":4},{"damage":8,"enemies":"3 Darklings","floor":36,"turns":3},{"damage":20,"enemies":"Nemesis","floor":37,"turns":5},{"damage":12,"enemies":"downfall:FleeingMerchant","floor":38,"turns":4},{"damage":26,"enemies":"Reptomancer","floor":40,"turns":3},{"damage":44,"enemies":"Giant Head","floor":43,"turns":6},{"damage":14,"enemies":"Orb Walker","floor":47,"turns":4},{"damage":14,"enemies":"3 Darklings","floor":48,"turns":2},{"damage":58,"enemies":"Maw","floor":49,"turns":5},{"damage":73,"enemies":"downfall:Silent","floor":50,"turns":9},{"damage":65,"enemies":"downfall:CharBossMerchant","floor":52,"turns":4},{"damage":140,"enemies":"downfall:NeowBoss","floor":55,"turns":20}],"seed_played":"-4816112598084895757","potions_obtained":[{"floor":2,"key":"champ:OpenerPotion"},{"floor":10,"key":"champ:OpenerPotion"},{"floor":11,"key":"LiquidMemories"},{"floor":14,"key":"Fire Potion"},{"floor":16,"key":"SpeedPotion"},{"floor":20,"key":"Guardian:BlockOnCardUsePotion"},{"floor":37,"key":"champ:UltimateStancePotion"},{"floor":48,"key":"champ:TechniquePotion"},{"floor":52,"key":"LiquidMemories"}],"is_trial":false,"path_per_floor":["R","?","E","M","E","?","T","R","M","E","M","?","M","?","M","B",null,"R","$","M","R","$","R","T","E","R","E","?","?","?","M","M","B",null,"R","M","E","$","?","E","T","R","E","R","?","$","M","M","M","B",null,"E","$","R","B",null],"character_chosen":"THE_CHAMP","items_purchased":["ClockworkSouvenir","champ:IronFortress","champ:BringItOn","champ:CalledShot","Membership Card","champ:Lariat","Lantern","champ:MurderStrike","champ:ShieldWall+1","Master of Strategy","Vajra","expansioncontent:DefensiveStance+1","champ:EndlessRage+1"],"campfire_rested":0,"item_purchase_floors":[19,19,19,22,38,38,46,46,46,46,53,53,53],"current_hp_per_floor":[90,90,90,90,90,90,90,90,90,90,95,95,95,95,95,89,95,105,105,105,105,105,105,105,105,105,105,105,89,105,105,100,104,105,105,105,105,105,105,105,105,105,105,105,105,105,105,105,105,94,105,105,105,105,105],"gold":225,"neow_bonus":"THREE_ENEMY_KILL","is_daily":false,"chose_seed":false,"campfire_upgraded":9,"win_rate":0.0,"timestamp":1608051710,"path_taken":["R","?","E","M","E","?","T","R","M","E","M","?","M","?","M","BOSS","R","$","M","R","$","R","T","E","R","E","?","?","?","?","M","BOSS","R","M","E","$","?","E","T","R","E","R","?","$","M","?","M","BOSS","E","$","R","BOSS"],"items_purchased_type":["Relic","Card","Card","Card","Relic","Card","Relic","Card","Card","Card","Relic","Card","Card"],"build_version":"2020-12-13","purchased_purges":4,"victory":true,"max_hp_per_floor":[90,90,90,90,90,90,90,90,90,90,95,95,95,95,95,95,95,105,105,105,105,105,105,105,105,105,105,105,105,105,105,105,105,105,105,105,105,105,105,105,105,105,105,105,105,105,105,105,105,105,105,105,105,105,105],"relic_stats":{"counters":[31,154],"Shuriken":[8],"Pantograph":5,"Turnip":[21],"CloakClasp":[335],"Ginger":[12],"Question Card":23,"obtain_stats":[{"champ:BlackKnightHelmet":30,"Lantern":46,"Enchiridion":29,"Vajra":53,"champ:ChampionCrown":0,"downfall:HeartBlessingGreen":18,"CloakClasp":2,"Incense Burner":41,"Ginger":43,"Ancient Tea Set":37,"ClockworkSouvenir":19,"downfall:HeartBlessingBlue":18,"Pantograph":27,"Philosopher\u0027s Stone":34,"WingedGreaves":40,"downfall:HeartBlessingRed":18,"downfall:HeartsMalice":0,"Thread and Needle":3,"Omamori":25,"Odd Mushroom":14,"Frozen Egg 2":24,"Question Card":10,"SlaversCollar":17,"Shuriken":52,"champ:LiftRelic":6,"Turnip":5,"Membership Card":38,"StrikeDummy":30},{"champ:BlackKnightHelmet":17,"Lantern":25,"Enchiridion":16,"Vajra":30,"champ:ChampionCrown":0,"downfall:HeartBlessingGreen":11,"CloakClasp":1,"Incense Burner":24,"Ginger":25,"Ancient Tea Set":22,"ClockworkSouvenir":12,"downfall:HeartBlessingBlue":11,"Pantograph":16,"Philosopher\u0027s Stone":20,"WingedGreaves":24,"downfall:HeartBlessingRed":11,"downfall:HeartsMalice":0,"Thread and Needle":2,"Omamori":15,"Odd Mushroom":9,"Frozen Egg 2":14,"Question Card":6,"SlaversCollar":11,"Shuriken":30,"champ:LiftRelic":4,"Turnip":4,"Membership Card":23,"StrikeDummy":17},{"champ:BlackKnightHelmet":79,"Lantern":110,"Enchiridion":71,"Vajra":134,"champ:ChampionCrown":0,"downfall:HeartBlessingGreen":49,"CloakClasp":0,"Incense Burner":104,"Ginger":110,"Ancient Tea Set":97,"ClockworkSouvenir":53,"downfall:HeartBlessingBlue":49,"Pantograph":71,"Philosopher\u0027s Stone":89,"WingedGreaves":104,"downfall:HeartBlessingRed":49,"downfall:HeartsMalice":0,"Thread and Needle":0,"Omamori":66,"Odd Mushroom":33,"Frozen Egg 2":61,"Question Card":16,"SlaversCollar":49,"Shuriken":134,"champ:LiftRelic":6,"Turnip":6,"Membership Card":101,"StrikeDummy":79}]},"card_choices":[{"not_picked":["champ:ViciousMockery","champ:BerserkersShout"],"picked":"champ:ArenaPreparation","floor":2},{"not_picked":["champ:CrookedStrike","champ:AdrenalArmor"],"picked":"champ:FanOfKnives","floor":3},{"not_picked":["champ:Backstep","champ:TornadoPunch"],"picked":"champ:StanceDance","floor":4},{"not_picked":["champ:CrookedStrike","champ:FocusedDefense"],"picked":"champ:BerserkersShout","floor":5},{"not_picked":["champ:BladeFlurry","champ:PerfectedStrike"],"picked":"champ:HoldFirm","floor":9},{"not_picked":["champ:PerfectedStrike","champ:DefensiveShout"],"picked":"champ:FightOn","floor":10},{"not_picked":["champ:PreciseThrust","champ:TornadoPunch","champ:RisingSlash"],"picked":"champ:GladiatorsShout","floor":11},{"not_picked":["champ:Lariat","champ:StanceDance","champ:CrookedStrike"],"picked":"champ:BringItOn","floor":13},{"not_picked":["champ:BerserkersShout","champ:RecklessLeap","champ:FlashCut"],"picked":"champ:Backstep","floor":14},{"not_picked":["champ:BringItOn","champ:Lariat","champ:Riposte"],"picked":"champ:IgnorePain","floor":15},{"not_picked":["champ:LastStand","champ:Devastate","champ:PerfectForm"],"picked":"champ:SteelEdge","floor":16},{"not_picked":["champ:DefensiveShout","champ:FalseCounter","champ:CrownThrow"],"picked":"champ:Encircle","floor":19},{"not_picked":["champ:FocusedGladiator","champ:DeathBlow","champ:FocusedDefense"],"picked":"champ:StanceDance","floor":20},{"not_picked":["champ:GladiatorsShout","champ:StanceDance","champ:HeartStrike+1","champ:FaceSlap"],"picked":"SKIP","floor":22},{"not_picked":["champ:DefensiveStyle+1","champ:SkillfulDodge","champ:CrookedStrike+1"],"picked":"champ:GutPunch","floor":25},{"not_picked":["champ:FocusedDefense","champ:BerserkersShout","champ:BladeFlurry"],"picked":"champ:RisingSlash+1","floor":27},{"not_picked":["champ:FanOfKnives","champ:Circumvent","champ:Haymaker+1"],"picked":"champ:AdrenalArmor+1","floor":31},{"not_picked":["champ:PerfectedStrike","champ:FocusedGladiator","champ:BerserkersShout"],"picked":"champ:RisingSlash","floor":32},{"not_picked":["champ:IgnorePain","champ:ShieldSlam","champ:StrikeOfGenius+1"],"picked":"champ:HoldFirm","floor":33},{"not_picked":["champ:FaceSlap+1","champ:FightOn","champ:EndlessRage+1"],"picked":"champ:RisingSlash+1","floor":36},{"not_picked":["champ:StanceDance","champ:Backstep","champ:FalseCounter"],"picked":"champ:FlashCut+1","floor":37},{"not_picked":["champ:BladeFlurry","champ:ShieldSlam","champ:FlashCut"],"picked":"champ:SteelEdge","floor":38},{"not_picked":["champ:Circumvent","champ:BringItOn","champ:BerserkersShout","champ:DefensiveShout+1"],"picked":"SKIP","floor":40},{"not_picked":["champ:GladiatorsShout","champ:BringItOn","champ:Backstep+1"],"picked":"champ:StrikeOfGenius+1","floor":43},{"not_picked":["champ:Backstep+1","champ:FlashCut","champ:FaceSlap"],"picked":"champ:GladiatorsShout+1","floor":47},{"not_picked":["champ:Circumvent","champ:BladeFlurry+1","champ:Riposte"],"picked":"champ:Backstep+1","floor":48},{"not_picked":["champ:DefensiveShout","champ:Duel+1","champ:StanceDance+1","champ:GutPunch"],"picked":"SKIP","floor":49},{"not_picked":["champ:BladeFlurry+1","champ:AdrenalArmor","champ:PerfectForm+1"],"picked":"champ:BringItOn+1","floor":52}],"player_experience":229315,"relics_obtained":[{"floor":2,"key":"CloakClasp"},{"floor":3,"key":"Thread and Needle"},{"floor":5,"key":"Turnip"},{"floor":10,"key":"Question Card"},{"floor":14,"key":"Odd Mushroom"},{"floor":24,"key":"Frozen Egg 2"},{"floor":25,"key":"Omamori"},{"floor":27,"key":"Pantograph"},{"floor":29,"key":"Enchiridion"},{"floor":30,"key":"StrikeDummy"},{"floor":30,"key":"champ:BlackKnightHelmet"},{"floor":37,"key":"Ancient Tea Set"},{"floor":40,"key":"WingedGreaves"},{"floor":41,"key":"Incense Burner"},{"floor":43,"key":"Ginger"},{"floor":52,"key":"Shuriken"}],"event_choices":[{"damage_healed":0,"gold_gain":0,"player_choice":"Fought Mushrooms","damage_taken":0,"max_hp_gain":0,"max_hp_loss":0,"event_name":"Mushrooms","floor":14,"gold_loss":0},{"damage_healed":0,"gold_gain":0,"player_choice":"Ignored","damage_taken":0,"max_hp_gain":0,"max_hp_loss":0,"event_name":"Ghosts","floor":28,"gold_loss":0},{"cards_removed":["champ:GladiatorsShout"],"damage_healed":0,"gold_gain":0,"player_choice":"Removed Skill","damage_taken":0,"max_hp_gain":0,"max_hp_loss":0,"event_name":"Falling","floor":39,"gold_loss":0},{"damage_healed":0,"gold_gain":300,"player_choice":"Gold","damage_taken":0,"max_hp_gain":0,"max_hp_loss":0,"event_name":"Wheel of Change","floor":45,"gold_loss":0}],"is_beta":false,"boss_relics":[{"not_picked":["Empty Cage","Velvet Choker"],"picked":"SlaversCollar"},{"not_picked":["SacredBark","Cursed Key"],"picked":"Philosopher\u0027s Stone"}],"items_purged_floors":[19,38,46,53],"is_endless":false,"potions_floor_spawned":[2,10,11,14,16,20,30,33,37,43,48,49,52],"ascension_level":0}}