{"host":"uhhucka17mqeuzwb","time":1608043033,"event":{"mods":["2.2 Compatiblity","AchievementEnabler","Act Like it!","Astrologer","BaseMod","Better Altar","Better Skull","Colored Powertips","Defuse TimeMaze Blight","Downfall","Energized Spire","Faster Ascension Climbing","Friendly Minions","Gensokyo","GifTheSpireLib","Gremlin Mod","Gremlin Skip","Halation","Hallownest","Hermit","HololiveMod","KinomotoSakuraMod(????)","Lobotomy","Marisa????????","Minty Spire (QoL Compilation)","Quick Restart","Red Circlet Mod","Replay The Spire","Reworked Bosses","Shade Mod","Shop Mod","StSLib","The Administrix","The Animator","The Blue Laboratory","The Bug Knight","The Cursed","The Factory","The Forsaken","Waifu the Spire"],"gold_per_floor":[109,109,109,184,197,197,215,245,245,245,270,24,24,35,35,140,140,160,160,187,200,200,234,234,249,275,301,314,314,314],"floor_reached":29,"playtime":3503,"items_purged":["astrologer:Strike","astrologer:Strike"],"score":241,"play_id":"b4d5e0fc-b15b-4efc-a4d9-85852ae98208","local_time":"20201215093713","is_ascension_mode":false,"campfire_choices":[{"data":"astrologer:Prestidigitation","floor":6,"key":"SMITH"},{"data":"astrologer:NorthStar","floor":10,"key":"SMITH"}],"circlet_count":0,"master_deck":["astrologer:Strike","astrologer:Strike","astrologer:Defend","astrologer:Defend","astrologer:NorthStar+1","astrologer:TheFool","BlackSwan","astrologer:FrozenStar+1","astrologer:Prestidigitation+1","astrologer:SolarFlare","Bloodbath","astrologer:CometStrike","UniverseFragment","astrologer:StarOfRegret+1","OSAHOGD","astrologer:Starfield","astrologer:Moonlight+1","astrologer:Nova","astrologer:ReadTheStars+1"],"relics":["astrologer:SkyMirror","CogitoBucket","Juzu Bracelet","halation:PinkSoulGem","halation:EternalFortune","Pantograph","Anchor","MerchantsRug","Replay:Multitool","HellTrain","Red Mask","MutagenicStrength","Replay:Ringing Soul","ReplayTheSpireMod:Lightbulb","SkinProphecy"],"acts_visited":["Exordium","TheCity"],"potions_floor_usage":[16,20],"damage_taken":[{"damage":0,"enemies":"Jaw Worm","floor":1,"turns":4},{"damage":0,"enemies":"Small Slimes","floor":5,"turns":3},{"damage":5,"enemies":"2 Louse","floor":7,"turns":2},{"damage":19,"enemies":"3 Sentries","floor":11,"turns":9},{"damage":2,"enemies":"Looter","floor":14,"turns":3},{"damage":62,"enemies":"Slime Boss","floor":16,"turns":12},{"damage":7,"enemies":"3 Byrds","floor":18,"turns":4},{"damage":19,"enemies":"Masked Bandits","floor":20,"turns":5},{"damage":0,"enemies":"Chosen","floor":21,"turns":4},{"damage":47,"enemies":"Book of Stabbing","floor":23,"turns":6},{"damage":6,"enemies":"Sentry and Sphere","floor":25,"turns":5},{"damage":11,"enemies":"Cultist and Chosen","floor":28,"turns":5},{"damage":26,"enemies":"3 Cultists","floor":29,"turns":3}],"seed_played":"-3148495392716468213","potions_obtained":[{"floor":11,"key":"blueLaboratory:TrueEctoplasm"},{"floor":14,"key":"Explosive Potion"},{"floor":18,"key":"SpeedPotion"},{"floor":19,"key":"Explosive Potion"},{"floor":19,"key":"EntropicBrew"},{"floor":20,"key":"blueLaboratory:NullPotion"}],"is_trial":false,"path_per_floor":["M","?","?","?","M","R","M","?","T","R","E","$","?","M","R","B",null,"M","?","?","M","?","E","R","M","T","$","M","M"],"character_chosen":"ASTROLOGER","items_purchased":["MerchantsRug","astrologer:CometStrike"],"campfire_rested":0,"item_purchase_floors":[12,12],"current_hp_per_floor":[70,70,73,62,62,62,57,57,57,57,38,38,13,12,33,2,73,67,67,51,53,53,12,34,33,33,33,24,0,0],"gold":314,"neow_bonus":"","is_daily":false,"chose_seed":false,"campfire_upgraded":2,"win_rate":0.0,"timestamp":1608043033,"path_taken":["M","?","?","?","M","R","M","?","T","R","E","?","?","M","R","BOSS","M","?","?","M","?","E","R","M","T","$","M","M"],"items_purchased_type":["Relic","Card"],"build_version":"2020-12-13","purchased_purges":2,"victory":false,"max_hp_per_floor":[70,70,73,73,73,73,73,73,73,73,73,73,73,73,73,73,73,73,73,73,73,73,76,76,79,79,79,79,81,81],"card_choices":[{"not_picked":["WallGazer","BeautyBeast"],"picked":"BlackSwan","floor":1},{"not_picked":["astrologer:Fireball","astrologer:Shine"],"picked":"astrologer:FrozenStar","floor":1},{"not_picked":["SingingMachine","LittleHelper","PunishingBird"],"picked":"Singing Bowl","floor":5},{"not_picked":["astrologer:TheEmpress","astrologer:Temperance"],"picked":"astrologer:Prestidigitation","floor":5},{"not_picked":["BeautyBeast","OldLady","CherryBlossoms"],"picked":"Singing Bowl","floor":7},{"not_picked":["astrologer:Justice","astrologer:Retelling"],"picked":"astrologer:SolarFlare","floor":7},{"not_picked":["QueenOfHatred","MeatLantern","ShyLook"],"picked":"Singing Bowl","floor":11},{"not_picked":["SpiderBud","MHz"],"picked":"Bloodbath","floor":11},{"not_picked":["astrologer:ShiningStar","astrologer:SolarFlare","astrologer:SpaceDust"],"picked":"SKIP","floor":11},{"not_picked":["DreamingCurrent","Funeral"],"picked":"UniverseFragment","floor":14},{"not_picked":["astrologer:Conjunction","astrologer:Glimpse"],"picked":"astrologer:StarOfRegret","floor":14},{"not_picked":["NothingThere","WallGazer","BeautyBeast"],"picked":"Singing Bowl","floor":16},{"not_picked":["Woodsman","Wellcheers"],"picked":"OSAHOGD","floor":16},{"not_picked":["astrologer:DarkMatter","astrologer:BlackHole"],"picked":"astrologer:Starfield","floor":16},{"not_picked":["GreedKing","FairyFestival","SpiderBud"],"picked":"Singing Bowl","floor":18},{"not_picked":["astrologer:Wish","astrologer:Radiance"],"picked":"astrologer:Moonlight+1","floor":18},{"not_picked":["FieryBird","Scorched","SpiderBud"],"picked":"Singing Bowl","floor":20},{"not_picked":["NothingThere","BigBadWolf","PunishingBird"],"picked":"Singing Bowl","floor":21},{"not_picked":["astrologer:Radiance","astrologer:TheEmperor","astrologer:SpaceDust+1"],"picked":"SKIP","floor":21},{"not_picked":["Wellcheers","PlagueDoctor","BeautyBeast"],"picked":"Singing Bowl","floor":23},{"not_picked":["astrologer:Still","astrologer:GlassStar"],"picked":"astrologer:Nova","floor":23},{"not_picked":["Scarecrow","CrumblingArmor","QueenBee"],"picked":"Singing Bowl","floor":25},{"not_picked":["astrologer:Conjunction","astrologer:FrozenStar"],"picked":"astrologer:ReadTheStars+1","floor":25},{"not_picked":["Mercenary","BlackArmy","LongBird"],"picked":"Singing Bowl","floor":28},{"not_picked":["astrologer:Fate","astrologer:TheEmperor","astrologer:FrozenStar"],"picked":"SKIP","floor":28},{"not_picked":["astrologer:Fate","astrologer:TheEmperor","astrologer:FrozenStar"],"picked":"SKIP","floor":28}],"player_experience":1033131,"relics_obtained":[{"floor":9,"key":"Pantograph"},{"floor":11,"key":"Anchor"},{"floor":20,"key":"Red Mask"},{"floor":23,"key":"Replay:Ringing Soul"},{"floor":26,"key":"ReplayTheSpireMod:Lightbulb"}],"event_choices":[{"damage_healed":0,"gold_gain":75,"player_choice":"Gather Gold","damage_taken":11,"max_hp_gain":0,"max_hp_loss":0,"event_name":"World of Goop","floor":4,"gold_loss":0},{"damage_healed":0,"gold_gain":30,"player_choice":"Searched \u00271\u0027 times","damage_taken":0,"max_hp_gain":0,"max_hp_loss":0,"event_name":"Dead Adventurer","floor":8,"gold_loss":0},{"damage_healed":0,"gold_gain":0,"player_choice":"Success","damage_taken":25,"relics_obtained":["Replay:Multitool"],"max_hp_gain":0,"max_hp_loss":0,"event_name":"Scrap Ooze","floor":13,"gold_loss":0},{"damage_healed":0,"gold_gain":0,"player_choice":"Got Potions","damage_taken":0,"max_hp_gain":0,"max_hp_loss":0,"event_name":"Lab","floor":19,"gold_loss":0},{"damage_healed":0,"gold_gain":0,"player_choice":"Fought Bandits","damage_taken":0,"max_hp_gain":0,"max_hp_loss":0,"event_name":"Masked Bandits","floor":20,"gold_loss":0},{"damage_healed":0,"gold_gain":0,"player_choice":"Inject Mutagens","damage_taken":0,"relics_obtained":["MutagenicStrength"],"max_hp_gain":0,"max_hp_loss":0,"event_name":"Drug Dealer","floor":22,"gold_loss":0}],"is_beta":false,"boss_relics":[{"not_picked":["halation:CatFaceCupcake","Snecko Eye"],"picked":"halation:Yufonium"}],"items_purged_floors":[12,27],"is_endless":false,"potions_floor_spawned":[11,14,18,20],"killed_by":"3 Cultists","ascension_level":0}}