{"host":"sav7uxregyirlf69","time":1608017661,"event":{"mods":["AchievementEnabler","BaseMod","Colored Map","DeckTracker","Keyboard Shortcuts","Minty Spire (QoL Compilation)","READ ME - Guardian Mod","StSLib","SuperFastMode"],"gold_per_floor":[111,131,131,56,75,105,117,117,168,194,205,217,217,239,239,316,316,333,333,333,75,85,85,85,114,114,39,49,63,163,192,192,264,264,277,277,294,308,318,318,348,359,386,261,286,306,306,323,323,323,323,323,323,16,48,48,48],"floor_reached":56,"playtime":1643,"items_purged":["Pain","Strike_R","Strike_R","Strike_R"],"score":1858,"play_id":"6146da0b-ef1d-46c7-9f4a-b608b064f383","local_time":"20201215163421","is_ascension_mode":true,"campfire_choices":[{"data":"Carnage","floor":8.0,"key":"SMITH"},{"data":"Disarm","floor":13.0,"key":"SMITH"},{"data":"Warcry","floor":15.0,"key":"SMITH"},{"data":"Feel No Pain","floor":23.0,"key":"SMITH"},{"data":"Bludgeon","floor":32.0,"key":"SMITH"},{"data":"Uppercut","floor":40.0,"key":"SMITH"},{"floor":49.0,"key":"RECALL"},{"data":"Juggernaut","floor":53,"key":"SMITH"}],"circlet_count":0,"master_deck":["AscendersBane","Strike_R","Defend_R","Defend_R","Defend_R","Defend_R","Bash","Impervious","Carnage+1","Cleave","Disarm+1","Warcry+1","Reaper","Corruption","Feel No Pain+1","Dark Embrace","Immolate","Uppercut+1","Sentinel","Entrench","Bludgeon+1","Impervious","Carnage","Shrug It Off","Juggernaut+1","Fire Breathing","Seeing Red"],"relics":["Burning Blood","WarpedTongs","Gremlin Horn","Akabeko","Ancient Tea Set","Odd Mushroom","Snecko Eye","Pear","HornCleat","Potion Belt","Bird Faced Urn","Eternal Feather","Pantograph","Coffee Dripper","Ginger","Gambling Chip","Membership Card"],"acts_visited":["Exordium","TheCity","TheBeyond","TheEnding"],"potions_floor_usage":[50,50,50,56,56,56],"damage_taken":[{"damage":6.0,"enemies":"Cultist","floor":1.0,"turns":3.0},{"damage":7.0,"enemies":"Small Slimes","floor":2.0,"turns":3.0},{"damage":7.0,"enemies":"Jaw Worm","floor":5.0,"turns":4.0},{"damage":27.0,"enemies":"Lagavulin","floor":6.0,"turns":8.0},{"damage":5.0,"enemies":"Exordium Wildlife","floor":7.0,"turns":2.0},{"damage":28.0,"enemies":"Gremlin Nob","floor":10.0,"turns":4.0},{"damage":6.0,"enemies":"Looter","floor":11.0,"turns":2.0},{"damage":0.0,"enemies":"3 Louse","floor":12.0,"turns":2.0},{"damage":0.0,"enemies":"The Mushroom Lair","floor":14.0,"turns":2.0},{"damage":61.0,"enemies":"The Guardian","floor":16.0,"turns":14.0},{"damage":16.0,"enemies":"Shell Parasite","floor":18.0,"turns":5.0},{"damage":0.0,"enemies":"Chosen","floor":22.0,"turns":2.0},{"damage":13.0,"enemies":"Book of Stabbing","floor":25.0,"turns":4.0},{"damage":0.0,"enemies":"Centurion and Healer","floor":28.0,"turns":7.0},{"damage":0.0,"enemies":"Cultist and Chosen","floor":29.0,"turns":5.0},{"damage":12.0,"enemies":"Colosseum Slavers","floor":30.0,"turns":4.0},{"damage":0.0,"enemies":"Colosseum Nobs","floor":30.0,"turns":2.0},{"damage":26.0,"enemies":"Gremlin Leader","floor":31.0,"turns":4.0},{"damage":5.0,"enemies":"Collector","floor":33.0,"turns":6.0},{"damage":1.0,"enemies":"Orb Walker","floor":35.0,"turns":2.0},{"damage":6.0,"enemies":"3 Darklings","floor":37.0,"turns":5.0},{"damage":33.0,"enemies":"Sphere and 2 Shapes","floor":38.0,"turns":3.0},{"damage":3.0,"enemies":"Maw","floor":39.0,"turns":7.0},{"damage":6.0,"enemies":"Nemesis","floor":41.0,"turns":5.0},{"damage":2.0,"enemies":"Jaw Worm Horde","floor":42.0,"turns":4.0},{"damage":0.0,"enemies":"Mind Bloom Boss Battle","floor":45.0,"turns":5.0},{"damage":0.0,"enemies":"Sphere and 2 Shapes","floor":46.0,"turns":3.0},{"damage":0.0,"enemies":"Spire Growth","floor":48.0,"turns":4.0},{"damage":88,"enemies":"Awakened One","floor":50,"turns":9},{"damage":43,"enemies":"Time Eater","floor":51,"turns":9},{"damage":0,"enemies":"Shield and Spear","floor":55,"turns":3},{"damage":110,"enemies":"The Heart","floor":56,"turns":6}],"seed_played":"-4270979366084471961","potions_obtained":[{"floor":2.0,"key":"SkillPotion"},{"floor":10.0,"key":"SteroidPotion"},{"floor":11.0,"key":"Weak Potion"},{"floor":14.0,"key":"Block Potion"},{"floor":16.0,"key":"LiquidBronze"},{"floor":22.0,"key":"Energy Potion"},{"floor":28.0,"key":"Weak Potion"},{"floor":29.0,"key":"ColorlessPotion"},{"floor":31.0,"key":"HeartOfIron"},{"floor":33.0,"key":"Swift Potion"},{"floor":37.0,"key":"HeartOfIron"},{"floor":41.0,"key":"Swift Potion"},{"floor":45.0,"key":"BlessingOfTheForge"},{"floor":55,"key":"Fire Potion"}],"is_trial":false,"path_per_floor":["M","M","?","$","M","E","M","R","T","E","M","M","R","?","R","B",null,"M","?","T","$","M","R","$","E","T","?","M","M","?","E","R","B",null,"M","?","M","M","M","R","E","M","T","$","?","M","?","M","R","B","B",null,"R","$","E","B"],"character_chosen":"IRONCLAD","items_purchased":["Dark Embrace","Immolate","Membership Card","Fire Breathing","DuplicationPotion"],"campfire_rested":0,"item_purchase_floors":[21,21,54,54,54],"current_hp_per_floor":[68,67,67,67,66,45,46,46,46,24,24,30,30,63,63,15,60,54,54,64,64,76,76,76,69,69,69,80,85,85,78,85,85,85,85,81,81,54,76,81,81,81,81,81,81,81,81,81,81,11,11,64,79,79,81,0,0],"gold":48,"neow_bonus":"ONE_RANDOM_RARE_CARD","is_daily":false,"chose_seed":false,"campfire_upgraded":7,"win_rate":0.0,"timestamp":1608017661,"path_taken":["M","M","?","?","M","E","M","R","T","E","M","?","R","?","R","BOSS","M","?","?","$","M","R","?","E","T","?","M","M","?","E","R","BOSS","M","?","M","M","M","R","E","M","T","$","?","M","?","M","R","BOSS","BOSS","R","$","E","BOSS"],"items_purchased_type":["Card","Card","Relic","Card","Potion"],"build_version":"2020-12-13","purchased_purges":4,"victory":false,"max_hp_per_floor":[75,75,75,75,75,75,75,75,75,75,75,75,75,75,75,75,75,75,75,85,85,85,85,85,85,85,85,85,85,85,85,85,85,85,85,81,81,81,81,81,81,81,81,81,81,81,81,81,81,81,81,81,81,81,81,81,81],"card_choices":[{"not_picked":["Clash","Ghostly Armor"],"picked":"Carnage","floor":1.0},{"not_picked":["Sword Boomerang","Headbutt","Infernal Blade"],"picked":"SKIP","floor":2.0},{"not_picked":["Havoc","Rupture"],"picked":"Cleave","floor":5.0},{"not_picked":["Warcry","Intimidate","True Grit"],"picked":"SKIP","floor":6.0},{"not_picked":["Hemokinesis","Iron Wave"],"picked":"Disarm","floor":7.0},{"not_picked":["Iron Wave","Perfected Strike","Thunderclap"],"picked":"SKIP","floor":10.0},{"not_picked":["Thunderclap","Sword Boomerang"],"picked":"Warcry","floor":11.0},{"not_picked":["Uppercut","Heavy Blade"],"picked":"Reaper","floor":12.0},{"not_picked":["Reaper","Brutality"],"picked":"Corruption","floor":16.0},{"not_picked":["Wild Strike","Searing Blow","Flex"],"picked":"SKIP","floor":18.0},{"not_picked":["Clothesline","Infernal Blade"],"picked":"Uppercut","floor":22.0},{"not_picked":["Clash","Dropkick"],"picked":"Sentinel","floor":25.0},{"not_picked":["Feel No Pain","Rage+1"],"picked":"Entrench","floor":28.0},{"not_picked":["Clothesline","Burning Pact","Anger"],"picked":"SKIP","floor":29.0},{"not_picked":["Sword Boomerang","Limit Break"],"picked":"Bludgeon","floor":31.0},{"not_picked":["Juggernaut","Fiend Fire"],"picked":"Impervious","floor":33.0},{"not_picked":["Havoc","Infernal Blade","Dropkick"],"picked":"SKIP","floor":35.0},{"not_picked":["Twin Strike","Clothesline","Rupture"],"picked":"SKIP","floor":37.0},{"not_picked":["Perfected Strike","Seeing Red+1","Twin Strike+1"],"picked":"SKIP","floor":38.0},{"not_picked":["Pommel Strike","Flex"],"picked":"Carnage","floor":39.0},{"not_picked":["True Grit","Havoc+1"],"picked":"Shrug It Off","floor":41.0},{"not_picked":["Warcry","Heavy Blade","Wild Strike"],"picked":"SKIP","floor":42.0},{"not_picked":["Clash","Twin Strike+1"],"picked":"Juggernaut","floor":46.0},{"not_picked":["Searing Blow","Iron Wave+1","Pummel"],"picked":"SKIP","floor":48.0},{"not_picked":["Heavy Blade","Sword Boomerang"],"picked":"Seeing Red","floor":55}],"player_experience":910812,"relics_obtained":[{"floor":6.0,"key":"Gremlin Horn"},{"floor":9.0,"key":"Akabeko"},{"floor":10.0,"key":"Ancient Tea Set"},{"floor":14.0,"key":"Odd Mushroom"},{"floor":20.0,"key":"Pear"},{"floor":25.0,"key":"HornCleat"},{"floor":26.0,"key":"Potion Belt"},{"floor":30.0,"key":"Bird Faced Urn"},{"floor":30.0,"key":"Eternal Feather"},{"floor":31.0,"key":"Pantograph"},{"floor":41.0,"key":"Ginger"},{"floor":45.0,"key":"Gambling Chip"}],"event_choices":[{"damage_healed":0.0,"max_hp_gain":0.0,"max_hp_loss":0.0,"gold_gain":0.0,"event_name":"Accursed Blacksmith","player_choice":"Rummage","floor":3.0,"gold_loss":0.0,"damage_taken":0.0,"relics_obtained":["WarpedTongs"],"cards_obtained":["Pain"]},{"damage_healed":0.0,"max_hp_gain":0.0,"max_hp_loss":0.0,"gold_gain":0.0,"event_name":"Mushrooms","player_choice":"Fought Mushrooms","floor":14.0,"gold_loss":0.0,"damage_taken":0.0},{"damage_healed":0.0,"max_hp_gain":0.0,"max_hp_loss":0.0,"gold_gain":0.0,"event_name":"The Library","player_choice":"Read","floor":19.0,"gold_loss":0.0,"damage_taken":0.0,"cards_obtained":["Feel No Pain"]},{"cards_removed":["Strike_R"],"damage_healed":0.0,"max_hp_gain":0.0,"max_hp_loss":0.0,"gold_gain":0.0,"event_name":"Beggar","player_choice":"Gave Gold","floor":27.0,"gold_loss":75.0,"damage_taken":0.0},{"damage_healed":0.0,"max_hp_gain":0.0,"max_hp_loss":0.0,"gold_gain":0.0,"event_name":"Colosseum","player_choice":"Fight","floor":30.0,"gold_loss":0.0,"damage_taken":0.0},{"damage_healed":0.0,"max_hp_gain":0.0,"max_hp_loss":0.0,"gold_gain":0.0,"event_name":"Colosseum","player_choice":"Fought Nobs","floor":30.0,"gold_loss":0.0,"damage_taken":0.0},{"damage_healed":0.0,"max_hp_gain":0.0,"max_hp_loss":4.0,"gold_gain":0.0,"event_name":"Winding Halls","player_choice":"Max HP","floor":36.0,"gold_loss":0.0,"damage_taken":0.0},{"damage_healed":0.0,"max_hp_gain":0.0,"max_hp_loss":0.0,"gold_gain":0.0,"event_name":"MindBloom","player_choice":"Fight","floor":45.0,"gold_loss":0.0,"damage_taken":0.0},{"damage_healed":0.0,"max_hp_gain":0.0,"max_hp_loss":0.0,"gold_gain":0.0,"event_name":"Tomb of Lord Red Mask","player_choice":"Ignored","floor":47.0,"gold_loss":0.0,"damage_taken":0.0}],"is_beta":false,"boss_relics":[{"not_picked":["SlaversCollar","Black Blood"],"picked":"Snecko Eye"},{"not_picked":["Velvet Choker","Sozu"],"picked":"Coffee Dripper"}],"items_purged_floors":[4,21,44,54],"is_endless":false,"potions_floor_spawned":[2,10,11,14,16,22,28,29,31,33,37,38,41,45,55],"killed_by":"The Heart","ascension_level":20}}