{"host":"1","time":1608040583,"event":{"mods":["Act Like it!","BaseMod","Better Third Choice","Hubris","Jorbs\u0027s Wanderer Trilogy","Minty Spire (QoL Compilation)","Replay The Spire","Shade Mod","StSLib","The Cursed","The Mystic","Wandering Minibosses"],"gold_per_floor":[112,123,73,73,73,73,100,117,117,133,198,209,235,247,247,348,348,365,17,17,17,37,37,57,92,173,173,173,207,219,250,250,353,353,363,363,379,379,379,379,379,379,433,448,50,67,67,83,83,83,83,83,83,116,116,116],"floor_reached":55,"playtime":2467,"items_purged":[],"score":722,"play_id":"0d729ccf-edd0-4f93-97af-80fb7c361eed","local_time":"20201215165623","is_ascension_mode":false,"campfire_choices":[{"floor":6.0,"key":"RECALL"},{"floor":15.0,"key":"REST"},{"floor":27.0,"key":"REST"},{"floor":32.0,"key":"REST"},{"data":"Replay:LoomingThreat","floor":47,"key":"SMITH"},{"data":"Madness","floor":49,"key":"SMITH"},{"data":"MasterReality","floor":52,"key":"SMITH"}],"circlet_count":0,"master_deck":["Eruption+1","Vigilance","Replay:DivineShield","DeceiveReality","Apotheosis+1","Replay:AtTheReady","Replay:BluntJabs","ReachHeaven","FlyingSleeves","Perseverance","SpiritShield","Prostrate","Brilliance","MasterReality+1","Pray+1","Devotion","wanderingMiniBosses:FinaleOfPromise","Study+1","Replay:LoomingThreat+1","SpiritShield","LikeWater","Madness+1","FlurryOfBlows","Dark Shackles+1","Prostrate+1","PathToVictory+1"],"relics":["PureWater","hubris:Towel","Pen Nib","Meat on the Bone","hubris:ToyBattleship","Tiny Chest","VioletLotus","Toolbox","wanderingMiniBosses:Blackblade","Mummified Hand","MealTicket","InkBottle","hubris:ScarierMask","Toxic Egg 2","Juzu Bracelet","ReplayTheSpireMod:TigerMarble","Incense Burner","Strawberry"],"acts_visited":["Exordium","TheCity","TheBeyond","TheEnding"],"potions_floor_usage":[55,55,55],"damage_taken":[{"damage":1.0,"enemies":"2 Louse","floor":1.0,"turns":2.0},{"damage":1.0,"enemies":"Jaw Worm","floor":2.0,"turns":6.0},{"damage":0.0,"enemies":"Small Slimes","floor":8.0,"turns":6.0},{"damage":0.0,"enemies":"Looter","floor":10.0,"turns":3.0},{"damage":25.0,"enemies":"Gremlin Nob","floor":11.0,"turns":4.0},{"damage":4.0,"enemies":"2 Fungi Beasts","floor":12.0,"turns":2.0},{"damage":0.0,"enemies":"3 Louse","floor":14.0,"turns":3.0},{"damage":29.0,"enemies":"Hexaghost","floor":16.0,"turns":6.0},{"damage":14.0,"enemies":"3 Byrds","floor":18.0,"turns":6.0},{"damage":0.0,"enemies":"Shell Parasite","floor":22.0,"turns":3.0},{"damage":2.0,"enemies":"Snake Plant","floor":24.0,"turns":3.0},{"damage":0.0,"enemies":"Book of Stabbing","floor":25.0,"turns":4.0},{"damage":10.0,"enemies":"Shelled Parasite and Fungi","floor":29.0,"turns":4.0},{"damage":0.0,"enemies":"Chosen and Byrds","floor":30.0,"turns":4.0},{"damage":18.0,"enemies":"Replay:Snechameleon","floor":31.0,"turns":4.0},{"damage":7.0,"enemies":"Collector","floor":33.0,"turns":4.0},{"damage":11,"enemies":"Orb Walker","floor":35,"turns":3},{"damage":0,"enemies":"3 Shapes","floor":37,"turns":3},{"damage":6,"enemies":"Maw","floor":44,"turns":5},{"damage":0,"enemies":"4 Shapes","floor":46,"turns":3},{"damage":3,"enemies":"Transient","floor":48,"turns":5},{"damage":6,"enemies":"hubris:GrandSnecko","floor":50,"turns":7},{"damage":17,"enemies":"Shield and Spear","floor":54,"turns":5},{"damage":118,"enemies":"The Heart","floor":55,"turns":6}],"seed_played":"5530637403432052786","potions_obtained":[{"floor":8.0,"key":"SteroidPotion"},{"floor":12.0,"key":"BottledMiracle"},{"floor":14.0,"key":"Fire Potion"},{"floor":16.0,"key":"Dexterity Potion"},{"floor":22.0,"key":"Adrenaline Potion"},{"floor":25.0,"key":"Toxic Potion"},{"floor":29.0,"key":"BottledMiracle"},{"floor":33.0,"key":"BottledMiracle"},{"floor":46,"key":"FearPotion"},{"floor":48,"key":"Explosive Potion"}],"is_trial":false,"path_per_floor":["M","M","?","?","?","R","T","M","T","M","?","M","T","M","R","B",null,"M","$","?","?","M","?","M","E","T","R","T","M","M","E","R","B",null,"M","?","M","?","?","T","T","?","T","M","$","M","R","M","R","B",null,"R","$","E","B"],"character_chosen":"WATCHER","items_purchased":["Toolbox","Brilliance","Adrenaline Potion","Incense Burner","Dark Shackles+1"],"campfire_rested":3,"item_purchase_floors":[19,19,19,45,45],"current_hp_per_floor":[71,70,70,70,70,70,70,70,70,70,45,41,41,41,62,45,72,58,58,58,58,58,58,56,56,56,72,72,62,62,44,65,58,72,61,61,61,52,52,52,52,72,72,66,72,72,72,69,69,63,72,72,72,62,0,0],"gold":116,"neow_bonus":"UPGRADE_CARD","is_daily":false,"chose_seed":false,"campfire_upgraded":3,"win_rate":0.0,"timestamp":1608040583,"path_taken":["M","M","?","?","?","R","?","M","T","M","?","M","?","M","R","BOSS","M","$","?","?","M","?","M","E","T","R","?","M","M","E","R","BOSS","M","?","M","?","?","?","?","?","T","M","$","M","R","M","R","BOSS","R","$","E","BOSS"],"items_purchased_type":["Relic","Card","Potion","Relic","Card"],"build_version":"2020-11-17","purchased_purges":0,"victory":false,"max_hp_per_floor":[72,72,72,72,72,72,72,72,72,72,72,72,72,72,72,72,72,72,72,72,72,72,72,72,72,72,72,72,72,72,72,72,72,72,72,72,72,72,72,72,72,72,72,72,72,72,72,72,72,72,72,72,72,79,79,79],"card_choices":[{"not_picked":["Halt","ThirdEye"],"picked":"Replay:DivineShield","floor":1.0},{"not_picked":["Nirvana","Halt"],"picked":"DeceiveReality","floor":2.0},{"not_picked":["ThirdEye","EmptyFist"],"picked":"Replay:AtTheReady","floor":8.0},{"not_picked":["ClearTheMind","WaveOfTheHand"],"picked":"Replay:BluntJabs","floor":10.0},{"not_picked":["ThirdEye","JustLucky"],"picked":"ReachHeaven","floor":11.0},{"not_picked":["Worship","Weave"],"picked":"FlyingSleeves","floor":12.0},{"not_picked":["Consecrate","Crescendo"],"picked":"Perseverance","floor":14.0},{"not_picked":["Scrawl","DeusExMachina"],"picked":"SpiritShield","floor":16.0},{"not_picked":["FlyingSleeves","Adaptation+1"],"picked":"Prostrate","floor":18.0},{"not_picked":["FollowUp","EmptyFist"],"picked":"Pray+1","floor":22.0},{"not_picked":[],"picked":"wanderingMiniBosses:FinaleOfPromise","floor":24.0},{"not_picked":["BowlingBash+1","Crescendo"],"picked":"Study+1","floor":24.0},{"not_picked":["ThirdEye+1","Wireheading","Crescendo+1"],"picked":"SKIP","floor":25.0},{"not_picked":["JustLucky","SashWhip","ConjureBlade"],"picked":"SKIP","floor":29.0},{"not_picked":["Sanctity","EmptyBody","ClearTheMind"],"picked":"SKIP","floor":30.0},{"not_picked":["Perseverance","Evaluate"],"picked":"Replay:LoomingThreat","floor":31.0},{"not_picked":["Omniscience","Judgement"],"picked":"SpiritShield","floor":33.0},{"not_picked":["Fasting2","SashWhip"],"picked":"LikeWater","floor":35},{"not_picked":["Crescendo+1","FollowUp+1","PathToVictory+1"],"picked":"SKIP","floor":37},{"not_picked":["WindmillStrike","JustLucky+1"],"picked":"FlurryOfBlows","floor":44},{"not_picked":["Wish+1","Replay:ManipulateFuture+1","Replay:AtTheReady+1"],"picked":"SKIP","floor":46},{"not_picked":["EmptyMind+1","WheelKick"],"picked":"Prostrate+1","floor":48},{"not_picked":["ThirdEye+1","Sanctity+1"],"picked":"PathToVictory+1","floor":54}],"player_experience":75483,"relics_obtained":[{"floor":7.0,"key":"Pen Nib"},{"floor":9.0,"key":"Meat on the Bone"},{"floor":11.0,"key":"hubris:ToyBattleship"},{"floor":13.0,"key":"Tiny Chest"},{"floor":24.0,"key":"wanderingMiniBosses:Blackblade"},{"floor":25.0,"key":"Mummified Hand"},{"floor":28.0,"key":"MealTicket"},{"floor":31.0,"key":"InkBottle"},{"floor":40,"key":"Toxic Egg 2"},{"floor":41,"key":"Juzu Bracelet"},{"floor":43,"key":"ReplayTheSpireMod:TigerMarble"},{"floor":54,"key":"Strawberry"}],"event_choices":[{"cards_removed":["Strike_P"],"damage_healed":0.0,"max_hp_gain":0.0,"max_hp_loss":0.0,"gold_gain":0.0,"event_name":"The Cleric","player_choice":"Card Removal","floor":3.0,"gold_loss":50.0,"damage_taken":0.0},{"damage_healed":70.0,"max_hp_gain":0.0,"max_hp_loss":72.0,"gold_gain":0.0,"event_name":"betterThird:BetterShining","player_choice":"Embrace","floor":4.0,"gold_loss":0.0,"damage_taken":0.0},{"damage_healed":0.0,"max_hp_gain":0.0,"max_hp_loss":0.0,"gold_gain":0.0,"event_name":"Dead Adventurer","player_choice":"Searched \u00271\u0027 times","floor":11.0,"gold_loss":0.0,"damage_taken":0.0},{"damage_healed":0.0,"max_hp_gain":0.0,"max_hp_loss":7.0,"gold_gain":0.0,"event_name":"betterThird:BetterWriting","player_choice":"Materialism","floor":20.0,"gold_loss":0.0,"damage_taken":0.0},{"damage_healed":0.0,"max_hp_gain":0.0,"max_hp_loss":0.0,"gold_gain":0.0,"event_name":"The Library","player_choice":"Read","floor":23.0,"gold_loss":0.0,"damage_taken":0.0,"cards_obtained":["Devotion"]},{"damage_healed":0,"gold_gain":0,"player_choice":"Ignored","damage_taken":0,"max_hp_gain":0,"max_hp_loss":0,"event_name":"Tomb of Lord Red Mask","floor":36,"gold_loss":0},{"damage_healed":0,"gold_gain":0,"player_choice":"Embrace Madness","damage_taken":9,"max_hp_gain":0,"max_hp_loss":0,"event_name":"Winding Halls","floor":38,"gold_loss":0,"cards_obtained":["Madness","Madness"]},{"cards_removed":["Madness"],"damage_healed":20,"gold_gain":0,"player_choice":"Offered Uncommon","damage_taken":0,"max_hp_gain":0,"max_hp_loss":0,"event_name":"Bonfire Elementals","floor":42,"gold_loss":0}],"is_beta":true,"boss_relics":[{"not_picked":["Astrolabe","Honey Jar"],"picked":"VioletLotus"},{"not_picked":["Velvet Choker","Runic Pyramid"],"picked":"hubris:ScarierMask"}],"items_purged_floors":[],"is_endless":false,"potions_floor_spawned":[8,12,14,16,22,25,29,33,46,48],"killed_by":"The Heart","ascension_level":0}}