{"host":"684z1xpuwaoqmmh1","time":1608057681,"event":{"mods":["Bard","BaseMod","Downfall","Hermit","Jorbs\u0027s Wanderer Trilogy","Marisa????????","Minty Spire (QoL Compilation)","StSLib","The Hierophant","The Mystic","The Runesmith"],"gold_per_floor":[99,111,123,123,141,176,176,101,59,59,25,45,45,45,59,59,59],"floor_reached":16,"playtime":538,"items_purged":[],"score":160,"play_id":"3a71c40f-cf70-4325-accf-1be008dd7390","local_time":"20201215204121","is_ascension_mode":true,"campfire_choices":[{"floor":1,"key":"RECALL"},{"data":"champ:EnragedBash","floor":8,"key":"SMITH"},{"data":"champ:Backstep","floor":10,"key":"SMITH"}],"circlet_count":0,"master_deck":["champ:Strike","champ:Strike","champ:Strike","champ:Strike","champ:Defend","champ:Defend","champ:Defend","champ:Defend","champ:Execute","champ:Taunt+1","champ:BerserkersShout","champ:EnragedBash+1","champ:Encircle+1","champ:Backstep+1","champ:EndlessRage","champ:RageSigil","champ:FlashCut","champ:Aggression","champ:PreciseThrust"],"relics":["champ:ChampionCrown","champ:SpectersHand","The Courier","downfall:HeartBlessingRed","champ:LiftRelic"],"acts_visited":["Exordium"],"potions_floor_usage":[16],"damage_taken":[{"damage":7,"enemies":"2 Louse","floor":2,"turns":3},{"damage":6,"enemies":"Cultist","floor":3,"turns":4},{"damage":12,"enemies":"Small Slimes","floor":5,"turns":4},{"damage":44,"enemies":"Gremlin Nob","floor":6,"turns":4},{"damage":22,"enemies":"downfall:FleeingMerchant","floor":9,"turns":4},{"damage":25,"enemies":"downfall:FleeingMerchant","floor":11,"turns":4},{"damage":14,"enemies":"2 Fungi Beasts","floor":12,"turns":3},{"damage":30,"enemies":"3 Louse","floor":15,"turns":3},{"damage":36,"enemies":"downfall:Silent","floor":16,"turns":2}],"seed_played":"-2102765949965387515","potions_obtained":[{"floor":2,"key":"Dexterity Potion"},{"floor":5,"key":"LiquidBronze"},{"floor":15,"key":"Strength Potion"}],"is_trial":false,"path_per_floor":["R","M","M","?","M","E","T","R","$","R","$","M","?","?","M","B"],"character_chosen":"THE_CHAMP","items_purchased":["champ:EndlessRage","champ:FlashCut"],"campfire_rested":0,"item_purchase_floors":[9,11],"current_hp_per_floor":[75,73,72,72,72,44,44,44,44,44,42,40,40,40,29,0,0],"gold":59,"neow_bonus":"TWENTY_PERCENT_HP_BONUS","is_daily":false,"chose_seed":false,"campfire_upgraded":2,"win_rate":0.0,"timestamp":1608057681,"path_taken":["R","M","M","?","M","E","T","R","$","R","$","?","?","?","M","BOSS"],"items_purchased_type":["Card","Card"],"build_version":"2020-12-13","purchased_purges":0,"victory":false,"max_hp_per_floor":[108,108,108,108,108,108,108,108,108,108,108,108,108,108,108,108,108],"card_choices":[{"not_picked":["champ:FocusedDefense","champ:SwordSigil"],"picked":"champ:BerserkersShout","floor":2},{"not_picked":["champ:TornadoPunch","champ:ViciousMockery"],"picked":"champ:EnragedBash","floor":3},{"not_picked":["champ:EnGarde","champ:FanOfKnives"],"picked":"champ:Encircle","floor":5},{"not_picked":["champ:FanOfKnives","champ:Encircle","champ:Circumvent"],"picked":"SKIP","floor":6},{"not_picked":["champ:Haymaker","champ:PerfectedStrike"],"picked":"champ:Backstep","floor":9},{"not_picked":["champ:BerserkersShout","champ:TornadoPunch"],"picked":"champ:RageSigil","floor":11},{"not_picked":["champ:CrookedStrike","champ:Shatter"],"picked":"champ:Aggression","floor":12},{"not_picked":["champ:BringItOn","champ:Backstep"],"picked":"champ:PreciseThrust","floor":15}],"player_experience":2319139,"relics_obtained":[{"floor":6,"key":"champ:SpectersHand"},{"floor":7,"key":"The Courier"}],"event_choices":[{"damage_healed":0,"gold_gain":0,"player_choice":"Upgraded","damage_taken":0,"max_hp_gain":0,"max_hp_loss":0,"event_name":"Upgrade Shrine","floor":4,"gold_loss":0,"cards_upgraded":["champ:Taunt"]},{"damage_healed":0,"gold_gain":0,"player_choice":"Grow","damage_taken":0,"max_hp_gain":0,"max_hp_loss":0,"event_name":"Living Wall","floor":14,"gold_loss":0,"cards_upgraded":["champ:Encircle"]}],"is_beta":false,"boss_relics":[],"items_purged_floors":[],"is_endless":false,"potions_floor_spawned":[2,5,15],"killed_by":"downfall:Silent","ascension_level":7}}