{"host":"q9718omregw4er46","time":1608043058,"event":{"mods":["BaseMod","Bestiary","Colored Powertips","Custom Start","Highlight Path","Minty Spire (QoL Compilation)","Practice Mode","Quick Restart","Relic Stats"],"gold_per_floor":[112,112,122,139,23,23,37,37,61,89,49,49,83,100,100,100,100],"floor_reached":16,"playtime":895,"items_purged":["Defend_B"],"score":215,"play_id":"cdc10cfc-63d3-4787-bfd4-ba5a313035f7","local_time":"20201215193738","is_ascension_mode":true,"campfire_choices":[{"floor":6,"key":"REST"},{"floor":8,"key":"REST"},{"data":"Capacitor","floor":15,"key":"SMITH"}],"circlet_count":0,"master_deck":["AscendersBane","Strike_B","Strike_B+1","Strike_B+1","Strike_B","Defend_B","Defend_B","Defend_B","Zap","Dualcast","Capacitor+1","Glacier","Genetic Algorithm","Loop","Sweeping Beam","Rebound","Meteor Strike","Compile Driver"],"relics":["Black Star","Art of War","Centennial Puzzle","Singing Bowl","Happy Flower","Thread and Needle","Meat on the Bone"],"acts_visited":["Exordium"],"potions_floor_usage":[7,8],"damage_taken":[{"damage":14,"enemies":"Jaw Worm","floor":1,"turns":5},{"damage":8,"enemies":"2 Louse","floor":3,"turns":2},{"damage":7,"enemies":"Small Slimes","floor":4,"turns":7},{"damage":27,"enemies":"Exordium Wildlife","floor":7,"turns":10},{"damage":6,"enemies":"Lagavulin","floor":10,"turns":13},{"damage":0,"enemies":"Looter","floor":11,"turns":4},{"damage":7,"enemies":"3 Sentries","floor":13,"turns":11},{"damage":4,"enemies":"Large Slime","floor":14,"turns":8},{"damage":21,"enemies":"Hexaghost","floor":16,"turns":11}],"seed_played":"2688885859046353359","potions_obtained":[{"floor":1,"key":"DistilledChaos"},{"floor":3,"key":"Fruit Juice"},{"floor":13,"key":"EssenceOfSteel"},{"floor":14,"key":"EssenceOfSteel"}],"is_trial":false,"path_per_floor":["M","?","M","M","$","R","M","R","T","E","M","?","E","M","R","B"],"character_chosen":"DEFECT","items_purchased":["Loop"],"campfire_rested":2,"item_purchase_floors":[5],"current_hp_per_floor":[50,39,31,24,24,45,18,45,45,39,39,16,9,17,17,0,0],"gold":100,"neow_bonus":"BOSS_RELIC","is_daily":false,"chose_seed":false,"campfire_upgraded":1,"win_rate":0.0,"timestamp":1608043058,"path_taken":["M","?","M","M","$","R","M","R","T","E","M","?","E","M","R","BOSS"],"items_purchased_type":["Card"],"build_version":"2020-12-13","purchased_purges":1,"victory":false,"max_hp_per_floor":[71,71,71,71,71,71,71,76,76,76,76,76,76,76,76,76,76],"relic_stats":{"Centennial Puzzle":[12],"Singing Bowl":0,"Happy Flower":[11],"counters":[9,71],"Black Star":2,"Art of War":[24],"obtain_stats":[{"Centennial Puzzle":9,"Singing Bowl":10,"Happy Flower":10,"Thread and Needle":13,"Black Star":0,"Art of War":2,"Cracked Core":0,"Meat on the Bone":13},{"Centennial Puzzle":4,"Singing Bowl":5,"Happy Flower":5,"Thread and Needle":7,"Black Star":0,"Art of War":1,"Cracked Core":0,"Meat on the Bone":7},{"Centennial Puzzle":24,"Singing Bowl":37,"Happy Flower":37,"Thread and Needle":52,"Black Star":0,"Art of War":5,"Cracked Core":0,"Meat on the Bone":52}],"Meat on the Bone":12},"card_choices":[{"not_picked":["Self Repair","Blizzard"],"picked":"Capacitor","floor":1},{"not_picked":["Turbo","Auto Shields"],"picked":"Glacier","floor":3},{"not_picked":["Beam Cell","Rebound"],"picked":"Genetic Algorithm","floor":4},{"not_picked":["Double Energy","Steam","Conserve Battery"],"picked":"SKIP","floor":7},{"not_picked":["Tempest","Gash"],"picked":"Sweeping Beam","floor":10},{"not_picked":["Steam","Hologram"],"picked":"Rebound","floor":11},{"not_picked":["Go for the Eyes","Redo"],"picked":"Meteor Strike","floor":13},{"not_picked":["Conserve Battery","Stack"],"picked":"Compile Driver","floor":14}],"player_experience":1019096,"relics_obtained":[{"floor":9,"key":"Centennial Puzzle"},{"floor":10,"key":"Singing Bowl"},{"floor":10,"key":"Happy Flower"},{"floor":13,"key":"Thread and Needle"},{"floor":13,"key":"Meat on the Bone"}],"event_choices":[{"damage_healed":0,"gold_gain":0,"player_choice":"Success","damage_taken":11,"relics_obtained":["Art of War"],"max_hp_gain":0,"max_hp_loss":0,"event_name":"Scrap Ooze","floor":2,"gold_loss":0},{"damage_healed":0,"gold_gain":0,"player_choice":"Entered Light","damage_taken":23,"max_hp_gain":0,"max_hp_loss":0,"event_name":"Shining Light","floor":12,"gold_loss":0,"cards_upgraded":["Strike_B","Strike_B"]}],"is_beta":false,"boss_relics":[],"items_purged_floors":[5],"is_endless":false,"potions_floor_spawned":[1,3,13,14],"killed_by":"Hexaghost","ascension_level":19}}