{"host":"0vd2boh2oi7jm085","time":1608011915,"event":{"mods":["BaseMod","Colored Map","Colored Powertips","Highlight Path","Minty Spire (QoL Compilation)","Quick Restart","StSLib","The IronCluck"],"gold_per_floor":[114,39,51,51,69,100,100,100,100,100,130,130,147,164,164,164,164],"floor_reached":16,"playtime":323,"items_purged":["Bash"],"score":204,"play_id":"b24f9659-1e77-4173-a3fc-24c19c147060","local_time":"20201214215835","is_ascension_mode":true,"campfire_choices":[{"floor":7,"key":"REST"},{"floor":12,"key":"REST"},{"floor":15,"key":"REST"}],"circlet_count":0,"master_deck":["AscendersBane","Strike_R","Strike_R","Strike_R","Strike_R","Strike_R","Defend_R+1","Defend_R","Defend_R","Defend_R+1","Searing Blow+1","Shockwave"],"relics":["Burning Blood","NeowsBlessing","Blue Candle","Nunchaku","MealTicket","War Paint","InkBottle"],"acts_visited":["Exordium"],"potions_floor_usage":[11,16],"damage_taken":[{"damage":0,"enemies":"Cultist","floor":1,"turns":1},{"damage":0,"enemies":"Small Slimes","floor":3,"turns":1},{"damage":0,"enemies":"Jaw Worm","floor":5,"turns":1},{"damage":50,"enemies":"3 Sentries","floor":6,"turns":9},{"damage":34,"enemies":"Gremlin Nob","floor":11,"turns":5},{"damage":18,"enemies":"Large Slime","floor":13,"turns":7},{"damage":7,"enemies":"Exordium Thugs","floor":14,"turns":6},{"damage":43,"enemies":"Slime Boss","floor":16,"turns":8}],"seed_played":"4347376820594407598","potions_obtained":[{"floor":6,"key":"DuplicationPotion"},{"floor":11,"key":"ElixirPotion"},{"floor":13,"key":"SpeedPotion"}],"is_trial":false,"path_per_floor":["M","$","M","?","M","E","R","?","T","T","E","R","M","M","R","B"],"character_chosen":"IRONCLAD","items_purchased":[],"campfire_rested":3,"item_purchase_floors":[],"current_hp_per_floor":[74,74,75,75,75,31,53,42,42,42,14,36,24,23,45,2,2],"gold":164,"neow_bonus":"THREE_ENEMY_KILL","is_daily":false,"chose_seed":false,"campfire_upgraded":0,"win_rate":0.0,"timestamp":1608011915,"path_taken":["M","$","?","?","M","E","R","?","T","?","E","R","M","M","R","BOSS"],"items_purchased_type":[],"build_version":"2020-12-13","purchased_purges":1,"victory":false,"max_hp_per_floor":[75,75,75,75,75,75,75,75,75,75,75,75,75,75,75,75,75],"card_choices":[{"not_picked":["Clothesline","Ghostly Armor"],"picked":"Searing Blow","floor":1},{"not_picked":["Evolve","Feel No Pain","Clash"],"picked":"SKIP","floor":3},{"not_picked":["Clothesline","Rupture","Blood for Blood"],"picked":"SKIP","floor":5},{"not_picked":["Rage","Sever Soul","Sentinel"],"picked":"SKIP","floor":6},{"not_picked":["Sword Boomerang","Wild Strike","Perfected Strike"],"picked":"SKIP","floor":11},{"not_picked":["Clothesline","Anger"],"picked":"Shockwave","floor":13},{"not_picked":["Pummel","Clash","Headbutt"],"picked":"SKIP","floor":14}],"player_experience":87308,"relics_obtained":[{"floor":6,"key":"Blue Candle"},{"floor":9,"key":"MealTicket"},{"floor":10,"key":"War Paint"},{"floor":11,"key":"InkBottle"}],"event_choices":[{"damage_healed":0,"gold_gain":0,"player_choice":"Grow","damage_taken":0,"max_hp_gain":0,"max_hp_loss":0,"event_name":"Living Wall","floor":4,"gold_loss":0,"cards_upgraded":["Searing Blow"]},{"damage_healed":0,"gold_gain":0,"player_choice":"Success","damage_taken":11,"relics_obtained":["Nunchaku"],"max_hp_gain":0,"max_hp_loss":0,"event_name":"Scrap Ooze","floor":8,"gold_loss":0}],"is_beta":false,"boss_relics":[],"items_purged_floors":[2],"is_endless":false,"potions_floor_spawned":[6,11,13],"killed_by":"Slime Boss","ascension_level":17}}