{"host":"59ckh7bj2z84pzgo","time":1608015431,"event":{"mods":["BaseMod","Better Vampires","Marked Mod","Minty Spire (QoL Compilation)","Replay The Spire","Spicy Shops","StSLib","TestMod","¡¾ÒÅÎï¿¨ÅÆ¡¿REMEMod"],"gold_per_floor":[114,131,145,169,186,211,229,229,229,243,254,283,37,54,54,126,126,140,140,151,164,177,208,208,208,232,171,171,196,207,222,222,296,296,313,382,397,421,459,459,508,508,508,535,417,435,435,456,456,475,499,499,499,181,228,272],"floor_reached":57,"playtime":4356,"items_purged":["Clumsy","Strike_R","Strike_R"],"score":2809,"play_id":"e64a973c-da17-4410-9c11-0d45df1cd502","local_time":"20201215145711","is_ascension_mode":true,"campfire_choices":[{"data":"Entrench","floor":8.0,"key":"SMITH"},{"floor":15.0,"key":"REST"},{"floor":24.0,"key":"DIG"},{"floor":28.0,"key":"DIG"},{"data":"True Grit","floor":32.0,"key":"SMITH"},{"floor":40.0,"key":"DIG"},{"data":"Armaments","floor":42.0,"key":"SMITH"},{"floor":47.0,"key":"RECALL"},{"data":"Barricade","floor":49.0,"key":"SMITH"},{"data":"Seeing Red","floor":53.0,"key":"SMITH"}],"circlet_count":0,"master_deck":["AscendersBane","Strike_R","Defend_R","Defend_R","Defend_R","Defend_R","Bash","Study+1","Body Slam","Clothesline","Entrench+1","Armaments+1","Body Slam","Abandon","Power Through","Exhume","Shockwave","Barricade+1","Double Tap","Seeing Red+1","Shrug It Off","True Grit+1","Impervious","Burning Pact","Bandage Up","Shrug It Off"],"relics":["Burning Blood","REME_ComplimentaryCards","testmod-TestBox","testmod-PortableAltar","Smiling Mask","ReplayTheSpireMod:Spearhead","testmod-EqualTreatment","Lantern","Replay:Grab Bag","ChewingGum","Sozu","Runic Pyramid","testmod-Temperance","Shovel","Matryoshka","Bag of Marbles","REME_IWantAll","Centennial Puzzle","Akabeko","TungstenRod","testmod-AssaultLearning","Another Sword","testmod-DeterminationOfClimber","testmod-Acrobat","Oddly Smooth Stone","Molten Egg 2","Bottled Flame","ReplayTheSpireMod:CursedCoin","Anchor","Bag of Preparation","Vajra"],"acts_visited":["Exordium","TheCity","TheBeyond","TheEnding"],"potions_floor_usage":[],"damage_taken":[{"damage":16.0,"enemies":"Cultist","floor":1.0,"turns":4.0},{"damage":12.0,"enemies":"Jaw Worm","floor":2.0,"turns":6.0},{"damage":19.0,"enemies":"Small Slimes","floor":3.0,"turns":5.0},{"damage":2.0,"enemies":"Gremlin Gang","floor":5.0,"turns":3.0},{"damage":31.0,"enemies":"Replay:BlueRogue","floor":6.0,"turns":13.0},{"damage":3.0,"enemies":"Looter","floor":7.0,"turns":4.0},{"damage":10.0,"enemies":"Exordium Wildlife","floor":10.0,"turns":4.0},{"damage":9.0,"enemies":"Lots of Slimes","floor":11.0,"turns":5.0},{"damage":8.0,"enemies":"Gremlin Nob","floor":12.0,"turns":3.0},{"damage":2.0,"enemies":"Blue Slaver","floor":14.0,"turns":4.0},{"damage":6.0,"enemies":"Slime Boss","floor":16.0,"turns":9.0},{"damage":2.0,"enemies":"Chosen","floor":18.0,"turns":5.0},{"damage":0.0,"enemies":"Spheric Guardian","floor":20.0,"turns":4.0},{"damage":4.0,"enemies":"Centurion and Healer","floor":21.0,"turns":3.0},{"damage":14.0,"enemies":"Shelled Parasite and Fungi","floor":22.0,"turns":2.0},{"damage":0.0,"enemies":"Replay:Snechameleon","floor":23.0,"turns":4.0},{"damage":0.0,"enemies":"Gremlin Leader","floor":29.0,"turns":3.0},{"damage":0.0,"enemies":"Cultist and Chosen","floor":30.0,"turns":2.0},{"damage":0.0,"enemies":"Centurion and Healer","floor":31.0,"turns":2.0},{"damage":0.0,"enemies":"Champ","floor":33.0,"turns":5.0},{"damage":0.0,"enemies":"3 Shapes","floor":35.0,"turns":2.0},{"damage":0.0,"enemies":"3 Darklings","floor":37.0,"turns":1.0},{"damage":12.0,"enemies":"4 Shapes","floor":38.0,"turns":3.0},{"damage":0.0,"enemies":"Writhing Mass","floor":39.0,"turns":4.0},{"damage":0.0,"enemies":"Nemesis","floor":41.0,"turns":5.0},{"damage":0.0,"enemies":"Spire Growth","floor":44.0,"turns":2.0},{"damage":0.0,"enemies":"Sphere and 2 Shapes","floor":46.0,"turns":1.0},{"damage":0.0,"enemies":"Writhing Mass","floor":48.0,"turns":3.0},{"damage":0.0,"enemies":"Awakened One","floor":50.0,"turns":6.0},{"damage":0.0,"enemies":"Replay:Hell Engine","floor":51.0,"turns":5.0},{"damage":0,"enemies":"Shield and Spear","floor":55,"turns":3},{"damage":0,"enemies":"The Heart","floor":56,"turns":8}],"seed_played":"-2811233885036759496","potions_obtained":[{"floor":1.0,"key":"Explosive Potion"},{"floor":6.0,"key":"DistilledChaos"},{"floor":7.0,"key":"PowerPotion"},{"floor":11.0,"key":"ColorlessPotion"},{"floor":12.0,"key":"Adrenaline Potion"},{"floor":14.0,"key":"LifebloodPotion"}],"is_trial":false,"path_per_floor":["M","M","M","T","M","E","M","R","T","M","M","E","$","M","R","B",null,"M","?","M","M","M","E","R","T","T","?","R","E","M","M","R","B",null,"M","?","M","M","M","R","E","R","T","M","$","M","R","M","R","B","B",null,"R","$","E","B",null],"character_chosen":"IRONCLAD","items_purchased":["Barricade","Lantern","ReplayTheSpireMod:CursedCoin","Anchor","Bag of Preparation","Bandage Up"],"campfire_rested":1,"item_purchase_floors":[13,13,45,45,54,54],"current_hp_per_floor":[58,52,39,39,43,18,21,21,21,17,14,12,12,16,34,34,52,56,56,55,54,45,51,51,50,49,48,47,46,45,44,43,42,41,40,28,34,30,36,35,34,33,32,31,30,29,28,27,26,25,24,23,22,21,20,19],"gold":272,"neow_bonus":"UPGRADE_CARD","is_daily":false,"chose_seed":false,"campfire_upgraded":5,"win_rate":0.0,"timestamp":1608015431,"path_taken":["M","M","?","?","M","E","M","R","T","M","?","E","$","M","R","BOSS","M","?","M","?","M","E","R","?","T","?","R","E","M","?","R","BOSS","M","?","M","M","M","R","E","R","T","M","$","M","R","?","R","BOSS","BOSS","R","$","E","BOSS"],"items_purchased_type":["Card","Relic","Relic","Relic","Relic","Card"],"build_version":"2020-12-13","purchased_purges":3,"victory":true,"max_hp_per_floor":[74,73,72,71,70,69,68,67,66,65,64,63,62,61,60,59,58,57,56,55,54,53,52,51,50,49,48,47,46,45,44,43,42,41,40,39,38,37,36,35,34,33,32,31,30,29,28,27,26,25,24,23,22,21,20,19],"card_choices":[{"not_picked":["Run Through","Thunderclap"],"picked":"Body Slam","floor":1.0},{"not_picked":["Burning Pact","ReplayTheSpireMod:Muscle Training"],"picked":"Clothesline","floor":2.0},{"not_picked":["Sword Boomerang","Iron Wave"],"picked":"Entrench","floor":3.0},{"not_picked":["Headbutt","ReplayTheSpireMod:LeadingStrike"],"picked":"Armaments","floor":5.0},{"not_picked":["REME_Scribble","Inflame"],"picked":"Body Slam","floor":6.0},{"not_picked":["Clothesline","Heavy Blade"],"picked":"Abandon","floor":7.0},{"not_picked":["ReplayTheSpireMod:Corrosion Curse","Wild Strike"],"picked":"Power Through","floor":10.0},{"not_picked":["Spot Weakness","Twin Strike"],"picked":"Exhume","floor":11.0},{"not_picked":["Searing Blow","Reckless Charge"],"picked":"Shockwave","floor":12.0},{"not_picked":["Reckless Charge","Rage","Defy Death"],"picked":"SKIP","floor":14.0},{"not_picked":["Demon Form","REME_TheLastStrike"],"picked":"Double Tap","floor":16.0},{"not_picked":["Iron Wave","Run Through","Inflame"],"picked":"SKIP","floor":18.0},{"not_picked":["Body Slam","ReplayTheSpireMod:Strike From Hell","REME_Scribble"],"picked":"SKIP","floor":20.0},{"not_picked":["Replay:Undeath\u0027s Touch+1","Armaments","Demon Form"],"picked":"SKIP","floor":21.0},{"not_picked":["Rupture","Anger","Bloodletting"],"picked":"SKIP","floor":22.0},{"not_picked":["ReplayTheSpireMod:Strike From Hell","Body Slam","Perfected Strike"],"picked":"SKIP","floor":23.0},{"not_picked":["Inflame+1","Replay:Undeath\u0027s Touch"],"picked":"Shrug It Off","floor":29.0},{"not_picked":["Inflame","Uppercut","Pummel"],"picked":"SKIP","floor":30.0},{"not_picked":["REME_TheLastStrike","Massacre"],"picked":"True Grit","floor":31.0},{"not_picked":["Ghostly Armor","Flex","Shockwave+1"],"picked":"SKIP","floor":35.0},{"not_picked":["Perfected Strike","Armaments","Run Through"],"picked":"SKIP","floor":37.0},{"not_picked":["Heavy Blade+1","REME_FearOfPain","Sword Boomerang"],"picked":"SKIP","floor":38.0},{"not_picked":["Battle Trance","Combust","Perfected Strike+1"],"picked":"SKIP","floor":39.0},{"not_picked":["Dropkick+1","ReplayTheSpireMod:Muscle Training","Evolve"],"picked":"SKIP","floor":41.0},{"not_picked":["Thunderclap+1","Dark Embrace+1"],"picked":"Impervious","floor":44.0},{"not_picked":["Rupture","Combust+1","Havoc"],"picked":"SKIP","floor":46.0},{"not_picked":["Seeing Red","Cleave+1"],"picked":"Burning Pact","floor":48.0},{"not_picked":["Flex","ReplayTheSpireMod:Strike From Hell+1"],"picked":"Shrug It Off","floor":55}],"player_experience":136305,"relics_obtained":[{"floor":4.0,"key":"Smiling Mask"},{"floor":6.0,"key":"ReplayTheSpireMod:Spearhead"},{"floor":12.0,"key":"testmod-EqualTreatment"},{"floor":23.0,"key":"Shovel"},{"floor":24.0,"key":"Matryoshka"},{"floor":25.0,"key":"Bag of Marbles"},{"floor":25.0,"key":"REME_IWantAll"},{"floor":26.0,"key":"Centennial Puzzle"},{"floor":26.0,"key":"Akabeko"},{"floor":28.0,"key":"testmod-AssaultLearning"},{"floor":29.0,"key":"Another Sword"},{"floor":36.0,"key":"testmod-Acrobat"},{"floor":40.0,"key":"Oddly Smooth Stone"},{"floor":41.0,"key":"Molten Egg 2"},{"floor":43.0,"key":"Bottled Flame"},{"floor":55,"key":"Vajra"}],"event_choices":[{"damage_healed":0.0,"max_hp_gain":0.0,"max_hp_loss":0.0,"gold_gain":0.0,"event_name":"Match and Keep!","player_choice":"1 cards matched","floor":19.0,"gold_loss":0.0,"damage_taken":0.0,"cards_obtained":["Seeing Red"]},{"damage_healed":0.0,"max_hp_gain":0.0,"max_hp_loss":0.0,"gold_gain":0.0,"event_name":"WeMeetAgain","player_choice":"Paid Gold","floor":27.0,"gold_loss":61.0,"damage_taken":0.0,"relics_obtained":["TungstenRod"]}],"is_beta":false,"boss_relics":[{"not_picked":["Astrolabe","SacredBark"],"picked":"Replay:Grab Bag"},{"not_picked":["Cursed Key","Busted Crown"],"picked":"ChewingGum"},{"not_picked":["Coffee Dripper","Runic Dome"],"picked":"Sozu"},{"not_picked":["testmod-IncinerationGenerator","testmod-BloodSacrificeSpiritualization"],"picked":"Runic Pyramid"},{"not_picked":["Snecko Heart","Snecko Eye"],"picked":"testmod-Temperance"},{"not_picked":["Replay:Drink Me","Abe\u0027s Treasure"],"picked":"testmod-DeterminationOfClimber"}],"items_purged_floors":[45,45,54],"is_endless":false,"potions_floor_spawned":[1,6,7,11,12,14,18,22,29,30,31,33,38,41,46],"ascension_level":20}}