{"host":"y76clbnovzmw9ubx","time":1608074541,"event":{"mods":["AchievementEnabler","BaseMod","Minty Spire (QoL Compilation)","Permanent Neow","Relic Stats"],"gold_per_floor":[368,368,5,5,24,60,60,104,104,119,162,162,205,225,225,324,324,344,77,101,101,122,122,157,177,177,208,208,98,98,123,123,123,123],"floor_reached":33,"playtime":1850,"items_purged":["Strike_G","Strike_G"],"score":626,"play_id":"0504cae0-de5a-471b-a55e-6d9b902c0a67","local_time":"20201215182221","is_ascension_mode":true,"campfire_choices":[{"floor":7,"key":"REST"},{"floor":12,"key":"REST"},{"data":"Well Laid Plans","floor":15,"key":"SMITH"},{"floor":23,"key":"REST"},{"floor":28,"key":"REST"},{"data":"Wraith Form v2","floor":30,"key":"SMITH"},{"data":"Footwork","floor":32,"key":"SMITH"}],"circlet_count":0,"master_deck":["AscendersBane","Strike_G","Strike_G","Defend_G","Defend_G+1","Defend_G","Defend_G","Defend_G+1","Survivor","Neutralize+1","Deadly Poison+1","Footwork+1","Sucker Punch","Blade Dance","Backstab","Bouncing Flask","Dagger Spray+1","Noxious Fumes","Wraith Form v2+1","Well Laid Plans+1","Bullet Time","Footwork+1","Crippling Poison","Doppelganger","Calculated Gamble","Cloak And Dagger+1","Caltrops+1","Backflip"],"relics":["Ring of the Snake","Golden Idol","Anchor","Bottled Lightning","War Paint","Paper Crane","Regal Pillow","Lizard Tail","Sozu","PreservedInsect","Ice Cream","InkBottle","Whetstone"],"acts_visited":["Exordium","TheCity"],"potions_floor_usage":[8,11,14],"damage_taken":[{"damage":2,"enemies":"Jaw Worm","floor":1,"turns":6},{"damage":1,"enemies":"Cultist","floor":5,"turns":4},{"damage":20,"enemies":"Lagavulin","floor":6,"turns":10},{"damage":6,"enemies":"Gremlin Nob","floor":8,"turns":3},{"damage":0,"enemies":"2 Louse","floor":10,"turns":2},{"damage":10,"enemies":"3 Sentries","floor":11,"turns":7},{"damage":20,"enemies":"Lagavulin","floor":13,"turns":6},{"damage":4,"enemies":"Red Slaver","floor":14,"turns":4},{"damage":26,"enemies":"Slime Boss","floor":16,"turns":12},{"damage":12,"enemies":"3 Byrds","floor":18,"turns":5},{"damage":30,"enemies":"Shell Parasite","floor":20,"turns":6},{"damage":39,"enemies":"3 Cultists","floor":22,"turns":6},{"damage":24,"enemies":"Slavers","floor":24,"turns":5},{"damage":8,"enemies":"Centurion and Healer","floor":25,"turns":8},{"damage":5,"enemies":"Book of Stabbing","floor":27,"turns":6},{"damage":1,"enemies":"Snake Plant","floor":31,"turns":4},{"damage":39,"enemies":"Collector","floor":33,"turns":5}],"seed_played":"6508204907596070168","potions_obtained":[{"floor":6,"key":"Fire Potion"},{"floor":8,"key":"Dexterity Potion"},{"floor":13,"key":"Energy Potion"}],"is_trial":false,"path_per_floor":["M","?","$","?","M","E","R","E","T","M","E","R","E","M","R","B",null,"M","$","M","?","M","R","E","M","T","E","R","?","R","M","R","B"],"character_chosen":"THE_SILENT","items_purchased":["Footwork","Anchor","Sucker Punch","PreservedInsect"],"campfire_rested":4,"item_purchase_floors":[3,3,3,19],"current_hp_per_floor":[42,42,42,42,41,21,39,33,33,33,23,56,36,32,32,6,47,35,35,5,5,10,43,19,11,11,6,39,39,39,38,38,0,0],"gold":123,"neow_bonus":"TWO_FIFTY_GOLD","is_daily":false,"chose_seed":false,"campfire_upgraded":3,"win_rate":0.0,"timestamp":1608074541,"path_taken":["M","?","$","?","M","E","R","E","T","?","E","R","E","M","R","BOSS","M","$","M","?","M","R","E","?","T","E","R","?","R","M","R","BOSS"],"items_purchased_type":["Card","Relic","Card","Relic"],"build_version":"2020-12-13","purchased_purges":2,"victory":false,"max_hp_per_floor":[66,60,60,60,60,60,60,60,60,60,60,60,60,60,60,60,60,60,60,60,60,60,60,60,60,60,60,60,60,60,60,60,60,60],"relic_stats":{"Sozu":4,"Regal Pillow":45,"Lizard Tail":30,"counters":[17,99],"Golden Idol":100,"PreservedInsect":85,"Whetstone":["Dagger Spray","Neutralize"],"War Paint":["Defend_G","Deadly Poison"],"obtain_stats":[{"Ice Cream":24,"Regal Pillow":11,"Golden Idol":2,"PreservedInsect":19,"Whetstone":27,"War Paint":8,"Paper Crane":9,"Sozu":17,"Anchor":3,"Lizard Tail":13,"Bottled Lightning":6,"InkBottle":26,"Ring of the Snake":0},{"Ice Cream":13,"Regal Pillow":6,"Golden Idol":1,"PreservedInsect":10,"Whetstone":15,"War Paint":4,"Paper Crane":4,"Sozu":9,"Anchor":1,"Lizard Tail":7,"Bottled Lightning":3,"InkBottle":14,"Ring of the Snake":0},{"Ice Cream":76,"Regal Pillow":32,"Golden Idol":6,"PreservedInsect":59,"Whetstone":90,"War Paint":23,"Paper Crane":23,"Sozu":54,"Anchor":6,"Lizard Tail":38,"Bottled Lightning":20,"InkBottle":84,"Ring of the Snake":0}],"InkBottle":[6],"Ring of the Snake":[34]},"card_choices":[{"not_picked":["PiercingWail","Blade Dance"],"picked":"Deadly Poison","floor":1},{"not_picked":["Cloak And Dagger","Distraction"],"picked":"Blade Dance","floor":5},{"not_picked":["Dagger Throw","Riddle With Holes"],"picked":"Backstab","floor":6},{"not_picked":["Blade Dance","Dodge and Roll"],"picked":"Bouncing Flask","floor":8},{"not_picked":["Terror","Acrobatics"],"picked":"Dagger Spray","floor":10},{"not_picked":["Distraction","Riddle With Holes"],"picked":"Noxious Fumes","floor":11},{"not_picked":["Backflip","Blade Dance"],"picked":"Wraith Form v2","floor":13},{"not_picked":["Deadly Poison","Acrobatics"],"picked":"Well Laid Plans","floor":14},{"not_picked":["A Thousand Cuts","Grand Finale"],"picked":"Bullet Time","floor":16},{"not_picked":["Skewer","Distraction+1"],"picked":"Footwork+1","floor":18},{"not_picked":["Deflect","Poisoned Stab"],"picked":"Crippling Poison","floor":20},{"not_picked":["Tactician","Prepared+1"],"picked":"Calculated Gamble","floor":22},{"not_picked":["Noxious Fumes","Reflex","Heel Hook"],"picked":"SKIP","floor":24},{"not_picked":["Eviscerate","Underhanded Strike"],"picked":"Cloak And Dagger+1","floor":25},{"not_picked":["Adrenaline","Dodge and Roll"],"picked":"Caltrops+1","floor":27},{"not_picked":["Flying Knee","Backstab"],"picked":"Backflip","floor":31}],"player_experience":2872047,"relics_obtained":[{"floor":6,"key":"Bottled Lightning"},{"floor":8,"key":"War Paint"},{"floor":9,"key":"Paper Crane"},{"floor":11,"key":"Regal Pillow"},{"floor":13,"key":"Lizard Tail"},{"floor":24,"key":"Ice Cream"},{"floor":26,"key":"InkBottle"},{"floor":27,"key":"Whetstone"}],"event_choices":[{"damage_healed":0,"gold_gain":0,"player_choice":"Lose Max HP","damage_taken":0,"relics_obtained":["Golden Idol"],"max_hp_gain":0,"max_hp_loss":6,"event_name":"Golden Idol","floor":2,"gold_loss":0},{"damage_healed":0,"gold_gain":0,"player_choice":"Ignored","damage_taken":0,"max_hp_gain":0,"max_hp_loss":0,"event_name":"WeMeetAgain","floor":4,"gold_loss":0},{"damage_healed":0,"gold_gain":0,"player_choice":"1 cards matched","damage_taken":0,"max_hp_gain":0,"max_hp_loss":0,"event_name":"Match and Keep!","floor":21,"gold_loss":0,"cards_obtained":["Doppelganger"]},{"cards_removed":["Strike_G"],"damage_healed":0,"gold_gain":0,"player_choice":"Upgrade and Remove","damage_taken":0,"max_hp_gain":0,"max_hp_loss":0,"event_name":"Designer","floor":29,"gold_loss":110,"cards_upgraded":["Defend_G"]}],"is_beta":false,"boss_relics":[{"not_picked":["Coffee Dripper","Fusion Hammer"],"picked":"Sozu"}],"items_purged_floors":[3,19],"is_endless":false,"potions_floor_spawned":[6,8,13,20,25,27,31],"killed_by":"Collector","ascension_level":20}}