{"host":"dntw6kil9p09eemm","time":1608069989,"event":{"mods":["Aspiration","BaseMod","Become a monster €›?Œ÷","Colored Powertips","Downfall","Hermit","Hubris","Keyboard Shortcuts","Minty Spire (QoL Compilation)","Shop Mod","StSLib","The Runesmith","Waifu the Spire"],"gold_per_floor":[114,129,304,80,98,98,123,123,170,190,190,190,203,213,213,318,318,328,328,261,261,276,276,310,310,310],"floor_reached":25,"playtime":842,"items_purged":["Doubt","hexamod:Defend"],"score":221,"play_id":"5b189839-4f02-4c66-ae23-3f8acf51ddb8","local_time":"20201216070629","is_ascension_mode":false,"campfire_choices":[{"data":"hexamod:Float","floor":6,"key":"SMITH"},{"floor":8,"key":"REST"},{"data":"hexamod:SoulSteal","floor":15,"key":"SMITH"},{"floor":23,"key":"REST"}],"circlet_count":0,"master_deck":["hexamod:Strike","hexamod:Strike","hexamod:Strike","hexamod:Defend","hexamod:Defend","hexamod:Sear","hexamod:Float+1","hexamod:VolcanoVisage","hexamod:BurningTouch","hexamod:BurningTouch","hexamod:Firestarter","hexamod:SoulSteal+1","hexamod:Firestarter","hexamod:HexaLevel","hexamod:VolcanoVisage","hexamod:HauntingEcho","hexamod:SoulSteal"],"relics":["hexamod:SpiritBrand","MerchantsRug","Torii","Strawberry","hubris:Icosahedron","Black Star","Meat on the Bone","hubris:SlimyHat"],"acts_visited":["Exordium","TheCity"],"potions_floor_usage":[7,24],"damage_taken":[{"damage":0,"enemies":"Small Slimes","floor":1,"turns":3},{"damage":1,"enemies":"2 Louse","floor":2,"turns":2},{"damage":0,"enemies":"Cultist","floor":5,"turns":3},{"damage":25,"enemies":"Gremlin Nob","floor":7,"turns":4},{"damage":8,"enemies":"Red Slaver","floor":10,"turns":3},{"damage":1,"enemies":"Looter","floor":13,"turns":3},{"damage":0,"enemies":"Large Slime","floor":14,"turns":3},{"damage":27,"enemies":"Slime Boss","floor":16,"turns":6},{"damage":21,"enemies":"2 Thieves","floor":18,"turns":3},{"damage":17,"enemies":"3 Byrds","floor":22,"turns":3},{"damage":54,"enemies":"Gremlin Leader","floor":24,"turns":6},{"damage":9,"enemies":"Centurion and Healer","floor":25,"turns":2}],"seed_played":"2031403252632079692","potions_obtained":[{"floor":5,"key":"Explosive Potion"},{"floor":10,"key":"ColorlessPotion"},{"floor":13,"key":"Weak Potion"},{"floor":18,"key":"Explosive Potion"},{"floor":24,"key":"BlessingOfTheForge"}],"is_trial":false,"path_per_floor":["M","M","?","$","M","R","E","R","T","M","?","$","M","M","R","B",null,"M","?","$","?","M","R","E","M"],"character_chosen":"THE_SPIRIT","items_purchased":["MerchantsRug"],"campfire_rested":2,"item_purchase_floors":[4],"current_hp_per_floor":[63,62,62,62,62,62,37,55,62,54,54,54,53,53,53,26,70,49,56,56,56,39,60,6,0,0],"gold":310,"neow_bonus":"THREE_RARE_CARDS","is_daily":false,"chose_seed":false,"campfire_upgraded":2,"win_rate":0.0,"timestamp":1608069989,"path_taken":["M","M","?","$","M","R","E","R","T","M","?","$","M","M","R","BOSS","M","?","$","?","M","R","E","M"],"items_purchased_type":["Relic"],"build_version":"2020-12-13","purchased_purges":2,"victory":false,"max_hp_per_floor":[63,63,63,63,63,63,63,63,70,70,70,70,70,70,70,70,70,70,70,70,70,70,70,70,70,70],"card_choices":[{"not_picked":["hexamod:SixthSeal","hexamod:TurnItUp"],"picked":"hexamod:VolcanoVisage","floor":0},{"not_picked":["hexamod:NightmareStrike","hexamod:SwordOfDarkness"],"picked":"hexamod:BurningTouch","floor":1},{"not_picked":["hexamod:Hexaguard","hexamod:ShieldOfDarkness"],"picked":"hexamod:BurningTouch","floor":2},{"not_picked":["hexamod:RainOfEmbers","hexamod:SpectersWail","hexamod:RecurringNightmare"],"picked":"SKIP","floor":5},{"not_picked":["hexamod:AdvancingGuard","hexamod:GiftsFromTheDead","hexamod:HauntingEcho"],"picked":"SKIP","floor":7},{"not_picked":["hexamod:InspiringFlames","hexamod:NecessarySacrifice"],"picked":"hexamod:Firestarter","floor":10},{"not_picked":["hexamod:ShieldOfDarkness","hexamod:GhostLash"],"picked":"hexamod:SoulSteal","floor":13},{"not_picked":["hexamod:GhostLash","hexamod:DynamicBlow"],"picked":"hexamod:Firestarter","floor":14},{"not_picked":["hexamod:VolcanoVisage","hexamod:TurnItUp"],"picked":"hexamod:HexaLevel","floor":16},{"not_picked":["hexamod:ShieldOfDarkness","hexamod:Hexaguard","hexamod:GhostShield"],"picked":"SKIP","floor":18},{"not_picked":["hexamod:SuperheatedStrike","hexamod:HauntingEcho"],"picked":"hexamod:SoulSteal","floor":22},{"not_picked":["hexamod:GhostShield","hexamod:NightmareGuise","hexamod:SuperheatedStrike"],"picked":"SKIP","floor":24}],"player_experience":363830,"relics_obtained":[{"floor":7,"key":"Torii"},{"floor":9,"key":"Strawberry"},{"floor":24,"key":"Meat on the Bone"},{"floor":24,"key":"hubris:SlimyHat"}],"event_choices":[{"damage_healed":0,"gold_gain":175,"player_choice":"AGREE","damage_taken":0,"max_hp_gain":0,"max_hp_loss":0,"event_name":"Liars Game","floor":3,"gold_loss":0,"cards_obtained":["Doubt"]},{"damage_healed":0,"gold_gain":0,"cards_transformed":["hexamod:Strike","hexamod:Defend"],"player_choice":"Became Test Subject","damage_taken":0,"max_hp_gain":0,"max_hp_loss":0,"event_name":"Drug Dealer","floor":21,"gold_loss":0,"cards_obtained":["hexamod:VolcanoVisage","hexamod:HauntingEcho"]}],"is_beta":false,"boss_relics":[{"not_picked":["Empty Cage","Velvet Choker"],"picked":"Black Star"}],"items_purged_floors":[4,20],"is_endless":false,"potions_floor_spawned":[5,10,13,18,24],"killed_by":"Centurion and Healer","ascension_level":0}}