{"host":"0xoib765171ofkym","time":1608001444,"event":{"mods":["AchievementEnabler","BaseMod","Colored Map","Minty Spire (QoL Compilation)","StSLib"],"gold_per_floor":[109,109,124,25,41,72,88,88,88,99,113,113,188,217,217,313,313,333,333,318,318,15,44,44,55,82,82,92,102,201,212,212,315,315,330,24,24,24,42,42,53,63,63,83,83,83,83,110,110,110,110],"floor_reached":50,"playtime":1751,"items_purged":["Strike_R","Strike_R"],"score":767,"play_id":"5e6b0ee8-8fc0-4d02-b06d-edcc24c59449","local_time":"20201215120404","is_ascension_mode":true,"campfire_choices":[{"floor":12,"key":"REST"},{"floor":15,"key":"REST"},{"floor":24,"key":"REST"},{"floor":27,"key":"REST"},{"floor":32,"key":"REST"},{"floor":40,"key":"REST"},{"floor":45,"key":"REST"},{"floor":47,"key":"REST"},{"floor":49,"key":"REST"}],"circlet_count":0,"master_deck":["Strike_R","Defend_R","Defend_R","Defend_R","Defend_R","Bash","Spot Weakness","Cleave","Shrug It Off","Demon Form","Headbutt","Limit Break","Burning Pact+1","Armaments+1","Heavy Blade","Offering","Heavy Blade","Inflame+1","Warcry+1"],"relics":["Burning Blood","Akabeko","Paper Frog","Omamori","Kunai","Cursed Key","Brimstone","MealTicket","Orichalcum","Snecko Eye","Juzu Bracelet","Darkstone Periapt","Meat on the Bone"],"acts_visited":["Exordium","TheCity","TheBeyond"],"potions_floor_usage":[5,11,16,23,25,29,29,31,39,48,50],"damage_taken":[{"damage":7,"enemies":"Small Slimes","floor":1,"turns":5},{"damage":6,"enemies":"Cultist","floor":3,"turns":3},{"damage":7,"enemies":"2 Louse","floor":5,"turns":2},{"damage":28,"enemies":"Gremlin Nob","floor":6,"turns":4},{"damage":8,"enemies":"Blue Slaver","floor":7,"turns":3},{"damage":20,"enemies":"Exordium Wildlife","floor":10,"turns":4},{"damage":15,"enemies":"Red Slaver","floor":11,"turns":3},{"damage":22,"enemies":"3 Sentries","floor":14,"turns":7},{"damage":58,"enemies":"Hexaghost","floor":16,"turns":8},{"damage":12,"enemies":"Chosen","floor":18,"turns":3},{"damage":23,"enemies":"2 Thieves","floor":20,"turns":4},{"damage":33,"enemies":"Gremlin Leader","floor":23,"turns":6},{"damage":18,"enemies":"Snake Plant","floor":25,"turns":3},{"damage":13,"enemies":"Centurion and Healer","floor":28,"turns":5},{"damage":34,"enemies":"Sentry and Sphere","floor":29,"turns":4},{"damage":41,"enemies":"Snake Plant","floor":31,"turns":3},{"damage":46,"enemies":"Automaton","floor":33,"turns":6},{"damage":34,"enemies":"3 Shapes","floor":35,"turns":3},{"damage":51,"enemies":"3 Darklings","floor":39,"turns":4},{"damage":0,"enemies":"Maw","floor":41,"turns":4},{"damage":7,"enemies":"4 Shapes","floor":42,"turns":3},{"damage":33,"enemies":"Spire Growth","floor":44,"turns":3},{"damage":22,"enemies":"Giant Head","floor":48,"turns":5},{"damage":86,"enemies":"Awakened One","floor":50,"turns":3}],"seed_played":"1245901646870674068","potions_obtained":[{"floor":1,"key":"Explosive Potion"},{"floor":6,"key":"FearPotion"},{"floor":10,"key":"BloodPotion"},{"floor":23,"key":"Block Potion"},{"floor":28,"key":"EntropicBrew"},{"floor":35,"key":"Explosive Potion"},{"floor":39,"key":"SmokeBomb"},{"floor":42,"key":"Energy Potion"}],"is_trial":false,"path_per_floor":["M","?","M","$","M","E","M","?","T","M","M","R","?","E","R","B",null,"M","?","M","?","$","E","R","M","T","R","M","M","?","M","R","B",null,"M","$","?","?","M","R","M","M","T","M","R","?","R","E","R","B"],"character_chosen":"IRONCLAD","items_purchased":["FairyPotion","Brimstone","Regen Potion","BloodPotion","Juzu Bracelet"],"campfire_rested":9,"item_purchase_floors":[4,22,22,36,36],"current_hp_per_floor":[71,64,64,64,63,41,39,39,39,25,32,56,45,29,53,30,68,62,47,30,30,30,18,43,31,31,56,49,21,21,26,51,11,67,39,54,54,54,25,49,55,54,54,27,51,51,75,59,81,0,0],"gold":110,"neow_bonus":"THREE_CARDS","is_daily":false,"chose_seed":false,"campfire_upgraded":0,"win_rate":0.0,"timestamp":1608001444,"path_taken":["M","?","M","$","M","E","M","?","T","M","M","R","?","E","R","BOSS","M","?","M","?","$","E","R","?","T","R","M","M","?","M","R","BOSS","M","$","?","?","M","R","M","M","T","M","R","?","R","E","R","BOSS"],"items_purchased_type":["Potion","Relic","Potion","Potion","Relic"],"build_version":"2020-12-13","purchased_purges":2,"victory":false,"max_hp_per_floor":[80,80,80,80,80,80,80,80,80,80,80,80,80,80,80,80,80,80,85,85,85,85,85,85,85,85,85,85,85,85,85,85,85,85,85,85,81,81,81,81,81,81,81,81,81,81,81,81,81,81,81],"card_choices":[{"not_picked":["Clothesline","Fire Breathing"],"picked":"Spot Weakness","floor":0},{"not_picked":["Ghostly Armor","Hemokinesis"],"picked":"Cleave","floor":1},{"not_picked":["Wild Strike","Havoc","Flex"],"picked":"SKIP","floor":3},{"not_picked":["Shockwave","Feel No Pain"],"picked":"Shrug It Off","floor":5},{"not_picked":["Havoc","Clothesline"],"picked":"Demon Form","floor":6},{"not_picked":["Ghostly Armor","Pummel"],"picked":"Headbutt","floor":7},{"not_picked":["Havoc","Clash","Pummel"],"picked":"SKIP","floor":10},{"not_picked":["Intimidate","Pummel","Sentinel"],"picked":"SKIP","floor":11},{"not_picked":["Shrug It Off","Thunderclap","Perfected Strike"],"picked":"SKIP","floor":14},{"not_picked":["Impervious","Berserk"],"picked":"Limit Break","floor":16},{"not_picked":["Metallicize+1","Dropkick"],"picked":"Burning Pact+1","floor":18},{"not_picked":["Headbutt","Havoc","Flex"],"picked":"SKIP","floor":20},{"not_picked":["Dark Embrace","Anger","Brutality"],"picked":"SKIP","floor":23},{"not_picked":["Clothesline","Metallicize"],"picked":"Armaments+1","floor":25},{"not_picked":["Disarm+1","Perfected Strike","Havoc"],"picked":"SKIP","floor":28},{"not_picked":["True Grit","Spot Weakness"],"picked":"Heavy Blade","floor":29},{"not_picked":["Entrench","Sentinel+1","True Grit"],"picked":"SKIP","floor":31},{"not_picked":["Corruption","Fiend Fire"],"picked":"Offering","floor":33},{"not_picked":["Pommel Strike","Pummel","Cleave"],"picked":"SKIP","floor":35},{"not_picked":["Perfected Strike","Havoc+1"],"picked":"Inflame+1","floor":39},{"not_picked":["Armaments+1","Dual Wield+1"],"picked":"Warcry+1","floor":41},{"not_picked":["Havoc+1","Pummel","Juggernaut"],"picked":"SKIP","floor":42},{"not_picked":["Hemokinesis+1","Headbutt+1","Blood for Blood+1"],"picked":"SKIP","floor":44},{"not_picked":["Iron Wave","Body Slam+1","Havoc+1"],"picked":"SKIP","floor":48}],"player_experience":263458,"relics_obtained":[{"floor":6,"key":"Akabeko"},{"floor":9,"key":"Omamori"},{"floor":14,"key":"Kunai"},{"floor":23,"key":"MealTicket"},{"floor":26,"key":"Orichalcum"},{"floor":43,"key":"Darkstone Periapt"},{"floor":48,"key":"Meat on the Bone"}],"event_choices":[{"cards_removed":["Strike_R"],"damage_healed":0,"gold_gain":0,"player_choice":"Card Removal","damage_taken":7,"max_hp_gain":0,"max_hp_loss":0,"event_name":"Golden Wing","floor":2,"gold_loss":0},{"damage_healed":0,"gold_gain":0,"player_choice":"Searched \u00271\u0027 times","damage_taken":0,"relics_obtained":["Paper Frog"],"max_hp_gain":0,"max_hp_loss":0,"event_name":"Dead Adventurer","floor":8,"gold_loss":0},{"damage_healed":0,"gold_gain":75,"player_choice":"Gather Gold","damage_taken":11,"max_hp_gain":0,"max_hp_loss":0,"event_name":"World of Goop","floor":13,"gold_loss":0},{"damage_healed":0,"gold_gain":0,"player_choice":"Shed Blood","damage_taken":20,"max_hp_gain":5,"max_hp_loss":0,"event_name":"Forgotten Altar","floor":19,"gold_loss":0},{"cards_removed":["Strike_R"],"damage_healed":0,"gold_gain":0,"player_choice":"Purged","damage_taken":0,"max_hp_gain":0,"max_hp_loss":0,"event_name":"Purifier","floor":21,"gold_loss":0},{"damage_healed":0,"gold_gain":99,"player_choice":"Stole From Cult","damage_taken":0,"max_hp_gain":0,"max_hp_loss":0,"event_name":"Nest","floor":30,"gold_loss":0},{"damage_healed":0,"gold_gain":0,"player_choice":"Max HP","damage_taken":0,"max_hp_gain":0,"max_hp_loss":4,"event_name":"Winding Halls","floor":37,"gold_loss":0},{"damage_healed":0,"gold_gain":0,"player_choice":"Copied","damage_taken":0,"max_hp_gain":0,"max_hp_loss":0,"event_name":"Duplicator","floor":38,"gold_loss":0,"cards_obtained":["Heavy Blade"]},{"damage_healed":0,"gold_gain":0,"player_choice":"Ignored","damage_taken":0,"max_hp_gain":0,"max_hp_loss":0,"event_name":"Mysterious Sphere","floor":46,"gold_loss":0}],"is_beta":false,"boss_relics":[{"not_picked":["Runic Dome","Sozu"],"picked":"Cursed Key"},{"not_picked":["SlaversCollar","SacredBark"],"picked":"Snecko Eye"}],"items_purged_floors":[22,36],"is_endless":false,"potions_floor_spawned":[1,6,10,23,28,35,39,42],"killed_by":"Awakened One","ascension_level":9}}