{"host":"5w5nlj9te6rhm47m","time":1608030572,"event":{"mods":["BaseMod","Downfall","Hermit","Minty Spire (QoL Compilation)","Replay The Spire","Shop Mod","StSLib"],"gold_per_floor":[99,133,65,65,65,97,97,22,57,57,232,246,346,346,358,358,358],"floor_reached":16,"playtime":1429,"items_purged":[],"score":139,"play_id":"964dc3b9-91f2-472d-bf7d-6ce0b745fef1","local_time":"20201215190932","is_ascension_mode":false,"campfire_choices":[{"floor":1.0,"key":"RECALL"},{"data":"champ:GladiatorStyle","floor":8,"key":"SMITH"},{"floor":10,"key":"REST"}],"circlet_count":0,"master_deck":["champ:Strike","champ:Strike+1","champ:Strike","champ:Strike","champ:Defend","champ:Defend","champ:Defend","champ:Defend+1","champ:Execute","champ:Taunt","champ:FlashCut","champ:GladiatorsShout","champ:IronFortress","champ:Backstep","champ:GladiatorStyle+1","champ:DefensiveStyle","Doubt","champ:BladeFlurry+1","champ:BringItOn+1","Regret","champ:Riposte"],"relics":["champ:ChampionCrown","downfall:HeartsMalice","MealTicket","ReplayTheSpireMod:TigerMarble","Letter Opener","downfall:HeartBlessingRed","Replay:Baseball","Champion Belt"],"acts_visited":["Exordium"],"potions_floor_usage":[9],"damage_taken":[{"damage":0.0,"enemies":"Lagavulin","floor":2.0,"turns":1.0},{"damage":0.0,"enemies":"downfall:FleeingMerchant","floor":3.0,"turns":1.0},{"damage":0.0,"enemies":"Cultist","floor":5.0,"turns":1.0},{"damage":44,"enemies":"3 Sentries","floor":6,"turns":15},{"damage":32,"enemies":"Lagavulin","floor":9,"turns":9},{"damage":0,"enemies":"2 Louse","floor":12,"turns":3},{"damage":1,"enemies":"2 Louse","floor":13,"turns":4},{"damage":6,"enemies":"Jaw Worm","floor":15,"turns":2},{"damage":57,"enemies":"downfall:Defect","floor":16,"turns":5}],"seed_played":"-7601459921214060568","potions_obtained":[{"floor":2.0,"key":"Regen Potion"},{"floor":6,"key":"Weak Potion"},{"floor":13,"key":"FearPotion"}],"is_trial":false,"path_per_floor":["R","E","$","?","M","E","T","R","E","R","?","M","?","?","M","B"],"character_chosen":"THE_CHAMP","items_purchased":["champ:IronFortress"],"campfire_rested":1,"item_purchase_floors":[3],"current_hp_per_floor":[90,90,90,90,90,49,49,49,32,59,59,59,58,58,52,0,0],"gold":358,"neow_bonus":"THREE_ENEMY_KILL","is_daily":false,"chose_seed":false,"campfire_upgraded":1,"win_rate":0.0,"timestamp":1608030572,"path_taken":["R","E","$","?","M","E","T","R","E","R","?","M","?","?","M","BOSS"],"items_purchased_type":["Card"],"build_version":"2020-12-13","purchased_purges":0,"victory":false,"max_hp_per_floor":[90,90,90,90,90,90,90,90,90,90,90,90,90,90,90,90,90],"card_choices":[{"not_picked":["champ:RecklessLeap","champ:GladiatorsShout"],"picked":"champ:FlashCut","floor":2.0},{"not_picked":["champ:GutPunch","champ:BerserkersShout"],"picked":"champ:GladiatorsShout","floor":3.0},{"not_picked":["champ:BerserkersShout","champ:CrookedStrike"],"picked":"champ:Backstep","floor":5.0},{"not_picked":["champ:StanceDance","champ:DefensiveShout"],"picked":"champ:GladiatorStyle","floor":6},{"not_picked":["champ:Backstep","champ:ShieldSlam"],"picked":"champ:DefensiveStyle","floor":9},{"not_picked":["champ:CalledShot","champ:GladiatorsShout"],"picked":"champ:BladeFlurry","floor":12},{"not_picked":["champ:CrookedStrike","champ:GladiatorsShout"],"picked":"champ:BringItOn","floor":13},{"not_picked":["champ:Circumvent","champ:ArenaPreparation"],"picked":"champ:Riposte","floor":15}],"player_experience":154858,"relics_obtained":[{"floor":2.0,"key":"MealTicket"},{"floor":6,"key":"ReplayTheSpireMod:TigerMarble"},{"floor":7,"key":"Letter Opener"},{"floor":9,"key":"Replay:Baseball"},{"floor":13,"key":"Champion Belt"}],"event_choices":[],"is_beta":false,"boss_relics":[],"items_purged_floors":[],"is_endless":false,"potions_floor_spawned":[2,6,13],"killed_by":"downfall:Defect","ascension_level":0}}