{"host":"etmsduvleanb5j7c","time":1608056823,"event":{"mods":["2.2 Compatiblity","BaseMod","Downfall","Minty Spire (QoL Compilation)","StSLib"],"gold_per_floor":[99,129,148,148,166,184,210,220,155,171,171,182,193,23,38,38,38],"floor_reached":16,"playtime":709,"items_purged":[],"score":96,"play_id":"bf0b86f0-27b2-4c94-a610-20c1473c5442","local_time":"20201215192703","is_ascension_mode":false,"campfire_choices":[{"floor":1,"key":"RECALL"},{"data":"Slimebound:Split","floor":4,"key":"SMITH"}],"circlet_count":0,"master_deck":["Slimebound:Strike_Slimebound","Slimebound:Strike_Slimebound","Slimebound:Strike_Slimebound","Slimebound:Tackle","Slimebound:Defend_Slimebound","Slimebound:Defend_Slimebound","Slimebound:Defend_Slimebound","Slimebound:Defend_Slimebound","Slimebound:Split+1","Slimebound:CorrosiveSpit","Slimebound:PressTheAttack","Slimebound:SamplingLick","Slimebound:GoopSpray","Slimebound:FinishingTackle","Slimebound:RallyTheTroops","Slimebound:LeechEnergy","Slimebound:SplitMire","Slimebound:LeechingTouch","Slimebound:LeechingTouch","Slimebound:LeechEnergy","Slimebound:FirmFortitude"],"relics":["Slimebound:AbsorbEndCombat","TungstenRod","Happy Flower","Slimebound:GreedOozeRelic","Centennial Puzzle"],"acts_visited":["Exordium"],"potions_floor_usage":[],"damage_taken":[{"damage":7,"enemies":"2 Louse","floor":3,"turns":4},{"damage":11,"enemies":"Jaw Worm","floor":5,"turns":2},{"damage":8,"enemies":"Small Slimes","floor":6,"turns":2},{"damage":12,"enemies":"Blue Slaver","floor":8,"turns":3},{"damage":10,"enemies":"downfall:FleeingMerchant","floor":9,"turns":4},{"damage":2,"enemies":"Exordium Wildlife","floor":10,"turns":3},{"damage":17,"enemies":"3 Louse","floor":12,"turns":2},{"damage":6,"enemies":"2 Fungi Beasts","floor":13,"turns":2},{"damage":18,"enemies":"downfall:FleeingMerchant","floor":14,"turns":4},{"damage":18,"enemies":"Exordium Wildlife","floor":15,"turns":3},{"damage":38,"enemies":"downfall:Ironclad","floor":16,"turns":3}],"seed_played":"7519201333511989312","potions_obtained":[{"floor":5,"key":"Fire Potion"},{"floor":6,"key":"Regen Potion"},{"floor":12,"key":"EssenceOfSteel"}],"is_trial":false,"path_per_floor":["R","?","M","R","M","M","T","M","$","M","?","M","M","$","M","B"],"character_chosen":"SLIMEBOUND","items_purchased":["Slimebound:LeechEnergy","Centennial Puzzle"],"campfire_rested":0,"item_purchase_floors":[9,14],"current_hp_per_floor":[54,54,51,51,53,54,54,52,54,54,54,45,41,39,27,0,0],"gold":38,"neow_bonus":"ONE_RARE_RELIC","is_daily":false,"chose_seed":false,"campfire_upgraded":1,"win_rate":0.0,"timestamp":1608056823,"path_taken":["R","?","M","R","M","M","T","M","$","M","?","M","M","$","M","BOSS"],"items_purchased_type":["Card","Relic"],"build_version":"2020-12-13","purchased_purges":0,"victory":false,"max_hp_per_floor":[54,54,54,54,54,54,54,54,54,54,54,54,54,54,54,54,54],"card_choices":[{"not_picked":["Slimebound:DivideAndConquer","Slimebound:FlameTackle"],"picked":"Slimebound:PressTheAttack","floor":3},{"not_picked":["Slimebound:Equalize","Slimebound:LeechingTouch"],"picked":"Slimebound:SamplingLick","floor":5},{"not_picked":["Slimebound:Schlurp","Slimebound:ComboTackle"],"picked":"Slimebound:GoopSpray","floor":6},{"not_picked":["Slimebound:ViciousTackle","Slimebound:ItLooksTasty"],"picked":"Slimebound:FinishingTackle","floor":8},{"not_picked":["Slimebound:RollThrough","Slimebound:MegaLick"],"picked":"Slimebound:RallyTheTroops","floor":9},{"not_picked":["Slimebound:DivideAndConquer","Slimebound:ServeAndProtect"],"picked":"Slimebound:SplitMire","floor":10},{"not_picked":["Slimebound:Dissolve","Slimebound:DivideAndConquer"],"picked":"Slimebound:LeechingTouch","floor":12},{"not_picked":["Slimebound:GoopSpray","Slimebound:ViciousTackle"],"picked":"Slimebound:LeechingTouch","floor":13},{"not_picked":["Slimebound:BestDefense","Slimebound:LevelUp"],"picked":"Slimebound:LeechEnergy","floor":14},{"not_picked":["Slimebound:RollThrough","Slimebound:BestDefense"],"picked":"Slimebound:FirmFortitude","floor":15}],"player_experience":122961,"relics_obtained":[{"floor":7,"key":"Happy Flower"}],"event_choices":[],"is_beta":false,"boss_relics":[],"items_purged_floors":[],"is_endless":false,"potions_floor_spawned":[5,6,12,15],"killed_by":"downfall:Ironclad","ascension_level":0}}