{"host":"bh6quz2fwdrf21ml","time":1608076755,"event":{"mods":["BaseMod","Better Note","Better Sensory Stone","Better Silent Start","Better Third Choice","BetterRewards","Colored Map","Colored Powertips","Emptier Cage","Friendly Minions","Hermit","Magitek Elite","Minty Spire (QoL Compilation)","Permanent Neow","Relic Filter","Replay The Spire","Robot Space Explorer","Shade Mod","Spicy Shops","StSLib","SuperFastMode"],"gold_per_floor":[109,59,77,77,38,38,38,54,54,65,65,65,65,83,83,182,182,198,12,32,32,48,48,62,78,78,78,78,94,94,111,111,210,210,228,101,101,101,116,116,62,62,62,62,62,80,80,92,92,92],"floor_reached":51,"playtime":3330,"items_purged":["Sickly"],"score":662,"play_id":"f50e5936-4305-4c88-b341-8c99e0bf4010","local_time":"20201215175915","is_ascension_mode":false,"campfire_choices":[{"data":"RobotSpaceExplorer:SurgingShield","floor":6.0,"key":"SMITH"},{"data":"RobotSpaceExplorer:Fix","floor":11.0,"key":"SMITH"},{"data":"RobotSpaceExplorer:Defend","floor":13.0,"key":"SMITH"},{"floor":15.0,"key":"REST"},{"data":"RobotSpaceExplorer:Counterblock","floor":23.0,"key":"SMITH"},{"data":"RobotSpaceExplorer:Jetpack","floor":30.0,"key":"SMITH"},{"floor":32.0,"key":"REST"},{"data":"RobotSpaceExplorer:DualCore","floor":40.0,"key":"SMITH"},{"data":"RobotSpaceExplorer:DoubleBlock","floor":42,"key":"SMITH"},{"data":"Madness","floor":45,"key":"SMITH"},{"data":"RobotSpaceExplorer:HighVoltage","floor":47,"key":"SMITH"},{"data":"RobotSpaceExplorer:LuckyStrike","floor":49,"key":"SMITH"}],"circlet_count":0,"master_deck":["RobotSpaceExplorer:Strike","RobotSpaceExplorer:Strike","RobotSpaceExplorer:Defend+1","RobotSpaceExplorer:Defend","RobotSpaceExplorer:Defend","RobotSpaceExplorer:Scan","RobotSpaceExplorer:MiniLasers","Trip+1","RobotSpaceExplorer:Electroshield","RobotSpaceExplorer:SurgingShield+1","RobotSpaceExplorer:DualCore+1","RobotSpaceExplorer:Fix+1","RobotSpaceExplorer:LuckyStrike+1","RobotSpaceExplorer:ShovelStrike","RobotSpaceExplorer:Asteroid","RobotSpaceExplorer:SurgingShield+1","RobotSpaceExplorer:Electropulse","RobotSpaceExplorer:DoubleFind+1","RobotSpaceExplorer:Counterblock+1","RobotSpaceExplorer:Discharger+1","RobotSpaceExplorer:ScrapToss+1","RobotSpaceExplorer:Jetpack+1","RobotSpaceExplorer:HighVoltage+1","RobotSpaceExplorer:FranticSearch+1","RobotSpaceExplorer:ShockKick","Madness","Madness+1","RobotSpaceExplorer:DoubleBlock+1","RobotSpaceExplorer:ShovelStrike+1","RobotSpaceExplorer:MiniDrones+1","RobotSpaceExplorer:Electroshield"],"relics":["RobotSpaceExplorer:TurboCore","Letter Opener","Art of War","Replay:Bottled Steam","Vajra","RobotSpaceExplorer:Reprocessor","Snack Pack","Pen Nib"],"acts_visited":["Exordium","TheCity","TheBeyond"],"potions_floor_usage":[50,50],"damage_taken":[{"damage":1.0,"enemies":"Cultist","floor":1.0,"turns":3.0},{"damage":0.0,"enemies":"2 Louse","floor":3.0,"turns":3.0},{"damage":0.0,"enemies":"Jaw Worm","floor":8.0,"turns":4.0},{"damage":10.0,"enemies":"Looter","floor":10.0,"turns":3.0},{"damage":0.0,"enemies":"3 Louse","floor":14.0,"turns":1.0},{"damage":0.0,"enemies":"Slime Boss","floor":16.0,"turns":8.0},{"damage":2.0,"enemies":"Shell Parasite","floor":18.0,"turns":4.0},{"damage":14.0,"enemies":"3 Byrds","floor":20.0,"turns":6.0},{"damage":1.0,"enemies":"Cultist and Chosen","floor":22.0,"turns":3.0},{"damage":0.0,"enemies":"Centurion and Healer","floor":24.0,"turns":3.0},{"damage":6.0,"enemies":"Chosen and Byrds","floor":25.0,"turns":5.0},{"damage":20.0,"enemies":"Snake Plant","floor":29.0,"turns":4.0},{"damage":1.0,"enemies":"3 Cultists","floor":31.0,"turns":4.0},{"damage":18.0,"enemies":"Collector","floor":33.0,"turns":11.0},{"damage":0.0,"enemies":"Orb Walker","floor":35.0,"turns":3.0},{"damage":2.0,"enemies":"3 Darklings","floor":39.0,"turns":4.0},{"damage":0,"enemies":"Sphere and 2 Shapes","floor":46,"turns":6},{"damage":0,"enemies":"Jaw Worm Horde","floor":48,"turns":3},{"damage":75,"enemies":"Donu and Deca","floor":50,"turns":10}],"seed_played":"8679414250409889943","potions_obtained":[{"floor":8.0,"key":"Fire Potion"},{"floor":10.0,"key":"Explosive Potion"},{"floor":14.0,"key":"SpeedPotion"},{"floor":16.0,"key":"SmokeBomb"},{"floor":22.0,"key":"EssenceOfSteel"},{"floor":29.0,"key":"Block Potion"},{"floor":33.0,"key":"SmokeBomb"},{"floor":35.0,"key":"Toxic Potion"}],"is_trial":false,"path_per_floor":["M","?","M","?","$","R","$","M","T","M","R","?","R","M","R","B",null,"M","$","M","?","M","R","M","M","T","?","?","M","R","M","R","B",null,"M","$","?","?","M","R","$","R","T","?","R","M","R","M","R","B",null],"character_chosen":"RobotSpaceExplorer","items_purchased":["RobotSpaceExplorer:DualCore","Art of War","RobotSpaceExplorer:Electropulse","RobotSpaceExplorer:ShockKick","RobotSpaceExplorer:ShovelStrike+1"],"campfire_rested":2,"item_purchase_floors":[5,19,19,36,41],"current_hp_per_floor":[74,74,74,59,59,59,59,59,59,53,53,46,46,46,68,74,75,73,73,59,59,58,58,64,64,64,64,64,50,50,55,75,57,75,75,75,66,66,64,64,64,64,64,64,64,70,70,72,72,7],"gold":92,"neow_bonus":"RANDOM_COLORLESS","is_daily":false,"chose_seed":false,"campfire_upgraded":10,"win_rate":0.0,"timestamp":1608076755,"path_taken":["M","?","M","?","?","R","$","M","T","M","R","?","R","M","R","BOSS","M","$","M","?","M","R","M","M","T","?","?","M","R","M","R","BOSS","M","?","?","?","M","R","$","R","T","?","R","?","R","M","R","BOSS"],"items_purchased_type":["Card","Relic","Card","Card","Card"],"build_version":"2020-12-13","purchased_purges":1,"victory":true,"max_hp_per_floor":[75,75,75,75,75,75,75,75,75,75,75,75,75,75,75,75,75,75,75,75,75,75,75,75,75,75,75,75,75,75,75,75,75,75,75,75,75,75,75,75,75,75,75,75,75,75,75,75,75,75],"card_choices":[{"not_picked":["Enlightenment","Madness"],"picked":"Trip","floor":0.0},{"not_picked":["RobotSpaceExplorer:ImprovisedAttack","RobotSpaceExplorer:StarDust"],"picked":"RobotSpaceExplorer:Electroshield","floor":1.0},{"not_picked":["RobotSpaceExplorer:FranticSearch","RobotSpaceExplorer:ImprovisedAttack"],"picked":"RobotSpaceExplorer:SurgingShield","floor":3.0},{"not_picked":["RobotSpaceExplorer:ShovelStrike","RobotSpaceExplorer:ShockKick"],"picked":"RobotSpaceExplorer:Fix","floor":8.0},{"not_picked":["RobotSpaceExplorer:ShockMissile","RobotSpaceExplorer:TurboDodge"],"picked":"RobotSpaceExplorer:LuckyStrike","floor":10.0},{"not_picked":["RobotSpaceExplorer:GearShield","RobotSpaceExplorer:Fix"],"picked":"RobotSpaceExplorer:ShovelStrike","floor":14.0},{"not_picked":["RobotSpaceExplorer:Multitool","RobotSpaceExplorer:Blaster"],"picked":"RobotSpaceExplorer:Asteroid","floor":16.0},{"not_picked":["RobotSpaceExplorer:ImprovisedAttack","RobotSpaceExplorer:FrostMissile"],"picked":"RobotSpaceExplorer:SurgingShield+1","floor":18.0},{"not_picked":["RobotSpaceExplorer:SurgingStrike","RobotSpaceExplorer:Counterblock"],"picked":"RobotSpaceExplorer:DoubleFind+1","floor":20.0},{"not_picked":["RobotSpaceExplorer:MakeshiftVolley","RobotSpaceExplorer:StarDust"],"picked":"RobotSpaceExplorer:Counterblock","floor":22.0},{"not_picked":["RobotSpaceExplorer:SurgingStrike","RobotSpaceExplorer:MiniDrones"],"picked":"RobotSpaceExplorer:Discharger+1","floor":24.0},{"not_picked":["RobotSpaceExplorer:Pulsar","RobotSpaceExplorer:ImprovisedAttack"],"picked":"RobotSpaceExplorer:ScrapToss+1","floor":25.0},{"not_picked":["RobotSpaceExplorer:GlueShot","RobotSpaceExplorer:ShockKick"],"picked":"RobotSpaceExplorer:Jetpack","floor":29.0},{"not_picked":["RobotSpaceExplorer:SurgingStrike","RobotSpaceExplorer:SlimeMissile+1","RobotSpaceExplorer:ImprovisedAttack+1"],"picked":"SKIP","floor":31.0},{"not_picked":["RobotSpaceExplorer:Autoloader","RobotSpaceExplorer:Comet"],"picked":"RobotSpaceExplorer:HighVoltage","floor":33.0},{"not_picked":["RobotSpaceExplorer:GlueSpray","RobotSpaceExplorer:ShovelStrike"],"picked":"RobotSpaceExplorer:FranticSearch+1","floor":35.0},{"not_picked":["RobotSpaceExplorer:SurgingStrike","RobotSpaceExplorer:ShockKick"],"picked":"RobotSpaceExplorer:DoubleBlock","floor":39.0},{"not_picked":["RobotSpaceExplorer:FrostMissile+1","RobotSpaceExplorer:Jetpack+1"],"picked":"RobotSpaceExplorer:MiniDrones+1","floor":46},{"not_picked":["RobotSpaceExplorer:SlimeMissile","RobotSpaceExplorer:SurgingShield"],"picked":"RobotSpaceExplorer:Electroshield","floor":48}],"player_experience":862271,"relics_obtained":[{"floor":9.0,"key":"Letter Opener"},{"floor":26.0,"key":"Replay:Bottled Steam"},{"floor":43,"key":"Snack Pack"}],"event_choices":[{"cards_removed":["RobotSpaceExplorer:Defend"],"damage_healed":0.0,"max_hp_gain":0.0,"max_hp_loss":0.0,"gold_gain":0.0,"event_name":"The Cleric","player_choice":"Card Removal","floor":2.0,"gold_loss":50.0,"damage_taken":0.0},{"damage_healed":74.0,"max_hp_gain":0.0,"max_hp_loss":75.0,"gold_gain":0.0,"event_name":"betterThird:BetterShining","player_choice":"Upgrade","floor":4.0,"gold_loss":0.0,"damage_taken":15.0,"cards_upgraded":["RobotSpaceExplorer:Strike","Trip"]},{"cards_removed":["RobotSpaceExplorer:Strike"],"damage_healed":0.0,"max_hp_gain":0.0,"max_hp_loss":0.0,"gold_gain":0.0,"event_name":"Golden Wing","player_choice":"Card Removal","floor":12.0,"gold_loss":0.0,"damage_taken":7.0},{"damage_healed":0.0,"max_hp_gain":0.0,"max_hp_loss":0.0,"gold_gain":0.0,"event_name":"betterNote:BetterNote","player_choice":"Ignored","floor":21.0,"gold_loss":0.0,"damage_taken":0.0,"cards_obtained":["Shade:Defend_Shade"]},{"damage_healed":0.0,"max_hp_gain":0.0,"max_hp_loss":0.0,"gold_gain":0.0,"event_name":"Winding Halls","player_choice":"Embrace Madness","floor":37.0,"gold_loss":0.0,"damage_taken":9.0,"cards_obtained":["Madness","Madness"]},{"cards_removed":["RobotSpaceExplorer:Strike"],"damage_healed":0.0,"max_hp_gain":0.0,"max_hp_loss":0.0,"gold_gain":0.0,"event_name":"Falling","player_choice":"Removed Attack","floor":38.0,"gold_loss":0.0,"damage_taken":0.0},{"damage_healed":0,"gold_gain":0,"player_choice":"Gave Potion","damage_taken":0,"relics_obtained":["Pen Nib"],"max_hp_gain":0,"max_hp_loss":0,"event_name":"WeMeetAgain","floor":44,"gold_loss":0}],"is_beta":false,"boss_relics":[{"not_picked":["Gem_Box","Abe\u0027s Treasure"],"picked":"RobotSpaceExplorer:TurboCore"},{"not_picked":["Replay:Bronze Core","Cursed Key"],"picked":"RobotSpaceExplorer:Reprocessor"}],"items_purged_floors":[36],"is_endless":false,"potions_floor_spawned":[8,10,14,16,22,29,33,35],"ascension_level":0}}