{"host":"yb1yv0i4ygq2c9jc","time":1608054509,"event":{"mods":["AchievementEnabler","BaseMod","Bestiary","Better Third Choice","Colored Powertips","Displayed Cursed Tome","Downfall","Mimic Mod","Minty Spire (QoL Compilation)","Rare Cards Sparkle","Relic Stats","StSLib","The Servant 0.9.4"],"gold_per_floor":[99,130,130,148,148,173,198,26,56,56,56],"floor_reached":10,"playtime":358,"items_purged":["Strike_B"],"score":76,"play_id":"8deb3075-a9af-4ea7-abeb-ac486485ad84","local_time":"20201215094829","is_ascension_mode":true,"campfire_choices":[{"data":"Zap","floor":1.0,"key":"SMITH"}],"circlet_count":0,"master_deck":["Strike_B+1","Strike_B+1","Strike_B+1","Defend_B","Defend_B","Defend_B","Defend_B+1","Zap+1","Dualcast","Capacitor","Machine Learning+1","Barrage","Regret","Coolheaded+1","Ball Lightning","Self Repair"],"relics":["Cracked Core","Toxic Egg 2","Whetstone","Blood Vial","Shovel"],"acts_visited":["Exordium"],"potions_floor_usage":[10],"damage_taken":[{"damage":29.0,"enemies":"3 Sentries","floor":2.0,"turns":8.0},{"damage":7.0,"enemies":"2 Louse","floor":4.0,"turns":2.0},{"damage":15.0,"enemies":"Lagavulin","floor":6.0,"turns":7.0},{"damage":8.0,"enemies":"downfall:FleeingMerchant","floor":8.0,"turns":4.0},{"damage":33,"enemies":"Gremlin Nob","floor":10,"turns":3}],"seed_played":"1845519569457464966","potions_obtained":[{"floor":4.0,"key":"EssenceOfSteel"},{"floor":6.0,"key":"Explosive Potion"}],"is_trial":false,"path_per_floor":["R","E","?","M","?","E","T","$","?","E"],"character_chosen":"DEFECT","items_purchased":["Self Repair"],"campfire_rested":0,"item_purchase_floors":[8],"current_hp_per_floor":[75,46,46,39,39,24,24,18,18,0,0],"gold":56,"neow_bonus":"THREE_CARDS","is_daily":false,"chose_seed":false,"campfire_upgraded":1,"win_rate":0.0,"timestamp":1608054509,"path_taken":["R","E","?","M","?","E","T","$","?","E"],"items_purchased_type":["Card"],"build_version":"2020-12-13","purchased_purges":1,"victory":false,"max_hp_per_floor":[75,75,75,75,75,75,75,75,75,75,75],"relic_stats":{"Blood Vial":4,"Shovel":0,"counters":[5,24],"Whetstone":["Strike_B","Strike_B"],"obtain_stats":[{"Blood Vial":7,"Shovel":9,"Whetstone":6,"Toxic Egg 2":2,"Cracked Core":0},{"Blood Vial":3,"Shovel":4,"Whetstone":3,"Toxic Egg 2":1,"Cracked Core":0},{"Blood Vial":17,"Shovel":21,"Whetstone":17,"Toxic Egg 2":8,"Cracked Core":0}]},"card_choices":[{"not_picked":["Conserve Battery","Compile Driver"],"picked":"Capacitor","floor":0.0},{"not_picked":["Ball Lightning","Conserve Battery+1"],"picked":"Machine Learning","floor":2.0},{"not_picked":["Hello World","Beam Cell"],"picked":"Barrage","floor":4.0},{"not_picked":["Sweeping Beam","Streamline"],"picked":"Coolheaded+1","floor":6.0},{"not_picked":["Machine Learning","Turbo+1"],"picked":"Ball Lightning","floor":8.0}],"player_experience":359702,"relics_obtained":[{"floor":2.0,"key":"Toxic Egg 2"},{"floor":6.0,"key":"Whetstone"},{"floor":7.0,"key":"Blood Vial"}],"event_choices":[],"is_beta":false,"boss_relics":[],"items_purged_floors":[8],"is_endless":false,"potions_floor_spawned":[4,6],"killed_by":"Gremlin Nob","ascension_level":1}}