{"host":"e4hse1vg61zltgzv","time":1608016026,"event":{"mods":["AchievementEnabler","BaseMod","Block Reminder","Colored Map","DeckTracker","GifTheSpireLib","Minty Spire (QoL Compilation)","Rare Cards Sparkle","StSLib","SuperFastMode","everything is the same but u backflip on backflip"],"gold_per_floor":[150,201,252,303,333,417,456,531,580,52,145,247,346,433,433,661,661,706,706,748,799,799,799],"floor_reached":22,"playtime":314,"items_purged":[],"score":976,"play_id":"4f37b82f-8ee5-406f-93d1-e984125d1a8f","local_time":"20201215160706","daily_mods":["Flight","DeadlyEvents","Binary","Elite Swarm","Lethality","Midas"],"is_ascension_mode":true,"campfire_choices":[{"floor":15.0,"key":"DIG"}],"circlet_count":0,"master_deck":["Body Slam+1","Entrench+1","Evolve"],"relics":["Burning Blood","TheAbacus","Anchor","Unceasing Top","Singing Bowl","Shovel","Smiling Mask","Gremlin Horn","Mummified Hand","ClockworkSouvenir","Thread and Needle","Toxic Egg 2","Happy Flower","Pen Nib","Ancient Tea Set","Calipers","Runic Pyramid"],"acts_visited":["Exordium","TheCity"],"potions_floor_usage":[],"damage_taken":[{"damage":0.0,"enemies":"Jaw Worm","floor":1.0,"turns":1.0},{"damage":0.0,"enemies":"Cultist","floor":2.0,"turns":1.0},{"damage":0.0,"enemies":"Small Slimes","floor":3.0,"turns":1.0},{"damage":0.0,"enemies":"Looter","floor":4.0,"turns":1.0},{"damage":0.0,"enemies":"Exordium Thugs","floor":5.0,"turns":1.0},{"damage":0.0,"enemies":"Lagavulin","floor":6.0,"turns":1.0},{"damage":0.0,"enemies":"Exordium Wildlife","floor":7.0,"turns":1.0},{"damage":0.0,"enemies":"3 Sentries","floor":8.0,"turns":1.0},{"damage":0.0,"enemies":"Lagavulin","floor":11.0,"turns":1.0},{"damage":0.0,"enemies":"3 Sentries","floor":12.0,"turns":1.0},{"damage":0.0,"enemies":"Lagavulin","floor":13.0,"turns":1.0},{"damage":0.0,"enemies":"Gremlin Nob","floor":14.0,"turns":1.0},{"damage":0.0,"enemies":"The Guardian","floor":16.0,"turns":2.0},{"damage":0.0,"enemies":"Chosen","floor":18.0,"turns":1.0},{"damage":0.0,"enemies":"Shell Parasite","floor":20.0,"turns":1.0},{"damage":0.0,"enemies":"3 Cultists","floor":21.0,"turns":1.0}],"seed_played":"-74355443478246945","potions_obtained":[{"floor":2.0,"key":"FearPotion"},{"floor":3.0,"key":"FearPotion"},{"floor":7.0,"key":"LiquidMemories"}],"is_trial":true,"path_per_floor":["M","M","M","M","M","E","M","E","T","$","E","E","E","E","R","B",null,"M","?","M","M","$"],"character_chosen":"IRONCLAD","items_purchased":["Evolve","Mummified Hand","ClockworkSouvenir"],"campfire_rested":0,"item_purchase_floors":[10,10,10],"current_hp_per_floor":[76,79,81,83,85,87,89,91,91,91,93,95,97,99,99,101,101,103,103,105,107,107,107],"gold":799,"neow_bonus":"","is_daily":false,"chose_seed":false,"campfire_upgraded":0,"win_rate":0.0,"timestamp":1608016026,"path_taken":["M","M","M","M","M","E","M","E","T","$","E","E","E","E","R","BOSS","M","?","M","M","$"],"items_purchased_type":["Card","Relic","Relic"],"build_version":"2020-12-13","purchased_purges":0,"victory":false,"max_hp_per_floor":[77,79,81,83,85,87,89,91,91,91,93,95,97,99,99,101,101,103,103,105,107,107,107],"card_choices":[{"not_picked":["Thunderclap","Entrench"],"picked":"Singing Bowl","floor":1.0},{"not_picked":["Heavy Blade","Clash"],"picked":"Singing Bowl","floor":2.0},{"not_picked":["Pommel Strike","Headbutt"],"picked":"Singing Bowl","floor":3.0},{"not_picked":["Rage","Blood for Blood"],"picked":"Singing Bowl","floor":4.0},{"not_picked":["Body Slam","Headbutt"],"picked":"Singing Bowl","floor":5.0},{"not_picked":["Juggernaut","Demon Form"],"picked":"Singing Bowl","floor":6.0},{"not_picked":["Thunderclap","Heavy Blade"],"picked":"Singing Bowl","floor":7.0},{"not_picked":["Bludgeon","Impervious"],"picked":"Singing Bowl","floor":8.0},{"not_picked":["Demon Form","Berserk"],"picked":"Singing Bowl","floor":11.0},{"not_picked":["Double Tap+1","Barricade"],"picked":"Singing Bowl","floor":12.0},{"not_picked":["Offering+1","Corruption"],"picked":"Singing Bowl","floor":13.0},{"not_picked":["Corruption","Offering+1"],"picked":"Singing Bowl","floor":14.0},{"not_picked":["Exhume+1","Double Tap+1"],"picked":"Singing Bowl","floor":16.0},{"not_picked":["Iron Wave+1","Flex+1"],"picked":"Singing Bowl","floor":18.0},{"not_picked":["Searing Blow","Headbutt"],"picked":"Singing Bowl","floor":20.0},{"not_picked":["Clothesline","Headbutt+1"],"picked":"Singing Bowl","floor":21.0}],"player_experience":735716,"relics_obtained":[{"floor":6.0,"key":"Smiling Mask"},{"floor":8.0,"key":"Gremlin Horn"},{"floor":11.0,"key":"Thread and Needle"},{"floor":12.0,"key":"Toxic Egg 2"},{"floor":13.0,"key":"Happy Flower"},{"floor":14.0,"key":"Pen Nib"},{"floor":15.0,"key":"Ancient Tea Set"}],"event_choices":[{"damage_healed":0.0,"max_hp_gain":0.0,"max_hp_loss":0.0,"gold_gain":0.0,"event_name":"Lab","player_choice":"Got Potions","floor":19.0,"gold_loss":0.0,"damage_taken":0.0}],"is_beta":false,"boss_relics":[{"not_picked":["Calling Bell","Tiny House"],"picked":"Runic Pyramid"}],"items_purged_floors":[],"is_endless":false,"potions_floor_spawned":[2,3,5,7,8,11,16,18,21],"ascension_level":20}}