{"host":"hdafziggwnbzqpcb","time":1608064280,"event":{"mods":["BaseMod","Better Vampires","Colored Map","Colored Powertips","GifTheSpireLib","Minty Spire (QoL Compilation)","Quick Restart","Rare Cards Sparkle","StSLib","The Bug Knight","The Cursed","TheHero"],"gold_per_floor":[114,127,4,18,93,93,103,103,148,148,164,164,176,176,176,281,281,296,196,215,140,160,160,193,89,89,89,89,99,131,131,131,131,131],"floor_reached":33,"playtime":1563,"items_purged":["HollowMod:QuickDashStart","HollowMod:QuickDashStart"],"score":280,"play_id":"b9e85679-b901-4d74-924c-dd188c57f159","local_time":"20201215123120","is_ascension_mode":false,"campfire_choices":[{"data":"HollowMod:CycloneSlash","floor":6.0,"key":"SMITH"},{"data":"HollowMod:CycloneSlash","floor":8.0,"key":"SMITH"},{"data":"HollowMod:PureNailStrike","floor":12.0,"key":"SMITH"},{"data":"HollowMod:PogoStrike","floor":15.0,"key":"SMITH"},{"floor":23.0,"key":"REST"},{"data":"HollowMod:DashSlash","floor":28.0,"key":"SMITH"},{"floor":32,"key":"REST"}],"circlet_count":0,"master_deck":["HollowMod:NailStrikeStart","HollowMod:NailStrikeStart","HollowMod:QuickDashStart","HollowMod:QuickDashStart","HollowMod:FocusHealStart+1","HollowMod:PogoStrike+1","HollowMod:CycloneSlash+1","HollowMod:DashSlash+1","HollowMod:DashSlash","HollowMod:CycloneSlash+1","HollowMod:PureNailStrike+1","HollowMod:Weaversong","HollowMod:DashSlash"],"relics":["HollowMod:VesselMask","Black Star","HollowMod:GreatKnightMask","Pantograph","Art of War","Pocketwatch"],"acts_visited":["Exordium","TheCity"],"potions_floor_usage":[33],"damage_taken":[{"damage":3.0,"enemies":"Jaw Worm","floor":1.0,"turns":4.0},{"damage":7.0,"enemies":"2 Louse","floor":2.0,"turns":3.0},{"damage":3.0,"enemies":"Small Slimes","floor":4.0,"turns":3.0},{"damage":8.0,"enemies":"Gremlin Gang","floor":7.0,"turns":6.0},{"damage":0.0,"enemies":"3 Louse","floor":11.0,"turns":2.0},{"damage":9.0,"enemies":"Red Slaver","floor":13.0,"turns":3.0},{"damage":10.0,"enemies":"Slime Boss","floor":16.0,"turns":9.0},{"damage":22.0,"enemies":"2 Thieves","floor":18.0,"turns":3.0},{"damage":10.0,"enemies":"Spheric Guardian","floor":20.0,"turns":3.0},{"damage":39.0,"enemies":"Snake Plant","floor":22.0,"turns":4.0},{"damage":0.0,"enemies":"HollowMod:Zote","floor":24.0,"turns":2.0},{"damage":20.0,"enemies":"Shelled Parasite and Fungi","floor":29.0,"turns":3.0},{"damage":36,"enemies":"Gremlin Leader","floor":30,"turns":5},{"damage":70,"enemies":"HollowMod:NKGrimm","floor":33,"turns":10}],"seed_played":"991397155529606816","potions_obtained":[{"floor":1.0,"key":"Swift Potion"},{"floor":4.0,"key":"GamblersBrew"},{"floor":20.0,"key":"Ancient Potion"}],"is_trial":false,"path_per_floor":["M","M","$","M","?","R","M","R","T","?","M","R","M","?","R","B",null,"M","$","M","?","M","R","?","$","T","?","R","M","E","?","R","B"],"character_chosen":"THE_BUGKNIGHT","items_purchased":["HollowMod:DashSlash","FairyPotion"],"campfire_rested":2,"item_purchase_floors":[3,25],"current_hp_per_floor":[75,74,74,72,61,61,63,63,63,63,69,69,66,66,66,67,75,59,59,55,55,22,44,44,44,44,44,44,24,10,10,32,0,0],"gold":131,"neow_bonus":"UPGRADE_CARD","is_daily":false,"chose_seed":false,"campfire_upgraded":5,"win_rate":0.0,"timestamp":1608064280,"path_taken":["M","M","$","M","?","R","M","R","T","?","M","R","M","?","R","BOSS","M","$","M","?","M","R","?","$","T","?","R","?","E","?","R","BOSS"],"items_purchased_type":["Card","Potion"],"build_version":"2020-12-13","purchased_purges":2,"victory":false,"max_hp_per_floor":[75,75,75,75,75,75,75,75,75,75,75,75,75,75,75,75,75,75,75,75,75,75,75,75,75,75,75,75,75,75,75,75,75,75],"card_choices":[{"not_picked":["HollowMod:InfectedCysts","HollowMod:AbyssShriek","HollowMod:InfectedAttack"],"picked":"SKIP","floor":1.0},{"not_picked":["HollowMod:DescendingDark","HollowMod:DashSlash"],"picked":"HollowMod:CycloneSlash","floor":2.0},{"not_picked":["HollowMod:ChannelNail","HollowMod:SoulSplash"],"picked":"HollowMod:DashSlash","floor":4.0},{"not_picked":["HollowMod:CloakDash","HollowMod:BaldurShell"],"picked":"HollowMod:CycloneSlash","floor":7.0},{"not_picked":["HollowMod:ShadowDash","HollowMod:LifebloodCore"],"picked":"HollowMod:PureNailStrike","floor":11.0},{"not_picked":["HollowMod:LifebloodCocoon","HollowMod:CrystalDash","HollowMod:InfectedCysts"],"picked":"SKIP","floor":13.0},{"not_picked":["HollowMod:HornetsHelp","HollowMod:NewInfectedGuardian"],"picked":"HollowMod:Weaversong","floor":16.0},{"not_picked":["HollowMod:PerfectDash","HollowMod:SharpenedNail","HollowMod:MawleksShell"],"picked":"SKIP","floor":18.0},{"not_picked":["HollowMod:BaldurShell","HollowMod:SiblingsSouls","HollowMod:DreamGate"],"picked":"SKIP","floor":20.0},{"not_picked":["HollowMod:WraithStrike","HollowMod:GrimmsGift+1","HollowMod:CloakDash+1"],"picked":"SKIP","floor":22.0},{"not_picked":["HollowMod:MonarchWings","HollowMod:PerfectDash"],"picked":"HollowMod:DashSlash","floor":24.0},{"not_picked":["HollowMod:PureNailStrike","HollowMod:SharpenedShadows","HollowMod:DungDefenderAura"],"picked":"SKIP","floor":29.0},{"not_picked":["HollowMod:NewJinnsSoul+1","HollowMod:InfectedAttack","HollowMod:AbyssShriek+1"],"picked":"SKIP","floor":30}],"player_experience":605498,"relics_obtained":[{"floor":24.0,"key":"HollowMod:GreatKnightMask"},{"floor":26.0,"key":"Pantograph"},{"floor":30,"key":"Art of War"},{"floor":30,"key":"Pocketwatch"}],"event_choices":[{"damage_healed":0.0,"max_hp_gain":0.0,"max_hp_loss":0.0,"gold_gain":75.0,"event_name":"World of Goop","player_choice":"Gather Gold","floor":5.0,"gold_loss":0.0,"damage_taken":11.0},{"cards_removed":["HollowMod:NailStrikeStart"],"damage_healed":0.0,"max_hp_gain":0.0,"max_hp_loss":0.0,"gold_gain":0.0,"event_name":"Living Wall","player_choice":"Forget","floor":10.0,"gold_loss":0.0,"damage_taken":0.0},{"damage_healed":0.0,"max_hp_gain":0.0,"max_hp_loss":0.0,"gold_gain":0.0,"event_name":"Liars Game","player_choice":"Ignored","floor":14.0,"gold_loss":0.0,"damage_taken":0.0},{"cards_removed":["HollowMod:NailStrikeStart"],"damage_healed":0.0,"max_hp_gain":0.0,"max_hp_loss":0.0,"gold_gain":0.0,"event_name":"Beggar","player_choice":"Gave Gold","floor":21.0,"gold_loss":75.0,"damage_taken":0.0},{"damage_healed":0.0,"max_hp_gain":0.0,"max_hp_loss":0.0,"gold_gain":0.0,"event_name":"Lab","player_choice":"Got Potions","floor":27.0,"gold_loss":0.0,"damage_taken":0.0},{"damage_healed":0,"gold_gain":0,"player_choice":"0 cards matched","damage_taken":0,"max_hp_gain":0,"max_hp_loss":0,"event_name":"Match and Keep!","floor":31,"gold_loss":0,"cards_obtained":[]}],"is_beta":false,"boss_relics":[{"not_picked":["Ectoplasm","Runic Pyramid"],"picked":"Black Star"}],"items_purged_floors":[3,19],"is_endless":false,"potions_floor_spawned":[1,4,20,29],"killed_by":"HollowMod:NKGrimm","ascension_level":0}}