{"host":"0cm5wy4nhuju7tij","time":1608012526,"event":{"mods":["2.2 Compatiblity","AchievementEnabler","BaseMod","Better Third Choice","BetterRewards","CCEM","Colored Powertips","Custom Start","Displayed Cursed Tome","Downfall","Filter the Spire","Fireblade Mod","Hermit","Highlight Path","Minty Spire (QoL Compilation)","Permanent Neow","Pikachu Mod","Railgun Mod","Shop Mod","Spicy Shops","StSLib","The Bladedancer","The Elementalist","TheWitcher"],"gold_per_floor":[117,131,131,149,163,163,191,203,228,228,244,244,298,322,322,442,442,466,481,105,120,120,120,120,120],"floor_reached":24,"playtime":1282,"items_purged":["TheRailgun:Strike","TheRailgun:Strike"],"score":210,"play_id":"627f0f2a-4e7a-4f9c-997a-f06bd529104c","local_time":"20201215010846","is_ascension_mode":true,"campfire_choices":[{"data":"TheRailgun:Judgement_Officer","floor":6,"key":"SMITH"},{"floor":12,"key":"REST"},{"data":"TheRailgun:Oneesama","floor":15,"key":"SMITH"},{"data":"TheRailgun:Level_6","floor":23,"key":"SMITH"}],"circlet_count":0,"master_deck":["TheRailgun:Strike","TheRailgun:Strike","TheRailgun:Defend","TheRailgun:Defend+1","TheRailgun:Defend+1","TheRailgun:Defend","TheRailgun:Discharge","TheRailgun:Static","TheRailgun:Zip","Dark Shackles+1","TheRailgun:Crack","Chrysalis+1","TheRailgun:Sister_Network","expansioncontent:CaCaw+1","TheRailgun:Teleporter","TheRailgun:Judgement_Officer+1","TheRailgun:Iron_Dust_Sword","TheRailgun:Oneesama+1","TheRailgun:Iron_Dust_Sword","TheRailgun:Token_Collection","TheRailgun:Level_6+1","TheRailgun:Positive_Field","TheRailgun:Teleporter","TheRailgun:Iron_Dust_Shield","TheRailgun:Gekotamania+1"],"relics":["TheRailgun:CoinRelic","CCEMRelics:FestiveHat","Centennial Puzzle","Omamori","Golden Idol","Strawberry","Busted Crown","Orrery"],"acts_visited":["Exordium","TheCity"],"potions_floor_usage":[],"damage_taken":[{"damage":5,"enemies":"Jaw Worm","floor":1,"turns":2},{"damage":1,"enemies":"2 Louse","floor":2,"turns":3},{"damage":0,"enemies":"Cultist","floor":4,"turns":3},{"damage":0,"enemies":"Large Slime","floor":5,"turns":4},{"damage":6,"enemies":"Gremlin Nob","floor":7,"turns":3},{"damage":15,"enemies":"Exordium Wildlife","floor":8,"turns":4},{"damage":2,"enemies":"Looter","floor":11,"turns":3},{"damage":7,"enemies":"2 Fungi Beasts","floor":14,"turns":3},{"damage":25,"enemies":"Slime Boss","floor":16,"turns":8},{"damage":2,"enemies":"Chosen","floor":18,"turns":4},{"damage":0,"enemies":"Shell Parasite","floor":19,"turns":2},{"damage":31,"enemies":"Cultist and Chosen","floor":21,"turns":5},{"damage":39,"enemies":"Slavers","floor":24,"turns":2}],"seed_played":"-8706709508885580864","potions_obtained":[{"floor":5,"key":"LiquidMemories"},{"floor":7,"key":"SmokeBomb"},{"floor":8,"key":"BlessingOfTheForge"},{"floor":21,"key":"FearPotion"}],"is_trial":false,"path_per_floor":["M","M","?","M","M","R","E","M","T","?","M","R","T","M","R","B",null,"M","M","$","M","?","R","E"],"character_chosen":"THE_DEFAULT","items_purchased":["TheRailgun:Positive_Field","Orrery"],"campfire_rested":1,"item_purchase_floors":[20,20],"current_hp_per_floor":[65,64,50,50,50,50,44,29,29,29,27,46,53,46,46,21,72,70,70,70,39,39,39,0,0],"gold":120,"neow_bonus":"RANDOM_COMMON_RELIC","is_daily":false,"chose_seed":false,"campfire_upgraded":3,"win_rate":0.0,"timestamp":1608012526,"path_taken":["M","M","?","M","M","R","E","M","T","?","M","R","?","M","R","BOSS","M","M","$","M","?","R","E"],"items_purchased_type":["Card","Relic"],"build_version":"2020-12-13","purchased_purges":2,"victory":false,"max_hp_per_floor":[70,70,70,70,70,70,70,70,70,65,65,65,72,72,72,72,72,72,72,72,72,72,72,72,72],"card_choices":[{"not_picked":["expansioncontent:DecasProtection+1","Panacea+1"],"picked":"Dark Shackles+1","floor":1},{"not_picked":["TheRailgun:Circuit_Breaker","TheRailgun:Static"],"picked":"TheRailgun:Crack","floor":1},{"not_picked":["Dark Shackles+1","Thinking Ahead+1"],"picked":"Chrysalis+1","floor":2},{"not_picked":["TheRailgun:Spark","TheRailgun:Discharge"],"picked":"TheRailgun:Sister_Network","floor":2},{"not_picked":["Forethought+1","expansioncontent:Chronoboost+1"],"picked":"expansioncontent:CaCaw+1","floor":4},{"not_picked":["TheRailgun:Thunderjolt","TheRailgun:Sister_Noise"],"picked":"TheRailgun:Teleporter","floor":4},{"not_picked":["TheRailgun:Recharge","TheRailgun:Zap"],"picked":"TheRailgun:Judgement_Officer","floor":5},{"not_picked":["TheRailgun:Discharge","TheRailgun:Electrical_Fire"],"picked":"TheRailgun:Iron_Dust_Sword","floor":7},{"not_picked":["TheRailgun:Thunderjolt","TheRailgun:Lightningbolt"],"picked":"TheRailgun:Oneesama","floor":8},{"not_picked":["TheRailgun:Static","TheRailgun:Recharge"],"picked":"TheRailgun:Iron_Dust_Sword","floor":11},{"not_picked":["TheRailgun:Sister_Network","TheRailgun:Thunderbolt"],"picked":"TheRailgun:Token_Collection","floor":14},{"not_picked":["TheRailgun:Magnetic_Flight","TheRailgun:Railgun"],"picked":"TheRailgun:Level_6","floor":16},{"not_picked":["TheRailgun:Gekotamania"],"picked":"SKIP","floor":18},{"not_picked":["TheRailgun:Spark"],"picked":"SKIP","floor":19},{"not_picked":[],"picked":"TheRailgun:Teleporter","floor":20},{"not_picked":[],"picked":"TheRailgun:Iron_Dust_Shield","floor":20},{"not_picked":[],"picked":"TheRailgun:Gekotamania+1","floor":20},{"not_picked":["TheRailgun:Static"],"picked":"SKIP","floor":21}],"player_experience":220400,"relics_obtained":[{"floor":7,"key":"Centennial Puzzle"},{"floor":9,"key":"Omamori"},{"floor":13,"key":"Strawberry"}],"event_choices":[{"damage_healed":64,"gold_gain":0,"player_choice":"Upgrade","damage_taken":14,"max_hp_gain":0,"max_hp_loss":70,"event_name":"betterThird:BetterShining","floor":3,"gold_loss":0,"cards_upgraded":["TheRailgun:Defend","TheRailgun:Defend"]},{"damage_healed":0,"gold_gain":0,"player_choice":"Lose Max HP","damage_taken":0,"relics_obtained":["Golden Idol"],"max_hp_gain":0,"max_hp_loss":5,"event_name":"Golden Idol","floor":10,"gold_loss":0}],"is_beta":false,"boss_relics":[{"not_picked":["SacredBark","Coffee Dripper"],"picked":"Busted Crown"}],"items_purged_floors":[20,20],"is_endless":false,"potions_floor_spawned":[5,7,8,11,16,18,21],"killed_by":"Slavers","ascension_level":1}}