{"host":"bp6b47iftb3mluh0","time":1608044709,"event":{"mods":["Act Like it!","Alarm Clock","Aspiration","BaseMod","Better Third Choice","Better Vampires","Challenge The Spire","Colored Powertips","Conspire","Dota2Spire","Downfall","Friendly Minions","Gensokyo","Hallownest","Hermit","Kiyohime（清姬）","Lobotomy","LobotomyExtend","Marisa（F雨　魔理沙）","Marked Mod","Minty Spire (QoL Compilation)","Quick Restart","Red Circlet Mod","Replay The Spire","Ryuuou龙王","Shop Mod","StSLib","The Bug Knight","The Poker Player","Uncapped","Waifu the Spire","Youmu（魂魄妖梦）","[地精首领爬塔]The Maniac","vexMod","【东方二次创作】八云紫mod","【遗物卡牌】REMEMod"],"gold_per_floor":[118,133,58,109,109,109,178,196,196,215,249,272,137,154,154,259,259,278,194,194,207,253,253,284,296,308,320,359,371,393,461,486,498,510,623,635,660,686,750,516,529,529,529,577,628,683,701,745,745,745,745,874,874],"floor_reached":54,"playtime":2807,"items_purged":["champ:Strike","champ:Strike","champ:Strike","champ:Strike"],"score":894,"play_id":"17278897-0a8b-4c04-bbf2-1c7c57e3543c","local_time":"20201215230509","is_ascension_mode":false,"campfire_choices":[{"data":"maniac:Collecting","floor":6.0,"key":"SMITH"},{"floor":23.0,"key":"DIG"},{"data":"champ:StrikeOfGenius","floor":25.0,"key":"SMITH"},{"data":"champ:FanOfKnives","floor":29.0,"key":"SMITH"},{"floor":34.0,"key":"DIG"},{"floor":42.0,"key":"DIG"},{"floor":51,"key":"DIG"}],"circlet_count":0,"master_deck":["champ:Defend","champ:Defend","champ:Defend","champ:Defend+1","champ:Execute+1","champ:Taunt+1","maniac:Collecting+1","champ:StanceDance","champ:RecklessLeap","champ:FanOfKnives+1","champ:BringItOn+1","champ:StrikeOfGenius+1","champ:PerfectForm","champ:CrookedStrike+1","champ:StanceDance+1","champ:Improvising","champ:ViciousMockery+1","champ:BladeFlurry+1","champ:Duel+1","champ:HeavySlash+1","champ:GladiatorsShout+1","champ:DeathBlow+1","champ:IronFortress+1","champ:ArenaPreparation+1","champ:SteelEdge+1"],"relics":["champ:ChampionCrown","REME_ComplimentaryCards","KiyohimeMod:FireDragon","LetterFromLob","Tiny Chest","Dota2Spire:OrchidMalevolence","Dota2Spire:AghanimScepter","conspire:Boomerang","FossilizedHelix","Dota2Spire:Butterfly","Dota2Spire:EchoSabre","Replay:Mystery Machine","MerchantsRug","Kunai","Coffee Dripper","Shovel","vexMod:InvisibilityCloak","Dota2Spire:ShadowBlade","Lantern","Honey Jar","Incense Burner","Golden Egg","Dota2Spire:ArcaneBoots","Bag of Marbles","Dota2Spire:BlackKingBar","conspire:GiftBox","Dota2Spire:HandOfMidas","Pocketwatch","Replay:Baseball","conspire:DeflatedDodgeball","Art of War","aspiration:FrozenJewel","Hallownest:KingsIdolRelic","Snack Pack","TungstenRod"],"acts_visited":["Gensokyo:Gensokyo","Hallownest:CityofTears","Hallownest:KingdomsEdge"],"potions_floor_usage":[],"damage_taken":[{"damage":4.0,"enemies":"Gensokyo:2_Kodama","floor":1.0,"turns":5.0},{"damage":8.0,"enemies":"Gensokyo:3_Fairies","floor":2.0,"turns":6.0},{"damage":5.0,"enemies":"Gensokyo:Python","floor":8.0,"turns":2.0},{"damage":26.0,"enemies":"Gensokyo:2_Rabbits","floor":10.0,"turns":4.0},{"damage":38.0,"enemies":"Gensokyo:Mamizou","floor":11.0,"turns":11.0},{"damage":35.0,"enemies":"Gensokyo:Gryphon_and_Rabbit","floor":14.0,"turns":3.0},{"damage":49.0,"enemies":"Gensokyo:Reimu","floor":16.0,"turns":7.0},{"damage":23.0,"enemies":"Hallownest:Flukemon_and_Top","floor":18.0,"turns":4.0},{"damage":44.0,"enemies":"Hallownest:3_Youths","floor":21.0,"turns":4.0},{"damage":32.0,"enemies":"Hallownest:Master_and_Novice","floor":24.0,"turns":3.0},{"damage":18.0,"enemies":"Hallownest:2_Flukemon","floor":30.0,"turns":3.0},{"damage":35.0,"enemies":"Hallownest:Glutton_and_Coward","floor":31.0,"turns":3.0},{"damage":3.0,"enemies":"Hallownest:monsterShrumalOgre","floor":32.0,"turns":4.0},{"damage":55.0,"enemies":"Hallownest:BossMantisLord","floor":35.0,"turns":4.0},{"damage":19.0,"enemies":"Hallownest:2_Littles","floor":37.0,"turns":3.0},{"damage":35.0,"enemies":"Hallownest:3_Siblings","floor":38.0,"turns":6.0},{"damage":3.0,"enemies":"Hallownest:Shield_Sturdy","floor":41.0,"turns":4.0},{"damage":0.0,"enemies":"Hallownest:monsterPrimalAspid","floor":44.0,"turns":3.0},{"damage":50.0,"enemies":"Hallownest:eliteHiveKnight","floor":46.0,"turns":5.0},{"damage":12.0,"enemies":"Hallownest:2_Wandering_and_1_Horned","floor":47.0,"turns":4.0},{"damage":10.0,"enemies":"Hallownest:Slobbering_and_Violent","floor":48.0,"turns":4.0},{"damage":44,"enemies":"Hallownest:BossGreyPrinceZote","floor":52,"turns":6}],"seed_played":"-3895481830254476001","potions_obtained":[{"floor":10.0,"key":"SpeedPotion"},{"floor":11.0,"key":"CultistPotion"},{"floor":16.0,"key":"Fire Potion"},{"floor":18.0,"key":"LifebloodPotion"},{"floor":30.0,"key":"Elixir"},{"floor":32.0,"key":"PowerPotion"},{"floor":37.0,"key":"Fruit Juice"},{"floor":38.0,"key":"EntropicBrew"},{"floor":41.0,"key":"PowerPotion"},{"floor":46.0,"key":"SkillPotion"},{"floor":48.0,"key":"Ancient Potion"}],"is_trial":false,"path_per_floor":["M","M","$","?","?","R","T","M","T","M","E","T","$","M","R","B",null,"M","$","?","M","T","R","M","R","PTL","PTL","T","R","M","M","M","?","R","B",null,"M","M","T","$","M","R","T","M","T","E","M","M","?","T","R","B",null,null],"character_chosen":"THE_CHAMP","items_purchased":["MerchantsRug","Dota2Spire:ArcaneBoots","Bag of Marbles"],"campfire_rested":0,"item_purchase_floors":[13,40,40],"current_hp_per_floor":[86,81,81,81,89,89,89,89,89,84,64,64,64,62,89,90,90,90,90,85,88,88,88,74,74,74,74,81,81,96,91,94,79,79,71,97,102,102,102,102,102,102,102,102,102,102,102,102,98,98,98,102,102],"gold":874,"neow_bonus":"NOSTALGIA","is_daily":false,"chose_seed":false,"campfire_upgraded":3,"win_rate":0.0,"timestamp":1608044709,"path_taken":["M","M","$","?","?","R","?","M","T","?","E","?","?","M","R","BOSS","M","$","?","?","?","R","?","R","PTL","PTL","T","R","M","M","M","?","R","BOSS","M","M","?","$","M","R","?","?","T","E","M","?","?","?","R","BOSS"],"items_purchased_type":["Relic","Relic","Relic"],"build_version":"2020-12-13","purchased_purges":4,"victory":true,"max_hp_per_floor":[90,90,90,90,90,90,90,90,90,90,90,90,90,90,90,90,90,90,90,90,90,90,90,90,90,90,90,97,97,97,97,97,97,97,97,97,102,102,102,102,102,102,102,102,102,102,102,102,102,102,102,102,102],"card_choices":[{"not_picked":["champ:BringItOn","champ:AdrenalArmor"],"picked":"champ:StanceDance","floor":1.0},{"not_picked":["champ:Circumvent","champ:CrookedStrike"],"picked":"champ:RecklessLeap","floor":2.0},{"not_picked":["champ:AdrenalArmor","champ:FlashCut"],"picked":"champ:FanOfKnives","floor":4.0},{"not_picked":["champ:FlashCut","champ:Encircle","champ:GladiatorsShout"],"picked":"SKIP","floor":8.0},{"not_picked":["champ:Haymaker","champ:FlashCut"],"picked":"champ:BringItOn","floor":10.0},{"not_picked":["champ:CrookedStrike","champ:ArenaPreparation"],"picked":"champ:StrikeOfGenius","floor":11.0},{"not_picked":["champ:Backstep","champ:StanceDance","champ:Encircle"],"picked":"SKIP","floor":14.0},{"not_picked":["champ:StrikeOfGenius","champ:SwordThrow"],"picked":"champ:PerfectForm","floor":16.0},{"not_picked":["champ:FanOfKnives","champ:EnragedBash"],"picked":"champ:CrookedStrike","floor":18.0},{"not_picked":["champ:GutPunch","champ:FanOfKnives","champ:FocusedDefense"],"picked":"SKIP","floor":21.0},{"not_picked":["champ:GladiatorsShout","champ:Haymaker+1","champ:DefensiveStyle+1"],"picked":"SKIP","floor":24.0},{"not_picked":["champ:TornadoPunch","champ:Haymaker+1","champ:Encircle"],"picked":"SKIP","floor":30.0},{"not_picked":["champ:CrookedStrike","champ:AdrenalArmor","champ:Lariat"],"picked":"SKIP","floor":31.0},{"not_picked":["champ:PerfectedStrike","champ:GladiatorsShout"],"picked":"champ:StanceDance+1","floor":32.0},{"not_picked":["champ:Devastate","champ:HeavySlash"],"picked":"champ:Improvising","floor":35.0},{"not_picked":["champ:DefensiveShout","champ:FlashCut","champ:RecklessLeap"],"picked":"champ:ViciousMockery+1","floor":37.0},{"not_picked":["champ:SkillfulDodge","champ:AdrenalArmor","champ:BerserkersShout"],"picked":"champ:BladeFlurry+1","floor":38.0},{"not_picked":["champ:AdrenalArmor+1","champ:BringItOn+1","champ:HeartStrike"],"picked":"champ:Duel+1","floor":41.0},{"not_picked":["champ:SwordThrow","champ:VampiricStrike"],"picked":"champ:HeavySlash","floor":42.0},{"not_picked":["champ:EndlessRage+1","champ:AdrenalArmor","champ:IronFortress"],"picked":"champ:GladiatorsShout+1","floor":44.0},{"not_picked":["champ:PerfectedStrike","champ:BringItOn","champ:BerserkersShout"],"picked":"champ:DeathBlow+1","floor":46.0},{"not_picked":["champ:EndlessRage","champ:FightOn","champ:BringItOn"],"picked":"champ:IronFortress+1","floor":47.0},{"not_picked":["champ:EnragedBash","champ:StanceDance","champ:IronFortress+1"],"picked":"champ:ArenaPreparation+1","floor":48.0},{"not_picked":["champ:CheapShot","champ:ShieldThrow","champ:HoldFirm"],"picked":"champ:SteelEdge","floor":52}],"player_experience":180058,"relics_obtained":[{"floor":1.0,"key":"LetterFromLob"},{"floor":4.0,"key":"aspiration:SeaSaltIceCream"},{"floor":7.0,"key":"Dota2Spire:OrchidMalevolence"},{"floor":9.0,"key":"conspire:Boomerang"},{"floor":11.0,"key":"Dota2Spire:EchoSabre"},{"floor":12.0,"key":"Replay:Mystery Machine"},{"floor":22.0,"key":"Dota2Spire:ShadowBlade"},{"floor":23.0,"key":"MawBank"},{"floor":28.0,"key":"Strawberry"},{"floor":34.0,"key":"Lantern"},{"floor":39.0,"key":"Whetstone"},{"floor":42.0,"key":"conspire:GiftBox"},{"floor":43.0,"key":"Dota2Spire:HandOfMidas"},{"floor":45.0,"key":"Replay:Baseball"},{"floor":46.0,"key":"Art of War"},{"floor":50,"key":"Snack Pack"},{"floor":51,"key":"TungstenRod"}],"event_choices":[],"is_beta":false,"boss_relics":[{"not_picked":["aspiration:SecretTechniqueScroll","vexMod:MegatonBomb"],"picked":"Coffee Dripper"},{"not_picked":["Replay:Ancient Bell","Snecko Eye"],"picked":"Honey Jar"}],"items_purged_floors":[3,13,19,40],"is_endless":false,"potions_floor_spawned":[10,11,16,18,30,32,37,38,41,46,48],"ascension_level":0}}