{"host":"h0xw20cia6ppa69g","time":1608017549,"event":{"mods":["AchievementEnabler","BaseMod","Colored Map","Googly Eyes","Minty Spire (QoL Compilation)","Relic Stats","StSLib","The Awakened One except there are too many feathers","everything is the same but u backflip on backflip"],"gold_per_floor":[11,21,21,21,31,31,60,138,162,205,205,225,17,45,45,150,150,142,142,151,171,116,160,160,188,236,236,261,261,16,16,16,123,195,217,235,281,281,1298,1298,1323,1350,1350,489,532,22,44,70,70,70,70,70,4,44,44,44],"floor_reached":55,"playtime":2634,"items_purged":["Strike_G","Normality","Normality"],"score":993,"play_id":"155984ff-6dcf-4749-8586-888eacb26680","local_time":"20201215013229","is_ascension_mode":true,"campfire_choices":[{"data":"Sadistic Nature","floor":6,"key":"SMITH"},{"data":"Noxious Fumes","floor":11,"key":"SMITH"},{"data":"Neutralize","floor":15,"key":"SMITH"},{"data":"Catalyst","floor":24,"key":"SMITH"},{"data":"Burst","floor":32,"key":"SMITH"},{"floor":40,"key":"RECALL"},{"floor":49,"key":"REST"},{"data":"Catalyst","floor":52,"key":"SMITH"}],"circlet_count":0,"master_deck":["Survivor","Neutralize+1","Sadistic Nature+1","Noxious Fumes+1","Catalyst+1","Quick Slash","Unload","Terror","Blur","Well Laid Plans+1","After Image+1","Deadly Poison+1","Prepared","Footwork+1","Dodge and Roll","Burst+1","Footwork+1","Catalyst+1","Dodge and Roll+1","Deadly Poison","Prepared","PiercingWail","Tools of the Trade+1","All Out Attack","Dagger Throw","Phantasmal Killer","Eviscerate","Cloak And Dagger+1","Outmaneuver","Storm of Steel","Die Die Die","Backstab","Madness","Madness","Backflip","Wraith Form v2+1","Adrenaline","Cloak And Dagger","Deflect","Crippling Poison","Calculated Gamble+1","Cloak And Dagger","Accuracy+1","Footwork+1"],"relics":["Ring of the Snake","Bronze Scales","Frozen Egg 2","Oddly Smooth Stone","CeramicFish","Chemical X","Happy Flower","HoveringKite","Tiny Chest","Juzu Bracelet","Singing Bowl","Gambling Chip","Blood Vial","The Courier","Pandora\u0027s Box","Tingsha","Ginger","War Paint","Blue Candle","PreservedInsect","Meat on the Bone","Potion Belt","Sling","Lantern","Paper Crane","TwistedFunnel","Anchor"],"acts_visited":["Exordium","TheCity","TheBeyond","TheEnding"],"potions_floor_usage":[16,23,25,41,55,55,55,55],"damage_taken":[{"damage":4,"enemies":"Cultist","floor":1,"turns":5},{"damage":0,"enemies":"Jaw Worm","floor":2,"turns":4},{"damage":2,"enemies":"2 Louse","floor":5,"turns":4},{"damage":16,"enemies":"Gremlin Nob","floor":7,"turns":4},{"damage":6,"enemies":"3 Sentries","floor":10,"turns":5},{"damage":0,"enemies":"Blue Slaver","floor":12,"turns":3},{"damage":17,"enemies":"Gremlin Nob","floor":14,"turns":4},{"damage":0,"enemies":"The Guardian","floor":16,"turns":9},{"damage":13,"enemies":"2 Thieves","floor":18,"turns":4},{"damage":1,"enemies":"Shell Parasite","floor":21,"turns":5},{"damage":4,"enemies":"Gremlin Leader","floor":23,"turns":5},{"damage":16,"enemies":"Slavers","floor":25,"turns":5},{"damage":9,"enemies":"Sentry and Sphere","floor":28,"turns":5},{"damage":14,"enemies":"Automaton","floor":33,"turns":9},{"damage":6,"enemies":"3 Shapes","floor":35,"turns":5},{"damage":34,"enemies":"2 Orb Walkers","floor":37,"turns":5},{"damage":45,"enemies":"Reptomancer","floor":41,"turns":6},{"damage":0,"enemies":"Orb Walker","floor":42,"turns":5},{"damage":0,"enemies":"Giant Head","floor":45,"turns":6},{"damage":16,"enemies":"3 Darklings","floor":47,"turns":5},{"damage":0,"enemies":"Transient","floor":48,"turns":5},{"damage":15,"enemies":"Donu and Deca","floor":50,"turns":9},{"damage":7,"enemies":"Shield and Spear","floor":54,"turns":6},{"damage":74,"enemies":"The Heart","floor":55,"turns":9}],"seed_played":"-8613044071580612117","potions_obtained":[{"floor":1,"key":"GamblersBrew"},{"floor":2,"key":"SmokeBomb"},{"floor":10,"key":"SpeedPotion"},{"floor":16,"key":"FairyPotion"},{"floor":21,"key":"Fire Potion"},{"floor":23,"key":"BlessingOfTheForge"},{"floor":25,"key":"LiquidBronze"},{"floor":28,"key":"SpeedPotion"},{"floor":41,"key":"Dexterity Potion"},{"floor":45,"key":"Poison Potion"},{"floor":47,"key":"Poison Potion"}],"is_trial":false,"path_per_floor":["M","M","?","?","M","R","E","T","T","E","R","M","$","E","R","B",null,"M","T","?","M","?","E","R","E","T","?","M","T","$","$","R","B",null,"M","?","?","T","?","R","E","M","T","$","E","$","M","M","R","B",null,"R","$","E","B"],"character_chosen":"THE_SILENT","items_purchased":["Well Laid Plans+1","Chemical X","Footwork+1","Catalyst","Dodge and Roll","Deadly Poison","Prepared","PiercingWail","PreservedInsect","Meat on the Bone","Wraith Form v2+1","Adrenaline","Potion Belt","Sling","Paper Crane","TwistedFunnel","Deflect","Crippling Poison","Accuracy+1","AttackPotion"],"campfire_rested":1,"item_purchase_floors":[13,13,30,30,30,30,30,30,44,44,44,44,44,44,46,46,46,46,53,53],"current_hp_per_floor":[66,66,59,59,57,57,41,41,41,35,35,35,35,18,18,18,70,57,57,57,56,56,52,52,38,38,38,31,31,31,31,31,19,72,66,57,27,27,27,27,12,14,14,14,28,28,26,40,62,49,76,76,76,69,0,0],"gold":44,"neow_bonus":"RANDOM_COLORLESS_2","is_daily":false,"chose_seed":false,"campfire_upgraded":6,"win_rate":0.0,"timestamp":1608017549,"path_taken":["M","?","?","?","M","R","E","?","T","E","R","M","$","E","R","BOSS","M","?","?","M","?","E","R","E","T","?","M","?","?","$","R","BOSS","M","?","?","?","?","R","E","M","T","$","E","$","M","M","R","BOSS","R","$","E","BOSS"],"items_purchased_type":["Card","Relic","Card","Card","Card","Card","Card","Card","Relic","Relic","Card","Card","Relic","Relic","Relic","Relic","Card","Card","Card","Potion"],"build_version":"2020-12-13","purchased_purges":3,"victory":false,"max_hp_per_floor":[70,70,70,70,70,70,70,70,70,70,70,70,70,70,70,70,70,70,70,70,70,70,70,70,72,72,72,72,72,72,72,72,72,72,72,72,74,74,74,74,76,76,76,76,76,76,76,76,76,76,76,76,76,76,76,76],"relic_stats":{"Happy Flower":[34],"Singing Bowl":6,"counters":[24,132],"CeramicFish":351,"Blue Candle":[0],"HoveringKite":[66],"Tingsha":[246],"PreservedInsect":193,"Juzu Bracelet":2,"Ginger":[5],"War Paint":["Cloak And Dagger","Dodge and Roll"],"Blood Vial":20,"Bronze Scales":[441],"Gambling Chip":[37],"Tiny Chest":2,"Pandora\u0027s Box":["All Out Attack","Dagger Throw","Phantasmal Killer","Eviscerate","Cloak And Dagger","Outmaneuver","Storm of Steel","Die Die Die"],"Chemical X":[2],"obtain_stats":[{"TwistedFunnel":46,"Lantern":45,"Singing Bowl":23,"CeramicFish":10,"HoveringKite":17,"Juzu Bracelet":22,"Ginger":38,"Sling":44,"Blood Vial":27,"Gambling Chip":25,"Tiny Chest":19,"Chemical X":13,"Ring of the Snake":0,"Potion Belt":44,"Happy Flower":14,"Blue Candle":43,"Oddly Smooth Stone":9,"Tingsha":37,"The Courier":29,"PreservedInsect":44,"Frozen Egg 2":8,"War Paint":41,"Paper Crane":46,"Anchor":54,"Bronze Scales":7,"Pandora\u0027s Box":34,"Meat on the Bone":44},{"TwistedFunnel":19,"Lantern":19,"Singing Bowl":11,"CeramicFish":5,"HoveringKite":8,"Juzu Bracelet":10,"Ginger":16,"Sling":18,"Blood Vial":12,"Gambling Chip":12,"Tiny Chest":9,"Chemical X":6,"Ring of the Snake":0,"Potion Belt":18,"Happy Flower":7,"Blue Candle":18,"Oddly Smooth Stone":4,"Tingsha":16,"The Courier":13,"PreservedInsect":18,"Frozen Egg 2":4,"War Paint":17,"Paper Crane":19,"Anchor":23,"Bronze Scales":4,"Pandora\u0027s Box":14,"Meat on the Bone":18},{"TwistedFunnel":98,"Lantern":98,"Singing Bowl":52,"CeramicFish":22,"HoveringKite":38,"Juzu Bracelet":47,"Ginger":81,"Sling":92,"Blood Vial":57,"Gambling Chip":57,"Tiny Chest":42,"Chemical X":25,"Ring of the Snake":0,"Potion Belt":92,"Happy Flower":29,"Blue Candle":92,"Oddly Smooth Stone":17,"Tingsha":81,"The Courier":62,"PreservedInsect":92,"Frozen Egg 2":17,"War Paint":87,"Paper Crane":98,"Anchor":123,"Bronze Scales":17,"Pandora\u0027s Box":71,"Meat on the Bone":92}],"Ring of the Snake":[48],"Meat on the Bone":36},"card_choices":[{"not_picked":["Thinking Ahead","Panache"],"picked":"Sadistic Nature","floor":0},{"not_picked":["Blur","All Out Attack"],"picked":"Noxious Fumes","floor":1},{"not_picked":["Concentrate","Riddle With Holes"],"picked":"Catalyst","floor":2},{"not_picked":["Underhanded Strike","Acrobatics"],"picked":"Quick Slash","floor":5},{"not_picked":["Flying Knee","Outmaneuver"],"picked":"Unload","floor":7},{"not_picked":["Dagger Throw","Setup"],"picked":"Terror","floor":10},{"not_picked":["Escape Plan","Concentrate"],"picked":"Blur","floor":12},{"not_picked":["Flechettes","All Out Attack","Terror"],"picked":"SKIP","floor":14},{"not_picked":["Venomology","Unload"],"picked":"After Image+1","floor":16},{"not_picked":["Poisoned Stab+1","Backflip"],"picked":"Deadly Poison+1","floor":18},{"not_picked":["Quick Slash","Bouncing Flask"],"picked":"Footwork+1","floor":21},{"not_picked":["Poisoned Stab","Quick Slash"],"picked":"Dodge and Roll","floor":23},{"not_picked":["Choke+1","Underhanded Strike","Sucker Punch"],"picked":"Singing Bowl","floor":25},{"not_picked":["Quick Slash","Underhanded Strike"],"picked":"Burst","floor":28},{"not_picked":["Glass Knife","Bullet Time"],"picked":"Tools of the Trade+1","floor":33},{"not_picked":["Blade Dance","Calculated Gamble"],"picked":"Backstab","floor":35},{"not_picked":["Prepared","Bouncing Flask+1","Blade Dance"],"picked":"Singing Bowl","floor":37},{"not_picked":["Quick Slash","Well Laid Plans+1","Endless Agony"],"picked":"Singing Bowl","floor":41},{"not_picked":["Blur+1","Outmaneuver+1"],"picked":"Backflip","floor":42},{"not_picked":["Bane","Choke"],"picked":"Cloak And Dagger","floor":45},{"not_picked":["Skewer+1","Caltrops+1"],"picked":"Calculated Gamble+1","floor":47},{"not_picked":["Deadly Poison","Dagger Spray"],"picked":"Cloak And Dagger","floor":48},{"not_picked":["Slice+1","Dodge and Roll"],"picked":"Footwork+1","floor":54}],"player_experience":3506250,"relics_obtained":[{"floor":7,"key":"Bronze Scales"},{"floor":8,"key":"Frozen Egg 2"},{"floor":9,"key":"Oddly Smooth Stone"},{"floor":10,"key":"CeramicFish"},{"floor":14,"key":"Happy Flower"},{"floor":19,"key":"Tiny Chest"},{"floor":23,"key":"Singing Bowl"},{"floor":25,"key":"Gambling Chip"},{"floor":29,"key":"The Courier"},{"floor":37,"key":"Tingsha"},{"floor":38,"key":"Ginger"},{"floor":41,"key":"War Paint"},{"floor":43,"key":"Blue Candle"},{"floor":45,"key":"Lantern"},{"floor":54,"key":"Anchor"}],"event_choices":[{"cards_removed":["Strike_G"],"damage_healed":0,"gold_gain":0,"player_choice":"Card Removal","damage_taken":7,"max_hp_gain":0,"max_hp_loss":0,"event_name":"Golden Wing","floor":3,"gold_loss":0},{"damage_healed":0,"gold_gain":0,"player_choice":"Ignored","damage_taken":0,"max_hp_gain":0,"max_hp_loss":0,"event_name":"Liars Game","floor":4,"gold_loss":0},{"damage_healed":0,"gold_gain":0,"player_choice":"Read","damage_taken":0,"max_hp_gain":0,"max_hp_loss":0,"event_name":"The Library","floor":20,"gold_loss":0,"cards_obtained":["Prepared"]},{"damage_healed":0,"gold_gain":0,"player_choice":"Paid Gold","damage_taken":0,"relics_obtained":["Juzu Bracelet"],"max_hp_gain":0,"max_hp_loss":0,"event_name":"WeMeetAgain","floor":22,"gold_loss":55},{"damage_healed":0,"gold_gain":0,"player_choice":"Opened","damage_taken":0,"relics_obtained":["Blood Vial"],"max_hp_gain":0,"max_hp_loss":0,"event_name":"The Mausoleum","floor":27,"gold_loss":0},{"damage_healed":0,"gold_gain":0,"player_choice":"Embrace Madness","damage_taken":9,"max_hp_gain":0,"max_hp_loss":0,"event_name":"Winding Halls","floor":36,"gold_loss":0,"cards_obtained":["Madness","Madness"]},{"damage_healed":0,"gold_gain":0,"player_choice":"Fight","damage_taken":0,"max_hp_gain":0,"max_hp_loss":0,"event_name":"Mysterious Sphere","floor":37,"gold_loss":0},{"damage_healed":0,"gold_gain":999,"player_choice":"Gold","damage_taken":0,"max_hp_gain":0,"max_hp_loss":0,"event_name":"MindBloom","floor":39,"gold_loss":0,"cards_obtained":["Normality","Normality"]}],"is_beta":false,"boss_relics":[{"not_picked":["SlaversCollar","Ring of the Serpent"],"picked":"HoveringKite"},{"not_picked":["Coffee Dripper","WristBlade"],"picked":"Pandora\u0027s Box"}],"items_purged_floors":[30,44,46],"is_endless":false,"potions_floor_spawned":[1,2,10,16,21,23,25,28,35,41,45,47],"killed_by":"The Heart","ascension_level":1}}