{"host":"sc0o2qwpf9j16a4i","time":1608063268,"event":{"mods":["AchievementEnabler","BaseMod","BetterRewards","Block Reminder","Colored Map","Colored Powertips","Custom Start","Highlight Path","Minty Spire (QoL Compilation)","Relic Stats"],"gold_per_floor":[118,393,104,17,34,34,51,82,109,109,139,139,157,189,189,268,268,282,297,311,182,132,132,146,146,170,203,216,241,291,291,291,365,365,384,398,412,102,120,120,120,120],"floor_reached":41,"playtime":1618,"items_purged":["Strike_R","Regret","Strike_R","Strike_R"],"score":1202,"play_id":"623fd7fd-1903-43cf-8f72-ee3b14709217","local_time":"20201215221428","is_ascension_mode":true,"campfire_choices":[{"data":"Carnage","floor":6,"key":"SMITH"},{"data":"Metallicize","floor":10,"key":"SMITH"},{"data":"Armaments","floor":15,"key":"SMITH"},{"floor":23,"key":"REST"},{"data":"True Grit","floor":25,"key":"SMITH"},{"floor":32,"key":"REST"},{"floor":40,"key":"RECALL"}],"circlet_count":0,"master_deck":["AscendersBane","Strike_R+1","Defend_R","Defend_R","Defend_R","Defend_R","Bash","Metallicize+1","Carnage+1","Shockwave","Shockwave","Blood for Blood","Inflame+1","Flame Barrier","Armaments+1","Limit Break","Headbutt+1","Metallicize+1","True Grit+1","Rage","Shrug It Off","Barricade","Dual Wield","Disarm","Metallicize","Shrug It Off","Enlightenment","Heavy Blade+1"],"relics":["Burning Blood","Membership Card","Champion Belt","Lee\u0027s Waffle","Vajra","Regal Pillow","OrangePellets","Pen Nib","Strange Spoon","Bronze Scales","Smiling Mask","CaptainsWheel","Question Card","Runic Pyramid","Oddly Smooth Stone","Strawberry","MealTicket","Lantern","Fusion Hammer","HornCleat"],"acts_visited":["Exordium","TheCity","TheBeyond"],"potions_floor_usage":[8,8,13,27,29,29,41,41],"damage_taken":[{"damage":5,"enemies":"Small Slimes","floor":1,"turns":3},{"damage":0,"enemies":"Cultist","floor":5,"turns":4},{"damage":0,"enemies":"2 Louse","floor":7,"turns":3},{"damage":9,"enemies":"3 Sentries","floor":8,"turns":4},{"damage":16,"enemies":"Gremlin Nob","floor":11,"turns":4},{"damage":3,"enemies":"Exordium Wildlife","floor":13,"turns":3},{"damage":24,"enemies":"3 Sentries","floor":14,"turns":8},{"damage":14,"enemies":"The Guardian","floor":16,"turns":10},{"damage":4,"enemies":"Spheric Guardian","floor":18,"turns":10},{"damage":15,"enemies":"Shell Parasite","floor":19,"turns":7},{"damage":33,"enemies":"Shelled Parasite and Fungi","floor":20,"turns":9},{"damage":0,"enemies":"Snecko","floor":24,"turns":2},{"damage":48,"enemies":"Gremlin Leader","floor":27,"turns":8},{"damage":0,"enemies":"Centurion and Healer","floor":28,"turns":8},{"damage":24,"enemies":"Slavers","floor":29,"turns":8},{"damage":74,"enemies":"Automaton","floor":33,"turns":12},{"damage":2,"enemies":"Orb Walker","floor":35,"turns":6},{"damage":0,"enemies":"3 Shapes","floor":36,"turns":8},{"damage":28,"enemies":"Writhing Mass","floor":37,"turns":6},{"damage":8,"enemies":"Spire Growth","floor":39,"turns":8},{"damage":77,"enemies":"Reptomancer","floor":41,"turns":4}],"seed_played":"6182579120851507228","potions_obtained":[{"floor":8,"key":"ColorlessPotion"},{"floor":14,"key":"Explosive Potion"},{"floor":16,"key":"Swift Potion"},{"floor":28,"key":"Swift Potion"},{"floor":37,"key":"Fruit Juice"},{"floor":39,"key":"SkillPotion"}],"is_trial":false,"path_per_floor":["M","?","$","$","M","R","M","E","T","R","E","?","M","E","R","B",null,"M","M","M","$","?","R","M","R","T","E","M","E","?","?","R","B",null,"M","M","M","$","M","R","E"],"character_chosen":"IRONCLAD","items_purchased":["Membership Card","Metallicize","Champion Belt","Lee\u0027s Waffle","Vajra","Regal Pillow","Carnage","OrangePellets","Pen Nib","DistilledChaos","AttackPotion","Strange Spoon","Oddly Smooth Stone","Metallicize","HornCleat","Shrug It Off","Enlightenment"],"campfire_rested":2,"item_purchase_floors":[0,0,0,0,0,0,0,3,3,3,3,4,21,38,38,38,38],"current_hp_per_floor":[82,82,82,82,82,82,82,79,79,79,69,62,65,47,47,39,71,73,64,37,37,37,76,82,82,89,47,53,35,35,35,76,8,69,73,79,57,72,70,70,0,0],"gold":120,"neow_bonus":"","is_daily":false,"chose_seed":false,"campfire_upgraded":4,"win_rate":0.0,"timestamp":1608063268,"path_taken":["M","?","?","$","M","R","M","E","T","R","E","?","?","E","R","BOSS","M","M","M","$","?","R","?","R","T","E","M","E","?","?","R","BOSS","M","?","M","$","M","R","E"],"items_purchased_type":["Relic","Card","Relic","Relic","Relic","Relic","Card","Relic","Relic","Potion","Potion","Relic","Relic","Card","Relic","Card","Card"],"build_version":"2020-12-13","purchased_purges":4,"victory":false,"max_hp_per_floor":[82,82,82,82,82,82,82,82,82,82,82,82,82,82,82,82,82,82,82,82,82,82,82,82,82,89,89,89,89,89,89,89,89,89,89,89,89,89,89,89,94,94],"relic_stats":{"Lee\u0027s Waffle":55,"Regal Pillow":30,"counters":[44,229],"Pen Nib":[13],"Smiling Mask":38,"Question Card":13,"Burning Blood":107,"OrangePellets":[4],"Strange Spoon":[14],"Bronze Scales":[473],"MealTicket":15,"Champion Belt":[42],"obtain_stats":[{"Regal Pillow":0,"Lantern":29,"Singing Bowl":9,"Nilry\u0027s Codex":25,"Vajra":0,"Ginger":7,"Cursed Key":34,"Smiling Mask":9,"Burning Blood":0,"HornCleat":31,"Gambling Chip":38,"Strawberry":26,"Philosopher\u0027s Stone":0,"MealTicket":27,"Fusion Hammer":34,"Red Mask":21,"Runic Pyramid":17,"Lee\u0027s Waffle":0,"Oddly Smooth Stone":40,"Pen Nib":42,"Orichalcum":27,"Question Card":14,"WarpedTongs":4,"Mercury Hourglass":23,"OrangePellets":3,"Strange Spoon":4,"Anchor":38,"CaptainsWheel":11,"Bronze Scales":26,"Snecko Eye":17,"Membership Card":38,"Champion Belt":0},{"Regal Pillow":23,"Lantern":38,"Singing Bowl":5,"Nilry\u0027s Codex":12,"Vajra":23,"Ginger":5,"Cursed Key":15,"Smiling Mask":27,"Burning Blood":0,"HornCleat":14,"Gambling Chip":16,"Strawberry":35,"Philosopher\u0027s Stone":0,"MealTicket":36,"Fusion Hammer":39,"Red Mask":10,"Runic Pyramid":31,"Lee\u0027s Waffle":23,"Oddly Smooth Stone":18,"Pen Nib":19,"Orichalcum":12,"Question Card":30,"WarpedTongs":3,"Mercury Hourglass":12,"OrangePellets":24,"Strange Spoon":24,"Anchor":16,"CaptainsWheel":28,"Bronze Scales":12,"Snecko Eye":8,"Membership Card":16,"Champion Belt":23},{"Regal Pillow":94,"Lantern":185,"Singing Bowl":15,"Nilry\u0027s Codex":45,"Vajra":94,"Ginger":15,"Cursed Key":57,"Smiling Mask":108,"Burning Blood":0,"HornCleat":49,"Gambling Chip":58,"Strawberry":161,"Philosopher\u0027s Stone":0,"MealTicket":169,"Fusion Hammer":197,"Red Mask":36,"Runic Pyramid":133,"Lee\u0027s Waffle":94,"Oddly Smooth Stone":67,"Pen Nib":74,"Orichalcum":45,"Question Card":123,"WarpedTongs":7,"Mercury Hourglass":45,"OrangePellets":97,"Strange Spoon":97,"Anchor":58,"CaptainsWheel":112,"Bronze Scales":45,"Snecko Eye":28,"Membership Card":58,"Champion Belt":94}]},"card_choices":[{"not_picked":["Battle Trance","Thunderclap"],"picked":"Shockwave","floor":1},{"not_picked":["Perfected Strike","Dark Embrace","Cleave"],"picked":"SKIP","floor":5},{"not_picked":["Headbutt","Cleave"],"picked":"Shockwave","floor":7},{"not_picked":["Armaments","Exhume"],"picked":"Blood for Blood","floor":8},{"not_picked":["True Grit","Thunderclap"],"picked":"Inflame","floor":11},{"not_picked":["Iron Wave","Clothesline"],"picked":"Flame Barrier","floor":13},{"not_picked":["Headbutt","Carnage"],"picked":"Armaments","floor":14},{"not_picked":["Berserk","Juggernaut","Offering"],"picked":"Limit Break","floor":16},{"not_picked":["Wild Strike","Uppercut","Flex"],"picked":"Headbutt+1","floor":18},{"not_picked":["Entrench","Clothesline","Burning Pact+1","Havoc"],"picked":"SKIP","floor":19},{"not_picked":["Clash","Thunderclap","Searing Blow"],"picked":"Metallicize","floor":20},{"not_picked":["Cleave+1","Pummel+1","Flex"],"picked":"True Grit","floor":24},{"not_picked":["Anger","Headbutt","Searing Blow","Perfected Strike"],"picked":"SKIP","floor":27},{"not_picked":["Havoc","Heavy Blade","Hemokinesis"],"picked":"Rage","floor":28},{"not_picked":["Clothesline+1","Exhume","Hemokinesis"],"picked":"Shrug It Off","floor":29},{"not_picked":["Bludgeon","Immolate","Brutality"],"picked":"Barricade","floor":33},{"not_picked":["Dropkick","Reckless Charge+1","Anger+1"],"picked":"Dual Wield","floor":35},{"not_picked":["Sever Soul","Twin Strike+1","Rupture+1","Intimidate"],"picked":"SKIP","floor":36},{"not_picked":["Bloodletting","Twin Strike+1","Headbutt"],"picked":"Disarm","floor":37},{"not_picked":["Heavy Blade+1","Flex+1","Warcry","Anger"],"picked":"SKIP","floor":39},{"not_picked":["Flex+1","Warcry","Anger"],"picked":"Heavy Blade+1","floor":39}],"player_experience":351956,"relics_obtained":[{"floor":8,"key":"Bronze Scales"},{"floor":9,"key":"Smiling Mask"},{"floor":11,"key":"CaptainsWheel"},{"floor":14,"key":"Question Card"},{"floor":26,"key":"Strawberry"},{"floor":27,"key":"MealTicket"},{"floor":29,"key":"Lantern"}],"event_choices":[{"damage_healed":0,"gold_gain":275,"player_choice":"Desecrate","damage_taken":0,"max_hp_gain":0,"max_hp_loss":0,"event_name":"Golden Shrine","floor":2,"gold_loss":0,"cards_obtained":["Regret"]},{"cards_removed":["Strike_R"],"damage_healed":0,"gold_gain":0,"player_choice":"Card Removal","damage_taken":7,"max_hp_gain":0,"max_hp_loss":0,"event_name":"Golden Wing","floor":12,"gold_loss":0},{"damage_healed":0,"gold_gain":0,"player_choice":"Upgraded Two","damage_taken":0,"max_hp_gain":0,"max_hp_loss":0,"event_name":"Designer","floor":22,"gold_loss":50,"cards_upgraded":["Strike_R","Metallicize"]},{"damage_healed":0,"gold_gain":50,"player_choice":"Stole From Cult","damage_taken":0,"max_hp_gain":0,"max_hp_loss":0,"event_name":"Nest","floor":30,"gold_loss":0},{"damage_healed":0,"gold_gain":0,"player_choice":"Forge","damage_taken":0,"max_hp_gain":0,"max_hp_loss":0,"event_name":"Accursed Blacksmith","floor":31,"gold_loss":0,"cards_upgraded":["Inflame"]}],"is_beta":false,"boss_relics":[{"not_picked":["Velvet Choker","Ectoplasm"],"picked":"Runic Pyramid"},{"not_picked":["Astrolabe","SacredBark"],"picked":"Fusion Hammer"}],"items_purged_floors":[0,3,21,38],"is_endless":false,"potions_floor_spawned":[8,14,16,20,24,28,37,39],"killed_by":"Reptomancer","ascension_level":20}}