{"host":"v5j5rnxu2olnd6jo","time":1608045816,"event":{"mods":["BaseMod","Custom Start","DeckTracker","Keyboard Shortcuts","Minty Spire (QoL Compilation)","Permanent Neow","Quick Restart","StSLib","SuperFastMode"],"gold_per_floor":[114,129,148,148,168,199,199,212,212,212,212,223,72,83,83,160,160,180,194,94,0,13,13,13,28,28,28,28,44,64,64,64,140,140,156,174,174,174],"floor_reached":37,"playtime":1673,"items_purged":["Strike_G","Strike_G"],"score":750,"play_id":"47185c40-2918-49ec-b388-3c02daa6d324","local_time":"20201216002336","is_ascension_mode":true,"campfire_choices":[{"data":"Deadly Poison","floor":7.0,"key":"SMITH"},{"data":"Backflip","floor":10.0,"key":"SMITH"},{"data":"Noxious Fumes","floor":15.0,"key":"SMITH"},{"floor":23.0,"key":"REST"},{"data":"Acrobatics","floor":28.0,"key":"SMITH"},{"data":"Neutralize","floor":32.0,"key":"SMITH"}],"circlet_count":0,"master_deck":["AscendersBane","Strike_G","Defend_G","Defend_G","Defend_G","Defend_G","Survivor","Neutralize+1","Poisoned Stab","Deadly Poison+1","Leg Sweep+1","Backflip+1","PiercingWail","Escape Plan","Noxious Fumes+1","Grand Finale","Acrobatics+1","Blade Dance","Reflex+1","Blur+1","Acrobatics","Night Terror","Acrobatics","Tactician"],"relics":["Ring of the Snake","Nunchaku","Oddly Smooth Stone","HoveringKite","Bottled Lightning","SlaversCollar"],"acts_visited":["Exordium","TheCity","TheBeyond"],"potions_floor_usage":[],"damage_taken":[{"damage":3.0,"enemies":"Cultist","floor":1.0,"turns":5.0},{"damage":2.0,"enemies":"2 Louse","floor":2.0,"turns":2.0},{"damage":0.0,"enemies":"Jaw Worm","floor":3.0,"turns":4.0},{"damage":0.0,"enemies":"Red Slaver","floor":5.0,"turns":4.0},{"damage":19.0,"enemies":"Lagavulin","floor":6.0,"turns":8.0},{"damage":0.0,"enemies":"3 Louse","floor":8.0,"turns":1.0},{"damage":1.0,"enemies":"2 Fungi Beasts","floor":12.0,"turns":4.0},{"damage":3.0,"enemies":"Large Slime","floor":14.0,"turns":8.0},{"damage":8.0,"enemies":"The Guardian","floor":16.0,"turns":9.0},{"damage":13.0,"enemies":"Spheric Guardian","floor":18.0,"turns":4.0},{"damage":3.0,"enemies":"3 Byrds","floor":19.0,"turns":2.0},{"damage":21.0,"enemies":"Shelled Parasite and Fungi","floor":22.0,"turns":7.0},{"damage":1.0,"enemies":"Centurion and Healer","floor":25.0,"turns":8.0},{"damage":0.0,"enemies":"Snake Plant","floor":29.0,"turns":5.0},{"damage":0.0,"enemies":"Shelled Parasite and Fungi","floor":30.0,"turns":2.0},{"damage":48.0,"enemies":"Automaton","floor":33.0,"turns":13.0},{"damage":39.0,"enemies":"3 Darklings","floor":35.0,"turns":5.0},{"damage":0,"enemies":"3 Shapes","floor":36,"turns":6},{"damage":20,"enemies":"Transient","floor":37,"turns":2}],"seed_played":"2309833367704037664","potions_obtained":[{"floor":2.0,"key":"Explosive Potion"},{"floor":5.0,"key":"Weak Potion"},{"floor":8.0,"key":"Explosive Potion"},{"floor":12.0,"key":"LiquidBronze"},{"floor":25.0,"key":"BlessingOfTheForge"},{"floor":30.0,"key":"FearPotion"}],"is_trial":false,"path_per_floor":["M","M","M","?","M","E","R","M","T","R","?","M","$","M","R","B",null,"M","M","$","?","M","R","?","M","T","?","R","M","M","?","R","B",null,"M","M","M"],"character_chosen":"THE_SILENT","items_purchased":["Noxious Fumes"],"campfire_rested":1,"item_purchase_floors":[13],"current_hp_per_floor":[56,54,54,54,54,35,35,35,35,35,35,34,34,31,31,23,55,42,39,39,39,18,37,37,36,36,36,36,36,36,66,66,18,54,15,15,0,0],"gold":174,"neow_bonus":"REMOVE_CARD","is_daily":false,"chose_seed":false,"campfire_upgraded":5,"win_rate":0.0,"timestamp":1608045816,"path_taken":["M","?","M","?","M","E","R","?","T","R","?","M","$","?","R","BOSS","M","M","$","?","M","R","?","M","T","?","R","M","M","?","R","BOSS","M","M","?"],"items_purchased_type":["Card"],"build_version":"2020-11-30","purchased_purges":2,"victory":false,"max_hp_per_floor":[66,66,66,66,66,66,66,66,66,66,66,66,66,66,66,66,66,66,66,66,66,66,66,66,66,66,66,66,66,66,66,66,66,66,66,66,66,66],"card_choices":[{"not_picked":["Bane","Eviscerate"],"picked":"Poisoned Stab","floor":1.0},{"not_picked":["Riddle With Holes","Deflect"],"picked":"Deadly Poison","floor":2.0},{"not_picked":["Dagger Throw","Cloak And Dagger","Outmaneuver"],"picked":"SKIP","floor":3.0},{"not_picked":["Dagger Spray","Setup"],"picked":"Backflip","floor":5.0},{"not_picked":["Terror","Infinite Blades"],"picked":"PiercingWail","floor":6.0},{"not_picked":["Accuracy","Terror"],"picked":"Escape Plan","floor":8.0},{"not_picked":["Quick Slash","Blade Dance","Underhanded Strike"],"picked":"SKIP","floor":12.0},{"not_picked":["Backflip","Cloak And Dagger","Backstab"],"picked":"SKIP","floor":14.0},{"not_picked":["Phantasmal Killer","Unload"],"picked":"Grand Finale","floor":16.0},{"not_picked":["All Out Attack+1","Deadly Poison","Dagger Throw"],"picked":"SKIP","floor":18.0},{"not_picked":["All Out Attack+1","Deadly Poison","Dagger Throw"],"picked":"SKIP","floor":18.0},{"not_picked":["Dagger Throw","Concentrate"],"picked":"Acrobatics","floor":19.0},{"not_picked":["Leg Sweep","Backflip","Caltrops"],"picked":"SKIP","floor":22.0},{"not_picked":["Bane+1","Blur"],"picked":"Reflex+1","floor":25.0},{"not_picked":["Leg Sweep","Poisoned Stab"],"picked":"Blur+1","floor":29.0},{"not_picked":["Dodge and Roll","Crippling Poison"],"picked":"Acrobatics","floor":30.0},{"not_picked":["Unload","Storm of Steel"],"picked":"Night Terror","floor":33.0},{"not_picked":["Deadly Poison","Dagger Throw"],"picked":"Acrobatics","floor":35.0},{"not_picked":["Deflect","Escape Plan"],"picked":"Tactician","floor":36}],"player_experience":871268,"relics_obtained":[{"floor":6.0,"key":"Nunchaku"},{"floor":9.0,"key":"Oddly Smooth Stone"},{"floor":26.0,"key":"Bottled Lightning"}],"event_choices":[{"damage_healed":0.0,"max_hp_gain":0.0,"max_hp_loss":0.0,"gold_gain":0.0,"event_name":"Match and Keep!","player_choice":"1 cards matched","floor":4.0,"gold_loss":0.0,"damage_taken":0.0,"cards_obtained":["Leg Sweep"]},{"damage_healed":0.0,"max_hp_gain":0.0,"max_hp_loss":0.0,"gold_gain":0.0,"event_name":"Upgrade Shrine","player_choice":"Upgraded","floor":11.0,"gold_loss":0.0,"damage_taken":0.0,"cards_upgraded":["Leg Sweep"]},{"damage_healed":0.0,"max_hp_gain":0.0,"max_hp_loss":0.0,"gold_gain":0.0,"event_name":"Masked Bandits","player_choice":"Paid Fearfully","floor":21.0,"gold_loss":94.0,"damage_taken":0.0},{"damage_healed":0.0,"max_hp_gain":0.0,"max_hp_loss":0.0,"gold_gain":0.0,"cards_transformed":["Strike_G","Strike_G"],"event_name":"Drug Dealer","player_choice":"Became Test Subject","floor":24.0,"gold_loss":0.0,"damage_taken":0.0,"cards_obtained":["Terror","Blade Dance"]},{"cards_removed":["Terror"],"damage_healed":30.0,"max_hp_gain":0.0,"max_hp_loss":0.0,"gold_gain":0.0,"event_name":"Bonfire Elementals","player_choice":"Offered Uncommon","floor":31.0,"gold_loss":0.0,"damage_taken":0.0}],"is_beta":false,"boss_relics":[{"not_picked":["Ring of the Serpent","Runic Dome"],"picked":"HoveringKite"},{"not_picked":["Fusion Hammer","Cursed Key"],"picked":"SlaversCollar"}],"items_purged_floors":[13,20],"is_endless":false,"potions_floor_spawned":[2,5,8,12,18,25,30],"killed_by":"Transient","ascension_level":20}}