{"host":"jt62yzdgnrkmwwqv","time":1608043546,"event":{"mods":["AchievementEnabler","BaseMod","CapriCore","Colored Map","Colored Powertips","GungeonMod","Lobotomy","LobotomyExtend","Minty Spire (QoL Compilation)","StSLib","SuperFastMode","The Animator","The Construct","The Immortal"],"gold_per_floor":[109,109,122,134,145,171,189,224,224,224,234,263,213,231,231,335,335,345,444,457,475,486,486,515,425,472,143,172,184,184,184,184,283,283,296,296,308,308,327,327,24,24,24,24,0,34,34,50,50,50,50],"floor_reached":50,"playtime":1515,"items_purged":["Defend_R","Strike_R"],"score":585,"play_id":"3f5d754c-de4b-444f-a90d-6f16c56109df","local_time":"20201215234546","is_ascension_mode":true,"campfire_choices":[{"data":"Searing Blow+3","floor":10,"key":"SMITH"},{"data":"Searing Blow+4","floor":15,"key":"SMITH"},{"data":"Searing Blow+5","floor":23,"key":"SMITH"},{"data":"Searing Blow+6","floor":30,"key":"SMITH"},{"data":"Searing Blow+7","floor":32,"key":"SMITH"},{"data":"Searing Blow+8","floor":40,"key":"SMITH"},{"data":"Searing Blow+9","floor":42,"key":"SMITH"},{"data":"Searing Blow+10","floor":47,"key":"SMITH"},{"floor":49,"key":"RECALL"}],"circlet_count":0,"master_deck":["Strike_R","Strike_R","Defend_R+1","Defend_R","Defend_R","Bash+1","Jack Of All Trades","Searing Blow+11","Armaments","Headbutt","True Grit","Berserk","Armaments","Offering","Armaments+1","Pommel Strike+1","Rage","Corruption","Madness","Madness","Shrug It Off","Shrug It Off","Apotheosis","Impervious"],"relics":["Burning Blood","LetterFromLob","Strawberry","Question Card","Pantograph","Toy Ornithopter","Philosopher\u0027s Stone","Red Skull","Tiny Chest","DemoMod:OrangeGuonStone","DemoMod:BlueGuonStone","Whetstone","construct:WeddingRing","Mummified Hand","Strange Spoon","Red Mask","Mercury Hourglass"],"acts_visited":["Exordium","TheCity","TheBeyond"],"potions_floor_usage":[8,33,33,37],"damage_taken":[{"damage":6,"enemies":"Cultist","floor":1,"turns":4},{"damage":2,"enemies":"Small Slimes","floor":3,"turns":3},{"damage":8,"enemies":"Jaw Worm","floor":4,"turns":4},{"damage":0,"enemies":"2 Fungi Beasts","floor":5,"turns":2},{"damage":30,"enemies":"3 Sentries","floor":6,"turns":10},{"damage":10,"enemies":"Gremlin Gang","floor":7,"turns":5},{"damage":37,"enemies":"Lagavulin","floor":8,"turns":7},{"damage":7,"enemies":"Exordium Wildlife","floor":11,"turns":7},{"damage":20,"enemies":"Gremlin Nob","floor":12,"turns":4},{"damage":0,"enemies":"Looter","floor":14,"turns":2},{"damage":34,"enemies":"Slime Boss","floor":16,"turns":4},{"damage":12,"enemies":"Spheric Guardian","floor":18,"turns":3},{"damage":18,"enemies":"Chosen","floor":20,"turns":2},{"damage":8,"enemies":"Centurion and Healer","floor":21,"turns":3},{"damage":16,"enemies":"Shelled Parasite and Fungi","floor":22,"turns":3},{"damage":18,"enemies":"Book of Stabbing","floor":24,"turns":4},{"damage":14,"enemies":"Slavers","floor":28,"turns":4},{"damage":0,"enemies":"3 Cultists","floor":29,"turns":4},{"damage":44,"enemies":"Automaton","floor":33,"turns":7},{"damage":6,"enemies":"Orb Walker","floor":35,"turns":1},{"damage":28,"enemies":"3 Darklings","floor":37,"turns":4},{"damage":15,"enemies":"Writhing Mass","floor":39,"turns":3},{"damage":27,"enemies":"Nemesis","floor":46,"turns":3},{"damage":6,"enemies":"Spire Growth","floor":48,"turns":1},{"damage":62,"enemies":"Time Eater","floor":50,"turns":8}],"seed_played":"960068094048474194","potions_obtained":[{"floor":3,"key":"Swift Potion"},{"floor":5,"key":"DuplicationPotion"},{"floor":7,"key":"PowerPotion"},{"floor":14,"key":"AttackPotion"},{"floor":22,"key":"Regen Potion"},{"floor":33,"key":"Swift Potion"},{"floor":35,"key":"AttackPotion"},{"floor":46,"key":"GamblersBrew"}],"is_trial":false,"path_per_floor":["M","?","M","M","M","E","M","E","T","R","M","E","?","M","R","B",null,"M","?","M","M","M","R","E","?","T","$","E","M","R","T","R","B",null,"M","?","M","T","M","R","$","R","T","?","?","E","R","M","R","B"],"character_chosen":"IRONCLAD","items_purchased":["DemoMod:OrangeGuonStone","Shrug It Off","Strange Spoon"],"campfire_rested":0,"item_purchase_floors":[27,41,41],"current_hp_per_floor":[80,72,76,74,80,63,59,28,28,28,27,13,13,19,19,16,87,81,81,69,67,57,57,45,45,45,45,37,43,43,43,43,55,87,87,76,59,59,50,50,50,50,50,50,50,29,29,29,29,0,0],"gold":50,"neow_bonus":"RANDOM_COLORLESS","is_daily":false,"chose_seed":false,"campfire_upgraded":8,"win_rate":0.0,"timestamp":1608043546,"path_taken":["M","?","M","M","?","E","M","E","T","R","M","E","?","M","R","BOSS","M","?","M","M","M","R","E","?","T","$","E","?","R","?","R","BOSS","M","?","M","?","M","R","$","R","T","?","?","E","R","M","R","BOSS"],"items_purchased_type":["Relic","Card","Relic"],"build_version":"2020-12-13","purchased_purges":2,"victory":false,"max_hp_per_floor":[80,80,80,80,80,87,87,87,87,87,87,87,87,87,87,87,87,87,87,87,87,87,87,87,87,87,87,87,87,87,87,87,87,87,87,87,87,87,87,87,87,87,87,87,87,87,87,87,87,87,87],"card_choices":[{"not_picked":["Trip","Madness"],"picked":"Jack Of All Trades","floor":0},{"not_picked":["Twin Strike","Disarm","Sever Soul"],"picked":"SKIP","floor":1},{"not_picked":["Flex","Cleave"],"picked":"Armaments","floor":3},{"not_picked":["Anger","Havoc","Perfected Strike"],"picked":"SKIP","floor":4},{"not_picked":["Blood for Blood","Warcry","True Grit"],"picked":"SKIP","floor":5},{"not_picked":["Combust","Reckless Charge"],"picked":"Headbutt","floor":6},{"not_picked":["Sword Boomerang","Twin Strike"],"picked":"True Grit","floor":7},{"not_picked":["Evolve","Entrench","Perfected Strike"],"picked":"SKIP","floor":8},{"not_picked":["Perfected Strike","Cleave","Whirlwind","Iron Wave"],"picked":"SKIP","floor":11},{"not_picked":["Body Slam","Bloodletting","Power Through"],"picked":"Berserk","floor":12},{"not_picked":["Flex","Havoc","DemoMod:BlackBlade"],"picked":"Armaments","floor":14},{"not_picked":["Limit Break","Immolate","Berserk"],"picked":"Offering","floor":16},{"not_picked":["Iron Wave","Searing Blow","Sentinel","True Grit"],"picked":"SKIP","floor":18},{"not_picked":["Searing Blow+1","Warcry","Havoc"],"picked":"Armaments+1","floor":20},{"not_picked":["Rage","Twin Strike+1","Clash+1"],"picked":"Pommel Strike","floor":21},{"not_picked":["Sentinel","Bloodletting","Blood for Blood"],"picked":"Rage","floor":22},{"not_picked":["Flex","Wild Strike","Sentinel","Perfected Strike+1"],"picked":"SKIP","floor":24},{"not_picked":["Feel No Pain","Twin Strike","Pummel","Anger"],"picked":"SKIP","floor":28},{"not_picked":["Infernal Blade","Clothesline","Body Slam","Iron Wave"],"picked":"SKIP","floor":29},{"not_picked":["Exhume","Fiend Fire","Impervious"],"picked":"Corruption","floor":33},{"not_picked":["Iron Wave","Headbutt+1","Clash","Anger"],"picked":"SKIP","floor":35},{"not_picked":["Thunderclap+1","Flame Barrier","Twin Strike"],"picked":"Shrug It Off","floor":37},{"not_picked":["Whirlwind","Heavy Blade+1","Cleave","Anger+1"],"picked":"SKIP","floor":39},{"not_picked":["Impatience","Dramatic Entrance","Chrysalis"],"picked":"Apotheosis","floor":44},{"not_picked":["Thunderclap","Reaper","Evolve+1"],"picked":"Impervious","floor":46},{"not_picked":["Body Slam","Evolve","True Grit","Infernal Blade"],"picked":"SKIP","floor":48}],"player_experience":218014,"relics_obtained":[{"floor":1,"key":"LetterFromLob"},{"floor":6,"key":"Strawberry"},{"floor":8,"key":"Question Card"},{"floor":9,"key":"Pantograph"},{"floor":12,"key":"Toy Ornithopter"},{"floor":24,"key":"Red Skull"},{"floor":26,"key":"Tiny Chest"},{"floor":28,"key":"DemoMod:BlueGuonStone"},{"floor":31,"key":"Whetstone"},{"floor":38,"key":"Mummified Hand"},{"floor":46,"key":"Mercury Hourglass"}],"event_choices":[{"damage_healed":0,"gold_gain":0,"player_choice":"Damaged","damage_taken":8,"max_hp_gain":0,"max_hp_loss":0,"event_name":"Wheel of Change","floor":2,"gold_loss":0},{"cards_removed":["Strike_R"],"damage_healed":0,"gold_gain":0,"player_choice":"Card Removal","damage_taken":0,"max_hp_gain":0,"max_hp_loss":0,"event_name":"The Cleric","floor":13,"gold_loss":50},{"damage_healed":0,"gold_gain":99,"player_choice":"Stole From Cult","damage_taken":0,"max_hp_gain":0,"max_hp_loss":0,"event_name":"Nest","floor":19,"gold_loss":0},{"cards_removed":["Strike_R"],"damage_healed":0,"gold_gain":0,"player_choice":"Upgrade and Remove","damage_taken":0,"max_hp_gain":0,"max_hp_loss":0,"event_name":"Designer","floor":25,"gold_loss":90,"cards_upgraded":["Defend_R"]},{"damage_healed":0,"gold_gain":0,"player_choice":"Embrace Madness","damage_taken":11,"max_hp_gain":0,"max_hp_loss":0,"event_name":"Winding Halls","floor":36,"gold_loss":0,"cards_obtained":["Madness","Madness"]},{"damage_healed":0,"gold_gain":0,"player_choice":"Memory 1","damage_taken":0,"max_hp_gain":0,"max_hp_loss":0,"event_name":"SensoryStone","floor":44,"gold_loss":0},{"damage_healed":0,"gold_gain":0,"player_choice":"Paid","damage_taken":0,"relics_obtained":["Red Mask"],"max_hp_gain":0,"max_hp_loss":0,"event_name":"Tomb of Lord Red Mask","floor":45,"gold_loss":24}],"is_beta":false,"boss_relics":[{"not_picked":["Runic Pyramid","Runic Dome"],"picked":"Philosopher\u0027s Stone"},{"not_picked":["Fusion Hammer","Tiny House"],"picked":"construct:WeddingRing"}],"items_purged_floors":[27,41],"is_endless":false,"potions_floor_spawned":[3,5,7,14,22,29,33,35,46],"killed_by":"Time Eater","ascension_level":1}}