{"host":"oy4pyvr762z5n0bb","time":1608075152,"event":{"mods":["AchievementEnabler","BaseMod","Colored Map","Colored Powertips","Googly Eyes","Key Reminder","Minty Spire (QoL Compilation)","Quick Restart","Relic Sorter","StSLib","SuperFastMode","Unceasing Turn Reminder","slay the spire mod where everything is the same but ironclad has a cowboy hat"],"gold_per_floor":[111,186,206,206,223,223,257,270,296,309,39,39,69,69,69,170,170,185,8,8,25,25,54,54,68,91,106,106,125,157,10,10,109,109,121,135,135,135,135],"floor_reached":38,"playtime":708,"items_purged":["Strike_R"],"score":509,"play_id":"1f52aa20-8510-4112-8a45-c4240f362f2b","local_time":"20201215153232","is_ascension_mode":true,"campfire_choices":[{"data":"Carnage","floor":6,"key":"SMITH"},{"data":"Inflame","floor":12,"key":"SMITH"},{"data":"Limit Break","floor":15,"key":"SMITH"},{"floor":24,"key":"REST"},{"data":"Mayhem","floor":28,"key":"SMITH"},{"floor":32,"key":"REST"}],"circlet_count":0,"master_deck":["Strike_R","Strike_R+1","Strike_R","Defend_R","Defend_R","Defend_R","Defend_R","Bash+1","Twin Strike","Disarm","Carnage+1","Flex","Inflame+1","Havoc","Inflame","Whirlwind","Anger","Limit Break+1","Demon Form","Heavy Blade","Mayhem+1","Disarm+1","Pommel Strike+1","Inflame+1"],"relics":["Burning Blood","Happy Flower","Omamori","Vajra","Boot","Empty Cage","Bronze Scales","Molten Egg 2","Incense Burner","Strawberry","Blood Vial","Akabeko","Black Star"],"acts_visited":["Exordium","TheCity","TheBeyond"],"potions_floor_usage":[5,13,16,21,30,30,33],"damage_taken":[{"damage":3,"enemies":"2 Louse","floor":1,"turns":3},{"damage":3,"enemies":"Jaw Worm","floor":3,"turns":4},{"damage":0,"enemies":"Cultist","floor":5,"turns":3},{"damage":21,"enemies":"Lagavulin","floor":7,"turns":6},{"damage":0,"enemies":"2 Fungi Beasts","floor":8,"turns":2},{"damage":8,"enemies":"Gremlin Gang","floor":10,"turns":4},{"damage":11,"enemies":"Gremlin Nob","floor":13,"turns":3},{"damage":24,"enemies":"Hexaghost","floor":16,"turns":7},{"damage":28,"enemies":"2 Thieves","floor":18,"turns":4},{"damage":23,"enemies":"Spheric Guardian","floor":21,"turns":4},{"damage":27,"enemies":"Gremlin Leader","floor":23,"turns":5},{"damage":6,"enemies":"3 Cultists","floor":25,"turns":3},{"damage":10,"enemies":"Snecko","floor":27,"turns":3},{"damage":25,"enemies":"Chosen and Byrds","floor":29,"turns":5},{"damage":16,"enemies":"Book of Stabbing","floor":30,"turns":4},{"damage":45,"enemies":"Champ","floor":33,"turns":8},{"damage":54,"enemies":"3 Shapes","floor":35,"turns":6},{"damage":17,"enemies":"Orb Walker","floor":36,"turns":3},{"damage":37,"enemies":"Writhing Mass","floor":38,"turns":3}],"seed_played":"6139534662150505269","potions_obtained":[{"floor":3,"key":"DistilledChaos"},{"floor":8,"key":"Dexterity Potion"},{"floor":10,"key":"Explosive Potion"},{"floor":13,"key":"Dexterity Potion"},{"floor":18,"key":"BlessingOfTheForge"},{"floor":27,"key":"AttackPotion"},{"floor":29,"key":"Block Potion"},{"floor":30,"key":"Dexterity Potion"},{"floor":36,"key":"ColorlessPotion"}],"is_trial":false,"path_per_floor":["M","?","M","?","M","R","E","M","T","M","$","R","E","?","R","B",null,"M","$","?","M","?","E","R","M","T","M","R","M","E","$","R","B",null,"M","M","?","M"],"character_chosen":"IRONCLAD","items_purchased":["Inflame","Whirlwind","Anger","Mayhem","Akabeko"],"campfire_rested":2,"item_purchase_floors":[11,11,11,19,31],"current_hp_per_floor":[80,69,72,56,62,62,47,53,53,51,51,51,46,46,46,28,80,58,58,58,41,41,20,44,44,51,47,47,28,18,18,44,7,87,39,30,30,0,0],"gold":135,"neow_bonus":"ONE_RANDOM_RARE_CARD","is_daily":false,"chose_seed":false,"campfire_upgraded":4,"win_rate":0.0,"timestamp":1608075152,"path_taken":["M","?","M","?","?","R","E","M","T","M","$","R","E","?","R","BOSS","M","$","?","M","?","E","R","M","T","M","R","M","E","$","R","BOSS","M","?","?","M"],"items_purchased_type":["Card","Card","Card","Card","Relic"],"build_version":"2020-12-13","purchased_purges":1,"victory":false,"max_hp_per_floor":[80,80,80,80,80,80,80,80,80,80,80,80,80,80,80,80,80,80,80,80,80,80,80,80,80,87,87,87,87,87,87,87,87,87,87,87,87,87,87],"card_choices":[{"not_picked":["Armaments","Uppercut"],"picked":"Twin Strike","floor":1},{"not_picked":["Havoc","True Grit"],"picked":"Disarm","floor":3},{"not_picked":["Perfected Strike","Wild Strike"],"picked":"Carnage","floor":5},{"not_picked":["Second Wind","Uppercut"],"picked":"Flex","floor":7},{"not_picked":["Flex","Headbutt"],"picked":"Inflame","floor":8},{"not_picked":["Perfected Strike","Pommel Strike"],"picked":"Havoc","floor":10},{"not_picked":["True Grit","Havoc"],"picked":"Limit Break","floor":13},{"not_picked":["Berserk","Bludgeon"],"picked":"Demon Form","floor":16},{"not_picked":["Flame Barrier","Body Slam"],"picked":"Heavy Blade","floor":18},{"not_picked":["Wild Strike","Body Slam","Evolve"],"picked":"SKIP","floor":21},{"not_picked":["Warcry","Feel No Pain"],"picked":"Disarm+1","floor":23},{"not_picked":["Flame Barrier","Twin Strike+1"],"picked":"Pommel Strike+1","floor":25},{"not_picked":["Wild Strike+1","Disarm","Rage+1"],"picked":"SKIP","floor":27},{"not_picked":["Wild Strike+1","Infernal Blade","Flex"],"picked":"SKIP","floor":29},{"not_picked":["Clothesline+1","Exhume","Warcry"],"picked":"SKIP","floor":30},{"not_picked":["Infernal Blade+1","Clash+1","Rage+1"],"picked":"SKIP","floor":35},{"not_picked":["Perfected Strike+1","Clothesline+1","Headbutt+1"],"picked":"SKIP","floor":36}],"player_experience":541592,"relics_obtained":[{"floor":7,"key":"Happy Flower"},{"floor":9,"key":"Omamori"},{"floor":13,"key":"Vajra"},{"floor":22,"key":"Molten Egg 2"},{"floor":23,"key":"Incense Burner"},{"floor":26,"key":"Strawberry"},{"floor":30,"key":"Blood Vial"}],"event_choices":[{"damage_healed":0,"gold_gain":75,"player_choice":"Gather Gold","damage_taken":11,"max_hp_gain":0,"max_hp_loss":0,"event_name":"World of Goop","floor":2,"gold_loss":0},{"damage_healed":0,"gold_gain":0,"player_choice":"Entered Light","damage_taken":16,"max_hp_gain":0,"max_hp_loss":0,"event_name":"Shining Light","floor":4,"gold_loss":0,"cards_upgraded":["Strike_R","Bash"]},{"damage_healed":0,"gold_gain":0,"player_choice":"Gave Potion","damage_taken":0,"relics_obtained":["Boot"],"max_hp_gain":0,"max_hp_loss":0,"event_name":"WeMeetAgain","floor":14,"gold_loss":0},{"damage_healed":0,"gold_gain":0,"player_choice":"Stole Relic","damage_taken":0,"relics_obtained":["Bronze Scales"],"max_hp_gain":0,"max_hp_loss":0,"event_name":"Addict","floor":20,"gold_loss":0,"cards_obtained":["Shame"]},{"damage_healed":0,"gold_gain":0,"player_choice":"Relic","damage_taken":0,"max_hp_gain":0,"max_hp_loss":0,"event_name":"Wheel of Change","floor":22,"gold_loss":0},{"damage_healed":0,"gold_gain":0,"player_choice":"Copied","damage_taken":0,"max_hp_gain":0,"max_hp_loss":0,"event_name":"Duplicator","floor":37,"gold_loss":0,"cards_obtained":["Inflame"]}],"is_beta":false,"boss_relics":[{"not_picked":["Velvet Choker","Mark of Pain"],"picked":"Empty Cage"},{"not_picked":["Runic Cube","Tiny House"],"picked":"Black Star"}],"items_purged_floors":[11],"is_endless":false,"potions_floor_spawned":[3,8,10,13,18,27,29,30,36],"killed_by":"Writhing Mass","ascension_level":4}}