{"host":"d9m9v0h6vo0edadb","time":1608031893,"event":{"mods":["BaseMod","Hermit","Keyboard Shortcuts","Minty Spire (QoL Compilation)","StSLib","SuperFastMode","The Cursed"],"gold_per_floor":[109,34,34,52,64,64,81,81,81,94,104,4,15,26,26,99,99,109,109,159,74,91,91,111,111,111],"floor_reached":25,"playtime":382,"items_purged":["Strike_G","Strike_G"],"score":394,"play_id":"b8fd87e2-7f62-40bf-90e2-4f8f26d5fdac","local_time":"20201215203133","is_ascension_mode":true,"campfire_choices":[{"data":"A Thousand Cuts","floor":6,"key":"SMITH"},{"data":"Cloak And Dagger","floor":8,"key":"SMITH"},{"data":"Tactician","floor":15,"key":"SMITH"},{"data":"Acrobatics","floor":23,"key":"SMITH"}],"circlet_count":0,"master_deck":["AscendersBane","Strike_G","Defend_G","Defend_G","Defend_G","Defend_G","Defend_G","Survivor","Neutralize","A Thousand Cuts+1","Blade Dance","Cloak And Dagger+1","Infinite Blades","Acrobatics+1","Tactician+1","Infinite Blades","Accuracy+1"],"relics":["Ring of the Snake","HornCleat","Ornamental Fan","Empty Cage","Ginger"],"acts_visited":["Exordium","TheCity"],"potions_floor_usage":[],"damage_taken":[{"damage":8,"enemies":"Jaw Worm","floor":1,"turns":5},{"damage":0,"enemies":"Small Slimes","floor":4,"turns":3},{"damage":0,"enemies":"2 Louse","floor":5,"turns":3},{"damage":1,"enemies":"Exordium Wildlife","floor":7,"turns":3},{"damage":0,"enemies":"Blue Slaver","floor":10,"turns":4},{"damage":0,"enemies":"Looter","floor":11,"turns":4},{"damage":4,"enemies":"3 Louse","floor":13,"turns":4},{"damage":0,"enemies":"Exordium Wildlife","floor":14,"turns":4},{"damage":7,"enemies":"Hexaghost","floor":16,"turns":9},{"damage":9,"enemies":"Chosen","floor":18,"turns":5},{"damage":0,"enemies":"Spheric Guardian","floor":22,"turns":3},{"damage":35,"enemies":"Shelled Parasite and Fungi","floor":24,"turns":6},{"damage":15,"enemies":"Snake Plant","floor":25,"turns":3}],"seed_played":"9175944027894269617","potions_obtained":[{"floor":4,"key":"Swift Potion"},{"floor":10,"key":"GamblersBrew"},{"floor":14,"key":"Dexterity Potion"}],"is_trial":false,"path_per_floor":["M","$","?","M","M","R","M","R","T","M","M","$","M","M","R","B",null,"M","$","?","?","M","R","M","M"],"character_chosen":"THE_SILENT","items_purchased":[],"campfire_rested":0,"item_purchase_floors":[],"current_hp_per_floor":[51,51,33,33,33,33,32,32,32,32,32,32,28,28,28,21,55,46,46,46,46,46,46,11,0,0],"gold":111,"neow_bonus":"ONE_RANDOM_RARE_CARD","is_daily":false,"chose_seed":false,"campfire_upgraded":4,"win_rate":0.0,"timestamp":1608031893,"path_taken":["M","$","?","M","M","R","M","R","T","M","M","$","M","M","R","BOSS","M","$","?","?","M","R","M","M"],"items_purchased_type":[],"build_version":"2020-12-13","purchased_purges":2,"victory":false,"max_hp_per_floor":[66,66,66,66,66,66,66,66,66,66,66,66,66,66,66,66,66,66,66,66,66,66,66,66,66,66],"card_choices":[{"not_picked":["Backflip","Cloak And Dagger"],"picked":"Blade Dance","floor":1},{"not_picked":["Dagger Spray","Underhanded Strike"],"picked":"Cloak And Dagger","floor":4},{"not_picked":["Slice","Skewer","Flying Knee"],"picked":"SKIP","floor":5},{"not_picked":["Footwork","Grand Finale"],"picked":"Infinite Blades","floor":7},{"not_picked":["Skewer","Flying Knee","Sucker Punch"],"picked":"SKIP","floor":10},{"not_picked":["Backflip","Heel Hook"],"picked":"Acrobatics","floor":11},{"not_picked":["Accuracy","Wraith Form v2"],"picked":"Tactician","floor":13},{"not_picked":["Sucker Punch","Dash"],"picked":"Infinite Blades","floor":14},{"not_picked":["Escape Plan","Prepared"],"picked":"Accuracy+1","floor":18},{"not_picked":["Deadly Poison","Tactician","Predator"],"picked":"SKIP","floor":22},{"not_picked":["Predator","Blade Dance","Dash"],"picked":"SKIP","floor":24}],"player_experience":934584,"relics_obtained":[{"floor":9,"key":"Ornamental Fan"}],"event_choices":[{"damage_healed":0,"gold_gain":0,"player_choice":"Success","damage_taken":18,"relics_obtained":["HornCleat"],"max_hp_gain":0,"max_hp_loss":0,"event_name":"Scrap Ooze","floor":3,"gold_loss":0},{"damage_healed":0,"gold_gain":50,"player_choice":"Stole From Cult","damage_taken":0,"max_hp_gain":0,"max_hp_loss":0,"event_name":"Nest","floor":20,"gold_loss":0},{"damage_healed":0,"gold_gain":0,"player_choice":"Obtained Relic","damage_taken":0,"relics_obtained":["Ginger"],"max_hp_gain":0,"max_hp_loss":0,"event_name":"Addict","floor":21,"gold_loss":85}],"is_beta":false,"boss_relics":[{"not_picked":["SacredBark","HoveringKite"],"picked":"Empty Cage"}],"items_purged_floors":[2,12],"is_endless":false,"potions_floor_spawned":[4,10,14,16,18],"killed_by":"Snake Plant","ascension_level":20}}