{"host":"mn5ze3eyhx81nlo2","time":1608042881,"event":{"mods":["BaseMod","Block Reminder","Challenge The Spire","Downfall","Hermit","Hubris","Infinite Spire","Minty Spire (QoL Compilation)","Quick Restart","Replay The Spire","Shade Mod","StSLib","The Cursed","The Druid","The Hierophant","The Runesmith","Unceasing Turn Reminder"],"gold_per_floor":[199,232,407,407,407,425,425,425,435,462,482,266,3,23,40,136,136,136,146,146,86,114,132,132,132,160,160,171,171,183,200,210,312,312,312,324,366,157,172,172,218,218,218,218],"floor_reached":43,"playtime":2832,"items_purged":["Guardian:Strike_Guardian","Guardian:Strike_Guardian","hubris:Despair","Decay"],"score":500,"play_id":"c93a9779-fc72-4c99-9921-94197fc1e325","local_time":"20201215143441","is_ascension_mode":true,"campfire_choices":[{"data":"Guardian:CurlUp","floor":1,"key":"SMITH"},{"data":"Guardian:Defend_Guardian","floor":5,"key":"SMITH"},{"data":"Guardian:ChargeUp","floor":18,"key":"SMITH"},{"floor":27,"key":"REST"},{"data":"Guardian:TimeCapacitor","floor":40,"key":"SMITH"},{"data":"Guardian:Emergency","floor":42,"key":"SMITH"}],"circlet_count":0,"master_deck":["Guardian:Defend_Guardian+1","Guardian:TimeSifter+1","Guardian:Emergency+1","Guardian:ChargeUp+1","Guardian:TemporalStrike+1","Guardian:ChargeCore","Guardian:TimeBomb","Guardian:StasisStrike","Guardian:Incinerate","Guardian:Planning","Guardian:ShieldCharger","Guardian:Recover","Guardian:TemporalShield","Guardian:Reroute","Guardian:PolyBeam+1","Guardian:Incinerate+1","ReplayTheSpireMod:Splinters","Guardian:Preprogram+1","Guardian:Suspension","Guardian:FloatingOrbs","Guardian:TimeCapacitor+1"],"relics":["Guardian:ModeShifter","Boot","infinitespire:EmpoweringShard","infinitespire:Lucky Rock","Guardian:PocketSentry","Kintsugi","hubris:Icosahedron","Chameleon Ring","Gambling Chip","Quantum Egg","MealTicket","Astrolabe","Replay:Bottled Flurry"],"acts_visited":["Exordium","TheCity","TheBeyond"],"potions_floor_usage":[10,10,16,22,26,28,28,33,33],"damage_taken":[{"damage":35,"enemies":"Gremlin Nob","floor":2,"turns":5},{"damage":1,"enemies":"Jaw Worm","floor":6,"turns":7},{"damage":0,"enemies":"Small Slimes","floor":9,"turns":4},{"damage":0,"enemies":"3 Sentries","floor":10,"turns":2},{"damage":0,"enemies":"2 Louse","floor":11,"turns":3},{"damage":0,"enemies":"downfall:FleeingMerchant","floor":12,"turns":4},{"damage":0,"enemies":"downfall:FleeingMerchant","floor":13,"turns":4},{"damage":3,"enemies":"Exordium Wildlife","floor":14,"turns":3},{"damage":5,"enemies":"Lots of Slimes","floor":15,"turns":3},{"damage":18,"enemies":"downfall:Watcher","floor":16,"turns":7},{"damage":13,"enemies":"Spheric Guardian","floor":19,"turns":6},{"damage":17,"enemies":"downfall:FleeingMerchant","floor":21,"turns":4},{"damage":22,"enemies":"Book of Stabbing","floor":22,"turns":8},{"damage":0,"enemies":"3 Byrds","floor":23,"turns":7},{"damage":9,"enemies":"Replay:Snechameleon","floor":26,"turns":6},{"damage":15,"enemies":"Snake Plant","floor":28,"turns":3},{"damage":11,"enemies":"Centurion and Healer","floor":30,"turns":8},{"damage":6,"enemies":"Shelled Parasite and Fungi","floor":31,"turns":8},{"damage":0,"enemies":"Chosen and Byrds","floor":32,"turns":8},{"damage":42,"enemies":"downfall:Defect","floor":33,"turns":12},{"damage":23,"enemies":"3 Darklings","floor":36,"turns":5},{"damage":4,"enemies":"downfall:FleeingMerchant","floor":38,"turns":4},{"damage":19,"enemies":"3 Shapes","floor":39,"turns":4},{"damage":16,"enemies":"Giant Head","floor":43,"turns":5}],"seed_played":"1759056635189182794","potions_obtained":[{"floor":6,"key":"AttackPotion"},{"floor":9,"key":"SteroidPotion"},{"floor":14,"key":"SkillPotion"},{"floor":15,"key":"Guardian:AcceleratePotion"},{"floor":16,"key":"Dexterity Potion"},{"floor":23,"key":"SneckoOil"},{"floor":26,"key":"Explosive Potion"},{"floor":29,"key":"downfall:CursedFountainPotion"},{"floor":30,"key":"ColorlessPotion"},{"floor":31,"key":"FairyPotion"}],"is_trial":false,"path_per_floor":["R","E","?","?","R","M","T","?","M","E","M","$","$","M","M","B",null,"R","M","?","$","E","M","T","AVR","E","R","M","?","M","M","M","B",null,"R","M","?","$","M","R","T","R","E"],"character_chosen":"GUARDIAN","items_purchased":["Guardian:ChargeUp","Guardian:TemporalStrike","Guardian:PocketSentry","Guardian:Planning","Guardian:TimeCapacitor"],"campfire_rested":1,"item_purchase_floors":[12,12,13,21,38],"current_hp_per_floor":[80,45,45,45,45,44,44,44,44,44,44,44,44,41,36,18,80,80,67,67,50,28,28,28,28,19,43,28,28,17,11,11,7,80,80,57,57,68,49,49,49,49,33,33],"gold":218,"neow_bonus":"HUNDRED_GOLD","is_daily":false,"chose_seed":false,"campfire_upgraded":5,"win_rate":0.0,"timestamp":1608042881,"path_taken":["R","E","?","?","R","M","T","?","M","E","M","$","$","M","M","BOSS","R","M","?","$","E","M","T","AVR","E","R","M","?","?","M","M","BOSS","R","M","?","$","M","R","T","R","E"],"items_purchased_type":["Card","Card","Relic","Card","Card"],"build_version":"2020-12-13","purchased_purges":4,"victory":false,"max_hp_per_floor":[80,80,80,80,80,80,80,80,80,80,80,80,80,80,80,80,80,80,80,80,80,80,80,80,80,80,80,80,80,80,80,80,80,80,80,80,80,80,80,80,80,80,80,80],"card_choices":[{"not_picked":["Guardian:VentSteam","Guardian:PrismaticBarrier","Guardian:DonusPower"],"picked":"SKIP","floor":2},{"not_picked":["Guardian:TemporalShield","Guardian:Gem_Red"],"picked":"Guardian:Gem_Cyan","floor":6},{"not_picked":["Guardian:PiercingHide","Guardian:ShieldSpikes"],"picked":"Guardian:Emergency","floor":9},{"not_picked":["Guardian:DonusPower","Guardian:ShieldSpikes","Guardian:DecasProtection"],"picked":"SKIP","floor":10},{"not_picked":["Guardian:DonusPower","Guardian:Gem_Red"],"picked":"Guardian:PrimingBeam","floor":11},{"not_picked":["Guardian:Emergency","Guardian:RollAttack"],"picked":"Guardian:PolyBeam","floor":12},{"not_picked":["Guardian:Repulse","Guardian:RollAttack"],"picked":"Guardian:ChargeCore","floor":13},{"not_picked":["Guardian:PrismaticBeam","Guardian:TemporalStrike"],"picked":"Guardian:Gem_White","floor":14},{"not_picked":["Guardian:EvasiveProtocol","Guardian:Gem_Green"],"picked":"Guardian:TimeBomb","floor":15},{"not_picked":["Guardian:AncientConstruct","Guardian:SphericShield"],"picked":"Guardian:StasisStrike","floor":16},{"not_picked":["Guardian:CrystalBeam","Guardian:PolyBeam","Guardian:PiercingHide"],"picked":"SKIP","floor":19},{"not_picked":["Guardian:ChargeUp","Guardian:RollAttack+1"],"picked":"Guardian:Incinerate","floor":21},{"not_picked":["Guardian:Gem_Red","Guardian:Recover"],"picked":"Guardian:ShieldCharger","floor":22},{"not_picked":["Guardian:ConstructionForm","Guardian:TemporalShield+1"],"picked":"Guardian:Recover","floor":23},{"not_picked":["Guardian:RollAttack","Guardian:ArmoredProtocol"],"picked":"Guardian:Gem_Green","floor":26},{"not_picked":["Guardian:ShieldCharger","Guardian:Gem_Lightblue"],"picked":"Guardian:Gem_Purple","floor":28},{"not_picked":["Guardian:Planning","Guardian:DonusPower"],"picked":"Guardian:TemporalShield","floor":30},{"not_picked":["Guardian:RevengeProtocol","Guardian:DonusPower","Guardian:Gem_White"],"picked":"SKIP","floor":31},{"not_picked":["Guardian:PolyBeam","Guardian:PrimingBeam"],"picked":"Guardian:Reroute","floor":32},{"not_picked":["Guardian:TimeSifter","Guardian:RevengeProtocol"],"picked":"Guardian:Gem_Orange","floor":33},{"not_picked":["Guardian:Incinerate","Guardian:PiercingHide+1","Guardian:TemporalShield+1"],"picked":"SKIP","floor":36},{"not_picked":["Guardian:ChargeUp+1","Guardian:Gem_Lightblue"],"picked":"Guardian:Preprogram+1","floor":37},{"not_picked":["Guardian:ShieldSpikes+1","Guardian:DecasProtection"],"picked":"Guardian:Suspension","floor":37},{"not_picked":["Guardian:Recover+1","Guardian:WalkerClaw"],"picked":"Guardian:FloatingOrbs","floor":38},{"not_picked":["Guardian:TemporalShield+1","Guardian:Preprogram+1"],"picked":"Guardian:Gem_Red","floor":39}],"player_experience":886973,"relics_obtained":[{"floor":2,"key":"Boot"},{"floor":7,"key":"infinitespire:EmpoweringShard"},{"floor":10,"key":"infinitespire:Lucky Rock"},{"floor":22,"key":"Chameleon Ring"},{"floor":24,"key":"Gambling Chip"},{"floor":26,"key":"MealTicket"},{"floor":37,"key":"Replay:Bottled Flurry"}],"event_choices":[],"is_beta":false,"boss_relics":[{"not_picked":["ReplayTheSpireMod:SealedPack","Runesmith:UraniumAnvil"],"picked":"Kintsugi"},{"not_picked":["Painkiller Herb","ReplayTheSpireMod:DimensionalGlitch"],"picked":"Astrolabe"}],"items_purged_floors":[12,13,25,38],"is_endless":false,"potions_floor_spawned":[6,9,14,15,16,23,26,30,31],"killed_by":"Giant Head","ascension_level":1}}