{"host":"1tl36azeqm6yhdgj","time":1608054033,"event":{"mods":["AchievementEnabler","BaseMod","Minty Spire (QoL Compilation)","StSLib","The IronCluck","everything is the same but u backflip on backflip"],"gold_per_floor":[14,14,27,38,57,82,157,157,157],"floor_reached":8,"playtime":242,"items_purged":[],"score":90,"play_id":"88afdf74-71f7-4c19-a5c3-b3e45ccf55d1","local_time":"20201215124033","is_ascension_mode":true,"campfire_choices":[],"circlet_count":0,"master_deck":["AscendersBane","Strike_R","Strike_R","Strike_R","Strike_R","Defend_R","Defend_R","Defend_R","Defend_R","Bash","Juggernaut","Headbutt","Rampage","Cleave","Demon Form"],"relics":["Burning Blood","Pear"],"acts_visited":["Exordium"],"potions_floor_usage":[8],"damage_taken":[{"damage":13.0,"enemies":"Jaw Worm","floor":1.0,"turns":4.0},{"damage":1.0,"enemies":"2 Louse","floor":3.0,"turns":2.0},{"damage":4.0,"enemies":"Small Slimes","floor":4.0,"turns":3.0},{"damage":7.0,"enemies":"Looter","floor":5.0,"turns":3.0},{"damage":52.0,"enemies":"3 Sentries","floor":6.0,"turns":7.0},{"damage":32,"enemies":"Gremlin Nob","floor":8,"turns":3}],"seed_played":"-3193010419971324134","potions_obtained":[{"floor":5.0,"key":"Energy Potion"},{"floor":6.0,"key":"SkillPotion"}],"is_trial":false,"path_per_floor":["M","?","M","M","M","E","?","E"],"character_chosen":"IRONCLAD","items_purchased":[],"campfire_rested":0,"item_purchase_floors":[],"current_hp_per_floor":[65,65,70,72,71,35,24,0,0],"gold":157,"neow_bonus":"THREE_RARE_CARDS","is_daily":false,"chose_seed":false,"campfire_upgraded":0,"win_rate":0.0,"timestamp":1608054033,"path_taken":["M","?","M","M","M","E","?","E"],"items_purchased_type":[],"build_version":"2020-12-13","purchased_purges":0,"victory":false,"max_hp_per_floor":[80,80,80,80,80,90,90,90,90],"card_choices":[{"not_picked":["Reaper","Demon Form"],"picked":"Juggernaut","floor":0.0},{"not_picked":["Clothesline","Evolve"],"picked":"Headbutt","floor":1.0},{"not_picked":["Havoc","Dark Embrace","Headbutt"],"picked":"SKIP","floor":3.0},{"not_picked":["Sword Boomerang","Rampage"],"picked":"Cleave","floor":4.0},{"not_picked":["Shockwave","True Grit"],"picked":"Demon Form","floor":5.0},{"not_picked":["Headbutt","Cleave","Heavy Blade"],"picked":"SKIP","floor":6.0}],"player_experience":1937948,"relics_obtained":[{"floor":6.0,"key":"Pear"}],"event_choices":[{"damage_healed":0.0,"max_hp_gain":0.0,"max_hp_loss":0.0,"gold_gain":0.0,"cards_transformed":["Strike_R"],"event_name":"Living Wall","player_choice":"Change","floor":2.0,"gold_loss":0.0,"damage_taken":0.0,"cards_obtained":["Rampage"]},{"damage_healed":0.0,"max_hp_gain":0.0,"max_hp_loss":0.0,"gold_gain":75.0,"event_name":"World of Goop","player_choice":"Gather Gold","floor":7.0,"gold_loss":0.0,"damage_taken":11.0}],"is_beta":false,"boss_relics":[],"items_purged_floors":[],"is_endless":false,"potions_floor_spawned":[5,6],"killed_by":"Gremlin Nob","ascension_level":11}}