{"host":"wshh0nphwn6jv7vj","time":1608049436,"event":{"mods":["BaseMod","Bestiary","Minty Spire (QoL Compilation)"],"gold_per_floor":[116,134,32,44,44,44,75,75,75,75,0,16,27,37,37,37,37],"floor_reached":16,"playtime":795,"items_purged":["Strike_G"],"score":179,"play_id":"1660f20e-8170-4503-91ff-c19268f44225","local_time":"20201215112356","is_ascension_mode":true,"campfire_choices":[{"data":"Neutralize","floor":6,"key":"SMITH"},{"data":"Survivor","floor":8,"key":"SMITH"},{"data":"Quick Slash","floor":10,"key":"SMITH"},{"data":"Backflip","floor":15,"key":"SMITH"}],"circlet_count":0,"master_deck":["AscendersBane","Strike_G","Defend_G","Defend_G","Defend_G","Defend_G","Defend_G","Survivor+1","Neutralize+1","Quick Slash+1","Predator","Dagger Spray","Dagger Throw","Noxious Fumes+1","Slice+1","Backflip+1","Masterful Stab+1"],"relics":["Ring of the Snake","Bag of Marbles","Frozen Egg 2","Molten Egg 2"],"acts_visited":["Exordium"],"potions_floor_usage":[2,16],"damage_taken":[{"damage":1,"enemies":"2 Louse","floor":1,"turns":4},{"damage":2,"enemies":"Small Slimes","floor":2,"turns":4},{"damage":0,"enemies":"Jaw Worm","floor":4,"turns":4},{"damage":12,"enemies":"3 Sentries","floor":7,"turns":9},{"damage":12,"enemies":"Gremlin Gang","floor":12,"turns":3},{"damage":2,"enemies":"3 Louse","floor":13,"turns":2},{"damage":0,"enemies":"Looter","floor":14,"turns":2},{"damage":27,"enemies":"Slime Boss","floor":16,"turns":6}],"seed_played":"-8606627389507762135","potions_obtained":[{"floor":1,"key":"SkillPotion"},{"floor":13,"key":"SmokeBomb"},{"floor":14,"key":"PowerPotion"}],"is_trial":false,"path_per_floor":["M","M","$","M","?","R","E","R","T","R","?","M","M","M","R","B"],"character_chosen":"THE_SILENT","items_purchased":["Dagger Spray"],"campfire_rested":0,"item_purchase_floors":[3],"current_hp_per_floor":[58,56,56,56,51,51,39,39,39,39,39,27,25,25,25,0,0],"gold":37,"neow_bonus":"REMOVE_TWO","is_daily":false,"chose_seed":false,"campfire_upgraded":4,"win_rate":0.0,"timestamp":1608049436,"path_taken":["M","M","$","M","?","R","E","R","T","R","?","M","M","M","R","BOSS"],"items_purchased_type":["Card"],"build_version":"2020-12-13","purchased_purges":1,"victory":false,"max_hp_per_floor":[60,60,60,60,60,60,60,60,60,60,60,60,60,60,60,60,60],"card_choices":[{"not_picked":["Infinite Blades","Poisoned Stab"],"picked":"Quick Slash","floor":1},{"not_picked":["Bane","Prepared"],"picked":"Predator","floor":2},{"not_picked":["Endless Agony","Skewer"],"picked":"Dagger Throw","floor":4},{"not_picked":["Catalyst","Prepared"],"picked":"Noxious Fumes+1","floor":7},{"not_picked":["Reflex","Accuracy+1"],"picked":"Slice+1","floor":12},{"not_picked":["Quick Slash+1","Dodge and Roll"],"picked":"Backflip","floor":13},{"not_picked":["Cloak And Dagger","PiercingWail"],"picked":"Masterful Stab+1","floor":14}],"player_experience":1417482,"relics_obtained":[{"floor":7,"key":"Frozen Egg 2"},{"floor":9,"key":"Molten Egg 2"}],"event_choices":[{"damage_healed":0,"gold_gain":0,"player_choice":"Success","damage_taken":5,"relics_obtained":["Bag of Marbles"],"max_hp_gain":0,"max_hp_loss":0,"event_name":"Scrap Ooze","floor":5,"gold_loss":0},{"cards_removed":["Strike_G"],"damage_healed":0,"gold_gain":0,"player_choice":"Card Removal","damage_taken":0,"max_hp_gain":0,"max_hp_loss":0,"event_name":"The Cleric","floor":11,"gold_loss":75}],"is_beta":false,"boss_relics":[],"items_purged_floors":[3],"is_endless":false,"potions_floor_spawned":[1,13,14],"killed_by":"Slime Boss","ascension_level":15}}