{"host":"bnbc66jny2i0hx0x","time":1608011531,"event":{"mods":["AchievementEnabler","BaseMod","Minty Spire (QoL Compilation)","Relic Sorter","StSLib"],"gold_per_floor":[111,128,147,72,89,89,120,120,175,208,208,223,241,273,273,347,347,361,361,128,145,37,71,71,71,116,146,146,246,259,276,276,350,350,367,384,364,141,160,160,195,73,99,130,145,145,172,182,182,182],"floor_reached":51,"playtime":3207,"items_purged":["Strike_B","Pain","Strike_B","Defend_B"],"score":1548,"play_id":"23fe8f27-2369-4de7-954a-2bd68e8324df","local_time":"20201214215211","is_ascension_mode":true,"campfire_choices":[{"data":"Rip and Tear","floor":6.0,"key":"SMITH"},{"data":"Chill","floor":8.0,"key":"SMITH"},{"floor":11.0,"key":"REST"},{"data":"Echo Form","floor":15.0,"key":"SMITH"},{"floor":25.0,"key":"REST"},{"floor":28.0,"key":"REST"},{"floor":32.0,"key":"REST"},{"floor":40.0,"key":"REST"},{"data":"Buffer","floor":46,"key":"SMITH"},{"data":"Defragment","floor":49,"key":"SMITH"}],"circlet_count":0,"master_deck":["AscendersBane","Zap","Dualcast","Echo Form+1","Sweeping Beam+1","Turbo","Rip and Tear+1","Chill+1","Conserve Battery","Cold Snap","Glacier","Creative AI","Defragment","Capacitor","Sunder+1","Buffer+1","Streamline","Defragment+1","Echo Form","Rebound+1","Genetic Algorithm+1","Glacier+1","Self Repair","Coolheaded+1"],"relics":["Cracked Core","HornCleat","Oddly Smooth Stone","Happy Flower","Bottled Tornado","Nuclear Battery","WarpedTongs","Membership Card","Tiny Chest","Lantern","Juzu Bracelet","Ginger","Singing Bowl","Astrolabe","Runic Capacitor","Potion Belt","Molten Egg 2","Gremlin Horn","Whetstone","Unceasing Top"],"acts_visited":["Exordium","TheCity","TheBeyond"],"potions_floor_usage":[50],"damage_taken":[{"damage":0.0,"enemies":"Cultist","floor":1.0,"turns":4.0},{"damage":0.0,"enemies":"Small Slimes","floor":2.0,"turns":3.0},{"damage":10.0,"enemies":"2 Louse","floor":3.0,"turns":2.0},{"damage":7.0,"enemies":"Looter","floor":5.0,"turns":3.0},{"damage":8.0,"enemies":"Gremlin Nob","floor":7.0,"turns":4.0},{"damage":0.0,"enemies":"Lagavulin","floor":10.0,"turns":6.0},{"damage":0.0,"enemies":"Gremlin Gang","floor":12.0,"turns":5.0},{"damage":0.0,"enemies":"2 Fungi Beasts","floor":13.0,"turns":3.0},{"damage":2.0,"enemies":"Gremlin Nob","floor":14.0,"turns":4.0},{"damage":7.0,"enemies":"The Guardian","floor":16.0,"turns":11.0},{"damage":16.0,"enemies":"2 Thieves","floor":18.0,"turns":4.0},{"damage":7.0,"enemies":"Shell Parasite","floor":21.0,"turns":8.0},{"damage":22.0,"enemies":"Book of Stabbing","floor":23.0,"turns":5.0},{"damage":0.0,"enemies":"Gremlin Leader","floor":27.0,"turns":10.0},{"damage":3.0,"enemies":"Colosseum Slavers","floor":29.0,"turns":6.0},{"damage":20.0,"enemies":"Colosseum Nobs","floor":29.0,"turns":6.0},{"damage":0.0,"enemies":"Centurion and Healer","floor":30.0,"turns":6.0},{"damage":0.0,"enemies":"3 Cultists","floor":31.0,"turns":3.0},{"damage":5.0,"enemies":"Automaton","floor":33.0,"turns":10.0},{"damage":1.0,"enemies":"Orb Walker","floor":35.0,"turns":2.0},{"damage":8.0,"enemies":"3 Darklings","floor":36.0,"turns":9.0},{"damage":25.0,"enemies":"Writhing Mass","floor":39.0,"turns":8.0},{"damage":0.0,"enemies":"Reptomancer","floor":41.0,"turns":8.0},{"damage":0,"enemies":"Giant Head","floor":44,"turns":9},{"damage":0,"enemies":"Maw","floor":45,"turns":8},{"damage":0,"enemies":"Nemesis","floor":47,"turns":7},{"damage":0,"enemies":"3 Darklings","floor":48,"turns":5},{"damage":16,"enemies":"Awakened One","floor":50,"turns":14}],"seed_played":"-2657038151971484083","potions_obtained":[{"floor":2.0,"key":"PowerPotion"},{"floor":3.0,"key":"Energy Potion"},{"floor":7.0,"key":"GamblersBrew"},{"floor":14.0,"key":"Explosive Potion"},{"floor":18.0,"key":"Weak Potion"},{"floor":29.0,"key":"PotionOfCapacity"},{"floor":31.0,"key":"SteroidPotion"},{"floor":35.0,"key":"Ancient Potion"},{"floor":39.0,"key":"PotionOfCapacity"},{"floor":45,"key":"DuplicationPotion"}],"is_trial":false,"path_per_floor":["M","M","M","$","M","R","E","R","T","E","R","M","M","E","R","B",null,"M","?","$","M","$","E","?","R","T","E","R","?","M","M","R","B",null,"M","M","?","$","M","R","E","$","T","E","M","R","E","M","R","B",null],"character_chosen":"DEFECT","items_purchased":["Membership Card","Defragment","Capacitor","AttackPotion","Runic Capacitor","Potion Belt","Gremlin Horn"],"campfire_rested":5,"item_purchase_floors":[20,20,22,22,38,38,42],"current_hp_per_floor":[64,64,54,54,47,47,39,39,39,39,60,60,60,58,58,51,66,50,50,50,43,43,21,21,42,42,42,63,42,44,44,66,61,72,73,67,67,67,44,68,70,70,70,72,74,74,74,81,81,72],"gold":182,"neow_bonus":"ONE_RANDOM_RARE_CARD","is_daily":false,"chose_seed":false,"campfire_upgraded":5,"win_rate":0.0,"timestamp":1608011531,"path_taken":["M","M","?","$","M","R","E","R","T","E","R","M","M","E","R","BOSS","M","?","$","M","?","E","?","R","T","E","R","?","M","M","R","BOSS","M","M","?","$","M","R","E","$","T","E","M","R","E","M","R","BOSS"],"items_purchased_type":["Relic","Card","Card","Potion","Relic","Relic","Relic"],"build_version":"2020-12-13","purchased_purges":4,"victory":true,"max_hp_per_floor":[71,71,71,71,71,71,71,71,71,71,71,71,71,71,71,71,71,71,71,71,71,71,71,71,71,71,71,71,73,75,75,75,75,75,77,79,79,79,81,81,83,83,83,85,87,87,87,87,87,87],"card_choices":[{"not_picked":["Barrage","Streamline"],"picked":"Sweeping Beam","floor":1.0},{"not_picked":["Lockon","Compile Driver"],"picked":"Turbo","floor":2.0},{"not_picked":["Force Field","Beam Cell"],"picked":"Rip and Tear","floor":3.0},{"not_picked":["Consume","Hologram"],"picked":"Chill","floor":5.0},{"not_picked":["Consume","Heatsinks"],"picked":"Conserve Battery","floor":7.0},{"not_picked":["Force Field","Heatsinks","Rip and Tear"],"picked":"SKIP","floor":10.0},{"not_picked":["Beam Cell","Buffer"],"picked":"Cold Snap","floor":12.0},{"not_picked":["Ball Lightning","Reprogram"],"picked":"Glacier","floor":13.0},{"not_picked":["Gash","FTL","Conserve Battery"],"picked":"SKIP","floor":14.0},{"not_picked":["Hyperbeam","Amplify"],"picked":"Creative AI","floor":16.0},{"not_picked":["Consume","Streamline","Double Energy"],"picked":"SKIP","floor":18.0},{"not_picked":["Gash","Reprogram","Sweeping Beam"],"picked":"SKIP","floor":21.0},{"not_picked":["Loop","Streamline"],"picked":"Sunder","floor":23.0},{"not_picked":["Sweeping Beam","Steam+1","Hologram"],"picked":"SKIP","floor":27.0},{"not_picked":["Echo Form","Turbo","Ball Lightning"],"picked":"Singing Bowl","floor":29.0},{"not_picked":["Ball Lightning","Hologram","Barrage"],"picked":"Singing Bowl","floor":30.0},{"not_picked":["Auto Shields","Sweeping Beam"],"picked":"Defragment","floor":31.0},{"not_picked":["Core Surge","Buffer"],"picked":"Echo Form","floor":33.0},{"not_picked":["Go for the Eyes","Redo","Streamline+1"],"picked":"Singing Bowl","floor":35.0},{"not_picked":["Stack+1","Leap+1","Chaos+1"],"picked":"Singing Bowl","floor":36.0},{"not_picked":["Stack+1","Turbo","Steam"],"picked":"Singing Bowl","floor":39.0},{"not_picked":["Redo","Cold Snap+1","Gash+1"],"picked":"Singing Bowl","floor":41.0},{"not_picked":["Multi-Cast","Beam Cell+1","Gash+1"],"picked":"Singing Bowl","floor":44},{"not_picked":["Aggregate","Coolheaded+1","Scrape+1"],"picked":"Singing Bowl","floor":45},{"not_picked":["Steam","Stack"],"picked":"Self Repair","floor":47},{"not_picked":["Hello World","Cold Snap+1"],"picked":"Coolheaded+1","floor":48}],"player_experience":1244676,"relics_obtained":[{"floor":7.0,"key":"HornCleat"},{"floor":9.0,"key":"Oddly Smooth Stone"},{"floor":10.0,"key":"Happy Flower"},{"floor":14.0,"key":"Bottled Tornado"},{"floor":23.0,"key":"Tiny Chest"},{"floor":26.0,"key":"Lantern"},{"floor":27.0,"key":"Juzu Bracelet"},{"floor":29.0,"key":"Ginger"},{"floor":29.0,"key":"Singing Bowl"},{"floor":41.0,"key":"Molten Egg 2"},{"floor":44,"key":"Whetstone"},{"floor":47,"key":"Unceasing Top"}],"event_choices":[{"damage_healed":0.0,"max_hp_gain":0.0,"max_hp_loss":0.0,"gold_gain":0.0,"event_name":"Accursed Blacksmith","player_choice":"Rummage","floor":19.0,"gold_loss":0.0,"damage_taken":0.0,"relics_obtained":["WarpedTongs"],"cards_obtained":["Pain"]},{"damage_healed":0.0,"max_hp_gain":0.0,"max_hp_loss":0.0,"gold_gain":0.0,"cards_transformed":["Strike_B","Strike_B"],"event_name":"Drug Dealer","player_choice":"Became Test Subject","floor":24.0,"gold_loss":0.0,"damage_taken":0.0,"cards_obtained":["Buffer","Streamline"]},{"damage_healed":0.0,"max_hp_gain":0.0,"max_hp_loss":0.0,"gold_gain":0.0,"event_name":"Colosseum","player_choice":"Fight","floor":29.0,"gold_loss":0.0,"damage_taken":0.0},{"damage_healed":0.0,"max_hp_gain":0.0,"max_hp_loss":0.0,"gold_gain":0.0,"event_name":"Colosseum","player_choice":"Fought Nobs","floor":29.0,"gold_loss":0.0,"damage_taken":0.0},{"damage_healed":0.0,"max_hp_gain":0.0,"max_hp_loss":0.0,"gold_gain":0.0,"event_name":"The Woman in Blue","player_choice":"Bought 1 Potion","floor":37.0,"gold_loss":0.0,"damage_taken":0.0}],"is_beta":false,"boss_relics":[{"not_picked":["SlaversCollar","Philosopher\u0027s Stone"],"picked":"Nuclear Battery"},{"not_picked":["Black Star","Pandora\u0027s Box"],"picked":"Astrolabe"}],"items_purged_floors":[4,20,22,38],"is_endless":false,"potions_floor_spawned":[2,3,5,7,14,18,29,29,31,35,36,39,45],"ascension_level":15}}