{"host":"h8bshyl4dp77d6d9","time":1608048020,"event":{"mods":["AchievementEnabler","Aspiration","BaseMod","Better Altar","Better Match","Better Note","Better Sensory Stone","Better Skull","Better Third Choice","BetterRewards","CCEM","Colored Map","Downfall","GifTheSpireLib","Halation","Highlight Path","Hubris","Minty Spire (QoL Compilation)","Permanent Neow","Replay The Spire","Spicy Shops","StSLib","Stuff the Spire","Unceasing Turn Reminder"],"gold_per_floor":[99,99,99,99,99,110,120,120,120,33,51,81,95,108,128,128,140,244,244,244,244,244,244,255,275,299,319,347,197,208,104,119,119,138,235,235,235,265,29,40,40,40,40,52,52,84,97,97,110,21,37,37],"floor_reached":53,"playtime":3922,"items_purged":["Slimebound:Strike_Slimebound","Slimebound:Strike_Slimebound"],"score":791,"play_id":"5c7d8879-42e6-456b-a4fb-73f7ab917d33","local_time":"20201215180020","is_ascension_mode":false,"campfire_choices":[{"data":"Slimebound:Split","floor":1.0,"key":"SMITH"},{"floor":20,"key":"RECALL"},{"floor":29,"key":"REST"},{"data":"StuffTheSpire:Rapture","floor":37,"key":"SMITH"},{"floor":45,"key":"REST"}],"circlet_count":0,"master_deck":["Slimebound:Strike_Slimebound","Slimebound:Tackle","Slimebound:Defend_Slimebound","Slimebound:Defend_Slimebound","Slimebound:Defend_Slimebound","Slimebound:Split+1","Slimebound:LevelUp","Slimebound:Prepare","Slimebound:Nibble","Slimebound:ProtectTheBoss","Slimebound:RainOfGoop","Slimebound:PressTheAttack","Slimebound:Repurpose","Slimebound:LeadByExample","Spreading Infection","Slimebound:SplitAcid","Slimebound:RallyTheTroops","hexamod:StepThrough+1","Slimebound:Split+1","Slimebound:Split+1","Slimebound:SlimeBrawl+1","Slimebound:LevelUp+1","Slimebound:Equalize+1","Slimebound:SpikyOuterGoop","Slimebound:SlimeBarrage","StuffTheSpire:Rapture+1","Slimebound:SplitBruiser+1","Ghostly+1","Ghostly","Ghostly","Ghostly","Ghostly","Slimebound:SlimeTap","Slimebound:MinionMaster","Slimebound:SlimeBrawl","Slimebound:SplitLeeching+1","Slimebound:LeechEnergy","Crow Ritual","Forethought","ReplayUltimateDefense","Slimebound:SlimeBrawl+1","Slimebound:ProtectTheBoss+1","Slimebound:Teamwork","Slimebound:PressTheAttack+1","Slimebound:LeechingTouch+1","Slimebound:LevelUp","Slimebound:RejuvenatingLick+1"],"relics":["Slimebound:AbsorbEndCombat","aspiration:FrozenJewel","Toy Ornithopter","Chameleon Ring","Ring of Searing","Ring of Fury","hubris:TerracottaHorce","halation:BottledLove","downfall:HeartBlessingRed","downfall:HeartBlessingBlue","StuffTheSpire:RunicConfusion","Potion Belt","ReplayTheSpireMod:ShopPack","halation:PapillonHeart","StuffTheSpire:RubySignet","Blue Doll","Torii"],"acts_visited":["Exordium","TheCity","TheBeyond"],"potions_floor_usage":[18,18,40,40,51,51,51,52],"damage_taken":[{"damage":8.0,"enemies":"Cultist","floor":6.0,"turns":3.0},{"damage":13,"enemies":"Small Slimes","floor":7,"turns":4},{"damage":8,"enemies":"downfall:FleeingMerchant","floor":10,"turns":4},{"damage":12,"enemies":"Jaw Worm","floor":11,"turns":4},{"damage":20,"enemies":"Gremlin Nob","floor":12,"turns":4},{"damage":17,"enemies":"Gremlin Gang","floor":13,"turns":4},{"damage":16,"enemies":"3 Louse","floor":14,"turns":3},{"damage":8,"enemies":"Exordium Wildlife","floor":15,"turns":3},{"damage":18,"enemies":"Large Slime","floor":17,"turns":3},{"damage":44,"enemies":"downfall:Defect","floor":18,"turns":5},{"damage":25,"enemies":"3 Byrds","floor":24,"turns":3},{"damage":23,"enemies":"Spheric Guardian","floor":25,"turns":3},{"damage":26,"enemies":"Snake Plant","floor":27,"turns":3},{"damage":60,"enemies":"Replay:Snechameleon","floor":28,"turns":4},{"damage":12,"enemies":"3 Cultists","floor":30,"turns":3},{"damage":40,"enemies":"Centurion and Healer","floor":32,"turns":3},{"damage":10,"enemies":"Snecko","floor":34,"turns":4},{"damage":56,"enemies":"downfall:Ironclad","floor":35,"turns":7},{"damage":25,"enemies":"Reptomancer","floor":38,"turns":6},{"damage":15,"enemies":"downfall:FleeingMerchant","floor":39,"turns":4},{"damage":39,"enemies":"3 Darklings","floor":40,"turns":4},{"damage":33,"enemies":"3 Shapes","floor":44,"turns":4},{"damage":25,"enemies":"Nemesis","floor":46,"turns":7},{"damage":25,"enemies":"Jaw Worm Horde","floor":47,"turns":3},{"damage":27,"enemies":"Maw","floor":49,"turns":4},{"damage":27,"enemies":"downfall:FleeingMerchant","floor":50,"turns":4},{"damage":22,"enemies":"4 Shapes","floor":51,"turns":3},{"damage":33,"enemies":"downfall:Watcher","floor":52,"turns":5}],"seed_played":"-2523700881011681851","potions_obtained":[{"floor":6.0,"key":"AttackPotion"},{"floor":8,"key":"Guardian:BlockOnCardUsePotion"},{"floor":8,"key":"SpeedPotion"},{"floor":18,"key":"BlessingOfTheForge"},{"floor":24,"key":"Slimebound:SpawnSlimePotion"},{"floor":35,"key":"Block Potion"},{"floor":38,"key":"FearPotion"},{"floor":40,"key":"Fruit Juice"},{"floor":44,"key":"Explosive Potion"}],"is_trial":false,"path_per_floor":["R","?","?","PTL","PTL","M","M","?","T","$","M","E","M","M","M","?","M","B",null,"R","?","?","?","M","M","T","M","E","R","M","?","M","?","M","B",null,"R","E","$","M","?","?","T","M","R","E","M","?","M","$","M","B",null],"character_chosen":"SLIMEBOUND","items_purchased":["Toy Ornithopter","Slimebound:LeechEnergy","ReplayTheSpireMod:ShopPack","Slimebound:LevelUp","Torii"],"campfire_rested":2,"item_purchase_floors":[10,39,39,50,50],"current_hp_per_floor":[60,60,60,60,60,60,55,55,55,60,56,48,53,53,60,60,58,50,58,58,58,58,58,59,57,57,42,24,55,61,61,68,35,35,29,34,34,35,35,35,33,33,33,18,27,29,28,28,33,10,37,40],"gold":37,"neow_bonus":"REMOVE_CARD","is_daily":false,"chose_seed":false,"campfire_upgraded":2,"win_rate":0.0,"timestamp":1608048020,"path_taken":["R","?","?","PTL","PTL","?","M","?","T","$","M","E","M","M","?","?","M","BOSS","R","?","?","?","M","?","T","M","E","R","M","?","M","?","M","BOSS","R","E","$","M","?","?","T","M","R","E","M","?","?","$","M","BOSS"],"items_purchased_type":["Relic","Card","Relic","Card","Relic"],"build_version":"2020-12-13","purchased_purges":2,"victory":true,"max_hp_per_floor":[60,60,60,60,60,60,60,60,60,60,60,60,60,60,60,60,60,60,60,60,60,60,60,60,60,60,60,60,70,70,70,70,35,35,35,35,35,35,35,35,33,33,33,33,33,33,33,33,33,33,40,40],"card_choices":[{"not_picked":["Slimebound:LeechEnergy","Slimebound:ProtectTheBoss"],"picked":"Slimebound:LevelUp","floor":6.0},{"not_picked":["Slimebound:SplitMire","Slimebound:Schlurp"],"picked":"Slimebound:Prepare","floor":7},{"not_picked":["Slimebound:SplitAcid","Slimebound:ComboTackle"],"picked":"Slimebound:Nibble","floor":10},{"not_picked":["Slimebound:SlimeSpikes","Slimebound:ViciousTackle"],"picked":"Slimebound:ProtectTheBoss","floor":11},{"not_picked":["Slimebound:SpikyOuterGoop","Slimebound:LeechingTouch"],"picked":"Slimebound:RainOfGoop","floor":12},{"not_picked":["Slimebound:GoopSpray","Slimebound:Equalize"],"picked":"Slimebound:PressTheAttack","floor":13},{"not_picked":["Slimebound:RollThrough","Slimebound:GrowthPunch"],"picked":"Slimebound:Repurpose","floor":14},{"not_picked":["Slimebound:Chomp","Slimebound:LevelUp"],"picked":"Slimebound:LeadByExample","floor":15},{"not_picked":["Slimebound:RainOfGoop","Slimebound:GrowthPunch"],"picked":"Slimebound:SplitAcid","floor":17},{"not_picked":["Slimebound:DuplicatedForm","Slimebound:Teamwork"],"picked":"Slimebound:RallyTheTroops","floor":18},{"not_picked":["Slimebound:SlimeSpikes","Slimebound:GrowthPunch"],"picked":"Slimebound:SlimeBrawl+1","floor":24},{"not_picked":["Slimebound:SpikyOuterGoop","Slimebound:DisruptingSlam"],"picked":"Slimebound:LevelUp+1","floor":25},{"not_picked":["Slimebound:SplitAcid","Slimebound:SlimeSpikes"],"picked":"Slimebound:Equalize+1","floor":27},{"not_picked":["Slimebound:SamplingLick","Slimebound:Teamwork"],"picked":"Slimebound:SpikyOuterGoop","floor":28},{"not_picked":["Slimebound:Grow","Slimebound:GoopSpray"],"picked":"Slimebound:SlimeBarrage","floor":30},{"not_picked":["Slimebound:PressTheAttack+1","Slimebound:FlameTackle"],"picked":"Slimebound:SplitBruiser+1","floor":32},{"not_picked":["Slimebound:SplitLeeching","Slimebound:PressTheAttack+1"],"picked":"Slimebound:SlimeTap","floor":34},{"not_picked":["Slimebound:SelfFormingGoo","Slimebound:SlimeSlap"],"picked":"Slimebound:MinionMaster","floor":35},{"not_picked":["Slimebound:SplitLeeching+1","Slimebound:Schlurp+1"],"picked":"Slimebound:SlimeBrawl","floor":38},{"not_picked":["Slimebound:LevelUp","Slimebound:BestDefense"],"picked":"Slimebound:SplitLeeching+1","floor":39},{"not_picked":["expansioncontent:QuickStudy","ReplayTheSpireMod:Necrogeddon"],"picked":"Crow Ritual","floor":39},{"not_picked":["expansioncontent:Sear","expansioncontent:Torchfire"],"picked":"Forethought","floor":39},{"not_picked":["Blind","Replay:SS_forest_5"],"picked":"ReplayUltimateDefense","floor":39},{"not_picked":["Slimebound:LeechingTouch","Slimebound:LeechEnergy+1"],"picked":"Slimebound:SlimeBrawl+1","floor":40},{"not_picked":["Slimebound:SplitAcid+1","Slimebound:SplitBruiser"],"picked":"Slimebound:ProtectTheBoss+1","floor":44},{"not_picked":["Slimebound:SplitAcid","Slimebound:Repurpose"],"picked":"Slimebound:Teamwork","floor":46},{"not_picked":["Slimebound:TongueLash+1","Slimebound:SplitLeeching"],"picked":"Slimebound:PressTheAttack+1","floor":47},{"not_picked":["Slimebound:FinishingTackle","Slimebound:RollThrough+1"],"picked":"Slimebound:LeechingTouch+1","floor":49},{"not_picked":["Slimebound:ItLooksTasty+1","Slimebound:SlimeSpikes","Slimebound:ComboTackle"],"picked":"SKIP","floor":50},{"not_picked":["Slimebound:SplitLeeching","Slimebound:SamplingLick+1"],"picked":"Slimebound:RejuvenatingLick+1","floor":51}],"player_experience":19813,"relics_obtained":[{"floor":9,"key":"aspiration:FrozenJewel"},{"floor":12,"key":"Chameleon Ring"},{"floor":16,"key":"Ring of Searing"},{"floor":16,"key":"Ring of Fury"},{"floor":28,"key":"halation:BottledLove"},{"floor":38,"key":"Potion Belt"},{"floor":43,"key":"StuffTheSpire:RubySignet"},{"floor":46,"key":"Blue Doll"}],"event_choices":[{"cards_removed":["Slimebound:CorrosiveSpit"],"damage_healed":0.0,"max_hp_gain":0.0,"max_hp_loss":0.0,"gold_gain":0.0,"event_name":"Bonfire Elementals","player_choice":"Offered Basic","floor":3.0,"gold_loss":0.0,"damage_taken":0.0},{"damage_healed":0,"gold_gain":0,"player_choice":"Got Potions","damage_taken":0,"max_hp_gain":0,"max_hp_loss":0,"event_name":"Lab","floor":8,"gold_loss":0},{"cards_removed":["Slimebound:Split"],"damage_healed":0,"gold_gain":0,"player_choice":"Take \u0026 Give","damage_taken":0,"max_hp_gain":0,"max_hp_loss":0,"event_name":"betterNote:BetterNote","floor":21,"gold_loss":0,"cards_obtained":["hexamod:StepThrough"]},{"damage_healed":0,"gold_gain":2,"player_choice":"4","damage_taken":0,"max_hp_gain":0,"max_hp_loss":0,"event_name":"betterStone:BetterStone","floor":22,"gold_loss":0,"cards_obtained":["Slimebound:Split"]},{"damage_healed":0,"gold_gain":0,"player_choice":"Copied","damage_taken":0,"max_hp_gain":0,"max_hp_loss":0,"event_name":"Duplicator","floor":23,"gold_loss":0,"cards_obtained":["Slimebound:Split"]},{"damage_healed":0,"gold_gain":0,"player_choice":"Became a Ghost","damage_taken":0,"max_hp_gain":0,"max_hp_loss":35,"event_name":"Ghosts","floor":33,"gold_loss":0,"cards_obtained":["Ghostly","Ghostly","Ghostly","Ghostly","Ghostly"]},{"damage_healed":0,"gold_gain":0,"player_choice":"Upgraded","damage_taken":0,"max_hp_gain":0,"max_hp_loss":0,"event_name":"Upgrade Shrine","floor":48,"gold_loss":0,"cards_upgraded":["Ghostly"]}],"is_beta":false,"boss_relics":[{"not_picked":["Cursed Key","Snecko Eye"],"picked":"hubris:TerracottaHorce"},{"not_picked":["ChewingGum","hubris:VirtuousBlindfold"],"picked":"StuffTheSpire:RunicConfusion"}],"items_purged_floors":[39,50],"is_endless":false,"potions_floor_spawned":[6,11,12,18,24,28,32,35,38,40,44],"ascension_level":0}}