{"host":"f0gpob8hq9vgebej","time":1608020881,"event":{"mods":["AchievementEnabler","BaseMod","Googly Eyes","Minty Spire (QoL Compilation)","Quick Restart","SuperFastMode"],"gold_per_floor":[110,126,76,88,107,107,72,72,153,169,169,184,109,122,122,222,222,232,250,55,66,66,66,95,95,95,113,113,147,147,158,158,255,255,274,19,19,19,38,70,70,32,32,32,58,74,106,125,125,125],"floor_reached":51,"playtime":5490,"items_purged":["Defend_G"],"score":1021,"play_id":"6a2e7592-987e-42b3-9308-2a3ae877f600","local_time":"20201215172801","is_ascension_mode":true,"campfire_choices":[{"data":"Prepared","floor":6,"key":"SMITH"},{"data":"Calculated Gamble","floor":11,"key":"SMITH"},{"data":"Accuracy","floor":15,"key":"SMITH"},{"data":"Apotheosis","floor":23,"key":"SMITH"},{"data":"Concentrate","floor":25,"key":"SMITH"},{"floor":28,"key":"REST"},{"floor":30,"key":"REST"},{"data":"Neutralize","floor":32,"key":"SMITH"},{"floor":41,"key":"RECALL"},{"floor":49,"key":"REST"}],"circlet_count":0,"master_deck":["Strike_G","Strike_G","Defend_G","Defend_G","Defend_G","Survivor","Neutralize+1","All Out Attack","Blade Dance","Cloak And Dagger","Prepared+1","Accuracy+1","Calculated Gamble+1","Backflip","Wraith Form v2","Escape Plan","Finisher","Apotheosis+1","Concentrate+1","Blade Dance","Burst","Tactician+1","Master of Strategy","Backflip","Accuracy","Backflip"],"relics":["Ring of the Snake","Bottled Flame","Runic Pyramid","Bag of Preparation","Bronze Scales","Gremlin Horn","HoveringKite","Shuriken","Juzu Bracelet","Pear","Unceasing Top","Ice Cream"],"acts_visited":["Exordium","TheCity","TheBeyond"],"potions_floor_usage":[16],"damage_taken":[{"damage":2,"enemies":"2 Louse","floor":1,"turns":4},{"damage":0,"enemies":"Jaw Worm","floor":2,"turns":4},{"damage":7,"enemies":"Small Slimes","floor":4,"turns":3},{"damage":0,"enemies":"Exordium Thugs","floor":5,"turns":5},{"damage":0,"enemies":"2 Fungi Beasts","floor":10,"turns":3},{"damage":0,"enemies":"Lots of Slimes","floor":12,"turns":1},{"damage":0,"enemies":"Large Slime","floor":14,"turns":3},{"damage":21,"enemies":"Hexaghost","floor":16,"turns":9},{"damage":0,"enemies":"Shell Parasite","floor":18,"turns":4},{"damage":0,"enemies":"Chosen","floor":19,"turns":3},{"damage":13,"enemies":"Snake Plant","floor":21,"turns":5},{"damage":1,"enemies":"Book of Stabbing","floor":24,"turns":4},{"damage":0,"enemies":"Shelled Parasite and Fungi","floor":27,"turns":3},{"damage":32,"enemies":"Slavers","floor":29,"turns":3},{"damage":1,"enemies":"Centurion and Healer","floor":31,"turns":3},{"damage":2,"enemies":"Collector","floor":33,"turns":5},{"damage":11,"enemies":"3 Shapes","floor":35,"turns":3},{"damage":0,"enemies":"Orb Walker","floor":39,"turns":2},{"damage":0,"enemies":"Reptomancer","floor":40,"turns":1},{"damage":0,"enemies":"Giant Head","floor":45,"turns":3},{"damage":6,"enemies":"3 Darklings","floor":46,"turns":2},{"damage":0,"enemies":"Reptomancer","floor":47,"turns":2},{"damage":0,"enemies":"4 Shapes","floor":48,"turns":4},{"damage":4,"enemies":"Awakened One","floor":50,"turns":4}],"seed_played":"-7916933348350196593","potions_obtained":[{"floor":4,"key":"Poison Potion"},{"floor":5,"key":"DistilledChaos"},{"floor":12,"key":"Fire Potion"},{"floor":19,"key":"CultistPotion"},{"floor":27,"key":"GamblersBrew"},{"floor":33,"key":"Dexterity Potion"}],"is_trial":false,"path_per_floor":["M","M","?","M","M","R","$","?","T","M","R","M","$","M","R","B",null,"M","M","$","M","$","R","E","R","T","M","R","E","R","M","R","B",null,"M","$","?","?","M","E","R","$","T","$","E","M","E","M","R","B",null],"character_chosen":"THE_SILENT","items_purchased":["Accuracy","Apotheosis","Shuriken","Accuracy"],"campfire_rested":3,"item_purchase_floors":[7,20,36,42],"current_hp_per_floor":[47,47,47,40,40,40,40,40,40,40,40,40,40,40,40,19,57,57,57,57,44,44,44,43,43,43,43,64,32,53,52,52,50,65,54,54,54,54,54,54,54,54,64,64,64,58,58,58,76,72],"gold":125,"neow_bonus":"REMOVE_TWO","is_daily":false,"chose_seed":false,"campfire_upgraded":6,"win_rate":0.0,"timestamp":1608020881,"path_taken":["M","M","?","M","M","R","$","?","T","M","R","M","$","M","R","BOSS","M","M","$","M","$","R","E","R","T","M","R","E","R","M","R","BOSS","M","$","?","?","?","E","R","$","T","$","E","M","E","M","R","BOSS"],"items_purchased_type":["Card","Card","Relic","Card"],"build_version":"2020-12-13","purchased_purges":1,"victory":true,"max_hp_per_floor":[70,70,70,70,70,70,70,70,70,70,70,70,70,70,70,70,70,70,70,70,70,70,70,70,70,70,70,70,70,70,70,70,70,70,70,70,70,66,66,66,66,66,76,76,76,76,76,76,76,76],"card_choices":[{"not_picked":["Prepared","Flying Knee"],"picked":"All Out Attack","floor":1},{"not_picked":["Acrobatics","Cloak And Dagger"],"picked":"Blade Dance","floor":2},{"not_picked":["Deadly Poison","Sucker Punch"],"picked":"Cloak And Dagger","floor":4},{"not_picked":["Flying Knee","Bouncing Flask"],"picked":"Prepared","floor":5},{"not_picked":["Catalyst","Prepared"],"picked":"Calculated Gamble","floor":10},{"not_picked":["Noxious Fumes","Blade Dance"],"picked":"Backflip","floor":12},{"not_picked":["Slice","Flying Knee","Deflect"],"picked":"SKIP","floor":14},{"not_picked":["Glass Knife","Malaise"],"picked":"Wraith Form v2","floor":16},{"not_picked":["Skewer","Eviscerate"],"picked":"Escape Plan","floor":18},{"not_picked":["Poisoned Stab+1","Deadly Poison"],"picked":"Finisher","floor":19},{"not_picked":["Underhanded Strike","Outmaneuver+1"],"picked":"Concentrate","floor":21},{"not_picked":["Dagger Spray","Acrobatics","Backstab"],"picked":"SKIP","floor":24},{"not_picked":["Finisher","Poisoned Stab"],"picked":"Blade Dance","floor":27},{"not_picked":["Catalyst","Blade Dance","Underhanded Strike"],"picked":"SKIP","floor":29},{"not_picked":["Dagger Throw","Underhanded Strike","Quick Slash"],"picked":"SKIP","floor":31},{"not_picked":["Storm of Steel","Grand Finale"],"picked":"Burst","floor":33},{"not_picked":["Quick Slash","Skewer"],"picked":"Tactician+1","floor":35},{"not_picked":["Metamorphosis","Dramatic Entrance"],"picked":"Master of Strategy","floor":37},{"not_picked":["Blade Dance","Heel Hook","Crippling Poison"],"picked":"SKIP","floor":39},{"not_picked":["Blade Dance","Cloak And Dagger+1"],"picked":"Backflip","floor":40},{"not_picked":["Poisoned Stab","Backstab","Dagger Spray+1"],"picked":"SKIP","floor":45},{"not_picked":["Outmaneuver+1","Deflect","Well Laid Plans"],"picked":"SKIP","floor":46},{"not_picked":["Bane+1","Dodge and Roll"],"picked":"Backflip","floor":47},{"not_picked":["Tools of the Trade","Quick Slash","Prepared"],"picked":"SKIP","floor":48}],"player_experience":137187,"relics_obtained":[{"floor":9,"key":"Bottled Flame"},{"floor":24,"key":"Bag of Preparation"},{"floor":26,"key":"Bronze Scales"},{"floor":29,"key":"Gremlin Horn"},{"floor":40,"key":"Juzu Bracelet"},{"floor":43,"key":"Pear"},{"floor":45,"key":"Unceasing Top"},{"floor":47,"key":"Ice Cream"}],"event_choices":[{"cards_removed":["Strike_G"],"damage_healed":0,"gold_gain":0,"player_choice":"Card Removal","damage_taken":0,"max_hp_gain":0,"max_hp_loss":0,"event_name":"The Cleric","floor":3,"gold_loss":50},{"cards_removed":["Strike_G"],"damage_healed":0,"gold_gain":0,"player_choice":"Forget","damage_taken":0,"max_hp_gain":0,"max_hp_loss":0,"event_name":"Living Wall","floor":8,"gold_loss":0},{"damage_healed":0,"gold_gain":0,"player_choice":"Memory 1","damage_taken":0,"max_hp_gain":0,"max_hp_loss":0,"event_name":"SensoryStone","floor":37,"gold_loss":0},{"damage_healed":0,"gold_gain":0,"player_choice":"Max HP","damage_taken":0,"max_hp_gain":0,"max_hp_loss":4,"event_name":"Winding Halls","floor":38,"gold_loss":0}],"is_beta":false,"boss_relics":[{"not_picked":["Ring of the Serpent","Runic Dome"],"picked":"Runic Pyramid"},{"not_picked":["Coffee Dripper","Black Star"],"picked":"HoveringKite"}],"items_purged_floors":[13],"is_endless":false,"potions_floor_spawned":[4,5,12,19,27,31,33,46,47],"ascension_level":5}}