{"host":"04aht2z7d1qbuefv","time":1608046894,"event":{"mods":["AchievementEnabler","BaseMod","Downfall","Minty Spire (QoL Compilation)","StSLib","The Cursed","The Necromancer"],"gold_per_floor":[99,274,274,274,274,299,299,299,331,331,343,359,383,223,241,346,346,346,380,395,395,410,410,410,54,54,83,83,98,98,98],"floor_reached":30,"playtime":1664,"items_purged":["Doubt","Slimebound:Strike_Slimebound"],"score":297,"play_id":"398f8f5b-7c6b-4da8-8ab9-05f2fcde47c1","local_time":"20201215124134","is_ascension_mode":false,"campfire_choices":[{"floor":1.0,"key":"RECALL"},{"floor":10.0,"key":"DIG"},{"data":"Slimebound:PrepareCrush","floor":18.0,"key":"SMITH"},{"data":"Slimebound:Split","floor":21.0,"key":"SMITH"},{"floor":23.0,"key":"REST"},{"floor":26.0,"key":"DIG"}],"circlet_count":0,"master_deck":["Slimebound:Strike_Slimebound","Slimebound:Strike_Slimebound","Slimebound:Tackle","Slimebound:Defend_Slimebound","Slimebound:Defend_Slimebound","Slimebound:Defend_Slimebound","Slimebound:Defend_Slimebound","Slimebound:Split","Slimebound:CorrosiveSpit","Slimebound:Split+1","expansioncontent:SuperHexaguard","Slimebound:GoopSpray","Slimebound:SamplingLick","Slimebound:DisruptingSlam","Slimebound:MassRepurpose","Slimebound:Nibble","Slimebound:Schlurp","Slimebound:Gluttony+1","Slimebound:PrepareCrush+1","Slimebound:SpikyOuterGoop+1","Slimebound:SlimeSpikes+1","Slimebound:HauntingLick","Slimebound:SplitAcid+1"],"relics":["Slimebound:AbsorbEndCombatUpgraded","downfall:HeartsMalice","Art of War","Frozen Egg 2","Shovel","Lizard Tail","Odd Mushroom","Bottled Flame","Letter Opener","Dream Catcher","Juzu Bracelet"],"acts_visited":["Exordium","TheCity"],"potions_floor_usage":[29,30],"damage_taken":[{"damage":0.0,"enemies":"Jaw Worm","floor":4.0,"turns":1.0},{"damage":0.0,"enemies":"Gremlin Nob","floor":6.0,"turns":1.0},{"damage":0.0,"enemies":"Small Slimes","floor":8.0,"turns":1.0},{"damage":41.0,"enemies":"3 Sentries","floor":9.0,"turns":9.0},{"damage":10.0,"enemies":"Cultist","floor":11.0,"turns":5.0},{"damage":15.0,"enemies":"Large Slime","floor":12.0,"turns":10.0},{"damage":21.0,"enemies":"The Mushroom Lair","floor":13.0,"turns":4.0},{"damage":8.0,"enemies":"downfall:FleeingMerchant","floor":14.0,"turns":4.0},{"damage":33.0,"enemies":"Gremlin Gang","floor":15.0,"turns":3.0},{"damage":32.0,"enemies":"downfall:Watcher","floor":16.0,"turns":10.0},{"damage":60.0,"enemies":"Gremlin Leader","floor":19.0,"turns":8.0},{"damage":15.0,"enemies":"Spheric Guardian","floor":20.0,"turns":5.0},{"damage":63.0,"enemies":"Cultist and Chosen","floor":22.0,"turns":7.0},{"damage":23.0,"enemies":"downfall:FleeingMerchant","floor":25.0,"turns":4.0},{"damage":71.0,"enemies":"Book of Stabbing","floor":27.0,"turns":7.0},{"damage":15,"enemies":"Snake Plant","floor":29,"turns":4},{"damage":20,"enemies":"Centurion and Healer","floor":30,"turns":1}],"seed_played":"3972546069630700893","potions_obtained":[{"floor":3.0,"key":"downfall:CursedFountainPotion"},{"floor":9.0,"key":"champ:CounterPotion"},{"floor":13.0,"key":"champ:CounterPotion"},{"floor":16.0,"key":"LiquidBronze"},{"floor":20.0,"key":"EssenceOfSteel"},{"floor":28,"key":"CultistPotion"},{"floor":29,"key":"Weak Potion"}],"is_trial":false,"path_per_floor":["R","?","?","M","?","E","T","M","E","R","M","M","?","$","M","B",null,"R","E","M","R","M","R","T","$","R","E","?","M","M"],"character_chosen":"SLIMEBOUND","items_purchased":["Slimebound:Gluttony+1","Letter Opener"],"campfire_rested":1,"item_purchase_floors":[14,25],"current_hp_per_floor":[60,60,60,60,60,60,60,60,35,35,37,42,35,47,30,28,60,60,54,60,60,13,31,31,40,40,9,9,14,0,0],"gold":98,"neow_bonus":"THREE_ENEMY_KILL","is_daily":false,"chose_seed":false,"campfire_upgraded":2,"win_rate":0.0,"timestamp":1608046894,"path_taken":["R","?","?","?","?","E","T","?","E","R","?","M","?","$","M","BOSS","R","E","M","R","M","R","T","$","R","E","?","M","M"],"items_purchased_type":["Card","Relic"],"build_version":"2020-12-13","purchased_purges":2,"victory":false,"max_hp_per_floor":[60,60,60,60,60,60,60,60,60,60,60,60,60,60,60,60,60,60,60,60,60,60,60,60,60,60,60,60,60,60,60],"card_choices":[{"not_picked":["Slimebound:LeechEnergy","Slimebound:SplitLeeching","Slimebound:BestDefense"],"picked":"SKIP","floor":4.0},{"not_picked":["Slimebound:SplitBruiser","Slimebound:RollThrough"],"picked":"Slimebound:GoopSpray","floor":6.0},{"not_picked":["Slimebound:SplitAcid","Slimebound:SplitBruiser"],"picked":"Slimebound:SamplingLick","floor":8.0},{"not_picked":["Slimebound:LeechingTouch","Slimebound:SplitAcid"],"picked":"Slimebound:DisruptingSlam","floor":9.0},{"not_picked":["Slimebound:Equalize","Slimebound:ItLooksTasty"],"picked":"Slimebound:MassRepurpose","floor":11.0},{"not_picked":["Slimebound:Chomp","Slimebound:AcidTongue+1"],"picked":"Slimebound:Nibble","floor":12.0},{"not_picked":["Slimebound:SplitBruiser","Slimebound:SlimeBarrage"],"picked":"Slimebound:Schlurp","floor":14.0},{"not_picked":["Slimebound:Replication","Slimebound:LeechEnergy","Slimebound:SplitLeeching"],"picked":"SKIP","floor":15.0},{"not_picked":["Slimebound:WasteNot","Slimebound:MassRepurpose"],"picked":"Slimebound:PrepareCrush","floor":16.0},{"not_picked":["Slimebound:ViciousTackle","Slimebound:LeechEnergy"],"picked":"Slimebound:SpikyOuterGoop+1","floor":19.0},{"not_picked":["Slimebound:SplitBruiser","Slimebound:RollThrough"],"picked":"Slimebound:SlimeSpikes+1","floor":20.0},{"not_picked":["Slimebound:SpikyOuterGoop+1","Slimebound:FinishingTackle"],"picked":"Slimebound:HauntingLick","floor":22.0},{"not_picked":["Slimebound:DisruptingSlam","Slimebound:GrowthPunch","Slimebound:RollThrough"],"picked":"SKIP","floor":25.0},{"not_picked":["Slimebound:WasteNot","Slimebound:ComboTackle+1","Slimebound:SlimeSpikes"],"picked":"SKIP","floor":27.0},{"not_picked":["Slimebound:SpikyOuterGoop+1","Slimebound:LeechEnergy"],"picked":"Slimebound:SplitAcid+1","floor":29}],"player_experience":135259,"relics_obtained":[{"floor":6.0,"key":"Art of War"},{"floor":7.0,"key":"Frozen Egg 2"},{"floor":9.0,"key":"Shovel"},{"floor":10.0,"key":"Lizard Tail"},{"floor":13.0,"key":"Odd Mushroom"},{"floor":19.0,"key":"Bottled Flame"},{"floor":26.0,"key":"Dream Catcher"},{"floor":27.0,"key":"Juzu Bracelet"}],"event_choices":[{"damage_healed":0.0,"max_hp_gain":0.0,"max_hp_loss":0.0,"gold_gain":0.0,"event_name":"Mushrooms","player_choice":"Fought Mushrooms","floor":13.0,"gold_loss":0.0,"damage_taken":0.0}],"is_beta":false,"boss_relics":[{"not_picked":["SlaversCollar","Pandora\u0027s Box"],"picked":"Slimebound:AbsorbEndCombatUpgraded"}],"items_purged_floors":[14,25],"is_endless":false,"potions_floor_spawned":[9,13,15,16,20,29],"killed_by":"Centurion and Healer","ascension_level":0}}