{"host":"nn0usk9aafse27ii","time":1608075821,"event":{"mods":["Act Like it!","BaseMod","Colored Map","Highlight Path","Minty Spire (QoL Compilation)","Replay The Spire","Shop Mod","StSLib"],"gold_per_floor":[116,41,132,150,169,169,186,186,210,227,256,256,256,256,256,275,275,370,370,390,390,402,412,425,454,467,467,543,558,87,87,100,116,116,220,220,230,246,264,107,117,117,143,143,168,181,191,191,191,204,204,204,204,204,1,32,32,32],"floor_reached":57,"playtime":5868,"items_purged":["Strike_G"],"score":812,"play_id":"834af24d-4f3e-419f-a204-19a3954c56c9","local_time":"20201215154341","is_ascension_mode":false,"campfire_choices":[{"data":"All Out Attack","floor":6.0,"key":"SMITH"},{"data":"Blur","floor":8.0,"key":"SMITH"},{"data":"Adrenaline","floor":27.0,"key":"SMITH"},{"data":"After Image","floor":31.0,"key":"SMITH"},{"data":"Envenom","floor":34.0,"key":"SMITH"},{"data":"Adrenaline","floor":42.0,"key":"SMITH"},{"floor":44.0,"key":"RECALL"},{"data":"Infinite Blades","floor":49.0,"key":"SMITH"},{"floor":51.0,"key":"REST"},{"data":"A Thousand Cuts","floor":54.0,"key":"SMITH"}],"circlet_count":0,"master_deck":["Strike_G","Strike_G","Strike_G","Strike_G","Defend_G","Defend_G","Defend_G","Defend_G","Defend_G","Survivor","Neutralize","Panacea","Well Laid Plans+1","ReplayTheSpireMod:Splinters","Blur+1","All Out Attack+1","Blade Dance","ReplayTheSpireMod:Tripwire","Hidden Blade","Blade Dance","ReplayTheSpireMod:Scrap Shanks","Pot Of Greed","Pot Of Greed","Corpse Explosion+1","Backflip","Adrenaline+1","Pot Of Greed","Finisher","Endless Agony","After Image+1","Crippling Poison+1","Deflect+1","Blade Dance","Deflect","Bane+1","Choke+1","Envenom+1","Escape Plan","Catalyst","Pot Of Greed","A Thousand Cuts+1","Bane+1","Prepared+1","Deflect","Adrenaline+1","Infinite Blades+1","Cloak And Dagger+1","Storm of Steel","ReplayTheSpireMod:The Works+1","Bandage Up","Slice+1"],"relics":["Ring of the Snake","Bag of Preparation","Grinning Jar","WristBlade","Oddly Smooth Stone","White Beast Statue","Ninja Scroll","ClockworkSouvenir","Black Star","Snake Skull","Potion Belt","Pen Nib","Shuriken","Pet Ghost"],"acts_visited":["Exordium","TheCity","TheBeyond","TheEnding"],"potions_floor_usage":[56,57,57,57],"damage_taken":[{"damage":0.0,"enemies":"Cultist","floor":1.0,"turns":4.0},{"damage":9.0,"enemies":"Small Slimes","floor":4.0,"turns":3.0},{"damage":1.0,"enemies":"Jaw Worm","floor":5.0,"turns":5.0},{"damage":0.0,"enemies":"Large Slime","floor":7.0,"turns":4.0},{"damage":7.0,"enemies":"Exordium Thugs","floor":10.0,"turns":4.0},{"damage":26.0,"enemies":"3 Sentries","floor":11.0,"turns":8.0},{"damage":14.0,"enemies":"Blue Slaver","floor":16.0,"turns":4.0},{"damage":17.0,"enemies":"Fading Forest","floor":18.0,"turns":11.0},{"damage":0.0,"enemies":"3 Byrds","floor":20.0,"turns":2.0},{"damage":0.0,"enemies":"Chosen","floor":22.0,"turns":4.0},{"damage":0.0,"enemies":"3 Cultists","floor":23.0,"turns":2.0},{"damage":3.0,"enemies":"Centurion and Healer","floor":24.0,"turns":3.0},{"damage":0.0,"enemies":"Slavers","floor":25.0,"turns":2.0},{"damage":3.0,"enemies":"Shelled Parasite and Fungi","floor":26.0,"turns":4.0},{"damage":0.0,"enemies":"Chosen and Byrds","floor":29.0,"turns":4.0},{"damage":3.0,"enemies":"Snake Plant","floor":32.0,"turns":4.0},{"damage":0.0,"enemies":"Shelled Parasite and Fungi","floor":33.0,"turns":4.0},{"damage":37.0,"enemies":"Automaton","floor":35.0,"turns":8.0},{"damage":14.0,"enemies":"3 Shapes","floor":37.0,"turns":2.0},{"damage":1.0,"enemies":"Orb Walker","floor":38.0,"turns":3.0},{"damage":0.0,"enemies":"Sphere and 2 Shapes","floor":39.0,"turns":3.0},{"damage":0.0,"enemies":"Transient","floor":41.0,"turns":5.0},{"damage":7.0,"enemies":"Reptomancer","floor":43.0,"turns":8.0},{"damage":13.0,"enemies":"4 Shapes","floor":46.0,"turns":6.0},{"damage":0.0,"enemies":"Jaw Worm Horde","floor":47.0,"turns":1.0},{"damage":0.0,"enemies":"3 Darklings","floor":50.0,"turns":4.0},{"damage":50.0,"enemies":"Donu and Deca","floor":52.0,"turns":7.0},{"damage":28,"enemies":"Shield and Spear","floor":56,"turns":3},{"damage":48,"enemies":"The Heart","floor":57,"turns":5}],"seed_played":"-29753181544844182","potions_obtained":[{"floor":4.0,"key":"AttackPotion"},{"floor":7.0,"key":"Explosive Potion"},{"floor":10.0,"key":"ColorlessPotion"},{"floor":11.0,"key":"CultistPotion"},{"floor":22.0,"key":"GhostInAJar"},{"floor":23.0,"key":"Elixir"},{"floor":24.0,"key":"Energy Potion"},{"floor":29.0,"key":"Explosive Potion"},{"floor":32.0,"key":"PowerPotion"},{"floor":33.0,"key":"GamblersBrew"},{"floor":35.0,"key":"SpeedPotion"},{"floor":37.0,"key":"EssenceOfSteel"},{"floor":38.0,"key":"Block Potion"},{"floor":41.0,"key":"FearPotion"},{"floor":43.0,"key":"Block Potion"},{"floor":46.0,"key":"Flashbang"},{"floor":47.0,"key":"Dexterity Potion"},{"floor":50.0,"key":"PowerPotion"},{"floor":56,"key":"GhostInAJar"}],"is_trial":false,"path_per_floor":["M","$","?","M","M","R","M","R","T","M","E","?","PTL","PTL","?","M","R_BF","B",null,"M","?","M","M","M","E","M","R","T","M","$","R","M","M","R","B",null,"M","M","M","$","M","R","E","R","T","M","M","?","R","M","R","B",null,"R","$","E","B"],"character_chosen":"THE_SILENT","items_purchased":["Ninja Scroll","ClockworkSouvenir","Envenom","Adrenaline","Infinite Blades","Pen Nib","Swift Potion"],"campfire_rested":1,"item_purchase_floors":[30,30,30,40,40,55,55],"current_hp_per_floor":[70,70,70,61,60,60,60,60,60,53,27,50,50,50,50,36,57,60,70,70,70,70,70,67,67,64,64,64,64,64,64,61,61,61,24,70,56,55,55,55,55,55,48,48,48,35,35,35,35,39,60,14,70,70,70,42,0,0],"gold":32,"neow_bonus":"RANDOM_COLORLESS","is_daily":false,"chose_seed":false,"campfire_upgraded":8,"win_rate":0.0,"timestamp":1608075821,"path_taken":["M","$","?","?","M","R","M","R","T","M","E","?","PTL","PTL","?","M","R_BF","BOSS","M","?","M","M","M","E","M","R","T","M","$","R","M","M","R","BOSS","M","M","M","$","M","R","E","R","T","M","M","?","R","M","R","BOSS","R","$","E","BOSS"],"items_purchased_type":["Relic","Relic","Card","Card","Card","Relic","Potion"],"build_version":"2020-12-13","purchased_purges":1,"victory":false,"max_hp_per_floor":[70,70,70,70,70,70,70,70,70,70,70,70,70,70,70,70,70,70,70,70,70,70,70,70,70,70,70,70,70,70,70,70,70,70,70,70,70,70,70,70,70,70,70,70,70,70,70,70,70,70,70,70,70,70,70,70,70,70],"card_choices":[{"not_picked":["ReplayTheSpireMod:Private Reserves","Good Instincts"],"picked":"Panacea","floor":0.0},{"not_picked":["Blade Dance","Replay:Poison Smokescreen"],"picked":"Well Laid Plans","floor":1.0},{"not_picked":["Dagger Spray","ReplayTheSpireMod:Tripwire"],"picked":"Blur","floor":3.0},{"not_picked":["Dagger Throw","ReplayTheSpireMod:Shiv Toss"],"picked":"All Out Attack","floor":3.0},{"not_picked":["Eviscerate","Sucker Punch"],"picked":"Blade Dance","floor":3.0},{"not_picked":["Bane","Backstab"],"picked":"ReplayTheSpireMod:Tripwire","floor":4.0},{"not_picked":["Prepared","Reflex"],"picked":"Hidden Blade","floor":5.0},{"not_picked":["Dash","Predator"],"picked":"Blade Dance","floor":7.0},{"not_picked":["Reflex","Endless Agony"],"picked":"ReplayTheSpireMod:Scrap Shanks","floor":10.0},{"not_picked":["Leg Sweep","Deflect"],"picked":"Corpse Explosion","floor":11.0},{"not_picked":["Sucker Punch","Expertise"],"picked":"Backflip","floor":16.0},{"not_picked":["Night Terror","Wraith Form v2"],"picked":"Adrenaline","floor":18.0},{"not_picked":["Heel Hook","Backflip+1"],"picked":"Finisher","floor":20.0},{"not_picked":["ReplayTheSpireMod:Speed Training","Dagger Spray+1"],"picked":"Crippling Poison+1","floor":22.0},{"not_picked":["Bane","Deadly Poison"],"picked":"Deflect+1","floor":23.0},{"not_picked":["ReplayTheSpireMod:Tripwire","Prepared"],"picked":"Blade Dance","floor":24.0},{"not_picked":["ReplayTheSpireMod:Tripwire","ReplayTheSpireMod:Exploit Weakness"],"picked":"Deflect","floor":25.0},{"not_picked":["A Thousand Cuts","Deflect"],"picked":"Bane+1","floor":26.0},{"not_picked":["Sneak Up","Reflex"],"picked":"Choke+1","floor":29.0},{"not_picked":["Sucker Punch","Sneak Up+1"],"picked":"Escape Plan","floor":32.0},{"not_picked":["Backflip","Quick Slash"],"picked":"Catalyst","floor":33.0},{"not_picked":["ReplayTheSpireMod:From All Sides","Corpse Explosion"],"picked":"A Thousand Cuts","floor":35.0},{"not_picked":["ReplayTheSpireMod:Tripwire","Dash"],"picked":"Bane+1","floor":37.0},{"not_picked":["Bane+1","Underhanded Strike+1"],"picked":"Prepared+1","floor":38.0},{"not_picked":["Flechettes+1","Bane+1"],"picked":"Deflect","floor":39.0},{"not_picked":["Leg Sweep","Sucker Punch+1"],"picked":"Cloak And Dagger+1","floor":41.0},{"not_picked":["Dagger Throw+1","Hidden Blade"],"picked":"Storm of Steel","floor":43.0},{"not_picked":["Deflect","Dagger Spray+1"],"picked":"ReplayTheSpireMod:The Works+1","floor":46.0},{"not_picked":["Deadly Poison","Backflip","Finisher+1"],"picked":"SKIP","floor":47.0},{"not_picked":["Replay:Sssssssssstrike","Deep Breath"],"picked":"Bandage Up","floor":48.0},{"not_picked":["Predator","Cloak And Dagger+1"],"picked":"Slice+1","floor":50.0},{"not_picked":["Riddle With Holes+1","Dagger Throw","Outmaneuver+1"],"picked":"SKIP","floor":56}],"player_experience":282078,"relics_obtained":[{"floor":9.0,"key":"Bag of Preparation"},{"floor":11.0,"key":"Grinning Jar"},{"floor":25.0,"key":"Oddly Smooth Stone"},{"floor":28.0,"key":"White Beast Statue"},{"floor":43.0,"key":"Snake Skull"},{"floor":43.0,"key":"Potion Belt"},{"floor":56,"key":"Shuriken"},{"floor":56,"key":"Pet Ghost"}],"event_choices":[{"damage_healed":23.0,"max_hp_gain":0.0,"max_hp_loss":0.0,"gold_gain":0.0,"event_name":"Big Fish","player_choice":"Banana","floor":12.0,"gold_loss":0.0,"damage_taken":0.0},{"damage_healed":0.0,"max_hp_gain":0.0,"max_hp_loss":0.0,"gold_gain":0.0,"event_name":"Upgrade Shrine","player_choice":"Upgraded","floor":15.0,"gold_loss":0.0,"damage_taken":0.0,"cards_upgraded":["Corpse Explosion"]},{"damage_healed":0.0,"max_hp_gain":0.0,"max_hp_loss":0.0,"gold_gain":0.0,"event_name":"Match and Keep!","player_choice":"2 cards matched","floor":21.0,"gold_loss":0.0,"damage_taken":0.0,"cards_obtained":["Endless Agony","After Image"]},{"damage_healed":0.0,"max_hp_gain":0.0,"max_hp_loss":0.0,"gold_gain":0.0,"event_name":"SensoryStone","player_choice":"Memory 1","floor":48.0,"gold_loss":0.0,"damage_taken":0.0}],"is_beta":false,"boss_relics":[{"not_picked":["Velvet Choker","ReplayTheSpireMod:DimensionalGlitch"],"picked":"WristBlade"},{"not_picked":["Replay:Drink Me","Ring of Chaos"],"picked":"Black Star"}],"items_purged_floors":[2],"is_endless":false,"potions_floor_spawned":[4,7,10,11,22,23,24,29,32,33,35,37,38,39,41,43,46,47,50,56],"killed_by":"The Heart","ascension_level":0}}