{"host":"st1kg310ms6sytc5","time":1608042261,"event":{"mods":["Act Like it!","BaseMod","CapriCore","Downfall","Friendly Minions","Minty Spire (QoL Compilation)","Relic Stats","StSLib","SuperFastMode"],"gold_per_floor":[99,99,99,99,274,335,335,364,364,394,413,563,182,21,35,137,137,62,62,72,72,91,122,122,122,122,122],"floor_reached":26,"playtime":969,"items_purged":["Slimebound:Icky"],"score":253,"play_id":"3205264b-00b5-484a-ae66-75094eb3b7d2","local_time":"20201215222421","is_ascension_mode":false,"campfire_choices":[{"data":"champ:Execute","floor":1.0,"key":"SMITH"},{"data":"champ:BerserkersShout","floor":4.0,"key":"SMITH"},{"data":"champ:FocusedBerserking","floor":18,"key":"SMITH"},{"data":"champ:SteelEdge","floor":25,"key":"SMITH"}],"circlet_count":0,"master_deck":["champ:Strike","champ:Strike","champ:Strike","champ:Defend","champ:Defend","champ:Defend","champ:Defend","champ:Execute+1","champ:Taunt","champ:BerserkersShout+1","champ:Lariat","champ:EnragedBash","champ:FocusedBerserking+1","champ:RapidStrikes","champ:RisingSlash","champ:RecklessLeap","champ:SteelEdge+1","champ:BladeFlurry","champ:Circumvent"],"relics":["champ:ChampionCrown","downfall:HeartsMalice","downfall:ShatteredFragment","InkBottle","Blood Vial","Tiny Chest","Oddly Smooth Stone","Orichalcum","Membership Card","Philosopher\u0027s Stone","downfall:HeartBlessingBlue","Shuriken","Ginger","Darkstone Periapt"],"acts_visited":["Exordium","TheCity"],"potions_floor_usage":[23,26],"damage_taken":[{"damage":0.0,"enemies":"2 Louse","floor":2.0,"turns":1.0},{"damage":0.0,"enemies":"Gremlin Nob","floor":6.0,"turns":1.0},{"damage":0.0,"enemies":"Lagavulin","floor":8.0,"turns":1.0},{"damage":48.0,"enemies":"3 Sentries","floor":10.0,"turns":7.0},{"damage":9,"enemies":"Small Slimes","floor":11,"turns":3},{"damage":22,"enemies":"downfall:FleeingMerchant","floor":13,"turns":4},{"damage":21,"enemies":"downfall:FleeingMerchant","floor":14,"turns":4},{"damage":12,"enemies":"Cultist","floor":15,"turns":2},{"damage":100,"enemies":"downfall:Defect","floor":16,"turns":5},{"damage":46,"enemies":"Shell Parasite","floor":20,"turns":3},{"damage":12,"enemies":"Spheric Guardian","floor":22,"turns":2},{"damage":94,"enemies":"Book of Stabbing","floor":23,"turns":6},{"damage":51,"enemies":"Gremlin Leader","floor":26,"turns":2}],"seed_played":"1433112617971083504","potions_obtained":[{"floor":10.0,"key":"Explosive Potion"},{"floor":11,"key":"AttackPotion"},{"floor":15,"key":"SteroidPotion"},{"floor":16,"key":"EssenceOfSteel"},{"floor":22,"key":"Slimebound:ThreeZeroPotion"}],"is_trial":false,"path_per_floor":["R","M","?","R","?","?","T","E","?","E","M","?","$","$","M","B",null,"R","?","M","T","M","E","T","R","E"],"character_chosen":"THE_CHAMP","items_purchased":["Oddly Smooth Stone","Orichalcum","Membership Card"],"campfire_rested":0,"item_purchase_floors":[13,13,14],"current_hp_per_floor":[90,90,63,63,63,63,63,63,63,52,56,56,66,70,76,51,90,100,100,100,100,100,49,49,49,0,0],"gold":122,"neow_bonus":"THREE_ENEMY_KILL","is_daily":false,"chose_seed":false,"campfire_upgraded":4,"win_rate":0.0,"timestamp":1608042261,"path_taken":["R","M","?","R","?","?","T","E","?","E","M","?","$","$","M","BOSS","R","?","?","?","M","E","T","R","E"],"items_purchased_type":["Relic","Relic","Relic"],"build_version":"2020-12-13","purchased_purges":1,"victory":false,"max_hp_per_floor":[90,90,90,90,90,90,90,90,90,90,90,90,90,90,90,90,90,100,100,100,100,100,100,100,100,100,100],"relic_stats":{"Blood Vial":14,"Darkstone Periapt":0,"counters":[13,38],"Shuriken":[6],"Tiny Chest":1,"Ginger":[0],"Orichalcum":[66],"obtain_stats":[{"Darkstone Periapt":24,"downfall:ShatteredFragment":3,"Oddly Smooth Stone":13,"champ:ChampionCrown":0,"downfall:HeartsMalice":0,"Ginger":23,"Orichalcum":13,"Blood Vial":8,"downfall:HeartBlessingBlue":18,"Shuriken":21,"Tiny Chest":10,"Philosopher\u0027s Stone":17,"Membership Card":14,"InkBottle":6},{"Darkstone Periapt":12,"downfall:ShatteredFragment":1,"Oddly Smooth Stone":6,"champ:ChampionCrown":0,"downfall:HeartsMalice":0,"Ginger":12,"Orichalcum":6,"Blood Vial":3,"downfall:HeartBlessingBlue":9,"Shuriken":10,"Tiny Chest":4,"Philosopher\u0027s Stone":9,"Membership Card":7,"InkBottle":1},{"Darkstone Periapt":36,"downfall:ShatteredFragment":0,"Oddly Smooth Stone":14,"champ:ChampionCrown":0,"downfall:HeartsMalice":0,"Ginger":36,"Orichalcum":14,"Blood Vial":0,"downfall:HeartBlessingBlue":25,"Shuriken":28,"Tiny Chest":7,"Philosopher\u0027s Stone":25,"Membership Card":18,"InkBottle":0}],"InkBottle":[14]},"card_choices":[{"not_picked":["champ:Encircle","champ:FalseCounter"],"picked":"champ:BerserkersShout","floor":2.0},{"not_picked":["champ:GladiatorsShout","champ:BerserkerStyle"],"picked":"champ:Lariat","floor":6.0},{"not_picked":["champ:Encircle","champ:ShieldWall"],"picked":"champ:EnragedBash","floor":8.0},{"not_picked":["champ:Backstep","champ:ShieldWall"],"picked":"champ:FocusedBerserking","floor":10.0},{"not_picked":["champ:FocusedDefense","champ:EnragedBash"],"picked":"champ:RapidStrikes","floor":11},{"not_picked":["champ:RapidStrikes","champ:FanOfKnives"],"picked":"champ:RisingSlash","floor":13},{"not_picked":["champ:FightOn","champ:BladeFlurry"],"picked":"champ:RecklessLeap","floor":14},{"not_picked":["champ:BringItOn","champ:FightOn","champ:DefensiveShout"],"picked":"SKIP","floor":15},{"not_picked":["champ:MurderStrike","champ:Devastate"],"picked":"champ:SteelEdge","floor":16},{"not_picked":["champ:FlashCut","champ:Backstep"],"picked":"champ:BladeFlurry","floor":20},{"not_picked":["champ:BringItOn","champ:DefensiveStyle","champ:GladiatorsShout+1"],"picked":"SKIP","floor":22},{"not_picked":["champ:ShieldWall","champ:FlashCut+1"],"picked":"champ:Circumvent","floor":23}],"player_experience":1470812,"relics_obtained":[{"floor":8.0,"key":"Blood Vial"},{"floor":10.0,"key":"Tiny Chest"},{"floor":21,"key":"Shuriken"},{"floor":23,"key":"Ginger"},{"floor":24,"key":"Darkstone Periapt"}],"event_choices":[{"cards_removed":["Doubt"],"damage_healed":0.0,"max_hp_gain":0.0,"max_hp_loss":0.0,"gold_gain":0.0,"event_name":"The Cleric","player_choice":"Card Removal","floor":9.0,"gold_loss":0.0,"damage_taken":0.0},{"cards_removed":["champ:Strike"],"damage_healed":0,"gold_gain":0,"player_choice":"Offered Basic","damage_taken":0,"max_hp_gain":0,"max_hp_loss":0,"event_name":"Bonfire Elementals","floor":19,"gold_loss":0}],"is_beta":false,"boss_relics":[{"not_picked":["Velvet Choker","Calling Bell"],"picked":"Philosopher\u0027s Stone"}],"items_purged_floors":[13],"is_endless":false,"potions_floor_spawned":[10,11,15,16,22],"killed_by":"Gremlin Leader","ascension_level":0}}