{"host":"pqhwp6kmk3x070f7","time":1608018963,"event":{"mods":["Act Like it!","BaseMod","Better Altar","Better Match","Better Note","Better Sensory Stone","Better Skull","Better Third Choice","ChefMod","Downfall","Energized Spire","Hallownest","Hermit","Hubris","Infinite Spire","Jorbs\u0027s Wanderer Trilogy","Magitek Elite","Minty Spire (QoL Compilation)","Replay The Spire","Shade Mod","StSLib","The Alterego","The Animator","The Bug Knight","The Death Knight","The Dragon Tamer","The Elementalist","The Hayseed","The Hierophant","The Runesmith","The Senshi","WarShipGirlsR/????R mod"],"gold_per_floor":[0,27,12,12,124,141,141,158,172,172,203,203,43,43,58,160,160,160,194,204,239,239,270,270,270,282,310,410,420,420,420,437,537,537,537,537,553,567,600,600,626,681,681,681,700,712,731,716,728,728],"floor_reached":51,"playtime":11559,"items_purged":["Forgetful"],"score":1287,"play_id":"aff31a8a-5231-4bd5-9417-e32c0b7e7455","local_time":"20201214235603","is_ascension_mode":true,"campfire_choices":[{"data":"champ:Taunt","floor":1.0,"key":"SMITH"},{"data":"champ:Execute","floor":4.0,"key":"SMITH"},{"floor":10.0,"key":"REST"},{"data":"champ:DefensiveStyle","floor":18.0,"key":"SMITH"},{"data":"champ:HoldFirm","floor":22.0,"key":"SMITH"},{"data":"champ:ShieldWall","floor":25.0,"key":"SMITH"},{"data":"champ:SkillfulDodge","floor":35.0,"key":"SMITH"},{"floor":40,"key":"REST"},{"floor":44,"key":"REST"}],"circlet_count":0,"master_deck":["champ:Strike","champ:Strike","champ:Strike","champ:Defend","champ:Defend","champ:Defend","champ:Execute+1","champ:Taunt+1","champ:BringItOn","champ:ShieldThrow","champ:DeathBlow","champ:Duel","champ:DefensiveStyle+1","champ:ShieldWall+1","champ:Circumvent","champ:PerfectForm+1","champ:ShieldThrow+1","champ:Lariat+1","champ:HoldFirm+1","champ:DefensiveShout","champ:Improvising+1","champ:SkillfulDodge+1","champ:LastStand","expansioncontent:DecasProtection","Replay:SS_hec_2","expansioncontent:Flail","champ:Control"],"relics":["champ:ChampionCrown","Durian","Garlic","Blue Doll","hubris:BottledRain","ReplayTheSpireMod:CursedCoin","champ:LiftRelic","champ:BerserkersGuideToSlaughter","Empty Cage","hubris:SphereOfDissonance","Incense Burner","Bronze Scales","Matryoshka","Replay:Bottled Flurry","alterego_mod:FleetingLove","energizedSpire:SpiderWeb","Tintinnabulum","Lantern","infinitespire:CursedDice"],"acts_visited":["Exordium","TheCity","TheBeyond"],"potions_floor_usage":[39,39,42,49],"damage_taken":[{"damage":70.0,"enemies":"HollowMod:MossKnight","floor":2.0,"turns":13.0},{"damage":10.0,"enemies":"downfall:FleeingMerchant","floor":3.0,"turns":4.0},{"damage":5.0,"enemies":"2 Louse","floor":6.0,"turns":3.0},{"damage":5.0,"enemies":"Cultist","floor":8.0,"turns":3.0},{"damage":18.0,"enemies":"Small Slimes","floor":9.0,"turns":4.0},{"damage":25.0,"enemies":"downfall:FleeingMerchant","floor":11.0,"turns":4.0},{"damage":45.0,"enemies":"downfall:FleeingMerchant","floor":13.0,"turns":4.0},{"damage":20.0,"enemies":"Exordium Wildlife","floor":15.0,"turns":2.0},{"damage":44.0,"enemies":"downfall:Defect","floor":16.0,"turns":7.0},{"damage":52.0,"enemies":"Replay:Snechameleon","floor":19.0,"turns":6.0},{"damage":0.0,"enemies":"Spheric Guardian","floor":20.0,"turns":4.0},{"damage":22.0,"enemies":"HollowMod:Nosk","floor":21.0,"turns":9.0},{"damage":0.0,"enemies":"Book of Stabbing","floor":23.0,"turns":5.0},{"damage":20.0,"enemies":"3 Byrds","floor":26.0,"turns":4.0},{"damage":51.0,"enemies":"Gremlin Leader","floor":27.0,"turns":11.0},{"damage":30.0,"enemies":"Centurion and Healer","floor":29.0,"turns":8.0},{"damage":0.0,"enemies":"Snecko","floor":32.0,"turns":5.0},{"damage":20.0,"enemies":"downfall:Watcher","floor":33.0,"turns":8.0},{"damage":0,"enemies":"Orb Walker","floor":37,"turns":4},{"damage":0,"enemies":"3 Shapes","floor":38,"turns":4},{"damage":41,"enemies":"Reptomancer","floor":39,"turns":7},{"damage":28,"enemies":"2 Orb Walkers","floor":42,"turns":6},{"damage":14,"enemies":"Sphere and 2 Shapes","floor":45,"turns":5},{"damage":26,"enemies":"Spire Growth","floor":46,"turns":5},{"damage":6,"enemies":"3 Darklings","floor":47,"turns":7},{"damage":3,"enemies":"downfall:FleeingMerchant","floor":48,"turns":4},{"damage":31,"enemies":"Transient","floor":49,"turns":5},{"damage":35,"enemies":"downfall:Silent","floor":50,"turns":11}],"seed_played":"-8052862169465455368","potions_obtained":[{"floor":2.0,"key":"Explosive Potion"},{"floor":6.0,"key":"Strength Potion"},{"floor":9.0,"key":"AttackPotion"},{"floor":19.0,"key":"Strength Potion"},{"floor":20.0,"key":"Adrenaline Potion"},{"floor":29.0,"key":"Fire Potion"},{"floor":33.0,"key":"Fruit Juice"},{"floor":38,"key":"Adrenaline Potion"},{"floor":42,"key":"FearPotion"},{"floor":49,"key":"AttackPotion"}],"is_trial":false,"path_per_floor":["R","E","$","R","?","M","T","M","M","R","$","?","$","?","M","B",null,"R","E","M","E","R","E","T","R","M","E","?","M","?","?","M","B",null,"R","?","M","M","E","R","T","?","?","R","M","M","M","$","M","B",null],"character_chosen":"THE_CHAMP","items_purchased":["ReplayTheSpireMod:CursedCoin","champ:DefensiveStyle","champ:BerserkersGuideToSlaughter"],"campfire_rested":3,"item_purchase_floors":[11,11,13],"current_hp_per_floor":[95,55,55,55,25,25,25,25,27,55,55,55,55,55,55,31,95,95,91,91,95,95,95,95,95,95,100,100,93,63,63,63,68,105,105,95,95,98,57,88,88,81,82,105,91,89,104,105,94,105],"gold":728,"neow_bonus":"ONE_RARE_RELIC","is_daily":false,"chose_seed":false,"campfire_upgraded":6,"win_rate":0.0,"timestamp":1608018963,"path_taken":["R","E","$","R","?","M","T","?","M","R","$","?","$","?","M","BOSS","R","E","M","E","R","E","T","R","M","E","?","M","?","?","M","BOSS","R","?","M","M","E","R","T","?","?","R","M","?","M","$","M","BOSS"],"items_purchased_type":["Relic","Card","Relic"],"build_version":"2020-12-13","purchased_purges":1,"victory":true,"max_hp_per_floor":[95,95,95,95,95,95,95,95,95,95,95,95,95,95,95,95,95,95,95,95,95,95,95,95,95,95,100,100,100,100,100,100,105,105,105,105,105,105,105,105,105,105,105,105,105,105,105,105,105,105],"card_choices":[{"not_picked":["champ:BerserkersShout","champ:TornadoPunch"],"picked":"champ:BringItOn","floor":2.0},{"not_picked":["champ:GladiatorsShout","champ:Encircle"],"picked":"champ:FightOn","floor":3.0},{"not_picked":["champ:PreciseThrust","champ:Circumvent"],"picked":"champ:ShieldThrow","floor":6.0},{"not_picked":["champ:Encircle","champ:Aggression"],"picked":"champ:DeathBlow","floor":8.0},{"not_picked":["champ:PerfectedStrike","champ:GutPunch"],"picked":"champ:Duel","floor":9.0},{"not_picked":["champ:CrookedStrike","champ:GutPunch","champ:AdrenalArmor"],"picked":"SKIP","floor":11.0},{"not_picked":["champ:FightOn","champ:TornadoPunch"],"picked":"champ:ShieldWall","floor":13.0},{"not_picked":["champ:BerserkersShout","champ:Encircle"],"picked":"champ:Circumvent","floor":15.0},{"not_picked":["champ:Devastate","champ:CheapShot"],"picked":"champ:PerfectForm","floor":16.0},{"not_picked":["champ:PerfectedStrike","champ:GutPunch"],"picked":"champ:ShieldThrow","floor":19.0},{"not_picked":["champ:Aggression","champ:Haymaker"],"picked":"champ:Lariat+1","floor":20.0},{"not_picked":["champ:PreciseThrust+1","champ:FlashCut"],"picked":"champ:HoldFirm","floor":21.0},{"not_picked":["champ:GladiatorsShout","champ:AdrenalArmor+1"],"picked":"champ:DefensiveShout","floor":23.0},{"not_picked":["champ:RisingSlash","champ:PreciseThrust+1"],"picked":"champ:Improvising","floor":26.0},{"not_picked":["champ:FlashCut","champ:BringItOn","champ:Encircle"],"picked":"SKIP","floor":27.0},{"not_picked":["champ:GladiatorsShout","champ:CrookedStrike"],"picked":"champ:SkillfulDodge","floor":29.0},{"not_picked":["champ:PerfectedStrike","champ:Circumvent","champ:BladeFlurry+1"],"picked":"SKIP","floor":32.0},{"not_picked":["champ:StrikeOfGenius","champ:Devastate"],"picked":"champ:LastStand","floor":33.0},{"not_picked":["Replay:SS_hec_1","expansioncontent:AwakenDeath"],"picked":"expansioncontent:DecasProtection","floor":36},{"not_picked":["expansioncontent:GoopSpray","expansioncontent:GuardianWhirl"],"picked":"Replay:SS_hec_2","floor":36},{"not_picked":["expansioncontent:GuardianWhirl","expansioncontent:DonusPower"],"picked":"expansioncontent:Flail","floor":36},{"not_picked":["champ:Riposte+1","champ:Encircle+1","champ:Backstep+1"],"picked":"SKIP","floor":37},{"not_picked":["champ:GladiatorStyle","champ:Haymaker+1","champ:FightOn"],"picked":"SKIP","floor":38},{"not_picked":["champ:PreciseThrust+1","champ:FanOfKnives","champ:CrookedStrike+1"],"picked":"SKIP","floor":39},{"not_picked":["champ:HeartStrike+1","champ:ArenaPreparation","champ:RapidStrikes"],"picked":"SKIP","floor":45},{"not_picked":["champ:FanOfKnives+1","champ:AdrenalArmor","champ:GutPunch"],"picked":"SKIP","floor":46},{"not_picked":["champ:Backstep","champ:Circumvent"],"picked":"champ:Control","floor":47},{"not_picked":["champ:BringItOn+1","champ:Backstep","champ:FaceSlap+1"],"picked":"SKIP","floor":48},{"not_picked":["champ:FanOfKnives+1","champ:Encircle+1","champ:BerserkersShout+1"],"picked":"SKIP","floor":49}],"player_experience":2683532,"relics_obtained":[{"floor":2.0,"key":"Garlic"},{"floor":7.0,"key":"hubris:BottledRain"},{"floor":19.0,"key":"hubris:SphereOfDissonance"},{"floor":21.0,"key":"Incense Burner"},{"floor":23.0,"key":"Bronze Scales"},{"floor":24.0,"key":"Matryoshka"},{"floor":27.0,"key":"Replay:Bottled Flurry"},{"floor":41,"key":"Tintinnabulum"},{"floor":41,"key":"Lantern"},{"floor":42,"key":"infinitespire:CursedDice"}],"event_choices":[{"damage_healed":0.0,"max_hp_gain":0.0,"max_hp_loss":0.0,"gold_gain":112.0,"event_name":"betterSkull:BetterSkull","player_choice":"GO RE ","floor":5.0,"gold_loss":0.0,"damage_taken":33.0,"cards_upgraded":[],"relics_obtained":["Blue Doll"]},{"damage_healed":0.0,"max_hp_gain":0.0,"max_hp_loss":0.0,"gold_gain":0.0,"event_name":"Secret Garden","player_choice":"Choice 1","floor":31.0,"gold_loss":0.0,"damage_taken":0.0,"relics_obtained":["alterego_mod:FleetingLove"]},{"damage_healed":0,"gold_gain":0,"player_choice":"Fight","damage_taken":0,"max_hp_gain":0,"max_hp_loss":0,"event_name":"Mysterious Sphere","floor":42,"gold_loss":0},{"damage_healed":0,"gold_gain":0,"player_choice":"Ignored","damage_taken":0,"max_hp_gain":0,"max_hp_loss":0,"event_name":"Transmorgrifier","floor":43,"gold_loss":0}],"is_beta":false,"boss_relics":[{"not_picked":["Coffee Dripper","theSenshi:MoonKaleidoScopeRelic"],"picked":"Empty Cage"},{"not_picked":["hubris:HollowSoul","ReplayTheSpireMod:SealedPack"],"picked":"energizedSpire:SpiderWeb"}],"items_purged_floors":[11],"is_endless":false,"potions_floor_spawned":[2,6,9,19,20,29,33,38,42,49],"ascension_level":1}}