{"host":"wshh0nphwn6jv7vj","time":1608051370,"event":{"mods":["BaseMod","Bestiary","Minty Spire (QoL Compilation)"],"gold_per_floor":[112,112,112,132,142,172,184,184,184],"floor_reached":8,"playtime":1403,"items_purged":[],"score":102,"play_id":"fd5a0fe0-e827-4e03-b4bb-6336f383a7f4","local_time":"20201215115610","is_ascension_mode":true,"campfire_choices":[],"circlet_count":0,"master_deck":["AscendersBane","Strike_G","Strike_G","Strike_G","Strike_G","Defend_G","Defend_G","Defend_G","Defend_G","Defend_G","Survivor","Neutralize","Slice","Die Die Die","Slice","Predator","Prepared","Quick Slash"],"relics":["Ring of the Snake","Tingsha","Ancient Tea Set"],"acts_visited":["Exordium"],"potions_floor_usage":[4,7],"damage_taken":[{"damage":12,"enemies":"Jaw Worm","floor":1,"turns":5},{"damage":0,"enemies":"Cultist","floor":4,"turns":2},{"damage":0,"enemies":"2 Louse","floor":5,"turns":1},{"damage":20,"enemies":"3 Sentries","floor":6,"turns":7},{"damage":6,"enemies":"Exordium Wildlife","floor":7,"turns":4},{"damage":12,"enemies":"Lagavulin","floor":8,"turns":3}],"seed_played":"2562072913447791569","potions_obtained":[{"floor":1,"key":"FearPotion"},{"floor":6,"key":"Swift Potion"}],"is_trial":false,"path_per_floor":["M","?","?","M","M","E","M","E"],"character_chosen":"THE_SILENT","items_purchased":[],"campfire_rested":0,"item_purchase_floors":[],"current_hp_per_floor":[32,32,32,32,32,12,6,0,0],"gold":184,"neow_bonus":"ONE_RARE_RELIC","is_daily":false,"chose_seed":false,"campfire_upgraded":0,"win_rate":0.0,"timestamp":1608051370,"path_taken":["M","?","?","M","?","E","M","E"],"items_purchased_type":[],"build_version":"2020-12-13","purchased_purges":0,"victory":false,"max_hp_per_floor":[66,66,66,66,66,66,66,66,66],"card_choices":[{"not_picked":["Predator","Outmaneuver"],"picked":"Slice","floor":1},{"not_picked":["Leg Sweep","Acrobatics"],"picked":"Slice","floor":4},{"not_picked":["Poisoned Stab","Quick Slash"],"picked":"Predator","floor":5},{"not_picked":["Catalyst","Blade Dance"],"picked":"Prepared","floor":6},{"not_picked":["Dodge and Roll","Deadly Poison"],"picked":"Quick Slash","floor":7}],"player_experience":1418277,"relics_obtained":[{"floor":6,"key":"Ancient Tea Set"}],"event_choices":[{"damage_healed":0,"gold_gain":0,"player_choice":"Ignored","damage_taken":0,"max_hp_gain":0,"max_hp_loss":0,"event_name":"Liars Game","floor":2,"gold_loss":0},{"damage_healed":0,"gold_gain":0,"cards_transformed":["Strike_G"],"player_choice":"Transformed","damage_taken":0,"max_hp_gain":0,"max_hp_loss":0,"event_name":"Transmorgrifier","floor":3,"gold_loss":0,"cards_obtained":["Die Die Die"]}],"is_beta":false,"boss_relics":[],"items_purged_floors":[],"is_endless":false,"potions_floor_spawned":[1,6],"killed_by":"Lagavulin","ascension_level":15}}