{"host":"rwzz6mk6bpmb57ql","time":1608018384,"event":{"mods":["BaseMod","BetterRewards","Colored Map","Highlight Path","Hubris","Minty Spire (QoL Compilation)","Replay The Spire","StSLib"],"gold_per_floor":[5115,4412,4412,3844,3863,3863,3897,3997,4078,4078,4107,4107,4126,4139,4139,4244,4244,4263,4263,4263,4263,4233,4233],"floor_reached":22,"playtime":863,"items_purged":["Defend_R","Strike_R"],"score":353,"play_id":"f48cb574-b338-4be6-9b03-c46f2bc19db8","local_time":"20201215014624","is_ascension_mode":true,"campfire_choices":[{"floor":6,"key":"RECALL"},{"data":"Berserk","floor":10,"key":"SMITH"},{"data":"Blood for Blood","floor":12,"key":"SMITH"}],"circlet_count":0,"master_deck":["Strike_R+1","Strike_R+1","Strike_R+1","Defend_R+1","Defend_R+1","Defend_R+1","Bash+1","Shockwave","Ghostly Armor","Pommel Strike","Metallicize","Blood for Blood+1","Berserk+1","Dropkick+1","Uppercut","Berserk","Hallucinations","Bash","hubris:NaturalOne"],"relics":["Burning Blood","ClockworkSouvenir","Gremlin Horn","Boot","HandDrill","Nunchaku","Ornamental Fan","Snack Pack","Cursed Key","hubris:Icosahedron"],"acts_visited":["Exordium","TheCity"],"potions_floor_usage":[7],"damage_taken":[{"damage":8,"enemies":"2 Louse","floor":1,"turns":2},{"damage":18,"enemies":"Jaw Worm","floor":5,"turns":4},{"damage":28,"enemies":"3 Sentries","floor":7,"turns":8},{"damage":17,"enemies":"Lagavulin","floor":11,"turns":5},{"damage":0,"enemies":"Cultist","floor":13,"turns":3},{"damage":0,"enemies":"Large Slime","floor":14,"turns":3},{"damage":43,"enemies":"Fading Forest","floor":16,"turns":11},{"damage":3,"enemies":"Shell Parasite","floor":18,"turns":3},{"damage":11,"enemies":"2 Thieves","floor":22,"turns":2}],"seed_played":"8925150975095622853","potions_obtained":[{"floor":1,"key":"Cursed Concoction"},{"floor":7,"key":"SmokeBomb"},{"floor":18,"key":"SkillPotion"}],"is_trial":false,"path_per_floor":["M","$","?","$","M","R","E","?","T","R","E","R","M","M","R_BF","B",null,"M","?","?","?","M"],"character_chosen":"IRONCLAD","items_purchased":["Ghostly Armor","ClockworkSouvenir","Gremlin Horn","Boot","Pommel Strike","Metallicize","HandDrill","Nunchaku","Blood for Blood"],"campfire_rested":0,"item_purchase_floors":[2,2,2,2,4,4,4,4,4],"current_hp_per_floor":[158,158,158,158,146,146,124,124,124,124,113,113,119,127,160,133,160,160,160,160,160,149,149],"gold":4233,"neow_bonus":"UPGRADE_CARD","is_daily":false,"chose_seed":false,"campfire_upgraded":2,"win_rate":0.0,"timestamp":1608018384,"path_taken":["M","$","?","$","M","R","E","?","T","R","E","R","M","?","R_BF","BOSS","M","?","?","?","?"],"items_purchased_type":["Card","Relic","Relic","Relic","Card","Card","Relic","Relic","Card"],"build_version":"2020-12-13","purchased_purges":2,"victory":false,"max_hp_per_floor":[160,160,160,160,160,160,160,160,160,160,160,160,160,160,160,160,160,160,160,160,160,160,160],"card_choices":[{"not_picked":["Rage","Defy Death"],"picked":"Shockwave","floor":1},{"not_picked":["Clothesline","Flex","True Grit"],"picked":"SKIP","floor":5},{"not_picked":["Twin Strike","Sentinel"],"picked":"Berserk","floor":7},{"not_picked":["Body Slam","Twin Strike","Dual Wield"],"picked":"SKIP","floor":11},{"not_picked":["Headbutt","Pommel Strike"],"picked":"Dropkick","floor":13},{"not_picked":["Shockwave","ReplayTheSpireMod:Corrosion Curse"],"picked":"Uppercut","floor":14},{"not_picked":["Fiend Fire","Exhume"],"picked":"Berserk","floor":16},{"not_picked":["Perfected Strike","Clash","Reckless Charge"],"picked":"SKIP","floor":18}],"player_experience":25011,"relics_obtained":[{"floor":7,"key":"Ornamental Fan"},{"floor":11,"key":"Snack Pack"}],"event_choices":[{"cards_removed":["Strike_R"],"damage_healed":0,"gold_gain":0,"player_choice":"Forget","damage_taken":0,"max_hp_gain":0,"max_hp_loss":0,"event_name":"Living Wall","floor":3,"gold_loss":0},{"damage_healed":0,"gold_gain":100,"player_choice":"Pray","damage_taken":0,"max_hp_gain":0,"max_hp_loss":0,"event_name":"Golden Shrine","floor":8,"gold_loss":0},{"damage_healed":0,"gold_gain":0,"player_choice":"Simplicity","damage_taken":0,"max_hp_gain":0,"max_hp_loss":0,"event_name":"Back to Basics","floor":20,"gold_loss":0,"cards_upgraded":["Strike_R","Strike_R","Strike_R","Defend_R","Defend_R","Defend_R"]},{"damage_healed":0,"gold_gain":0,"player_choice":"2 cards matched","damage_taken":0,"max_hp_gain":0,"max_hp_loss":0,"event_name":"Match and Keep!","floor":21,"gold_loss":0,"cards_obtained":["Hallucinations","Bash"]}],"is_beta":false,"boss_relics":[{"not_picked":["Astrolabe","ReplayTheSpireMod:DimensionalGlitch"],"picked":"Cursed Key"}],"items_purged_floors":[2,4],"is_endless":false,"potions_floor_spawned":[1,7,18],"killed_by":"2 Thieves","ascension_level":4}}