{"host":"684z1xpuwaoqmmh1","time":1608071005,"event":{"mods":["Bard","BaseMod","Downfall","Hermit","Jorbs\u0027s Wanderer Trilogy","Marisa????????","Minty Spire (QoL Compilation)","StSLib","The Hierophant","The Mystic","The Runesmith"],"gold_per_floor":[99,113,38,38,66,166,235,255,280,280,292,292,292,312,328,328,328],"floor_reached":16,"playtime":634,"items_purged":[],"score":154,"play_id":"cb10fdca-68f8-4b06-adc9-005bbdf1d534","local_time":"20201216002325","is_ascension_mode":true,"campfire_choices":[{"floor":1.0,"key":"RECALL"},{"data":"champ:Taunt","floor":3.0,"key":"SMITH"},{"data":"champ:Execute","floor":10,"key":"SMITH"}],"circlet_count":0,"master_deck":["champ:Strike","champ:Strike","champ:Strike","champ:Strike","champ:Defend","champ:Defend","champ:Defend","champ:Defend","champ:Execute+1","champ:Taunt+1","champ:GladiatorsShout","champ:DefensiveStyle","champ:SwordSigil+1","champ:AdrenalArmor+1","champ:MurderStrike","champ:Circumvent+1","champ:PreciseThrust","champ:BringItOn+1","champ:Lariat+1","champ:DefensiveShout+1"],"relics":["champ:ChampionCrown","downfall:HeartBlessingRed","Blue Candle","Toxic Egg 2","Prayer Wheel","Eternal Feather"],"acts_visited":["Exordium"],"potions_floor_usage":[15,16,16],"damage_taken":[{"damage":12.0,"enemies":"Jaw Worm","floor":2.0,"turns":6.0},{"damage":40.0,"enemies":"3 Sentries","floor":5.0,"turns":8.0},{"damage":14.0,"enemies":"Small Slimes","floor":8.0,"turns":3.0},{"damage":39,"enemies":"Lagavulin","floor":9,"turns":8},{"damage":10,"enemies":"Cultist","floor":11,"turns":3},{"damage":13,"enemies":"3 Louse","floor":14,"turns":5},{"damage":16,"enemies":"Exordium Thugs","floor":15,"turns":6},{"damage":20,"enemies":"downfall:Ironclad","floor":16,"turns":2}],"seed_played":"-2566531346324376882","potions_obtained":[{"floor":9,"key":"Weak Potion"},{"floor":13,"key":"SteroidPotion"},{"floor":13,"key":"Block Potion"},{"floor":15,"key":"sneckomod:MuddlingPotion"}],"is_trial":false,"path_per_floor":["R","M","R","?","E","?","T","M","E","R","M","?","?","M","M","B"],"character_chosen":"THE_CHAMP","items_purchased":[],"campfire_rested":0,"item_purchase_floors":[],"current_hp_per_floor":[90,88,88,88,68,68,68,59,35,35,35,17,17,17,17,0,0],"gold":328,"neow_bonus":"TEN_PERCENT_HP_BONUS","is_daily":false,"chose_seed":false,"campfire_upgraded":2,"win_rate":0.0,"timestamp":1608071005,"path_taken":["R","M","R","?","E","?","T","M","E","R","M","?","?","M","M","BOSS"],"items_purchased_type":[],"build_version":"2020-12-13","purchased_purges":0,"victory":false,"max_hp_per_floor":[99,99,99,99,99,99,99,99,99,99,99,99,99,99,99,99,99],"card_choices":[{"not_picked":["champ:BerserkersShout","champ:Haymaker"],"picked":"champ:GladiatorsShout","floor":2.0},{"not_picked":["champ:FanOfKnives","champ:Haymaker"],"picked":"champ:DefensiveStyle","floor":5.0},{"not_picked":["champ:RisingSlash","champ:FanOfKnives"],"picked":"champ:SwordSigil+1","floor":8.0},{"not_picked":["champ:StanceDance+1","champ:FanOfKnives"],"picked":"champ:AdrenalArmor+1","floor":9},{"not_picked":["champ:TornadoPunch","champ:RageSigil+1"],"picked":"champ:MurderStrike","floor":11},{"not_picked":["champ:BladeFlurry","champ:Duel"],"picked":"champ:Circumvent+1","floor":11},{"not_picked":["champ:BerserkersShout+1","champ:GladiatorsShout+1"],"picked":"champ:PreciseThrust","floor":14},{"not_picked":["champ:Circumvent+1","champ:RageSigil+1"],"picked":"champ:BringItOn+1","floor":14},{"not_picked":["champ:FocusedDefense+1","champ:BerserkerStyle"],"picked":"champ:Lariat+1","floor":15},{"not_picked":["champ:ShieldWall","champ:Encircle"],"picked":"champ:DefensiveShout+1","floor":15}],"player_experience":2325016,"relics_obtained":[{"floor":5.0,"key":"Blue Candle"},{"floor":7.0,"key":"Toxic Egg 2"},{"floor":9,"key":"Prayer Wheel"}],"event_choices":[{"damage_healed":0,"gold_gain":0,"player_choice":"Success","damage_taken":18,"relics_obtained":["Eternal Feather"],"max_hp_gain":0,"max_hp_loss":0,"event_name":"Scrap Ooze","floor":12,"gold_loss":0},{"damage_healed":0,"gold_gain":0,"player_choice":"Got Potions","damage_taken":0,"max_hp_gain":0,"max_hp_loss":0,"event_name":"Lab","floor":13,"gold_loss":0}],"is_beta":false,"boss_relics":[],"items_purged_floors":[],"is_endless":false,"potions_floor_spawned":[9,14,15],"killed_by":"downfall:Ironclad","ascension_level":8}}