{"host":"f1miojwxaupu79sp","time":1608062524,"event":{"mods":["BaseMod","Better Vampires","Minty Spire (QoL Compilation)","Shop Mod","StSLib"],"gold_per_floor":[113,22,22,22,47,47,71,71,71,89,89,89,124,124,124,253,253,273,286,286],"floor_reached":19,"playtime":52241,"items_purged":[],"score":175,"play_id":"43714aa0-dbfb-46f1-8271-542a49df9492","local_time":"20201215150204","is_ascension_mode":true,"campfire_choices":[{"data":"Eruption","floor":6,"key":"SMITH"},{"data":"Tantrum","floor":8,"key":"SMITH"},{"data":"Alpha","floor":15,"key":"SMITH"}],"circlet_count":0,"master_deck":["Strike_P","Strike_P","Strike_P","Strike_P","Defend_P","Defend_P+1","Defend_P","Defend_P","Eruption+1","Vigilance","Halt","Tantrum+1","Prostrate","EmptyFist","Halt","Alpha+1","Halt","LessonLearned","Consecrate+1"],"relics":["PureWater","Centennial Puzzle","Golden Idol","Ice Cream","Ginger","GoldenEye","White Beast Statue"],"acts_visited":["Exordium","TheCity"],"potions_floor_usage":[],"damage_taken":[{"damage":0,"enemies":"2 Louse","floor":1,"turns":2},{"damage":0,"enemies":"Small Slimes","floor":5,"turns":2},{"damage":3,"enemies":"Jaw Worm","floor":7,"turns":2},{"damage":7,"enemies":"Large Slime","floor":10,"turns":4},{"damage":7,"enemies":"Gremlin Nob","floor":13,"turns":3},{"damage":24,"enemies":"Slime Boss","floor":16,"turns":7},{"damage":19,"enemies":"3 Byrds","floor":18,"turns":4},{"damage":8,"enemies":"Shell Parasite","floor":19,"turns":4}],"seed_played":"2187132862835165318","potions_obtained":[{"floor":16,"key":"StancePotion"},{"floor":18,"key":"Weak Potion"},{"floor":19,"key":"FearPotion"}],"is_trial":false,"path_per_floor":["M","$","?","?","M","R","M","R","T","M","?","?","E","T","R","B",null,"M","M"],"character_chosen":"WATCHER","items_purchased":["Tantrum","Prostrate"],"campfire_rested":0,"item_purchase_floors":[2,2],"current_hp_per_floor":[72,72,67,67,67,67,64,64,64,57,39,61,54,54,54,30,67,48,40,40],"gold":286,"neow_bonus":"RANDOM_COMMON_RELIC","is_daily":false,"chose_seed":false,"campfire_upgraded":3,"win_rate":0.0,"timestamp":1608062524,"path_taken":["M","$","?","?","M","R","M","R","T","M","?","?","E","?","R","BOSS","M","M"],"items_purchased_type":["Card","Card"],"build_version":"2020-12-13","purchased_purges":0,"victory":false,"max_hp_per_floor":[72,72,67,67,67,67,67,67,67,67,67,67,67,67,67,67,67,67,67,67],"card_choices":[{"not_picked":["FlyingSleeves","Prostrate"],"picked":"Halt","floor":1},{"not_picked":["Evaluate","Meditate"],"picked":"EmptyFist","floor":5},{"not_picked":["ThirdEye","Prostrate"],"picked":"Halt","floor":7},{"not_picked":["LikeWater","Crescendo"],"picked":"Alpha","floor":10},{"not_picked":["FlurryOfBlows","CrushJoints"],"picked":"Halt","floor":13},{"not_picked":["Ragnarok","Blasphemy"],"picked":"LessonLearned","floor":16},{"not_picked":["CutThroughFate","BowlingBash"],"picked":"Consecrate+1","floor":18}],"player_experience":523260,"relics_obtained":[{"floor":9,"key":"Ice Cream"},{"floor":13,"key":"GoldenEye"},{"floor":14,"key":"White Beast Statue"}],"event_choices":[{"damage_healed":0,"gold_gain":0,"player_choice":"Lose Max HP","damage_taken":0,"relics_obtained":["Golden Idol"],"max_hp_gain":0,"max_hp_loss":5,"event_name":"Golden Idol","floor":3,"gold_loss":0},{"damage_healed":0,"gold_gain":0,"player_choice":"Ignored","damage_taken":0,"max_hp_gain":0,"max_hp_loss":0,"event_name":"Liars Game","floor":4,"gold_loss":0},{"damage_healed":0,"gold_gain":0,"player_choice":"Success","damage_taken":18,"relics_obtained":["Ginger"],"max_hp_gain":0,"max_hp_loss":0,"event_name":"Scrap Ooze","floor":11,"gold_loss":0},{"damage_healed":22,"gold_gain":0,"player_choice":"Banana","damage_taken":0,"max_hp_gain":0,"max_hp_loss":0,"event_name":"Big Fish","floor":12,"gold_loss":0}],"is_beta":false,"boss_relics":[{"not_picked":["Runic Dome","Calling Bell","Coffee Dripper"]}],"items_purged_floors":[],"is_endless":false,"potions_floor_spawned":[16,18,19],"killed_by":"Shell Parasite","ascension_level":1}}