{"host":"edk8ruzv78x6jv19","time":1608075146,"event":{"mods":["BaseMod","Better Third Choice","Infinite Spire","Lobotomy","Minty Spire (QoL Compilation)","Replay The Spire","StSLib","The Animator","Treasure Hunter"],"gold_per_floor":[117,117,133,133,4,4,4,45,71,113,156,156,156,157,157],"floor_reached":14,"playtime":437,"items_purged":["Accuracy"],"score":133,"play_id":"732919fb-ee3e-4824-a6b0-aadde0652df0","local_time":"20201215173226","daily_mods":["SealedDeck","Heirloom","Time Dilation","Flight","DeadlyEvents","Elite Swarm","Lethality","Night Terrors"],"is_ascension_mode":true,"campfire_choices":[{"data":"Poisoned Stab","floor":6,"key":"SMITH"},{"data":"Catalyst","floor":7,"key":"SMITH"},{"data":"Venomology","floor":13,"key":"SMITH"}],"circlet_count":0,"master_deck":["Slice","Escape Plan","Slice","Hidden Blade","Bane","Bane","Catalyst+1","Deadly Poison","Bouncing Flask","Poisoned Stab+1","TH:ArmorSpikes","Atom Bomb","TH:CopperCoins","TH:CopperCoins","Venomology+1","TH:CopperCoins","Poison Darts","TH:DeckOfManyThings"],"relics":["Ring of Chaos","Du-Vu Doll","Sizzling Blood","Golden Idol","Ornamental Fan","Gremlin Food","Omamori","Potion Belt","White Beast Statue"],"acts_visited":["Exordium"],"potions_floor_usage":[14],"damage_taken":[{"damage":8,"enemies":"Small Slimes","floor":3,"turns":2},{"damage":0,"enemies":"Gremlin Nob","floor":8,"turns":2},{"damage":24,"enemies":"3 Sentries","floor":10,"turns":3},{"damage":14,"enemies":"Lagavulin","floor":11,"turns":4},{"damage":30,"enemies":"Replay:BlueRogue","floor":14,"turns":3}],"seed_played":"1055772110816161030","potions_obtained":[{"floor":10,"key":"GamblersBrew"}],"is_trial":true,"path_per_floor":["?","?","M","?","$","R","R","E","T","E","E","T","R","E"],"character_chosen":"THE_SILENT","items_purchased":["Poisoned Stab"],"campfire_rested":0,"item_purchase_floors":[5],"current_hp_per_floor":[74,74,70,52,52,52,52,56,56,36,26,26,26,0,0],"gold":157,"neow_bonus":"","is_daily":false,"chose_seed":false,"campfire_upgraded":3,"win_rate":0.0,"timestamp":1608075146,"path_taken":["?","?","?","?","$","R","R","E","T","?","E","?","R","?"],"items_purchased_type":["Card"],"build_version":"2020-12-13","purchased_purges":1,"victory":false,"max_hp_per_floor":[74,74,74,74,74,74,74,74,74,74,74,74,74,74,74],"card_choices":[{"not_picked":["Dodge and Roll","Setup"],"picked":"Bouncing Flask","floor":3},{"not_picked":["TH:BikiniMail"],"picked":"TH:ArmorSpikes","floor":8},{"not_picked":["Phantasmal Killer","Envenom"],"picked":"Atom Bomb","floor":8},{"not_picked":["TH:DeckOfManyThings"],"picked":"TH:CopperCoins","floor":9},{"not_picked":["TH:BikiniMail"],"picked":"TH:CopperCoins","floor":10},{"not_picked":["Malaise","Adrenaline"],"picked":"Venomology","floor":10},{"not_picked":["TH:DeckOfManyThings"],"picked":"TH:CopperCoins","floor":11},{"not_picked":["Tools of the Trade","Doppelganger"],"picked":"Poison Darts","floor":11},{"not_picked":["TH:Mimic"],"picked":"TH:DeckOfManyThings","floor":12}],"player_experience":17692,"relics_obtained":[{"floor":8,"key":"Ornamental Fan"},{"floor":9,"key":"Gremlin Food"},{"floor":10,"key":"Omamori"},{"floor":11,"key":"Potion Belt"},{"floor":12,"key":"White Beast Statue"}],"event_choices":[{"cards_removed":["Escape Plan"],"damage_healed":0,"gold_gain":0,"player_choice":"Purged","damage_taken":0,"max_hp_gain":0,"max_hp_loss":0,"event_name":"Purifier","floor":2,"gold_loss":0},{"damage_healed":0,"gold_gain":0,"player_choice":"Take Damage","damage_taken":18,"relics_obtained":["Golden Idol"],"max_hp_gain":0,"max_hp_loss":0,"event_name":"Golden Idol","floor":4,"gold_loss":0}],"is_beta":false,"boss_relics":[],"items_purged_floors":[5],"is_endless":false,"potions_floor_spawned":[10],"killed_by":"Replay:BlueRogue","ascension_level":1}}