{"host":"zjpedncu52gty2eg","time":1608036168,"event":{"mods":["AchievementEnabler","BaseMod","Colored Powertips","Minty Spire (QoL Compilation)","Quick Restart","StSLib"],"gold_per_floor":[109,109,109,27,42,74,94,105,157,157,157,175,186,198,198,198,198],"floor_reached":16,"playtime":1117,"items_purged":[],"score":104,"play_id":"446b6f9b-a5c9-4372-814c-64a3a70ea971","local_time":"20201215054248","is_ascension_mode":false,"campfire_choices":[{"data":"DevaForm","floor":10,"key":"SMITH"},{"floor":15,"key":"REST"}],"circlet_count":0,"master_deck":["Strike_P","Strike_P","Strike_P","Strike_P","Defend_P","Defend_P","Defend_P","Defend_P","Eruption+1","Vigilance","Consecrate+1","Finesse","ThirdEye","DevaForm+1","InnerPeace","Collect"],"relics":["PureWater","Darkstone Periapt","MealTicket","Lantern"],"acts_visited":["Exordium"],"potions_floor_usage":[16,16],"damage_taken":[{"damage":2,"enemies":"2 Louse","floor":1,"turns":2},{"damage":0,"enemies":"Small Slimes","floor":5,"turns":2},{"damage":29,"enemies":"3 Sentries","floor":6,"turns":9},{"damage":2,"enemies":"Jaw Worm","floor":7,"turns":4},{"damage":1,"enemies":"Looter","floor":8,"turns":2},{"damage":12,"enemies":"Exordium Thugs","floor":12,"turns":6},{"damage":7,"enemies":"Lots of Slimes","floor":13,"turns":3},{"damage":5,"enemies":"Blue Slaver","floor":14,"turns":3},{"damage":39,"enemies":"Hexaghost","floor":16,"turns":11}],"seed_played":"2963628730854899447","potions_obtained":[{"floor":7,"key":"Swift Potion"},{"floor":8,"key":"DuplicationPotion"}],"is_trial":false,"path_per_floor":["M","?","?","$","M","E","M","M","T","R","?","M","M","M","R","B"],"character_chosen":"WATCHER","items_purchased":["Finesse"],"campfire_rested":1,"item_purchase_floors":[4],"current_hp_per_floor":[70,70,75,75,75,46,44,43,43,43,40,28,21,16,39,0,0],"gold":198,"neow_bonus":"UPGRADE_CARD","is_daily":false,"chose_seed":false,"campfire_upgraded":1,"win_rate":0.0,"timestamp":1608036168,"path_taken":["M","?","?","?","M","E","M","M","T","R","?","?","M","M","R","BOSS"],"items_purchased_type":["Card"],"build_version":"2020-12-13","purchased_purges":0,"victory":false,"max_hp_per_floor":[72,72,77,77,77,77,77,77,77,77,77,77,77,77,77,77,77],"card_choices":[{"not_picked":["Crescendo","Prostrate"],"picked":"Consecrate","floor":1},{"not_picked":["SignatureMove","FlurryOfBlows"],"picked":"ThirdEye","floor":5},{"not_picked":["Evaluate","Sanctity"],"picked":"DevaForm","floor":6},{"not_picked":["JustLucky","Swivel","Perseverance"],"picked":"SKIP","floor":7},{"not_picked":["CutThroughFate","FlyingSleeves"],"picked":"InnerPeace","floor":8},{"not_picked":["InnerPeace","ThirdEye","Study"],"picked":"SKIP","floor":12},{"not_picked":["SashWhip","Sanctity"],"picked":"Collect","floor":13},{"not_picked":["WheelKick","Swivel","ThirdEye"],"picked":"SKIP","floor":14}],"player_experience":148816,"relics_obtained":[{"floor":6,"key":"Darkstone Periapt"},{"floor":9,"key":"MealTicket"}],"event_choices":[{"damage_healed":0,"gold_gain":0,"player_choice":"Grow","damage_taken":0,"max_hp_gain":0,"max_hp_loss":0,"event_name":"Living Wall","floor":2,"gold_loss":0,"cards_upgraded":["Consecrate"]},{"damage_healed":0,"gold_gain":0,"player_choice":"Donut","damage_taken":0,"max_hp_gain":5,"max_hp_loss":0,"event_name":"Big Fish","floor":3,"gold_loss":0},{"damage_healed":0,"gold_gain":0,"player_choice":"Success","damage_taken":3,"relics_obtained":["Lantern"],"max_hp_gain":0,"max_hp_loss":0,"event_name":"Scrap Ooze","floor":11,"gold_loss":0}],"is_beta":false,"boss_relics":[],"items_purged_floors":[],"is_endless":false,"potions_floor_spawned":[7,8],"killed_by":"Hexaghost","ascension_level":0}}