{"host":"r3d3rfw8zyydmocx","time":1608063002,"event":{"mods":["Aspiration","BaseMod","Colored Powertips","Conspire","Downfall","Highlight Path","Hubris","Minty Spire (QoL Compilation)","Replay The Spire","StSLib"],"gold_per_floor":[349,363,391,391,419,175,175,206,218,245,257,269,369,395,410,511,511,286,304,304,315,330,365,365,391,391,421,160,160,179,179,193,298,298,298,139,151,162,174,198,198,224,244,270,286,336,336,336,361,361,361,390,55,55,55],"floor_reached":56,"playtime":5118,"items_purged":["Slimebound:Defend_Slimebound","Slimebound:CorrosiveSpit","Slimebound:Strike_Slimebound+1","Looming Evil"],"score":1502,"play_id":"ddbbd3db-67e1-46d1-8e8b-cc0b5c7ac1fd","local_time":"20201215121002","is_ascension_mode":true,"campfire_choices":[{"data":"Slimebound:Split","floor":1.0,"key":"SMITH"},{"floor":4.0,"key":"RECALL"},{"data":"Slimebound:SplitSpecialist","floor":18.0,"key":"SMITH"},{"data":"Slimebound:OneTwoCombo","floor":20.0,"key":"SMITH"},{"data":"Slimebound:LeechEnergy","floor":35.0,"key":"SMITH"},{"data":"Slimebound:SplitMire","floor":54,"key":"SMITH"}],"circlet_count":0,"master_deck":["Slimebound:Defend_Slimebound+4","Slimebound:Defend_Slimebound+1","Slimebound:Defend_Slimebound+1","Slimebound:Defend_Slimebound+1","Slimebound:Split+1","Slimebound:LeechEnergy","Slimebound:SplitSpecialist+1","Slimebound:SplitMire+1","Slimebound:LevelUp+1","Slimebound:Schlurp","Slimebound:PressTheAttack","Slimebound:OozeBath","Slimebound:RainOfGoop+1","Slimebound:SplitMire+1","Slimebound:LeadByExample+1","Slimebound:LeechEnergy+1","Slimebound:Gluttony+1","Slimebound:Gluttony+1","Slimebound:OneTwoCombo+1","Slimebound:Repurpose+1","Slimebound:LeechingTouch","Guardian:Repulse+1","Slimebound:MassFeed","Slimebound:LevelUp+1","Slimebound:Replication+1","Slimebound:LevelUp+1","Slimebound:SplitSpecialist+1","Slimebound:PressTheAttack+1","Slimebound:Repurpose+1","Slimebound:Overexert+1","ReplayTheSpireMod:Necrogeddon"],"relics":["Slimebound:AbsorbEndCombat","Bronze Scales","Happy Flower","Onion Ring","Frozen Egg 2","conspire:TopHat","conspire:SeveredTorchhead","downfall:HeartBlessingRed","downfall:HeartBlessingGreen","downfall:HeartBlessingBlue","Oddly Smooth Stone","Bottled Flame","hubris:Potato","ReplayTheSpireMod:Lightbulb","Anchor","Sozu","Pet Ghost","OrangePellets","aspiration:ChemicalBlood","Ice Cream","ReplayTheSpireMod:TigerMarble","hubris:64BitClover","hubris:GlazedTorus","ReplayTheSpireMod:Ring of Challenge","Ring of Searing","War Paint"],"acts_visited":["Exordium","TheCity","TheBeyond","TheEnding"],"potions_floor_usage":[],"damage_taken":[{"damage":8.0,"enemies":"2 Louse","floor":2.0,"turns":3.0},{"damage":36.0,"enemies":"3 Sentries","floor":3.0,"turns":9.0},{"damage":19.0,"enemies":"Gremlin Nob","floor":5.0,"turns":4.0},{"damage":21.0,"enemies":"downfall:FleeingMerchant","floor":6.0,"turns":4.0},{"damage":17.0,"enemies":"Lagavulin","floor":8.0,"turns":5.0},{"damage":13.0,"enemies":"Jaw Worm","floor":9.0,"turns":2.0},{"damage":15.0,"enemies":"Gremlin Nob","floor":10.0,"turns":3.0},{"damage":8.0,"enemies":"Cultist","floor":11.0,"turns":2.0},{"damage":24.0,"enemies":"Exordium Thugs","floor":12.0,"turns":2.0},{"damage":47.0,"enemies":"downfall:Heads","floor":13.0,"turns":5.0},{"damage":33.0,"enemies":"Gremlin Gang","floor":15.0,"turns":4.0},{"damage":52.0,"enemies":"downfall:Defect","floor":16.0,"turns":5.0},{"damage":19.0,"enemies":"Spheric Guardian","floor":19.0,"turns":3.0},{"damage":25.0,"enemies":"conspire:HollyBat","floor":21.0,"turns":5.0},{"damage":30.0,"enemies":"Centurion and Healer","floor":22.0,"turns":4.0},{"damage":23.0,"enemies":"Gremlin Leader","floor":23.0,"turns":5.0},{"damage":39.0,"enemies":"Book of Stabbing","floor":25.0,"turns":3.0},{"damage":0.0,"enemies":"conspire:Head Lice","floor":27.0,"turns":4.0},{"damage":15.0,"enemies":"downfall:FleeingMerchant","floor":28.0,"turns":4.0},{"damage":8.0,"enemies":"Sentry and Sphere","floor":30.0,"turns":3.0},{"damage":11.0,"enemies":"Snake Plant","floor":32.0,"turns":3.0},{"damage":6.0,"enemies":"downfall:Ironclad","floor":33.0,"turns":6.0},{"damage":0.0,"enemies":"downfall:FleeingMerchant","floor":36.0,"turns":2.0},{"damage":7,"enemies":"Giant Head","floor":37,"turns":5},{"damage":11,"enemies":"3 Darklings","floor":38,"turns":5},{"damage":0,"enemies":"Orb Walker","floor":39,"turns":3},{"damage":28,"enemies":"Nemesis","floor":42,"turns":4},{"damage":14,"enemies":"Jaw Worm Horde","floor":43,"turns":3},{"damage":0,"enemies":"R_Hoarder","floor":44,"turns":5},{"damage":25,"enemies":"Writhing Mass","floor":45,"turns":4},{"damage":0,"enemies":"Mind Bloom Boss Battle","floor":46,"turns":3},{"damage":0,"enemies":"Transient","floor":49,"turns":5},{"damage":0,"enemies":"downfall:Watcher","floor":50,"turns":3},{"damage":37,"enemies":"downfall:CharBossMerchant","floor":52,"turns":4},{"damage":1,"enemies":"downfall:NeowBoss","floor":55,"turns":10}],"seed_played":"-6696092548616548837","potions_obtained":[{"floor":3.0,"key":"Block Potion"},{"floor":8.0,"key":"Death Potion"},{"floor":15.0,"key":"Swift Potion"},{"floor":16.0,"key":"EntropicBrew"},{"floor":23.0,"key":"SkillPotion"},{"floor":27.0,"key":"Dexterity Potion"},{"floor":32.0,"key":"SkillPotion"},{"floor":33.0,"key":"Slimebound:SlimyTonguePotion"}],"is_trial":false,"path_per_floor":["R","M","E","R","E","$","T","E","M","E","M","M","?","T","M","B",null,"R","M","R","M","M","E","T","E","?","E","$","?","M","?","M","B",null,"R","$","E","M","M","T","T","E","M","E","M","?","?","?","M","B",null,"E","$","R","B",null],"character_chosen":"SLIMEBOUND","items_purchased":["Slimebound:LevelUp+1","Slimebound:Schlurp","Slimebound:PressTheAttack","Anchor","Pet Ghost","OrangePellets","Slimebound:LevelUp+1","ReplayTheSpireMod:Necrogeddon"],"campfire_rested":0,"item_purchase_floors":[6,6,6,28,36,36,36,53],"current_hp_per_floor":[42,50,46,46,47,50,50,57,60,60,60,56,49,49,44,40,60,70,70,70,69,70,70,70,65,65,70,66,66,62,62,70,70,70,70,70,70,73,73,73,73,69,79,75,81,78,78,78,82,82,82,56,56,56,82],"gold":55,"neow_bonus":"TWO_FIFTY_GOLD","is_daily":false,"chose_seed":false,"campfire_upgraded":5,"win_rate":0.0,"timestamp":1608063002,"path_taken":["R","M","E","R","E","$","T","E","M","E","M","M","?","?","M","BOSS","R","M","R","?","M","E","T","E","?","E","$","?","?","?","M","BOSS","R","$","E","?","M","?","T","E","M","E","M","?","?","?","M","BOSS","E","$","R","BOSS"],"items_purchased_type":["Card","Card","Card","Relic","Relic","Relic","Card","Card"],"build_version":"2020-12-13","purchased_purges":4,"victory":true,"max_hp_per_floor":[60,60,60,60,60,60,60,60,60,60,60,60,60,60,60,60,60,70,70,70,70,70,70,70,70,70,70,70,70,70,70,70,70,70,70,70,70,73,73,73,73,73,79,79,82,82,82,82,82,82,82,82,82,82,82],"card_choices":[{"not_picked":["Slimebound:SlimeSpikes","Slimebound:Grow"],"picked":"Slimebound:LeechEnergy","floor":2.0},{"not_picked":["Slimebound:FlameTackle","Slimebound:ItLooksTasty"],"picked":"Slimebound:SplitSpecialist","floor":3.0},{"not_picked":["Slimebound:DivideAndConquer","Slimebound:LeechEnergy","Slimebound:ComboTackle"],"picked":"SKIP","floor":5.0},{"not_picked":["Slimebound:CheckThePlaybook","Slimebound:Schlurp"],"picked":"Slimebound:SplitMire","floor":6.0},{"not_picked":["Slimebound:SplitBruiser","Slimebound:BestDefense+1"],"picked":"Slimebound:OozeBath","floor":8.0},{"not_picked":["Slimebound:Prepare","Slimebound:SlimeSpikes"],"picked":"Slimebound:RainOfGoop","floor":9.0},{"not_picked":["Slimebound:SlimeSpikes","Slimebound:SamplingLick"],"picked":"Slimebound:SplitMire","floor":10.0},{"not_picked":["Slimebound:FinishingTackle","Slimebound:ServeAndProtect"],"picked":"Slimebound:LeadByExample+1","floor":11.0},{"not_picked":["Slimebound:FirmFortitude+1","Slimebound:CheckThePlaybook","Slimebound:RollThrough"],"picked":"SKIP","floor":12.0},{"not_picked":["Slimebound:PressTheAttack","Slimebound:SplitBruiser"],"picked":"Slimebound:Gluttony+1","floor":13.0},{"not_picked":["Slimebound:LivingWall","Slimebound:ViciousTackle"],"picked":"Slimebound:Gluttony+1","floor":15.0},{"not_picked":["Slimebound:RallyTheTroops","Slimebound:DuplicatedForm+1"],"picked":"Slimebound:OneTwoCombo","floor":16.0},{"not_picked":["Slimebound:SplitAcid","Slimebound:ViciousTackle","Slimebound:Schlurp+1"],"picked":"SKIP","floor":19.0},{"not_picked":["Slimebound:GrowthPunch","Slimebound:Prepare","Slimebound:BestDefense+1"],"picked":"SKIP","floor":21.0},{"not_picked":["Slimebound:SlimeBrawl","Slimebound:Dissolve+1"],"picked":"Slimebound:Repurpose","floor":22.0},{"not_picked":["Slimebound:DivideAndConquer","Slimebound:Equalize","Slimebound:SamplingLick"],"picked":"SKIP","floor":23.0},{"not_picked":["Slimebound:Dissolve+1","Slimebound:SamplingLick","Slimebound:GrowthPunch+1"],"picked":"SKIP","floor":25.0},{"not_picked":["Slimebound:TagTeam","Slimebound:GoopTackle","Slimebound:ServeAndProtect"],"picked":"SKIP","floor":27.0},{"not_picked":["Slimebound:Gluttony+1","Slimebound:DivideAndConquer"],"picked":"Slimebound:LeechingTouch","floor":28.0},{"not_picked":["Slimebound:FlameTackle","Slimebound:SplitAcid","Slimebound:ComboTackle"],"picked":"SKIP","floor":30.0},{"not_picked":["Slimebound:ServeAndProtect+1","Slimebound:FlameTackle"],"picked":"Slimebound:MassFeed","floor":32.0},{"not_picked":["Slimebound:DivideAndConquer","Slimebound:ServeAndProtect"],"picked":"Slimebound:Replication+1","floor":37},{"not_picked":["Slimebound:ViciousTackle+1","Slimebound:Replication"],"picked":"Slimebound:LevelUp+1","floor":38},{"not_picked":["Slimebound:GrowthPunch+1","Slimebound:SplitLeeching+1"],"picked":"Slimebound:SplitSpecialist+1","floor":39},{"not_picked":["Slimebound:FinishingTackle+1","Slimebound:ServeAndProtect+1","Slimebound:HauntingLick+1"],"picked":"SKIP","floor":42},{"not_picked":["Slimebound:SplitBruiser","Slimebound:ComboTackle","Slimebound:HauntingLick+1"],"picked":"SKIP","floor":43},{"not_picked":["Slimebound:RallyTheTroops","Slimebound:GoopTackle","Slimebound:BestDefense+1"],"picked":"SKIP","floor":44},{"not_picked":["Slimebound:SplitAcid+1","Slimebound:ViciousTackle"],"picked":"Slimebound:PressTheAttack+1","floor":45},{"not_picked":["Slimebound:SamplingLick","Slimebound:SlimeBrawl+1"],"picked":"Slimebound:Repurpose+1","floor":46},{"not_picked":["Slimebound:LeechingTouch","Slimebound:SplitAcid","Slimebound:ItLooksTasty+1"],"picked":"SKIP","floor":49},{"not_picked":["Slimebound:Darklings","Slimebound:SplitLeeching"],"picked":"Slimebound:Overexert+1","floor":52}],"player_experience":452375,"relics_obtained":[{"floor":3.0,"key":"Bronze Scales"},{"floor":5.0,"key":"Happy Flower"},{"floor":7.0,"key":"Onion Ring"},{"floor":8.0,"key":"Frozen Egg 2"},{"floor":10.0,"key":"conspire:TopHat"},{"floor":23.0,"key":"Oddly Smooth Stone"},{"floor":24.0,"key":"Bottled Flame"},{"floor":25.0,"key":"hubris:Potato"},{"floor":27.0,"key":"ReplayTheSpireMod:Lightbulb"},{"floor":40,"key":"aspiration:ChemicalBlood"},{"floor":41,"key":"Ice Cream"},{"floor":42,"key":"ReplayTheSpireMod:TigerMarble"},{"floor":44,"key":"hubris:64BitClover"},{"floor":46,"key":"hubris:GlazedTorus"},{"floor":48,"key":"ReplayTheSpireMod:Ring of Challenge"},{"floor":48,"key":"Ring of Searing"},{"floor":52,"key":"War Paint"}],"event_choices":[{"damage_healed":0.0,"max_hp_gain":0.0,"max_hp_loss":0.0,"gold_gain":0.0,"event_name":"Back to Basics","player_choice":"Simplicity","floor":26.0,"gold_loss":0.0,"damage_taken":0.0,"cards_upgraded":["Slimebound:Strike_Slimebound","Slimebound:Defend_Slimebound","Slimebound:Defend_Slimebound","Slimebound:Defend_Slimebound"]},{"cards_removed":["Slimebound:Tackle"],"damage_healed":0.0,"max_hp_gain":0.0,"max_hp_loss":0.0,"gold_gain":0.0,"event_name":"Purifier","player_choice":"Purged","floor":29.0,"gold_loss":0.0,"damage_taken":0.0},{"damage_healed":0.0,"max_hp_gain":0.0,"max_hp_loss":0.0,"gold_gain":0.0,"event_name":"The Library","player_choice":"Read","floor":31.0,"gold_loss":0.0,"damage_taken":0.0,"cards_obtained":["Guardian:Repulse"]}],"is_beta":false,"boss_relics":[{"not_picked":["Ectoplasm","hubris:HollowSoul"],"picked":"conspire:SeveredTorchhead"},{"not_picked":["hubris:GrandSneckoEye","hubris:Stopwatch"],"picked":"Sozu"}],"items_purged_floors":[6,28,36,53],"is_endless":false,"potions_floor_spawned":[3,8,15,16,23,27,32,33,38,44,46,49],"ascension_level":1}}