{"host":"63sioh49uueqzogg","time":1608008263,"event":{"mods":["BaseMod","Card Forge","Colored Map","Colored Powertips","Minty Spire (QoL Compilation)","StSLib","The Animator"],"gold_per_floor":[129,129,129,143,68,106,142,142,142,176,189,216,216,33,33,156,156,171,171,171],"floor_reached":19,"playtime":1139,"items_purged":["Injury","animator:Strike"],"score":273,"play_id":"87e76f2a-fb84-442b-862a-4472a1bdfb6c","local_time":"20201214205743","is_ascension_mode":true,"campfire_choices":[{"data":"animator:AcuraTooru","floor":8,"key":"SMITH"},{"data":"animator:DolaSchwi","floor":13,"key":"SMITH"},{"data":"animator:Zero","floor":15,"key":"SMITH"}],"circlet_count":0,"master_deck":["animator:Strike_Fate+1","animator:Defend_Fate","animator:Strike+1","animator:Strike","animator:Defend","animator:Defend","animator:Defend","animator:Alexander+1","animator:Rider","animator:Ara+1","animator:ChlammyZell","animator:AcuraTooru+1","animator:ShinjiMatou","animator:DolaSchwi+1","animator:TukaLunaMarceau","animator:Zero+1","animator:Elesis"],"relics":["animator:LivingPicture","animator:TheMissingPiece","Hammer of Thor","Seething Fire","Anvil of the Gods","NeowsBlessing","Golden Idol","Whetstone","White Beast Statue","Mark of Pain"],"acts_visited":["Exordium","TheCity"],"potions_floor_usage":[10,10,16,18,18,19],"damage_taken":[{"damage":0,"enemies":"2 Louse","floor":1,"turns":1},{"damage":0,"enemies":"Small Slimes","floor":4,"turns":1},{"damage":0,"enemies":"Gremlin Nob","floor":6,"turns":1},{"damage":7,"enemies":"Jaw Worm","floor":7,"turns":3},{"damage":20,"enemies":"3 Sentries","floor":10,"turns":8},{"damage":4,"enemies":"Exordium Thugs","floor":11,"turns":3},{"damage":0,"enemies":"3 Louse","floor":12,"turns":3},{"damage":3,"enemies":"The Guardian","floor":16,"turns":8},{"damage":14,"enemies":"Shell Parasite","floor":18,"turns":5},{"damage":22,"enemies":"Masked Bandits","floor":19,"turns":3}],"seed_played":"-1715309098819351054","potions_obtained":[{"floor":1,"key":"PowerPotion"},{"floor":7,"key":"Block Potion"},{"floor":10,"key":"AttackPotion"},{"floor":11,"key":"DuplicationPotion"},{"floor":12,"key":"animator:GrowthPotion"},{"floor":16,"key":"Weak Potion"},{"floor":18,"key":"Regen Potion"}],"is_trial":false,"path_per_floor":["M","?","?","M","$","E","M","R","T","E","M","M","R","$","R","B",null,"M","?"],"character_chosen":"THE_ANIMATOR","items_purchased":["animator:Zero"],"campfire_rested":0,"item_purchase_floors":[14],"current_hp_per_floor":[59,59,46,46,46,46,39,39,39,19,15,15,15,15,15,13,54,40,27,27],"gold":171,"neow_bonus":"THREE_ENEMY_KILL","is_daily":false,"chose_seed":false,"campfire_upgraded":3,"win_rate":0.0,"timestamp":1608008263,"path_taken":["M","?","?","M","?","E","M","R","T","E","M","M","R","$","R","BOSS","M","?"],"items_purchased_type":["Card"],"build_version":"2020-12-13","purchased_purges":2,"victory":false,"max_hp_per_floor":[66,66,66,66,66,66,66,66,66,66,66,66,66,66,66,67,67,67,67,67],"card_choices":[{"not_picked":["animator:DolaSchwi","animator:Emonzaemon"],"picked":"animator:Ara","floor":1},{"not_picked":["animator:YaoHaDucy","animator:Konayuki"],"picked":"animator:ChlammyZell","floor":4},{"not_picked":["animator:DolaRiku","animator:UneriGinkaku"],"picked":"animator:AcuraTooru","floor":6},{"not_picked":["animator:Caster","animator:Rider"],"picked":"animator:ShinjiMatou","floor":7},{"not_picked":["animator:UneriGinkaku","animator:Kuribayashi"],"picked":"animator:DolaSchwi","floor":10},{"not_picked":["animator:Shuna","animator:Caster","animator:Chung"],"picked":"SKIP","floor":11},{"not_picked":["animator:ChaikaBohdan","animator:Ara"],"picked":"animator:TukaLunaMarceau","floor":12},{"not_picked":["animator:Sora","animator:Rimuru"],"picked":"animator:Elesis","floor":16}],"player_experience":561408,"relics_obtained":[{"floor":6,"key":"Whetstone"},{"floor":10,"key":"White Beast Statue"}],"event_choices":[{"damage_healed":0,"gold_gain":0,"player_choice":"Take Wound","damage_taken":0,"relics_obtained":["Golden Idol"],"max_hp_gain":0,"max_hp_loss":0,"event_name":"Golden Idol","floor":2,"gold_loss":0,"cards_obtained":["Injury"]},{"damage_healed":0,"gold_gain":0,"player_choice":"Entered Light","damage_taken":13,"max_hp_gain":0,"max_hp_loss":0,"event_name":"Shining Light","floor":3,"gold_loss":0,"cards_upgraded":["animator:Strike","animator:Strike_Fate"]},{"damage_healed":0,"gold_gain":0,"player_choice":"Fought Bandits","damage_taken":0,"max_hp_gain":0,"max_hp_loss":0,"event_name":"Masked Bandits","floor":19,"gold_loss":0}],"is_beta":false,"boss_relics":[{"not_picked":["Ectoplasm","Coffee Dripper"],"picked":"Mark of Pain"}],"items_purged_floors":[5,14],"is_endless":false,"potions_floor_spawned":[1,7,10,11,12,16,18],"killed_by":"Masked Bandits","ascension_level":7}}