{"host":"6bsan6hkua32tfq7","time":1608023027,"event":{"mods":["BaseMod","Better Third Choice","Colored Map","Downfall","Highlight Path","Minty Spire (QoL Compilation)","StSLib"],"gold_per_floor":[119,134,152,152,164,164,176,176,176],"floor_reached":8,"playtime":305,"items_purged":[],"score":100,"play_id":"ec65d199-5821-447a-8015-d74eba704ac4","local_time":"20201215100347","is_ascension_mode":true,"campfire_choices":[{"data":"Crippling Poison","floor":6,"key":"SMITH"}],"circlet_count":0,"master_deck":["AscendersBane","Strike_G","Strike_G","Strike_G","Strike_G","Strike_G","Defend_G","Defend_G","Defend_G","Defend_G","Survivor","Neutralize","Leg Sweep","Noxious Fumes","Crippling Poison+1","Predator","Bane"],"relics":["Sozu"],"acts_visited":["Exordium"],"potions_floor_usage":[],"damage_taken":[{"damage":9,"enemies":"Cultist","floor":1,"turns":5},{"damage":5,"enemies":"Small Slimes","floor":2,"turns":5},{"damage":4,"enemies":"2 Louse","floor":3,"turns":3},{"damage":0,"enemies":"2 Fungi Beasts","floor":5,"turns":4},{"damage":0,"enemies":"3 Louse","floor":7,"turns":3},{"damage":42,"enemies":"Gremlin Nob","floor":8,"turns":4}],"seed_played":"-7322101792455166981","potions_obtained":[],"is_trial":false,"path_per_floor":["M","M","M","?","M","R","M","E"],"character_chosen":"THE_SILENT","items_purchased":[],"campfire_rested":0,"item_purchase_floors":[],"current_hp_per_floor":[50,45,41,34,34,34,34,0,0],"gold":176,"neow_bonus":"BOSS_RELIC","is_daily":false,"chose_seed":false,"campfire_upgraded":1,"win_rate":0.0,"timestamp":1608023027,"path_taken":["M","M","?","?","M","R","M","E"],"items_purchased_type":[],"build_version":"2020-12-13","purchased_purges":0,"victory":false,"max_hp_per_floor":[66,66,66,66,66,66,66,66,66],"card_choices":[{"not_picked":["Sucker Punch","Prepared"],"picked":"Leg Sweep","floor":1},{"not_picked":["Bouncing Flask","PiercingWail"],"picked":"Noxious Fumes","floor":2},{"not_picked":["Cloak And Dagger","PiercingWail"],"picked":"Crippling Poison","floor":3},{"not_picked":["Endless Agony","Dash"],"picked":"Predator","floor":5},{"not_picked":["Poisoned Stab","Prepared","Bane"],"picked":"SKIP","floor":7},{"not_picked":["Poisoned Stab","Prepared"],"picked":"Bane","floor":7}],"player_experience":5163216,"relics_obtained":[],"event_choices":[{"cards_removed":["Defend_G"],"damage_healed":0,"gold_gain":0,"player_choice":"Card Removal","damage_taken":7,"max_hp_gain":0,"max_hp_loss":0,"event_name":"Golden Wing","floor":4,"gold_loss":0}],"is_beta":false,"boss_relics":[],"items_purged_floors":[],"is_endless":false,"potions_floor_spawned":[2,3,5],"killed_by":"Gremlin Nob","ascension_level":20}}