{"host":"4qin5krp9hszysdc","time":1608004822,"event":{"mods":["AchievementEnabler","BaseMod","BetterRewards","Infinite Spire","Minty Spire (QoL Compilation)","Quick Restart","StSLib"],"gold_per_floor":[114,125,125,142,417,417,449,449,449,449,13,46,57,83,83,186,186,213,232,232,246,269,314,327,368,368,368,368,402,429,463,475,586,598,632,644,678,690,714,763,775,820,883,910,922,967,760,772,772,774,774,774,509,546,558],"floor_reached":56,"playtime":3759,"items_purged":["Strike_B","Zap","Strike_B","Defend_B"],"score":2326,"play_id":"56ed8c74-5f94-49cf-a68e-4fdc03d34a96","local_time":"20201214230022","is_ascension_mode":true,"campfire_choices":[{"data":"Regret","floor":6.0,"key":"PURGE"},{"data":"Defragment","floor":8.0,"key":"SMITH"},{"floor":10.0,"key":"REST"},{"data":"Fission","floor":10.0,"key":"SMITH"},{"data":"Loop","floor":15.0,"key":"SMITH"},{"floor":27.0,"key":"REST"},{"data":"Genetic Algorithm","floor":27.0,"key":"SMITH"},{"data":"Echo Form","floor":32.0,"key":"SMITH"},{"data":"infinitespire:SevenWalls","floor":41.0,"key":"SMITH"},{"data":"Rainbow","floor":45.0,"key":"SMITH"},{"floor":49.0,"key":"RECALL"},{"data":"Strike_B","floor":52.0,"key":"PURGE"}],"circlet_count":1,"master_deck":["AscendersBane","Dualcast","Coolheaded","Defragment+1","Go for the Eyes","Heatsinks","Barrage","Hologram","ConjureBlade","Undo","Fission+1","Loop+1","Capacitor","White Noise","Rainbow+1","Compile Driver+1","Genetic Algorithm+1","Ball Lightning+1","Gash+1","Reboot","Gash","Ball Lightning","Rip and Tear","Echo Form+1","Force Field","Electrodynamics","Conserve Battery+1","Aggregate+1","infinitespire:Gouge","infinitespire:SevenWalls+1","infinitespire:Menacing","Glacier","Core Surge","Meteor Strike","Loop","Defragment+1","Necronomicurse","Auto Shields"],"relics":["MawBank","Happy Flower","Bottled Lightning","Black Star","Unceasing Top","Lee\u0027s Waffle","MutagenicStrength","infinitespire:Lychee Nut","Thread and Needle","Paper Frog","infinitespire:Cupcake","WingedGreaves","StrikeDummy","ClockworkSouvenir","Ring of the Snake","DollysMirror","Anchor","Ice Cream","infinitespire:DarkRift","Snecko Eye","infinitespire:Eraser","Bottled Flame","Necronomicon","Sozu","Pandora\u0027s Box","Circlet","infinitespire:Chaos","Akabeko","infinitespire:ShieldingShard"],"acts_visited":["Exordium","TheCity","TheBeyond","TheEnding"],"potions_floor_usage":[55,55,55,55],"damage_taken":[{"damage":0.0,"enemies":"2 Louse","floor":1.0,"turns":2.0},{"damage":11.0,"enemies":"infinitespire:Voidling","floor":2.0,"turns":4.0},{"damage":0.0,"enemies":"Jaw Worm","floor":4.0,"turns":4.0},{"damage":29.0,"enemies":"Gremlin Nob","floor":7.0,"turns":4.0},{"damage":8.0,"enemies":"Lagavulin","floor":12.0,"turns":5.0},{"damage":18.0,"enemies":"Lots of Slimes","floor":13.0,"turns":4.0},{"damage":11.0,"enemies":"3 Sentries","floor":14.0,"turns":9.0},{"damage":0.0,"enemies":"Slime Boss","floor":16.0,"turns":7.0},{"damage":7.0,"enemies":"3 Byrds","floor":18.0,"turns":3.0},{"damage":0.0,"enemies":"Spheric Guardian","floor":19.0,"turns":3.0},{"damage":5.0,"enemies":"Centurion and Healer","floor":21.0,"turns":6.0},{"damage":27.0,"enemies":"Snake Plant","floor":22.0,"turns":4.0},{"damage":31.0,"enemies":"Slavers","floor":23.0,"turns":3.0},{"damage":0.0,"enemies":"Cultist and Chosen","floor":24.0,"turns":6.0},{"damage":26.0,"enemies":"Book of Stabbing","floor":25.0,"turns":5.0},{"damage":19.0,"enemies":"Gremlin Leader","floor":29.0,"turns":4.0},{"damage":6.0,"enemies":"Centurion and Healer","floor":30.0,"turns":4.0},{"damage":19.0,"enemies":"Snecko","floor":31.0,"turns":5.0},{"damage":12.0,"enemies":"Collector","floor":33.0,"turns":8.0},{"damage":12.0,"enemies":"Orb Walker","floor":35.0,"turns":3.0},{"damage":23.0,"enemies":"3 Darklings","floor":37.0,"turns":3.0},{"damage":0.0,"enemies":"Sphere and 2 Shapes","floor":39.0,"turns":3.0},{"damage":9.0,"enemies":"Giant Head","floor":40.0,"turns":5.0},{"damage":23.0,"enemies":"Reptomancer","floor":42.0,"turns":4.0},{"damage":4.0,"enemies":"Transient","floor":44.0,"turns":5.0},{"damage":0.0,"enemies":"Nemesis","floor":46.0,"turns":5.0},{"damage":4.0,"enemies":"3 Darklings","floor":48.0,"turns":5.0},{"damage":20.0,"enemies":"Time Eater","floor":50.0,"turns":9.0},{"damage":9,"enemies":"Shield and Spear","floor":54,"turns":4},{"damage":27,"enemies":"The Heart","floor":55,"turns":6}],"seed_played":"-3697464327634571968","potions_obtained":[{"floor":7.0,"key":"Ancient Potion"},{"floor":13.0,"key":"Energy Potion"},{"floor":14.0,"key":"DistilledChaos"},{"floor":19.0,"key":"CultistPotion"},{"floor":22.0,"key":"SpeedPotion"},{"floor":46.0,"key":"Explosive Potion"},{"floor":48.0,"key":"SneckoOil"}],"is_trial":false,"path_per_floor":["M","M","?","M","?","R","E","R","T","R","$","E","M","E","R","B",null,"M","M","?","M","M","E","M","E","T","R","?","E","M","M","R","B",null,"M","?","M","AVR","M","E","R","E","T","M","R","E","$","M","R","B",null,"R","$","E","B",null],"character_chosen":"DEFECT","items_purchased":["Meat on the Bone","Coolheaded","Defragment","Go for the Eyes","Mummified Hand","infinitespire:PuzzleCube","Heatsinks","Barrage","Loop","infinitespire:SolderingIron","PreservedInsect","Membership Card","Loop","InkBottle","infinitespire:Chaos"],"campfire_rested":2,"item_purchase_floors":[0,0,0,0,0,0,0,0,11,11,11,47,47,53,53],"current_hp_per_floor":[33,39,39,39,39,39,22,22,22,44,44,48,42,43,43,43,67,60,60,60,55,40,21,33,19,19,56,56,49,43,36,54,42,67,55,55,44,44,44,47,68,45,45,43,64,66,66,75,75,65,73,75,61,53,32],"gold":570,"neow_bonus":"","is_daily":false,"chose_seed":false,"campfire_upgraded":7,"win_rate":0.0,"timestamp":1608004822,"path_taken":["M","M","?","?","?","R","E","R","T","R","$","E","M","E","R","BOSS","M","?","?","?","M","E","M","E","T","R","?","E","M","M","R","BOSS","M","?","?","AVR","M","E","R","E","T","M","R","E","$","M","R","BOSS","R","$","E","BOSS"],"items_purchased_type":["Relic","Card","Card","Card","Relic","Relic","Card","Card","Card","Relic","Relic","Relic","Card","Relic","Relic"],"build_version":"2020-12-13","purchased_purges":4,"victory":true,"max_hp_per_floor":[75,75,75,75,75,75,75,75,75,75,75,75,75,75,75,75,75,75,75,75,75,75,75,75,75,75,75,75,75,75,75,75,75,75,75,75,75,75,75,75,75,75,75,75,75,75,75,75,75,75,75,75,61,61,61],"card_choices":[{"not_picked":["Redo","Beam Cell"],"picked":"Hologram","floor":1.0},{"not_picked":["Leap","Redo","Auto Shields"],"picked":"SKIP","floor":2.0},{"not_picked":["Conserve Battery","Sweeping Beam"],"picked":"Undo","floor":4.0},{"not_picked":["Chaos","Rip and Tear"],"picked":"Fission","floor":7.0},{"not_picked":["Storm","Blizzard"],"picked":"Capacitor","floor":12.0},{"not_picked":["Compile Driver","Redo","Barrage"],"picked":"SKIP","floor":13.0},{"not_picked":["Leap","BootSequence"],"picked":"White Noise","floor":14.0},{"not_picked":["Biased Cognition","Multi-Cast"],"picked":"Rainbow","floor":16.0},{"not_picked":["Redo","Barrage+1"],"picked":"Compile Driver+1","floor":18.0},{"not_picked":["Barrage","Coolheaded"],"picked":"Genetic Algorithm","floor":19.0},{"not_picked":["Redo","Hologram"],"picked":"Ball Lightning+1","floor":21.0},{"not_picked":["Hologram","Streamline"],"picked":"Gash+1","floor":22.0},{"not_picked":["Redo","Barrage","Reprogram+1"],"picked":"SKIP","floor":23.0},{"not_picked":["Leap","Stack+1"],"picked":"Reboot","floor":24.0},{"not_picked":["Coolheaded","Self Repair"],"picked":"Gash","floor":25.0},{"not_picked":["Stack","Sunder"],"picked":"Echo Form","floor":29.0},{"not_picked":["Auto Shields","Beam Cell+1","Go for the Eyes"],"picked":"SKIP","floor":30.0},{"not_picked":["Conserve Battery","Compile Driver+1"],"picked":"Force Field","floor":31.0},{"not_picked":["Multi-Cast","All For One"],"picked":"Electrodynamics","floor":33.0},{"not_picked":["Hologram+1","Steam"],"picked":"Conserve Battery+1","floor":35.0},{"not_picked":["Compile Driver","Rebound"],"picked":"Aggregate+1","floor":37.0},{"not_picked":["Blizzard","Force Field+1"],"picked":"Glacier","floor":39.0},{"not_picked":["Fission","Double Energy+1"],"picked":"Core Surge","floor":40.0},{"not_picked":["Turbo+1","Force Field","Static Discharge"],"picked":"SKIP","floor":42.0},{"not_picked":["Barrage+1","Conserve Battery","Static Discharge"],"picked":"SKIP","floor":44.0},{"not_picked":["Steam","Aggregate"],"picked":"Meteor Strike","floor":46.0},{"not_picked":["Leap+1","Turbo+1","Stack"],"picked":"SKIP","floor":48.0},{"not_picked":["Self Repair","Force Field+1","BootSequence+1"],"picked":"SKIP","floor":54}],"player_experience":2692698,"relics_obtained":[{"floor":7.0,"key":"Ornamental Fan"},{"floor":9.0,"key":"infinitespire:Magic Flask"},{"floor":12.0,"key":"Ginger"},{"floor":14.0,"key":"infinitespire:Midas Blood"},{"floor":23.0,"key":"Vajra"},{"floor":25.0,"key":"Eternal Feather"},{"floor":29.0,"key":"MawBank"},{"floor":40.0,"key":"Dream Catcher"},{"floor":40.0,"key":"White Beast Statue"},{"floor":42.0,"key":"Centennial Puzzle"},{"floor":42.0,"key":"Blood Vial"},{"floor":43.0,"key":"Art of War"},{"floor":46.0,"key":"Bird Faced Urn"},{"floor":46.0,"key":"Potion Belt"},{"floor":54,"key":"Akabeko"},{"floor":54,"key":"infinitespire:ShieldingShard"}],"event_choices":[{"cards_removed":["Strike_B"],"damage_healed":0.0,"max_hp_gain":0.0,"max_hp_loss":0.0,"gold_gain":0.0,"event_name":"NoteForYourself","player_choice":"Took Card","floor":3.0,"gold_loss":0.0,"damage_taken":0.0,"cards_obtained":["ConjureBlade"]},{"damage_healed":0.0,"max_hp_gain":0.0,"max_hp_loss":0.0,"gold_gain":275.0,"event_name":"Golden Shrine","player_choice":"Desecrate","floor":5.0,"gold_loss":0.0,"damage_taken":0.0,"cards_obtained":["Regret"]},{"damage_healed":0.0,"max_hp_gain":0.0,"max_hp_loss":0.0,"gold_gain":0.0,"event_name":"Match and Keep!","player_choice":"0 cards matched","floor":20.0,"gold_loss":0.0,"damage_taken":0.0,"cards_obtained":[]},{"damage_healed":0.0,"max_hp_gain":0.0,"max_hp_loss":0.0,"gold_gain":0.0,"cards_transformed":["Defend_B","Defend_B"],"event_name":"Drug Dealer","player_choice":"Became Test Subject","floor":28.0,"gold_loss":0.0,"damage_taken":0.0,"cards_obtained":["Ball Lightning","Rip and Tear"]},{"damage_healed":0.0,"max_hp_gain":0.0,"max_hp_loss":0.0,"gold_gain":0.0,"event_name":"The Woman in Blue","player_choice":"Bought 0 Potions","floor":36.0,"gold_loss":0.0,"damage_taken":0.0}],"is_beta":false,"boss_relics":[{"not_picked":["infinitespire:Cupcake","SlaversCollar"],"picked":"Runic Pyramid"},{"not_picked":[]}],"items_purged_floors":[0,38,47,53],"is_endless":false,"potions_floor_spawned":[7,13,14,19,21,22,25,30,35,40,42,44,46,48],"ascension_level":10}}