{"host":"ek19s9symjhb78i2","time":1608012970,"event":{"mods":["BaseMod","Better Note","Downfall","Hero for Fun","Hubris","Infinite Spire","JesterMod","Mimic Mod","Minty Spire (QoL Compilation)","Quick Restart","Shop Mod","StSLib","SuperFastMode","The Animator","The Blackbeard","The Bladedancer","The Death Knight","The Necromancer","Thieving Mod","Unceasing Turn Reminder","Wandering Minibosses"],"gold_per_floor":[99,125,125,125,125,135,135,151,151,177,177,177,4,24,44,148,148,148,148,165,165,165,197,197,197,215,249,249,4,19,19,31,31,31],"floor_reached":33,"playtime":1527,"items_purged":[],"score":316,"play_id":"ca8d969d-972f-428c-9b1d-d934830d1b19","local_time":"20201214231610","is_ascension_mode":false,"campfire_choices":[{"data":"Guardian:TwinSlam","floor":1.0,"key":"SMITH"},{"data":"Guardian:PiercingHide","floor":5.0,"key":"SMITH"},{"data":"Guardian:DonusPower","floor":9.0,"key":"SMITH"},{"data":"Guardian:Clone","floor":18.0,"key":"SMITH"},{"data":"Guardian:ExploitGems","floor":25.0,"key":"SMITH"}],"circlet_count":0,"master_deck":["Guardian:Strike_Guardian","Guardian:Strike_Guardian","Guardian:Strike_Guardian","Guardian:Strike_Guardian","Guardian:Defend_Guardian","Guardian:Defend_Guardian","Guardian:Defend_Guardian","Guardian:CurlUp","Guardian:TwinSlam+1","Guardian:Reroute","Guardian:Clone+1","Guardian:BronzeOrb+1","Guardian:TemporalStrike+1","Guardian:CrystalBeam+1","Guardian:ExploitGems+1","Guardian:Incinerate+1","Guardian:PrismaticBeam+1","hubris:DuctTapeCard","Guardian:ArmoredProtocol","Guardian:TimeCapacitor+1","Guardian:Gem_Blue","Guardian:Gem_Crimson","Guardian:StasisField","Guardian:EvasiveProtocol","Guardian:Gem_Lightblue","Guardian:ShieldSpikes","Guardian:Gem_Red"],"relics":["Guardian:ModeShifter","downfall:HeartsMalice","Molten Egg 2","hubris:CrackedHourglass","Black Star","Boot","hubris:DuctTape","infinitespire:Bottled Soul","Anchor","Gremlin Horn","Bronze Scales"],"acts_visited":["Exordium","TheCity"],"potions_floor_usage":[30,32,33,33],"damage_taken":[{"damage":0.0,"enemies":"Gremlin Nob","floor":2.0,"turns":1.0},{"damage":0.0,"enemies":"Jaw Worm","floor":3.0,"turns":1.0},{"damage":0.0,"enemies":"Small Slimes","floor":4.0,"turns":1.0},{"damage":6.0,"enemies":"Cultist","floor":6.0,"turns":3.0},{"damage":3.0,"enemies":"Red Slaver","floor":8.0,"turns":3.0},{"damage":23.0,"enemies":"Lagavulin","floor":10.0,"turns":6.0},{"damage":6.0,"enemies":"downfall:FleeingMerchant","floor":13.0,"turns":5.0},{"damage":7.0,"enemies":"Exordium Thugs","floor":14.0,"turns":3.0},{"damage":2.0,"enemies":"Large Slime","floor":15.0,"turns":5.0},{"damage":14.0,"enemies":"downfall:Watcher","floor":16.0,"turns":8.0},{"damage":0.0,"enemies":"Spheric Guardian","floor":20.0,"turns":3.0},{"damage":0.0,"enemies":"Chosen","floor":21.0,"turns":1.0},{"damage":7.0,"enemies":"Book of Stabbing","floor":23.0,"turns":4.0},{"damage":10.0,"enemies":"Centurion and Healer","floor":26.0,"turns":5.0},{"damage":20,"enemies":"Slavers","floor":27,"turns":4},{"damage":15,"enemies":"downfall:FleeingMerchant","floor":29,"turns":4},{"damage":2,"enemies":"Shelled Parasite and Fungi","floor":30,"turns":6},{"damage":7,"enemies":"Snake Plant","floor":32,"turns":3},{"damage":21,"enemies":"downfall:Silent","floor":33,"turns":4}],"seed_played":"-3544323214544469781","potions_obtained":[{"floor":2.0,"key":"SteroidPotion"},{"floor":8.0,"key":"Guardian:AcceleratePotion"},{"floor":10.0,"key":"BlessingOfTheForge"},{"floor":15.0,"key":"sneckomod:MuddlingPotion"},{"floor":26,"key":"Strength Potion"},{"floor":30,"key":"LiquidBronze"},{"floor":32,"key":"DuplicationPotion"}],"is_trial":false,"path_per_floor":["R","E","M","M","R","M","T","M","R","E","?","?","$","M","M","B",null,"R","AVR","M","M","?","E","T","R","M","E","?","$","M","?","M","B"],"character_chosen":"GUARDIAN","items_purchased":["Guardian:BronzeOrb+1","Guardian:TemporalStrike+1","Guardian:Gem_Red","Bronze Scales","Guardian:EvasiveProtocol","Guardian:Gem_Lightblue"],"campfire_rested":0,"item_purchase_floors":[13,13,13,29,29,29],"current_hp_per_floor":[80,80,80,80,80,74,74,71,71,48,48,48,42,35,33,44,80,80,80,80,80,80,73,73,73,63,43,43,28,26,26,19,0,0],"gold":31,"neow_bonus":"THREE_ENEMY_KILL","is_daily":false,"chose_seed":false,"campfire_upgraded":5,"win_rate":0.0,"timestamp":1608012970,"path_taken":["R","E","M","M","R","M","T","M","R","E","?","?","$","?","M","BOSS","R","AVR","M","M","?","E","T","R","M","E","?","$","?","?","M","BOSS"],"items_purchased_type":["Card","Card","Card","Relic","Card","Card"],"build_version":"2020-12-13","purchased_purges":0,"victory":false,"max_hp_per_floor":[80,80,80,80,80,80,80,80,80,80,80,80,80,80,80,80,80,80,80,80,80,80,80,80,80,80,80,80,80,80,80,80,80,80],"card_choices":[{"not_picked":["Guardian:RevengeProtocol","Guardian:Planning"],"picked":"Guardian:Reroute","floor":2.0},{"not_picked":["Guardian:Gem_Blue","Guardian:Gem_Cyan"],"picked":"Guardian:Gem_Lightblue","floor":3.0},{"not_picked":["Guardian:Gem_Cyan","Guardian:Repulse"],"picked":"Guardian:PiercingHide","floor":4.0},{"not_picked":["Guardian:TemporalShield","Guardian:PiercingHide"],"picked":"Guardian:Gem_Cyan","floor":6.0},{"not_picked":["Guardian:Incinerate","Guardian:Gem_White"],"picked":"Guardian:DonusPower","floor":8.0},{"not_picked":["Guardian:ChargeCore+1","Guardian:Gem_Lightblue"],"picked":"Guardian:Clone","floor":10.0},{"not_picked":["Guardian:ShieldCharger","Guardian:CrystalBeam+1"],"picked":"Guardian:Gem_Orange","floor":13.0},{"not_picked":["Guardian:PrimingBeam+1","Guardian:Gem_Cyan"],"picked":"Guardian:Gem_Lightblue","floor":14.0},{"not_picked":["Guardian:Gem_Red","Guardian:Preprogram"],"picked":"Guardian:CrystalBeam+1","floor":15.0},{"not_picked":["Guardian:BaubleBeam+1","Guardian:Gem_Synthetic"],"picked":"Guardian:ExploitGems","floor":16.0},{"not_picked":["Guardian:TemporalStrike+1","Guardian:PiercingHide+1"],"picked":"Guardian:Gem_White","floor":20.0},{"not_picked":["Guardian:GuardianWhirl+1","Guardian:Recover"],"picked":"Guardian:Incinerate+1","floor":21.0},{"not_picked":["Guardian:Gem_Lightblue","Guardian:MultiBeam+1"],"picked":"Guardian:PrismaticBeam+1","floor":23.0},{"not_picked":["Guardian:PrimingBeam+1","Guardian:TemporalShield"],"picked":"Guardian:ArmoredProtocol","floor":26},{"not_picked":["Guardian:Gem_Lightblue","Guardian:ShieldSpikes"],"picked":"Guardian:TimeCapacitor+1","floor":27},{"not_picked":["Guardian:TimeBomb","Guardian:RefractedBeam+1"],"picked":"Guardian:StasisField","floor":29},{"not_picked":["Guardian:ShieldCharger","Guardian:CrystalBeam+1"],"picked":"Guardian:ShieldSpikes","floor":30},{"not_picked":["Guardian:Suspension","Guardian:PrismaticBeam+1"],"picked":"Guardian:Gem_Red","floor":32}],"player_experience":164116,"relics_obtained":[{"floor":2.0,"key":"Pantograph"},{"floor":7.0,"key":"infinitespire:FocusingShard"},{"floor":10.0,"key":"Molten Egg 2"},{"floor":23.0,"key":"Boot"},{"floor":23.0,"key":"hubris:DuctTape"},{"floor":24.0,"key":"infinitespire:Bottled Soul"},{"floor":27,"key":"Anchor"},{"floor":27,"key":"Gremlin Horn"}],"event_choices":[{"cards_removed":["Guardian:Defend_Guardian"],"damage_healed":0.0,"max_hp_gain":0.0,"max_hp_loss":0.0,"gold_gain":0.0,"event_name":"Bonfire Elementals","player_choice":"Offered Basic","floor":12.0,"gold_loss":0.0,"damage_taken":0.0},{"damage_healed":0.0,"max_hp_gain":0.0,"max_hp_loss":0.0,"gold_gain":0.0,"event_name":"betterNote:BetterNote","player_choice":"Ignored","floor":22.0,"gold_loss":0.0,"damage_taken":0.0,"cards_obtained":["Doubt"]}],"is_beta":false,"boss_relics":[{"not_picked":["Guardian:StasisSlotReductionRelic","Philosopher\u0027s Stone"],"picked":"hubris:CrackedHourglass"}],"items_purged_floors":[],"is_endless":false,"potions_floor_spawned":[2,8,10,15,26,30,32],"killed_by":"downfall:Silent","ascension_level":0}}