{"host":"gzk4gkgy3zij1c51","time":1608011963,"event":{"mods":["BaseMod","Colored Map","Downfall","Highlight Path","Minty Spire (QoL Compilation)","Relic Stats","StSLib","everything is the same but u backflip on backflip"],"gold_per_floor":[99,99,99,24,54,66,139,44,59,87,87,100,375,395,409,505,505,355,366,406,406,433,444,469,469,55,55,163,175,175,46,70,173,173,173,114,130,142,177,177,177,177,193,193,193,208,220,212,222,222,222,222,222],"floor_reached":52,"playtime":5072,"items_purged":["Regret"],"score":762,"play_id":"2adff062-4d49-4e89-aba1-9fc7e462d600","local_time":"20201215055923","is_ascension_mode":false,"campfire_choices":[{"floor":1.0,"key":"RECALL"},{"data":"hexamod:Float","floor":4.0,"key":"SMITH"},{"data":"hexamod:GhostflameInferno","floor":18.0,"key":"SMITH"},{"data":"hexamod:RadiantFlame","floor":25.0,"key":"SMITH"},{"data":"Apotheosis","floor":27.0,"key":"SMITH"},{"data":"hexamod:GiftsFromTheDead","floor":35.0,"key":"SMITH"},{"data":"expansioncontent:Corrupt","floor":44,"key":"SMITH"}],"circlet_count":0,"master_deck":["hexamod:Strike+1","hexamod:Strike+1","hexamod:Strike","hexamod:Defend","hexamod:Defend","hexamod:Defend+1","hexamod:Sear+1","hexamod:Float+1","hexamod:GhostLash","hexamod:FastForward","hexamod:EtherealExpedition","hexamod:StepThrough","hexamod:RadiantFlame+1","hexamod:PhantomFireball","hexamod:Firestarter","hexamod:HexaLevel+1","hexamod:SpectersWail+1","hexamod:InspiringFlames+1","hexamod:GhostOfSpirePresent+1","hexamod:GhostflameInferno+1","hexamod:SpectralSpark","hexamod:InspiringFlames+1","hexamod:SpectralAdrenaline+1","hexamod:FastForward","hexamod:AdvancingGuard","hexamod:TimeOfNeed","hexamod:FirstSeal","hexamod:ThermalTransfer","hexamod:SixthSeal","Apotheosis+1","J.A.X.","hexamod:HauntingEcho","hexamod:GhostLash","hexamod:Firestarter","hexamod:GhostOfSpireFuture+1","hexamod:ThirdSeal","hexamod:GhostShield+1","hexamod:CrushingStance","hexamod:GiftsFromTheDead+1","hexamod:Hexaguard+1","expansioncontent:Corrupt+1","expansioncontent:DashGenerateEvil","hexamod:WildfireWeapon","hexamod:PowerFromBeyond+1","hexamod:Incineration+1","hexamod:RecurringNightmare+1","hexamod:NightmareStrike+1","hexamod:SecondSeal","hexamod:FlamesFromBeyond+1"],"relics":["hexamod:SpiritBrand","downfall:HeartsMalice","downfall:HeartBlessingRed","Guardian:PocketSentry","hexamod:BolsterEngine","hexamod:IceCube","downfall:HeartBlessingBlue","downfall:HeartBlessingGreen","The Courier","Blood Vial","Tiny Chest","Letter Opener","MutagenicStrength","hexamod:MatchstickCase","hexamod:TheBrokenSeal","sneckomod:SneckoTalon","hexamod:JarOfFuel","Torii","Eternal Feather","Toxic Egg 2"],"acts_visited":["Exordium","TheCity","TheBeyond","TheEnding"],"potions_floor_usage":[47,50,50],"damage_taken":[{"damage":0.0,"enemies":"Cultist","floor":2.0,"turns":1.0},{"damage":0.0,"enemies":"Small Slimes","floor":3.0,"turns":1.0},{"damage":0.0,"enemies":"Gremlin Nob","floor":5.0,"turns":1.0},{"damage":0.0,"enemies":"Jaw Worm","floor":6.0,"turns":2.0},{"damage":6.0,"enemies":"downfall:FleeingMerchant","floor":8.0,"turns":4.0},{"damage":13.0,"enemies":"Exordium Thugs","floor":9.0,"turns":4.0},{"damage":11.0,"enemies":"3 Sentries","floor":10.0,"turns":7.0},{"damage":2.0,"enemies":"Large Slime","floor":12.0,"turns":3.0},{"damage":1.0,"enemies":"Blue Slaver","floor":14.0,"turns":3.0},{"damage":0.0,"enemies":"2 Fungi Beasts","floor":15.0,"turns":3.0},{"damage":30.0,"enemies":"downfall:Watcher","floor":16.0,"turns":6.0},{"damage":0.0,"enemies":"Chosen","floor":19.0,"turns":4.0},{"damage":27.0,"enemies":"Book of Stabbing","floor":20.0,"turns":5.0},{"damage":11.0,"enemies":"Centurion and Healer","floor":22.0,"turns":8.0},{"damage":11.0,"enemies":"Snecko","floor":23.0,"turns":4.0},{"damage":5.0,"enemies":"downfall:FleeingMerchant","floor":26.0,"turns":4.0},{"damage":6.0,"enemies":"downfall:Augmenter","floor":28.0,"turns":5.0},{"damage":12.0,"enemies":"Snake Plant","floor":29.0,"turns":3.0},{"damage":9.0,"enemies":"downfall:FleeingMerchant","floor":31.0,"turns":4.0},{"damage":9.0,"enemies":"3 Cultists","floor":32.0,"turns":5.0},{"damage":28.0,"enemies":"downfall:Defect","floor":33.0,"turns":8.0},{"damage":0.0,"enemies":"downfall:FleeingMerchant","floor":36.0,"turns":4.0},{"damage":7.0,"enemies":"3 Shapes","floor":37.0,"turns":2.0},{"damage":0.0,"enemies":"Orb Walker","floor":38.0,"turns":3.0},{"damage":1.0,"enemies":"Nemesis","floor":39.0,"turns":5.0},{"damage":1,"enemies":"Spire Growth","floor":43,"turns":4},{"damage":3,"enemies":"Maw","floor":46,"turns":5},{"damage":10,"enemies":"4 Shapes","floor":47,"turns":4},{"damage":0,"enemies":"Writhing Mass","floor":49,"turns":4},{"damage":21,"enemies":"downfall:Ironclad","floor":50,"turns":7},{"damage":104,"enemies":"downfall:CharBossMerchant","floor":52,"turns":7}],"seed_played":"6883660289449075160","potions_obtained":[{"floor":6.0,"key":"FearPotion"},{"floor":9.0,"key":"Strength Potion"},{"floor":14.0,"key":"DistilledChaos"},{"floor":15.0,"key":"hexamod:DoubleChargePotion"},{"floor":16.0,"key":"Fire Potion"},{"floor":16.0,"key":"DistilledChaos"},{"floor":19.0,"key":"Strength Potion"},{"floor":20.0,"key":"SneckoOil"},{"floor":22.0,"key":"ColorlessPotion"},{"floor":28.0,"key":"Fire Potion"},{"floor":29.0,"key":"SkillPotion"},{"floor":29.0,"key":"Energy Potion"},{"floor":31.0,"key":"AttackPotion"},{"floor":32.0,"key":"Slimebound:ThreeZeroPotion"},{"floor":33.0,"key":"SteroidPotion"},{"floor":37.0,"key":"ColorlessPotion"},{"floor":47,"key":"Energy Potion"}],"is_trial":false,"path_per_floor":["R","M","M","R","E","M","T","$","M","E","?","M","?","M","M","B",null,"R","M","E","?","M","M","T","R","$","R","?","M","?","$","M","B",null,"R","?","M","M","E","$","T","T","M","R","?","M","M","?","M","B",null,"E"],"character_chosen":"THE_SPIRIT","items_purchased":["hexamod:ThirdSeal","Letter Opener","Apotheosis","hexamod:MatchstickCase","hexamod:JarOfFuel","expansioncontent:Corrupt","expansioncontent:DashGenerateEvil"],"campfire_rested":0,"item_purchase_floors":[8,26,26,31,36,36,36],"current_hp_per_floor":[70,70,70,70,70,70,70,64,51,40,40,38,38,37,37,7,70,80,80,53,53,51,42,42,42,46,46,42,39,39,39,46,90,90,90,90,90,90,90,90,90,90,90,90,90,90,80,80,82,63,90,0,0],"gold":222,"neow_bonus":"THREE_ENEMY_KILL","is_daily":false,"chose_seed":false,"campfire_upgraded":6,"win_rate":0.0,"timestamp":1608011963,"path_taken":["R","?","M","R","E","M","T","$","?","E","?","?","?","M","M","BOSS","R","M","E","?","M","M","T","R","$","R","?","M","?","$","M","BOSS","R","?","M","M","E","$","T","?","M","R","?","M","?","?","M","BOSS","E"],"items_purchased_type":["Card","Relic","Card","Relic","Relic","Card","Card"],"build_version":"2020-12-13","purchased_purges":1,"victory":false,"max_hp_per_floor":[70,70,70,70,70,70,70,70,70,70,70,70,70,70,70,70,70,80,80,80,80,80,80,80,80,80,80,80,80,80,80,80,90,90,90,90,90,90,90,90,90,90,90,90,90,90,90,90,90,90,90,90,90],"relic_stats":{"Blood Vial":20,"Torii":7,"counters":[31,126],"Tiny Chest":1,"Eternal Feather":0,"Letter Opener":[132],"obtain_stats":[{"hexamod:JarOfFuel":36,"downfall:HeartBlessingRed":4,"Torii":39,"hexamod:TheBrokenSeal":33,"downfall:HeartsMalice":0,"downfall:HeartBlessingGreen":18,"Eternal Feather":41,"The Courier":20,"Guardian:PocketSentry":5,"Letter Opener":26,"sneckomod:SneckoTalon":34,"hexamod:MatchstickCase":31,"Blood Vial":21,"downfall:HeartBlessingBlue":18,"MutagenicStrength":28,"Tiny Chest":24,"hexamod:BolsterEngine":10,"Toxic Egg 2":42,"hexamod:SpiritBrand":0,"hexamod:IceCube":17},{"hexamod:JarOfFuel":22,"downfall:HeartBlessingRed":2,"Torii":25,"hexamod:TheBrokenSeal":21,"downfall:HeartsMalice":0,"downfall:HeartBlessingGreen":11,"Eternal Feather":25,"The Courier":13,"Guardian:PocketSentry":3,"Letter Opener":16,"sneckomod:SneckoTalon":21,"hexamod:MatchstickCase":19,"Blood Vial":13,"downfall:HeartBlessingBlue":11,"MutagenicStrength":17,"Tiny Chest":15,"hexamod:BolsterEngine":7,"Toxic Egg 2":25,"hexamod:SpiritBrand":0,"hexamod:IceCube":11},{"hexamod:JarOfFuel":85,"downfall:HeartBlessingRed":0,"Torii":95,"hexamod:TheBrokenSeal":78,"downfall:HeartsMalice":0,"downfall:HeartBlessingGreen":31,"Eternal Feather":95,"The Courier":40,"Guardian:PocketSentry":0,"Letter Opener":56,"sneckomod:SneckoTalon":81,"hexamod:MatchstickCase":68,"Blood Vial":40,"downfall:HeartBlessingBlue":31,"MutagenicStrength":61,"Tiny Chest":52,"hexamod:BolsterEngine":17,"Toxic Egg 2":95,"hexamod:SpiritBrand":0,"hexamod:IceCube":31}]},"card_choices":[{"not_picked":["hexamod:ShieldOfDarkness","hexamod:HauntingEcho"],"picked":"hexamod:GhostLash","floor":2.0},{"not_picked":["hexamod:RetreatToShadows","hexamod:DynamicBlow"],"picked":"hexamod:FastForward","floor":3.0},{"not_picked":["hexamod:ThermalTransfer","hexamod:RainOfEmbers"],"picked":"hexamod:EtherealExpedition","floor":5.0},{"not_picked":["hexamod:RetreatToShadows","hexamod:ExtraCrispy"],"picked":"hexamod:StepThrough","floor":6.0},{"not_picked":["hexamod:ThermalTransfer","hexamod:NightmareStrike"],"picked":"hexamod:RadiantFlame","floor":8.0},{"not_picked":["hexamod:NightmareGuise","hexamod:RainOfEmbers"],"picked":"hexamod:PhantomFireball","floor":9.0},{"not_picked":["hexamod:GhostLash","hexamod:NecessarySacrifice"],"picked":"hexamod:Firestarter","floor":9.0},{"not_picked":["hexamod:Again","hexamod:GhostShield"],"picked":"hexamod:HexaLevel","floor":10.0},{"not_picked":["hexamod:Again","hexamod:Rewind"],"picked":"hexamod:SpectersWail","floor":10.0},{"not_picked":["hexamod:NightmareGuise","hexamod:BacktrackSmack"],"picked":"hexamod:InspiringFlames","floor":12.0},{"not_picked":["hexamod:RainOfEmbers","hexamod:BurningTouch"],"picked":"hexamod:GhostOfSpirePresent","floor":14.0},{"not_picked":["hexamod:NightmareGuise","hexamod:ShieldOfDarkness"],"picked":"hexamod:FourthSeal","floor":14.0},{"not_picked":["hexamod:SuperheatedStrike","hexamod:ThirdSeal","hexamod:PhantomFireball"],"picked":"SKIP","floor":15.0},{"not_picked":["hexamod:VolcanoVisage","hexamod:HexaLevel"],"picked":"hexamod:GhostflameInferno","floor":16.0},{"not_picked":["hexamod:TimeOfNeed","hexamod:TimeWarp"],"picked":"hexamod:FifthSeal","floor":16.0},{"not_picked":["hexamod:ExtraCrispy","hexamod:AdvancingGuard"],"picked":"hexamod:SpectralSpark","floor":19.0},{"not_picked":["hexamod:BacktrackSmack","hexamod:BurningTouch"],"picked":"hexamod:InspiringFlames+1","floor":19.0},{"not_picked":["hexamod:FifthSeal","hexamod:ThirdSeal"],"picked":"hexamod:SecondSeal","floor":19.0},{"not_picked":["hexamod:FifthSeal","hexamod:FourthSeal"],"picked":"hexamod:FirstSeal","floor":20.0},{"not_picked":["hexamod:NightmareGuise+1","hexamod:RadiantFlame+1"],"picked":"hexamod:SpectralAdrenaline+1","floor":20.0},{"not_picked":["hexamod:Again","hexamod:Firestarter"],"picked":"hexamod:FastForward","floor":20.0},{"not_picked":["hexamod:Again","hexamod:NightmareGuise"],"picked":"hexamod:AdvancingGuard","floor":22.0},{"not_picked":["hexamod:SwordOfDarkness+1","hexamod:EtherealExpedition"],"picked":"hexamod:TimeOfNeed","floor":22.0},{"not_picked":["hexamod:FifthSeal","hexamod:SecondSeal"],"picked":"hexamod:FirstSeal","floor":22.0},{"not_picked":["hexamod:ThirdSeal","hexamod:FifthSeal"],"picked":"hexamod:SixthSeal","floor":23.0},{"not_picked":["hexamod:SpectersWail+1","hexamod:HauntingEcho"],"picked":"hexamod:ThermalTransfer","floor":23.0},{"not_picked":["hexamod:SecondSeal","hexamod:FifthSeal"],"picked":"hexamod:SixthSeal","floor":26.0},{"not_picked":["hexamod:NecessarySacrifice+1","hexamod:SuperheatedStrike","hexamod:Hexaguard"],"picked":"SKIP","floor":26.0},{"not_picked":["hexamod:StepThrough","hexamod:AdvancingGuard","hexamod:RetreatToShadows+1"],"picked":"SKIP","floor":26.0},{"not_picked":[],"picked":"J.A.X.","floor":28.0},{"not_picked":["hexamod:NightmareGuise","hexamod:RainOfEmbers"],"picked":"hexamod:HauntingEcho","floor":28.0},{"not_picked":["hexamod:GhostLash","hexamod:RadiantFlame"],"picked":"hexamod:GhostOfSpireFuture","floor":29.0},{"not_picked":["hexamod:SecondSeal","hexamod:SixthSeal"],"picked":"hexamod:ThirdSeal","floor":31.0},{"not_picked":["hexamod:GhostflameInferno","hexamod:ShieldOfDarkness"],"picked":"hexamod:GhostShield","floor":31.0},{"not_picked":["hexamod:NightmareGuise","hexamod:RainOfEmbers+1","hexamod:GhostShield"],"picked":"SKIP","floor":32.0},{"not_picked":["hexamod:UnleashSpirits","hexamod:SixthSeal"],"picked":"hexamod:CrushingStance","floor":33.0},{"not_picked":["hexamod:ParanormalForm","hexamod:TurnItUp"],"picked":"hexamod:GiftsFromTheDead","floor":33.0},{"not_picked":["hexamod:SwordOfDarkness+1","hexamod:GhostflameBarrier+1"],"picked":"hexamod:Hexaguard+1","floor":36.0},{"not_picked":["hexamod:ShieldOfDarkness","hexamod:BacktrackSmack","hexamod:AdvancingGuard+1"],"picked":"SKIP","floor":37.0},{"not_picked":["hexamod:NightmareStrike+1","hexamod:StepThrough+1","hexamod:NightmareGuise+1"],"picked":"SKIP","floor":37.0},{"not_picked":["hexamod:FirstSeal","hexamod:Again+1"],"picked":"hexamod:WildfireWeapon","floor":38.0},{"not_picked":["hexamod:Hexaguard","hexamod:GhostOfSpirePresent","hexamod:BacktrackSmack+1"],"picked":"SKIP","floor":38.0},{"not_picked":["hexamod:NightmareGuise","hexamod:Hexaguard+1","hexamod:ThermalTransfer+1"],"picked":"SKIP","floor":39.0},{"not_picked":["hexamod:SpectralAdrenaline+1","hexamod:HauntingEcho"],"picked":"hexamod:PowerFromBeyond+1","floor":43},{"not_picked":["hexamod:HeatCrush","hexamod:EmpoweredFlame","hexamod:SpectralSpark+1"],"picked":"SKIP","floor":43},{"not_picked":["hexamod:ShieldOfDarkness+1","hexamod:SuperheatedStrike"],"picked":"hexamod:Incineration+1","floor":46},{"not_picked":["hexamod:HauntingEcho","hexamod:PhantomFireball"],"picked":"hexamod:RecurringNightmare+1","floor":47},{"not_picked":["hexamod:NightmareGuise+1","hexamod:ShieldOfDarkness+1"],"picked":"hexamod:NightmareStrike+1","floor":47},{"not_picked":["hexamod:AdvancingGuard+1","hexamod:FastForward+1"],"picked":"hexamod:FlamesFromBeyond+1","floor":49}],"player_experience":906453,"relics_obtained":[{"floor":5.0,"key":"Guardian:PocketSentry"},{"floor":10.0,"key":"hexamod:BolsterEngine"},{"floor":20.0,"key":"The Courier"},{"floor":24.0,"key":"Tiny Chest"},{"floor":28.0,"key":"MutagenicStrength"},{"floor":39.0,"key":"Torii"},{"floor":41,"key":"Eternal Feather"},{"floor":42,"key":"Toxic Egg 2"}],"event_choices":[{"damage_healed":0.0,"max_hp_gain":0.0,"max_hp_loss":0.0,"gold_gain":0.0,"event_name":"Addict","player_choice":"Stole Relic","floor":21.0,"gold_loss":0.0,"damage_taken":0.0,"relics_obtained":["Blood Vial"],"cards_obtained":["Shame"]},{"cards_removed":["Shame"],"damage_healed":0.0,"max_hp_gain":0.0,"max_hp_loss":0.0,"gold_gain":0.0,"event_name":"Back to Basics","player_choice":"Elegance","floor":30.0,"gold_loss":0.0,"damage_taken":0.0},{"damage_healed":0,"gold_gain":0,"player_choice":"Got Potions","damage_taken":0,"max_hp_gain":0,"max_hp_loss":0,"event_name":"Lab","floor":45,"gold_loss":0}],"is_beta":false,"boss_relics":[{"not_picked":["SlaversCollar","Sozu"],"picked":"hexamod:IceCube"},{"not_picked":["Pandora\u0027s Box","Tiny House"],"picked":"sneckomod:SneckoTalon"}],"items_purged_floors":[26],"is_endless":false,"potions_floor_spawned":[6,9,14,15,16,23,29,32,33,37,38,39,43,47,49],"killed_by":"downfall:CharBossMerchant","ascension_level":0}}