{"host":"qwttrqaysb380yri","time":1608071725,"event":{"mods":["BaseMod","Custom Start","Minty Spire (QoL Compilation)","Puzzle Mod","Relic Stats","StSLib","The Cursed","The Hierophant"],"gold_per_floor":[140,183,194,210,213,226,245,255,255,255,302,340,378,395,395,488,538,555,337,333,333,371,390,8,8,8,35,35,0,34,34,34,34,34],"floor_reached":33,"playtime":1075,"items_purged":["hierophant:Strike_Hierophant"],"score":455,"play_id":"d0b8e0e6-98aa-473f-a78c-43f31c9f9633","local_time":"20201215233525","is_ascension_mode":true,"campfire_choices":[{"data":"hierophant:ChurchCoffers","floor":10,"key":"SMITH"},{"floor":15,"key":"REST"},{"floor":25,"key":"REST"},{"data":"hierophant:Chorus","floor":28,"key":"SMITH"},{"floor":32,"key":"REST"}],"circlet_count":0,"master_deck":["AscendersBane","hierophant:Strike_Hierophant+1","hierophant:Defend_Hierophant","hierophant:Defend_Hierophant","hierophant:Defend_Hierophant+1","hierophant:ChurchCoffers+1","hierophant:Cornucopia","hierophant:MorningPrayer","hierophant:HolyVerse","hierophant:PassingBell","hierophant:HolyVerse","hierophant:Zeal","hierophant:OrnateBuckler","hierophant:MorningPrayer+1","hierophant:Smite","hierophant:Smite","hierophant:AuricForm","hierophant:Martyrdom","hierophant:Chorus+1","hierophant:CursedGold","hierophant:SealAway","hierophant:Doubloon","hierophant:Smite","hierophant:Levitation","hierophant:PristineSoul","hierophant:OrnateBuckler"],"relics":["hierophant:PropheticMaskRelic","Incense Burner","War Paint","Tiny Chest","Tiny House","Bag of Marbles","Centennial Puzzle","White Beast Statue","HornCleat"],"acts_visited":["Exordium","TheCity"],"potions_floor_usage":[6,16,22,23,33,33],"damage_taken":[{"damage":5,"enemies":"2 Louse","floor":1,"turns":3},{"damage":5,"enemies":"Small Slimes","floor":2,"turns":4},{"damage":2,"enemies":"Jaw Worm","floor":3,"turns":3},{"damage":0,"enemies":"3 Louse","floor":4,"turns":3},{"damage":6,"enemies":"Looter","floor":5,"turns":2},{"damage":10,"enemies":"3 Sentries","floor":6,"turns":4},{"damage":8,"enemies":"Lots of Slimes","floor":7,"turns":3},{"damage":9,"enemies":"Gremlin Nob","floor":8,"turns":4},{"damage":1,"enemies":"Blue Slaver","floor":11,"turns":4},{"damage":2,"enemies":"Gremlin Gang","floor":12,"turns":3},{"damage":3,"enemies":"3 Louse","floor":13,"turns":2},{"damage":0,"enemies":"Exordium Wildlife","floor":14,"turns":2},{"damage":19,"enemies":"Slime Boss","floor":16,"turns":10},{"damage":0,"enemies":"Chosen","floor":18,"turns":4},{"damage":1,"enemies":"Shell Parasite","floor":20,"turns":2},{"damage":12,"enemies":"Chosen and Byrds","floor":22,"turns":5},{"damage":50,"enemies":"Book of Stabbing","floor":23,"turns":5},{"damage":7,"enemies":"Snecko","floor":27,"turns":7},{"damage":9,"enemies":"Centurion and Healer","floor":30,"turns":3},{"damage":47,"enemies":"Collector","floor":33,"turns":3}],"seed_played":"-4625277127489314233","potions_obtained":[{"floor":1,"key":"Regen Potion"},{"floor":5,"key":"Dexterity Potion"},{"floor":8,"key":"SteroidPotion"},{"floor":11,"key":"Energy Potion"},{"floor":13,"key":"Energy Potion"},{"floor":16,"key":"SteroidPotion"},{"floor":17,"key":"Fire Potion"},{"floor":27,"key":"Explosive Potion"},{"floor":30,"key":"Ancient Potion"}],"is_trial":false,"path_per_floor":["M","M","M","M","M","E","M","E","T","R","M","M","M","M","R","B",null,"M","$","M","?","M","E","$","R","T","M","R","?","M","?","R","B"],"character_chosen":"HIEROPHANT","items_purchased":["Bag of Marbles","hierophant:PristineSoul","White Beast Statue","BlessingOfTheForge","hierophant:OrnateBuckler"],"campfire_rested":3,"item_purchase_floors":[19,24,24,24,24],"current_hp_per_floor":[63,58,56,56,50,54,46,37,37,37,36,34,31,31,51,32,64,64,64,63,63,51,1,1,22,22,15,15,15,6,21,42,0,0],"gold":34,"neow_bonus":"TRANSFORM_TWO_CARDS","is_daily":false,"chose_seed":false,"campfire_upgraded":2,"win_rate":0.0,"timestamp":1608071725,"path_taken":["M","M","M","M","M","E","M","E","T","R","M","M","M","M","R","BOSS","M","$","M","?","M","E","$","R","T","M","R","?","M","?","R","BOSS"],"items_purchased_type":["Relic","Card","Relic","Potion","Card"],"build_version":"2020-12-13","purchased_purges":1,"victory":false,"max_hp_per_floor":[68,68,68,68,68,68,68,68,68,68,68,68,68,68,68,68,73,73,73,73,73,73,73,73,73,73,73,73,73,73,73,73,73,73],"relic_stats":{"Centennial Puzzle":[9],"counters":[20,76],"Tiny Chest":0,"War Paint":["hierophant:MorningPrayer","hierophant:Defend_Hierophant"],"obtain_stats":[{"Centennial Puzzle":23,"Tiny House":17,"HornCleat":26,"hierophant:PropheticMaskRelic":0,"Tiny Chest":9,"Incense Burner":6,"Bag of Marbles":19,"War Paint":8,"White Beast Statue":24},{"Centennial Puzzle":17,"Tiny House":13,"HornCleat":17,"hierophant:PropheticMaskRelic":0,"Tiny Chest":8,"Incense Burner":6,"Bag of Marbles":14,"War Paint":8,"White Beast Statue":17},{"Centennial Puzzle":63,"Tiny House":47,"HornCleat":63,"hierophant:PropheticMaskRelic":0,"Tiny Chest":26,"Incense Burner":19,"Bag of Marbles":51,"War Paint":26,"White Beast Statue":63}]},"card_choices":[{"not_picked":["hierophant:EyeForCoin","hierophant:Repentance"],"picked":"hierophant:HolyVerse","floor":1},{"not_picked":["hierophant:FieryStrike","hierophant:DisplayOfPower"],"picked":"hierophant:PassingBell","floor":2},{"not_picked":["hierophant:EyeForCoin","hierophant:Invocation"],"picked":"hierophant:HolyVerse","floor":3},{"not_picked":["hierophant:RepressedViolence","hierophant:RustyCrate","hierophant:Patience"],"picked":"SKIP","floor":4},{"not_picked":["hierophant:Martyrdom","hierophant:Encroach"],"picked":"hierophant:Zeal","floor":5},{"not_picked":["hierophant:MintersHammer","hierophant:AuricShield"],"picked":"hierophant:OrnateBuckler","floor":6},{"not_picked":["hierophant:Encroach","hierophant:Rebuild","hierophant:OrnateBuckler"],"picked":"SKIP","floor":7},{"not_picked":["hierophant:AuricBeam","hierophant:HolyVerse"],"picked":"hierophant:MorningPrayer","floor":8},{"not_picked":["hierophant:Blessing","hierophant:AuricShield"],"picked":"hierophant:Smite","floor":11},{"not_picked":["hierophant:Purify","hierophant:Encroach","hierophant:RecallFunds"],"picked":"SKIP","floor":12},{"not_picked":["hierophant:Purify","hierophant:Mercenaries"],"picked":"hierophant:Smite","floor":13},{"not_picked":["hierophant:RepressedViolence","hierophant:OrnateJavelin","hierophant:MorningPrayer"],"picked":"SKIP","floor":14},{"not_picked":["hierophant:BulkyChest","hierophant:WrathOfGod"],"picked":"hierophant:AuricForm","floor":16},{"not_picked":["hierophant:SealAway","hierophant:MorningPrayer"],"picked":"hierophant:Martyrdom","floor":17},{"not_picked":["hierophant:EyeForCoin","hierophant:Purify","hierophant:MorningPrayer"],"picked":"SKIP","floor":18},{"not_picked":["hierophant:Racketeering+1","hierophant:Doubloon"],"picked":"hierophant:Chorus","floor":20},{"not_picked":["hierophant:MorningPrayer","hierophant:Charity"],"picked":"hierophant:Smite","floor":22},{"not_picked":["hierophant:Upheaval","hierophant:Zeal"],"picked":"hierophant:Levitation","floor":23},{"not_picked":["hierophant:Doomsaying","hierophant:Prophecy","hierophant:Purify"],"picked":"SKIP","floor":27},{"not_picked":["hierophant:RustyCrate","hierophant:Dazzle","hierophant:DisplayOfPower+1"],"picked":"SKIP","floor":30}],"player_experience":1865507,"relics_obtained":[{"floor":6,"key":"Incense Burner"},{"floor":8,"key":"War Paint"},{"floor":9,"key":"Tiny Chest"},{"floor":23,"key":"Centennial Puzzle"},{"floor":26,"key":"HornCleat"}],"event_choices":[{"damage_healed":0,"gold_gain":0,"cards_transformed":["hierophant:Strike_Hierophant","hierophant:Punish"],"player_choice":"Became Test Subject","damage_taken":0,"max_hp_gain":0,"max_hp_loss":0,"event_name":"Drug Dealer","floor":21,"gold_loss":0,"cards_obtained":["hierophant:CursedGold","hierophant:SealAway"]},{"damage_healed":0,"gold_gain":0,"player_choice":"Paid Fearfully","damage_taken":0,"max_hp_gain":0,"max_hp_loss":0,"event_name":"Masked Bandits","floor":29,"gold_loss":35},{"damage_healed":15,"gold_gain":0,"player_choice":"Heal","damage_taken":0,"max_hp_gain":0,"max_hp_loss":0,"event_name":"The Library","floor":31,"gold_loss":0}],"is_beta":false,"boss_relics":[{"not_picked":["Coffee Dripper","Busted Crown"],"picked":"Tiny House"}],"items_purged_floors":[19],"is_endless":false,"potions_floor_spawned":[1,5,8,11,12,13,16,20,27,30],"killed_by":"Collector","ascension_level":15}}