{"host":"5uvzo7moqy5vd63g","time":1608059278,"event":{"mods":["Aspiration","BaseMod","Conspire","Dio Mod","Downfall","Hermit","Hubris","Jedi Mod","Jorbs\u0027s Wanderer Trilogy","Mimic Mod","Minty Spire (QoL Compilation)","Replay The Spire","StSLib","The Animator","Wandering Minibosses"],"gold_per_floor":[109,121,140,240,268,297,333,366,366,383,397,0,30,30,30,30,30],"floor_reached":16,"playtime":1715,"items_purged":[],"score":153,"play_id":"33f69b66-bae1-44a5-8761-ddd22c3d7160","local_time":"20201215140758","is_ascension_mode":true,"campfire_choices":[{"floor":15.0,"key":"REST"}],"circlet_count":0,"master_deck":["animator:Strike_FullmetalAlchemist","animator:Defend_FullmetalAlchemist","animator:Strike","animator:Strike","animator:Strike","animator:Defend","animator:Defend","animator:Defend","animator:ElricEdward+1","animator:ElricAlphonse","animator:YachiyoNanami","animator:KyokoSakura","animator:OrikoMikuni","animator:WinryRockbell","animator:SuzuneAmano","animator:YuiTsuruno","animator:WinryRockbell","animator:YuiTsuruno","animator:MaesHughes+1","animator:Kira","animator:NagisaMomoe","animator:Ain"],"relics":["animator:LivingPicture","animator:TheMissingPiece","animator:PurgingStone","hubris:BundleOfHerbs","Blood Vial","jedi:shrinkray","Pet Ghost","Vajra","animator:WornHelmet"],"acts_visited":["Exordium"],"potions_floor_usage":[16],"damage_taken":[{"damage":0.0,"enemies":"Small Slimes","floor":1.0,"turns":3.0},{"damage":0.0,"enemies":"Cultist","floor":2.0,"turns":4.0},{"damage":10.0,"enemies":"Jaw Worm","floor":3.0,"turns":3.0},{"damage":8.0,"enemies":"Large Slime","floor":5.0,"turns":6.0},{"damage":21.0,"enemies":"Gremlin Nob","floor":6.0,"turns":5.0},{"damage":0.0,"enemies":"Red Slaver","floor":7.0,"turns":6.0},{"damage":22.0,"enemies":"3 Sentries","floor":8.0,"turns":6.0},{"damage":3.0,"enemies":"Red Slaver","floor":10.0,"turns":3.0},{"damage":7.0,"enemies":"Blue Slaver","floor":11.0,"turns":4.0},{"damage":17.0,"enemies":"Gremlin Nob","floor":13.0,"turns":4.0},{"damage":48,"enemies":"Slime Boss","floor":16,"turns":6}],"seed_played":"2723821179579185466","potions_obtained":[{"floor":1.0,"key":"PowerPotion"},{"floor":5.0,"key":"Energy Potion"},{"floor":8.0,"key":"Guardian:BlockOnCardUsePotion"},{"floor":11.0,"key":"DistilledChaos"},{"floor":13.0,"key":"Weak Potion"}],"is_trial":false,"path_per_floor":["M","M","M","?","M","E","MIM","E","T","M","M","$","E","?","R","B"],"character_chosen":"THE_ANIMATOR","items_purchased":["animator:Kira","animator:NagisaMomoe","Vajra"],"campfire_rested":1,"item_purchase_floors":[12,12,12],"current_hp_per_floor":[66,66,56,56,48,27,47,27,27,26,22,22,7,7,27,0,0],"gold":30,"neow_bonus":"UPGRADE_CARD","is_daily":false,"chose_seed":false,"campfire_upgraded":0,"win_rate":0.0,"timestamp":1608059278,"path_taken":["M","M","M","?","?","E","?","E","T","?","M","$","E","?","R","BOSS"],"items_purchased_type":["Card","Card","Relic"],"build_version":"2020-12-13","purchased_purges":0,"victory":false,"max_hp_per_floor":[66,66,66,66,66,66,66,66,66,66,67,67,67,67,67,67,67],"card_choices":[{"not_picked":["animator:TukaLunaMarceau","animator:Spearman"],"picked":"animator:YachiyoNanami","floor":1.0},{"not_picked":["animator:Elsword","animator:Lu"],"picked":"animator:KyokoSakura","floor":2.0},{"not_picked":["animator:Gluttony","animator:Jibril"],"picked":"animator:OrikoMikuni","floor":3.0},{"not_picked":["animator:Gluttony","animator:ElricEdward"],"picked":"animator:WinryRockbell","floor":5.0},{"not_picked":["animator:OrikoMikuni","animator:Ain"],"picked":"animator:SuzuneAmano","floor":6.0},{"not_picked":["animator:Shion","animator:Millim"],"picked":"animator:YuiTsuruno","floor":7.0},{"not_picked":["animator:Elsword","animator:Gluttony"],"picked":"animator:WinryRockbell","floor":8.0},{"not_picked":["animator:Shinoa","animator:Spearman"],"picked":"animator:YuiTsuruno","floor":10.0},{"not_picked":["animator:WinryRockbell","animator:ElricEdward"],"picked":"animator:MaesHughes","floor":11.0},{"not_picked":["animator:ElricAlphonse","animator:ElricEdward"],"picked":"animator:Ain","floor":13.0}],"player_experience":1327955,"relics_obtained":[{"floor":6.0,"key":"hubris:BundleOfHerbs"},{"floor":7.0,"key":"Blood Vial"},{"floor":8.0,"key":"jedi:shrinkray"},{"floor":9.0,"key":"Pet Ghost"},{"floor":13.0,"key":"animator:WornHelmet"}],"event_choices":[{"damage_healed":0.0,"max_hp_gain":0.0,"max_hp_loss":0.0,"gold_gain":100.0,"event_name":"Golden Shrine","player_choice":"Pray","floor":4.0,"gold_loss":0.0,"damage_taken":0.0}],"is_beta":false,"boss_relics":[],"items_purged_floors":[],"is_endless":false,"potions_floor_spawned":[1,5,8,11,13],"killed_by":"Slime Boss","ascension_level":5}}