{"host":"mx3flx92pejuhdxl","time":1608050238,"event":{"mods":["BaseMod","Better Third Choice","Block Reminder","Colored Map","Downfall","Hermit","Infinite Spire","Minty Spire (QoL Compilation)","READ ME - Guardian Mod","Rare Cards Sparkle","Replay The Spire","StSLib","The Cursed","everything is the same but u backflip on backflip"],"gold_per_floor":[115,115,136,136,149,192,217,217,244,284,210,229,243,266,266,266,266],"floor_reached":16,"playtime":689,"items_purged":[],"score":114,"play_id":"dd4fe569-d73f-4a45-8fc9-41d2c2d8d775","local_time":"20201215113718","is_ascension_mode":false,"campfire_choices":[{"floor":8,"key":"REST"},{"data":"Flex","floor":15,"key":"SMITH"}],"circlet_count":0,"master_deck":["Strike_R","Strike_R","Strike_R","Strike_R","Strike_R","Defend_R","Defend_R","Defend_R","Defend_R","Bash","Searing Blow","Flex+1","Barricade","Flame Barrier","Heavy Blade","Pummel","Infernal Blade","Bludgeon","ReplayTheSpireMod:Muscle Training"],"relics":["Burning Blood","Anchor","Golden Idol","Bag of Marbles","Bag of Preparation","infinitespire:Lucky Rock"],"acts_visited":["Exordium"],"potions_floor_usage":[10,16,16],"damage_taken":[{"damage":3,"enemies":"Jaw Worm","floor":1,"turns":3},{"damage":0,"enemies":"Small Slimes","floor":3,"turns":4},{"damage":1,"enemies":"infinitespire:Voidling","floor":5,"turns":3},{"damage":33,"enemies":"Gremlin Nob","floor":6,"turns":5},{"damage":3,"enemies":"2 Fungi Beasts","floor":7,"turns":4},{"damage":35,"enemies":"3 Sentries","floor":10,"turns":7},{"damage":0,"enemies":"Red Slaver","floor":12,"turns":1},{"damage":0,"enemies":"Large Slime","floor":13,"turns":3},{"damage":0,"enemies":"Exordium Thugs","floor":14,"turns":2},{"damage":73,"enemies":"The Guardian","floor":16,"turns":10}],"seed_played":"173217215748174815","potions_obtained":[{"floor":6,"key":"ElixirPotion"},{"floor":7,"key":"Venom Potion"},{"floor":10,"key":"Swift Potion"},{"floor":12,"key":"LifebloodPotion"}],"is_trial":false,"path_per_floor":["M","?","M","?","M","E","M","R","T","E","$","M","M","M","R","B"],"character_chosen":"IRONCLAD","items_purchased":["Infernal Blade"],"campfire_rested":1,"item_purchase_floors":[11],"current_hp_per_floor":[80,80,80,80,80,53,56,80,80,51,51,57,63,69,69,0,0],"gold":266,"neow_bonus":"RANDOM_COMMON_RELIC","is_daily":false,"chose_seed":false,"campfire_upgraded":1,"win_rate":0.0,"timestamp":1608050238,"path_taken":["M","?","M","?","M","E","M","R","T","E","$","?","M","M","R","BOSS"],"items_purchased_type":["Card"],"build_version":"2020-12-13","purchased_purges":0,"victory":false,"max_hp_per_floor":[80,80,80,80,80,80,80,80,80,80,80,80,80,80,80,80,80],"card_choices":[{"not_picked":["Blood for Blood","ReplayTheSpireMod:Strike From Hell"],"picked":"Searing Blow","floor":1},{"not_picked":["Anger","Rage"],"picked":"Flex","floor":3},{"not_picked":["Rage","Headbutt"],"picked":"Barricade","floor":5},{"not_picked":["Wild Strike","Shrug It Off"],"picked":"Flame Barrier","floor":6},{"not_picked":["Power Through","Havoc"],"picked":"Heavy Blade","floor":7},{"not_picked":["Wild Strike","Searing Blow"],"picked":"Pummel","floor":10},{"not_picked":["Clothesline","Clash"],"picked":"Bludgeon","floor":12},{"not_picked":["Iron Wave","Heavy Blade","Twin Strike"],"picked":"SKIP","floor":13},{"not_picked":["Flex","Dark Embrace"],"picked":"ReplayTheSpireMod:Muscle Training","floor":14}],"player_experience":462049,"relics_obtained":[{"floor":6,"key":"Bag of Marbles"},{"floor":9,"key":"Bag of Preparation"},{"floor":10,"key":"infinitespire:Lucky Rock"}],"event_choices":[{"damage_healed":0,"gold_gain":0,"player_choice":"Take Wound","damage_taken":0,"relics_obtained":["Golden Idol"],"max_hp_gain":0,"max_hp_loss":0,"event_name":"Golden Idol","floor":2,"gold_loss":0,"cards_obtained":["Injury"]},{"cards_removed":["Injury"],"damage_healed":0,"gold_gain":0,"player_choice":"Purged","damage_taken":0,"max_hp_gain":0,"max_hp_loss":0,"event_name":"Purifier","floor":4,"gold_loss":0}],"is_beta":false,"boss_relics":[],"items_purged_floors":[],"is_endless":false,"potions_floor_spawned":[6,7,10,12,14],"killed_by":"The Guardian","ascension_level":0}}