{"host":"ec2wu4mdnvke243f","time":1608065054,"event":{"mods":["2.2 Compatiblity","AchievementEnabler","BaseMod","Defuse TimeMaze Blight","Downfall","Hermit","Infinite Spire","Minty Spire (QoL Compilation)","StSLib","The Cursed","The Disciple","The Jungle","The Servant 0.9.4"],"gold_per_floor":[99,124,134,134,149,164,190,221,240,270,287,287,305,316,335,433,483,483,483,583,583,593,593,593,424,424,449,449,467,491,491,508,508,508],"floor_reached":33,"playtime":3217,"items_purged":[],"score":328,"play_id":"ddee2a82-d1c5-4bb4-8909-7681875eb5b2","local_time":"20201215214414","is_ascension_mode":true,"campfire_choices":[{"floor":1.0,"key":"RECALL"},{"data":"hermit:Magnum","floor":18.0,"key":"SMITH"}],"circlet_count":0,"master_deck":["hermit:Strike_Hermit+1","hermit:Strike_Hermit+1","hermit:Strike_Hermit+1","hermit:Strike_Hermit+1","hermit:Defend_Hermit+1","hermit:Defend_Hermit+1","hermit:Defend_Hermit+1","hermit:Snapshot","hermit:Covet","hermit:Dissolve","hermit:Maintenance+1","hermit:Headshot","hermit:HighCaliber","hermit:GhostlyPresence","hermit:Glare","hermit:BodyArmor","hermit:SprayPray","hermit:TrackingShot","hermit:Coalescence","hermit:Dive","hermit:Magnum+1","hermit:TrackingShot","hermit:Malice","hermit:Misfire+1","infinitespire:Starlight","CurseOfTheBell","hermit:ItchyTrigger","hermit:CalledShot+1","hermit:Manifest"],"relics":["hermit:Momento","infinitespire:Satchel","Akabeko","Vajra","Tiny House","Ice Cream","infinitespire:ShieldingShard","Dream Catcher","Calling Bell","Juzu Bracelet","StrikeDummy","Prayer Wheel","Ancient Tea Set","MealTicket","Anchor","Tiny Chest"],"acts_visited":["Exordium","TheCity"],"potions_floor_usage":[32,33,33,33],"damage_taken":[{"damage":33.0,"enemies":"Lagavulin","floor":2.0,"turns":10.0},{"damage":11.0,"enemies":"Jaw Worm","floor":3.0,"turns":4.0},{"damage":0.0,"enemies":"Cultist","floor":5.0,"turns":4.0},{"damage":0.0,"enemies":"2 Louse","floor":6.0,"turns":2.0},{"damage":0.0,"enemies":"Gremlin Nob","floor":8.0,"turns":3.0},{"damage":7.0,"enemies":"Large Slime","floor":9.0,"turns":4.0},{"damage":9.0,"enemies":"3 Sentries","floor":10.0,"turns":5.0},{"damage":2.0,"enemies":"Blue Slaver","floor":11.0,"turns":3.0},{"damage":0.0,"enemies":"2 Fungi Beasts","floor":13.0,"turns":2.0},{"damage":4.0,"enemies":"Exordium Thugs","floor":14.0,"turns":3.0},{"damage":0.0,"enemies":"Exordium Wildlife","floor":15.0,"turns":3.0},{"damage":8.0,"enemies":"downfall:Silent","floor":16.0,"turns":20.0},{"damage":29,"enemies":"Colosseum Nobs","floor":20,"turns":5},{"damage":0,"enemies":"Chosen","floor":22,"turns":3},{"damage":0,"enemies":"downfall:FleeingMerchant","floor":25,"turns":4},{"damage":55,"enemies":"Slavers","floor":27,"turns":8},{"damage":11,"enemies":"Centurion and Healer","floor":29,"turns":8},{"damage":7,"enemies":"Chosen and Byrds","floor":32,"turns":5},{"damage":84,"enemies":"downfall:Watcher","floor":33,"turns":12}],"seed_played":"-2483335450346517858","potions_obtained":[{"floor":2.0,"key":"Weak Potion"},{"floor":5.0,"key":"SteroidPotion"},{"floor":8.0,"key":"infinitespire:BlackPotion"},{"floor":10.0,"key":"SkillPotion"},{"floor":17.0,"key":"hexamod:EctoCoolerPotion"},{"floor":20,"key":"champ:CounterPotion"},{"floor":27,"key":"SpeedPotion"},{"floor":32,"key":"infinitespire:BlackPotion"}],"is_trial":false,"path_per_floor":["R","E","M","?","M","M","T","E","M","E","M","?","M","M","M","B",null,"R","?","?","T","M","AVR","T","$","?","E","?","M","T","?","M","B"],"character_chosen":"HERMIT","items_purchased":["MealTicket"],"campfire_rested":0,"item_purchase_floors":[25],"current_hp_per_floor":[75,42,31,31,31,31,31,31,24,15,13,13,13,9,9,11,80,80,80,51,51,51,51,51,61,61,16,16,15,15,80,73,0,0],"gold":508,"neow_bonus":"ONE_RANDOM_RARE_CARD","is_daily":false,"chose_seed":false,"campfire_upgraded":1,"win_rate":0.0,"timestamp":1608065054,"path_taken":["R","E","M","?","M","M","T","E","?","E","?","?","?","M","M","BOSS","R","?","?","?","M","AVR","T","$","?","E","?","M","?","?","M","BOSS"],"items_purchased_type":["Relic"],"build_version":"2020-12-13","purchased_purges":0,"victory":false,"max_hp_per_floor":[75,75,75,75,75,75,75,75,75,75,75,75,75,75,75,75,80,80,80,80,80,80,80,80,80,80,80,80,80,80,80,80,80,80],"card_choices":[{"not_picked":["hermit:OverwhelmingPower","hermit:Midnight"],"picked":"hermit:Maintenance","floor":2.0},{"not_picked":["hermit:Feint","hermit:PistolWhip","hermit:Roulette"],"picked":"SKIP","floor":3.0},{"not_picked":["hermit:Roulette","hermit:DeadMansHand"],"picked":"hermit:Headshot","floor":5.0},{"not_picked":["hermit:CalledShot","hermit:WideOpen"],"picked":"hermit:HighCaliber","floor":6.0},{"not_picked":["hermit:Snipe","hermit:Manifest"],"picked":"hermit:GhostlyPresence","floor":8.0},{"not_picked":["hermit:Virtue","hermit:Coalescence"],"picked":"hermit:Glare","floor":9.0},{"not_picked":["hermit:Desperado","hermit:Vantage"],"picked":"hermit:BodyArmor","floor":10.0},{"not_picked":["hermit:Headshot","hermit:RoundhouseKick"],"picked":"hermit:SprayPray","floor":11.0},{"not_picked":["hermit:Roulette","hermit:DeadMansHand"],"picked":"hermit:TrackingShot","floor":13.0},{"not_picked":["hermit:WideOpen","hermit:Glare"],"picked":"hermit:Coalescence","floor":14.0},{"not_picked":["hermit:BigShot","hermit:WideOpen"],"picked":"hermit:Dive","floor":15.0},{"not_picked":["hermit:HighNoon","hermit:Adapt"],"picked":"hermit:Magnum","floor":16.0},{"not_picked":["hermit:WideOpen","hermit:Desperado"],"picked":"hermit:TrackingShot","floor":17.0},{"not_picked":["hermit:GoldenBullet+1","hermit:Vantage"],"picked":"hermit:Malice","floor":20},{"not_picked":["hermit:Dive","hermit:LuckOfTheDraw"],"picked":"hermit:Misfire+1","floor":22},{"not_picked":["hermit:Feint","hermit:Roulette+1","hermit:Scavenge"],"picked":"SKIP","floor":25},{"not_picked":["hermit:OverwhelmingPower","hermit:Desperado"],"picked":"hermit:ItchyTrigger","floor":27},{"not_picked":["hermit:GhostlyPresence","hermit:SprayPray"],"picked":"hermit:CalledShot+1","floor":29},{"not_picked":["hermit:Desperado+1","hermit:DeadMansHand","hermit:LoneWolf"],"picked":"SKIP","floor":29},{"not_picked":["hermit:Misfire","hermit:Dive"],"picked":"hermit:Manifest","floor":32},{"not_picked":["hermit:GhostlyPresence","hermit:CursedWeapon","hermit:Ricochet+1"],"picked":"SKIP","floor":32}],"player_experience":506267,"relics_obtained":[{"floor":2.0,"key":"infinitespire:Satchel"},{"floor":8.0,"key":"Akabeko"},{"floor":10.0,"key":"Vajra"},{"floor":20,"key":"Ice Cream"},{"floor":20,"key":"infinitespire:ShieldingShard"},{"floor":21,"key":"Dream Catcher"},{"floor":23,"key":"Juzu Bracelet"},{"floor":23,"key":"StrikeDummy"},{"floor":23,"key":"Prayer Wheel"},{"floor":24,"key":"Ancient Tea Set"},{"floor":27,"key":"Anchor"},{"floor":30,"key":"Tiny Chest"}],"event_choices":[{"damage_healed":0.0,"max_hp_gain":0.0,"max_hp_loss":0.0,"gold_gain":0.0,"event_name":"Upgrade Shrine","player_choice":"Upgraded","floor":4.0,"gold_loss":0.0,"damage_taken":0.0,"cards_upgraded":["hermit:Maintenance"]},{"cards_removed":["hermit:Defend_Hermit"],"damage_healed":0.0,"max_hp_gain":0.0,"max_hp_loss":0.0,"gold_gain":0.0,"event_name":"Purifier","player_choice":"Purged","floor":12.0,"gold_loss":0.0,"damage_taken":0.0},{"damage_healed":0,"gold_gain":0,"player_choice":"Ignored","damage_taken":0,"max_hp_gain":0,"max_hp_loss":0,"event_name":"Ghosts","floor":19,"gold_loss":0},{"damage_healed":0,"gold_gain":0,"player_choice":"Simplicity","damage_taken":0,"max_hp_gain":0,"max_hp_loss":0,"event_name":"Back to Basics","floor":28,"gold_loss":0,"cards_upgraded":["hermit:Strike_Hermit","hermit:Strike_Hermit","hermit:Strike_Hermit","hermit:Strike_Hermit","hermit:Defend_Hermit","hermit:Defend_Hermit"]},{"damage_healed":65,"gold_gain":0,"player_choice":"Full Heal","damage_taken":0,"max_hp_gain":0,"max_hp_loss":0,"event_name":"Wheel of Change","floor":31,"gold_loss":0}],"is_beta":false,"boss_relics":[{"not_picked":["Busted Crown","Sozu"],"picked":"Tiny House"}],"items_purged_floors":[],"is_endless":false,"potions_floor_spawned":[2,5,8,10,20,27,32],"killed_by":"downfall:Watcher","ascension_level":1}}