{"host":"drk0p5jtlzl1xmwe","time":1608056403,"event":{"mods":["2.2 Compatiblity","AchievementEnabler","Act Like it!","Bard","BaseMod","Better Note","Better Vampires","Ekko","Friendly Minions","Hermit","Hubris","Infinite Spire","Luminous","Marisa????????","Minty Spire (QoL Compilation)","Rare Cards Sparkle","Relic Stats","Replay The Spire","Shade Mod","StSLib","The Animator","The Bug Knight","The Cursed","The Disciple","The Gatherer","The Servant 0.9.4","The Spell Scribe"],"gold_per_floor":[110,121,121,121,141,170,170,205,282,282,282,131,163,181,181,281,281,295,308,46,46,63,93,93,112,112,112,147,147,147,174,174,274,274,290,290,165,182,182,182],"floor_reached":39,"playtime":1733,"items_purged":["Strike_P","Defend_P","Decay"],"score":504,"play_id":"a4b3db40-9dba-4c71-b2f9-e337e9252d97","local_time":"20201215182003","is_ascension_mode":true,"campfire_choices":[{"data":"Eruption","floor":7,"key":"SMITH"},{"floor":11,"key":"REST"},{"data":"Adaptation","floor":15,"key":"SMITH"},{"floor":24,"key":"REST"},{"floor":30,"key":"REST"},{"data":"infinitespire:FinalStrike","floor":32,"key":"SMITH"}],"circlet_count":0,"master_deck":["Strike_P+1","Strike_P","Strike_P","Defend_P+1","Defend_P","Eruption+1","Vigilance+1","infinitespire:FinalStrike+1","FearNoEvil+1","LessonLearned+1","hubris:DuctTapeCard","Shame","CommonCold"],"relics":["PureWater","hubris:OldNail","Bag of Preparation","Regal Pillow","Mummified Hand","ReplayTheSpireMod:TigerMarble","hubris:RunicObelisk","PreservedInsect","ReplayTheSpireMod:CursedCoin","hubris:TenFootPole","Torii","hubris:DuctTape","WingedGreaves","Shuriken","Replay:Ancient Bell","MealTicket","Ornamental Fan","Mango","Matryoshka"],"acts_visited":["Exordium","TheCity","TheBeyond"],"potions_floor_usage":[6,13,16,22,23,33,33,39,39],"damage_taken":[{"damage":0,"enemies":"Cultist","floor":1,"turns":2},{"damage":0,"enemies":"Jaw Worm","floor":2,"turns":2},{"damage":0,"enemies":"2 Louse","floor":5,"turns":2},{"damage":28,"enemies":"HollowMod:MossKnight","floor":6,"turns":6},{"damage":18,"enemies":"Lagavulin","floor":8,"turns":3},{"damage":0,"enemies":"3 Sentries","floor":13,"turns":5},{"damage":5,"enemies":"Exordium Thugs","floor":14,"turns":2},{"damage":33,"enemies":"Hexaghost","floor":16,"turns":7},{"damage":0,"enemies":"Spheric Guardian","floor":18,"turns":3},{"damage":29,"enemies":"Centurion and Healer","floor":19,"turns":4},{"damage":15,"enemies":"Sentry and Sphere","floor":22,"turns":5},{"damage":19,"enemies":"HollowMod:Nosk","floor":23,"turns":6},{"damage":0,"enemies":"Cultist and Chosen","floor":25,"turns":5},{"damage":16,"enemies":"Gremlin Leader","floor":28,"turns":4},{"damage":6,"enemies":"Slavers","floor":31,"turns":3},{"damage":39,"enemies":"Automaton","floor":33,"turns":7},{"damage":6,"enemies":"Orb Walker","floor":35,"turns":3},{"damage":20,"enemies":"3 Darklings","floor":38,"turns":6},{"damage":66,"enemies":"Orin","floor":39,"turns":6}],"seed_played":"3704140306100092410","potions_obtained":[{"floor":1,"key":"GamblersBrew"},{"floor":5,"key":"Venom Potion"},{"floor":8,"key":"SkillPotion"},{"floor":13,"key":"Regen Potion"},{"floor":18,"key":"SteroidPotion"},{"floor":23,"key":"Dexterity Potion"},{"floor":28,"key":"EssenceOfSteel"},{"floor":31,"key":"Regen Potion"},{"floor":33,"key":"Flashbang"}],"is_trial":false,"path_per_floor":["M","M","?","T","M","E","R","E","T","?","R","$","E","M","R","B",null,"M","M","$","?","M","E","R","M","T","$","E","?","R","E","R","B",null,"M","T","$","M","?"],"character_chosen":"WATCHER","items_purchased":["Adaptation","PreservedInsect","ReplayTheSpireMod:CursedCoin","hubris:TenFootPole"],"campfire_rested":3,"item_purchase_floors":[12,20,20,20],"current_hp_per_floor":[72,72,54,54,54,26,26,8,8,32,68,68,68,63,63,45,72,72,43,43,43,28,9,45,45,45,45,29,29,65,59,59,35,86,80,80,86,66,0,0],"gold":182,"neow_bonus":"REMOVE_CARD","is_daily":false,"chose_seed":false,"campfire_upgraded":3,"win_rate":0.0,"timestamp":1608056403,"path_taken":["M","?","?","?","M","E","R","E","T","?","R","$","E","M","R","BOSS","M","M","$","?","M","E","R","M","T","$","E","?","R","E","R","BOSS","M","?","$","M","?"],"items_purchased_type":["Card","Relic","Relic","Relic"],"build_version":"2020-12-13","purchased_purges":3,"victory":false,"max_hp_per_floor":[72,72,72,72,72,72,72,72,72,72,72,72,72,72,72,72,72,72,72,72,72,72,72,72,72,72,72,72,72,72,72,72,72,86,86,86,86,86,86,86],"relic_stats":{"Regal Pillow":45,"Torii":73,"counters":[19,81],"Mummified Hand":[23],"Shuriken":[12],"Ornamental Fan":[24],"MealTicket":6,"PreservedInsect":114,"Bag of Preparation":[19],"obtain_stats":[{"Regal Pillow":8,"Torii":23,"hubris:DuctTape":26,"ReplayTheSpireMod:CursedCoin":20,"Mango":34,"PreservedInsect":20,"Bag of Preparation":6,"Replay:Ancient Bell":34,"hubris:RunicObelisk":17,"Matryoshka":36,"Mummified Hand":9,"Shuriken":31,"Ornamental Fan":34,"MealTicket":34,"WingedGreaves":28,"ReplayTheSpireMod:TigerMarble":13,"hubris:TenFootPole":20,"PureWater":0,"hubris:OldNail":4},{"Regal Pillow":5,"Torii":12,"hubris:DuctTape":13,"ReplayTheSpireMod:CursedCoin":10,"Mango":16,"PreservedInsect":10,"Bag of Preparation":4,"Replay:Ancient Bell":16,"hubris:RunicObelisk":8,"Matryoshka":17,"Mummified Hand":5,"Shuriken":15,"Ornamental Fan":16,"MealTicket":16,"WingedGreaves":14,"ReplayTheSpireMod:TigerMarble":6,"hubris:TenFootPole":10,"PureWater":0,"hubris:OldNail":2},{"Regal Pillow":15,"Torii":47,"hubris:DuctTape":52,"ReplayTheSpireMod:CursedCoin":36,"Mango":66,"PreservedInsect":36,"Bag of Preparation":12,"Replay:Ancient Bell":66,"hubris:RunicObelisk":29,"Matryoshka":69,"Mummified Hand":15,"Shuriken":59,"Ornamental Fan":66,"MealTicket":66,"WingedGreaves":56,"ReplayTheSpireMod:TigerMarble":20,"hubris:TenFootPole":36,"PureWater":0,"hubris:OldNail":4}]},"card_choices":[{"not_picked":["Consecrate","Replay:Battleflow","Nirvana"],"picked":"SKIP","floor":1},{"not_picked":["FlyingSleeves","Weave","SashWhip"],"picked":"SKIP","floor":2},{"not_picked":["Replay:Fractal Strike","infinitespire:Execution"],"picked":"infinitespire:FinalStrike","floor":3},{"not_picked":["Prostrate","Halt","SashWhip"],"picked":"SKIP","floor":5},{"not_picked":["Pray","Replay:Hum"],"picked":"FearNoEvil","floor":6},{"not_picked":["Devotion","Conclude","EmptyMind"],"picked":"SKIP","floor":8},{"not_picked":["Replay:BluntJabs","Evaluate","Replay:ManipulateFuture"],"picked":"SKIP","floor":13},{"not_picked":["Sanctity","EmptyBody"],"picked":"LessonLearned","floor":14},{"not_picked":["Meditate","SashWhip+1","Perseverance"],"picked":"SKIP","floor":18},{"not_picked":["SashWhip","EmptyFist","Meditate"],"picked":"SKIP","floor":19},{"not_picked":["EmptyBody+1","CutThroughFate","Wallop"],"picked":"SKIP","floor":22},{"not_picked":["Fasting2+1","BowlingBash","Crescendo+1"],"picked":"SKIP","floor":23},{"not_picked":["CutThroughFate","Crescendo","WheelKick+1"],"picked":"SKIP","floor":25},{"not_picked":["WindmillStrike","CutThroughFate","MentalFortress+1"],"picked":"SKIP","floor":28},{"not_picked":["EmptyMind","Brilliance","Conclude"],"picked":"SKIP","floor":31},{"not_picked":["EmptyMind","Brilliance","Conclude"],"picked":"SKIP","floor":31},{"not_picked":["infinitespire:Pacifist","Overencumbered"],"picked":"Shame","floor":34},{"not_picked":["Doubt","Sickly"],"picked":"CommonCold","floor":34},{"not_picked":["Overencumbered","ReplayTheSpireMod:Doomed"],"picked":"Decay","floor":34},{"not_picked":["SashWhip","Replay:Anticipation+1","WheelKick+1"],"picked":"SKIP","floor":35},{"not_picked":["ConjureBlade","Evaluate","CutThroughFate"],"picked":"SKIP","floor":38}],"player_experience":638589,"relics_obtained":[{"floor":4,"key":"hubris:OldNail"},{"floor":6,"key":"Bag of Preparation"},{"floor":8,"key":"Regal Pillow"},{"floor":9,"key":"Mummified Hand"},{"floor":13,"key":"ReplayTheSpireMod:TigerMarble"},{"floor":23,"key":"Torii"},{"floor":26,"key":"hubris:DuctTape"},{"floor":28,"key":"WingedGreaves"},{"floor":31,"key":"Shuriken"},{"floor":36,"key":"Matryoshka"}],"event_choices":[{"damage_healed":24,"gold_gain":0,"player_choice":"Banana","damage_taken":0,"max_hp_gain":0,"max_hp_loss":0,"event_name":"Big Fish","floor":10,"gold_loss":0},{"cards_removed":["Sickly"],"damage_healed":0,"gold_gain":0,"player_choice":"Purged","damage_taken":0,"max_hp_gain":0,"max_hp_loss":0,"event_name":"Purifier","floor":29,"gold_loss":0},{"damage_healed":0,"gold_gain":0,"player_choice":"Fight","damage_taken":0,"max_hp_gain":0,"max_hp_loss":0,"event_name":"OrinTheCat","floor":39,"gold_loss":0}],"is_beta":false,"boss_relics":[{"not_picked":["Honey Jar","Replay:Grab Bag"],"picked":"hubris:RunicObelisk"},{"not_picked":["Cursed Key","hubris:BlackHole"],"picked":"Replay:Ancient Bell"},{"not_picked":["Replay:Mystery Machine","Centennial Puzzle"],"picked":"MealTicket"},{"not_picked":["Yang","Blue Candle"],"picked":"Ornamental Fan"},{"not_picked":["Ginger","Shovel"],"picked":"Mango"}],"items_purged_floors":[12,20,37],"is_endless":false,"potions_floor_spawned":[1,5,8,13,18,23,28,31,33],"killed_by":"Orin","ascension_level":1}}