{"host":"5gc11emcm5chfr5t","time":1608025218,"event":{"mods":["2.2 Compatiblity","AchievementEnabler","BaseMod","Bestiary","Better Note","Colored Map","Colored Powertips","Googly Eyes","Minty Spire (QoL Compilation)","Rare Cards Sparkle","StSLib"],"gold_per_floor":[117,117,117,142,160,194,219,242,242,242,50,50,65,90,90,220,220,240,254,270,296,310,341,341,341,391,432,432,470,118,141,141,272,272,297,51,114,0,333,359,359,112,163,178,178,178,178,189,189,189,189,189,20,53,53,53],"floor_reached":55,"playtime":2054,"items_purged":[],"score":730,"play_id":"0a0d6a1d-4616-4ca1-a4ae-58fb8e191a9f","local_time":"20201215044018","is_ascension_mode":false,"campfire_choices":[{"floor":10,"key":"RECALL"},{"floor":12,"key":"REST"},{"data":"Apotheosis","floor":15,"key":"SMITH"},{"data":"Consume","floor":25,"key":"SMITH"},{"floor":32,"key":"REST"},{"data":"Fission","floor":46,"key":"SMITH"},{"data":"Thunder Strike","floor":47,"key":"SMITH"},{"data":"Redo","floor":49,"key":"SMITH"},{"data":"Seek","floor":52,"key":"SMITH"}],"circlet_count":0,"master_deck":["Strike_B+1","Strike_B","Defend_B","Defend_B","Zap","Dualcast","Redo+1","Streamline","Streamline","Self Repair","Coolheaded","Defragment","Apotheosis+1","Conserve Battery","Streamline","Electrodynamics+1","Meteor Strike+1","Static Discharge+1","Conserve Battery+1","Consume+1","Hologram+1","Turbo+1","Leap+1","Stack+1","Thunder Strike+1","CurseOfTheBell","Seek+1","Fission+1","Double Energy+1","Static Discharge+1","Writhe","Panache+1","Loop+1"],"relics":["Cracked Core","FossilizedHelix","Akabeko","Symbiotic Virus","Astrolabe","Bronze Scales","Orichalcum","Whetstone","Nloth\u0027s Gift","Toy Ornithopter","Lantern","OrangePellets","Calling Bell","Blood Vial","Frozen Egg 2","WingedGreaves","Oddly Smooth Stone","Du-Vu Doll","Red Mask","Prayer Wheel","Eternal Feather","Vajra","Turnip"],"acts_visited":["Exordium","TheCity","TheBeyond","TheEnding"],"potions_floor_usage":[8,8,20,27,27,33,33,50],"damage_taken":[{"damage":0.0,"enemies":"Jaw Worm","floor":1.0,"turns":3.0},{"damage":0.0,"enemies":"Cultist","floor":4.0,"turns":4.0},{"damage":0.0,"enemies":"2 Louse","floor":5.0,"turns":1.0},{"damage":31.0,"enemies":"Lagavulin","floor":6.0,"turns":7.0},{"damage":0.0,"enemies":"Blue Slaver","floor":7.0,"turns":2.0},{"damage":0,"enemies":"Lots of Slimes","floor":8,"turns":2},{"damage":0,"enemies":"Exordium Thugs","floor":13,"turns":4},{"damage":0,"enemies":"Looter","floor":14,"turns":3},{"damage":5,"enemies":"The Guardian","floor":16,"turns":8},{"damage":0,"enemies":"Chosen","floor":18,"turns":3},{"damage":0,"enemies":"Spheric Guardian","floor":19,"turns":3},{"damage":0,"enemies":"3 Cultists","floor":20,"turns":3},{"damage":5,"enemies":"Centurion and Healer","floor":22,"turns":4},{"damage":31,"enemies":"Gremlin Leader","floor":23,"turns":6},{"damage":20,"enemies":"Book of Stabbing","floor":27,"turns":5},{"damage":31,"enemies":"Gremlin Leader","floor":29,"turns":4},{"damage":5,"enemies":"Chosen and Byrds","floor":31,"turns":3},{"damage":49,"enemies":"Champ","floor":33,"turns":11},{"damage":27,"enemies":"3 Darklings","floor":35,"turns":5},{"damage":0,"enemies":"Mind Bloom Boss Battle","floor":37,"turns":5},{"damage":12,"enemies":"Nemesis","floor":40,"turns":5},{"damage":0,"enemies":"3 Shapes","floor":44,"turns":4},{"damage":0,"enemies":"Writhing Mass","floor":48,"turns":4},{"damage":99,"enemies":"Awakened One","floor":50,"turns":11},{"damage":64,"enemies":"Shield and Spear","floor":54,"turns":4},{"damage":82,"enemies":"The Heart","floor":55,"turns":3}],"seed_played":"5903417555449592876","potions_obtained":[{"floor":6.0,"key":"ColorlessPotion"},{"floor":7.0,"key":"BlessingOfTheForge"},{"floor":14,"key":"Regen Potion"},{"floor":16,"key":"LiquidBronze"},{"floor":18,"key":"Dexterity Potion"},{"floor":20,"key":"Fruit Juice"},{"floor":27,"key":"FairyPotion"},{"floor":29,"key":"Ancient Potion"},{"floor":40,"key":"DuplicationPotion"}],"is_trial":false,"path_per_floor":["M","?","T","M","M","E","M","M","T","R","$","R","M","M","R","B",null,"M","M","M","T","M","E","?","R","T","E","?","E","$","M","R","B",null,"M","$","?","?","?","E","?","$","T","M","?","R","R","M","R","B",null,"R","$","E","B"],"character_chosen":"DEFECT","items_purchased":["Apotheosis","Lantern","OrangePellets","BlessingOfTheForge","Oddly Smooth Stone","FairyPotion","Eternal Feather","Panache+1"],"campfire_rested":2,"item_purchase_floors":[11,30,30,30,36,36,42,53],"current_hp_per_floor":[54,54,54,54,54,23,30,30,30,30,30,50,57,64,64,69,69,69,69,74,74,74,53,53,53,53,47,47,23,23,28,50,21,74,47,47,59,59,59,59,59,59,59,61,74,74,74,74,74,3,74,74,74,20,0,0],"gold":53,"neow_bonus":"ONE_RARE_RELIC","is_daily":false,"chose_seed":false,"campfire_upgraded":6,"win_rate":0.0,"timestamp":1608025218,"path_taken":["M","?","?","M","M","E","?","M","T","R","$","R","?","M","R","BOSS","M","M","M","?","M","E","?","R","T","E","?","E","?","?","R","BOSS","M","$","?","?","?","E","?","$","T","M","?","R","R","M","R","BOSS","R","$","E","BOSS"],"items_purchased_type":["Card","Relic","Relic","Potion","Relic","Potion","Relic","Card"],"build_version":"2020-12-13","purchased_purges":0,"victory":false,"max_hp_per_floor":[75,69,69,69,69,69,69,69,69,69,69,69,69,69,69,69,69,69,69,74,74,74,74,74,74,74,74,74,74,74,74,74,74,74,74,74,74,74,74,74,74,74,74,74,74,74,74,74,74,74,74,74,74,74,74,74],"card_choices":[{"not_picked":["Barrage","Steam"],"picked":"Redo","floor":1.0},{"not_picked":["Go for the Eyes","Reinforced Body"],"picked":"Streamline","floor":4.0},{"not_picked":["Redo","Beam Cell"],"picked":"Streamline","floor":5.0},{"not_picked":["Loop","Reinforced Body"],"picked":"Self Repair","floor":6.0},{"not_picked":["Tempest","Heatsinks"],"picked":"Coolheaded","floor":7.0},{"not_picked":["Machine Learning","Go for the Eyes"],"picked":"Defragment","floor":8},{"not_picked":["Turbo","Leap"],"picked":"Conserve Battery","floor":13},{"not_picked":["White Noise","Barrage"],"picked":"Streamline","floor":14},{"not_picked":["Echo Form","Seek"],"picked":"Electrodynamics","floor":16},{"not_picked":["Beam Cell+1","Capacitor"],"picked":"Consume","floor":18},{"not_picked":["Rebound","Conserve Battery","Barrage"],"picked":"SKIP","floor":19},{"not_picked":["Streamline","Cold Snap+1"],"picked":"Hologram+1","floor":20},{"not_picked":["Hologram+1","White Noise","Darkness"],"picked":"SKIP","floor":22},{"not_picked":["Tempest","Gash"],"picked":"Turbo+1","floor":23},{"not_picked":["Darkness","Hyperbeam","Rip and Tear"],"picked":"SKIP","floor":27},{"not_picked":["Static Discharge","Sunder"],"picked":"Leap+1","floor":29},{"not_picked":["Compile Driver","Chaos"],"picked":"Stack+1","floor":31},{"not_picked":["Machine Learning","Multi-Cast"],"picked":"Thunder Strike","floor":33},{"not_picked":["Gash","Aggregate"],"picked":"Seek","floor":35},{"not_picked":["Darkness","Ball Lightning"],"picked":"Fission","floor":37},{"not_picked":["Compile Driver+1","Redo"],"picked":"Double Energy+1","floor":40},{"not_picked":["Heatsinks+1","Genetic Algorithm+1"],"picked":"Static Discharge+1","floor":44},{"not_picked":["Turbo","Rebound+1","Consume"],"picked":"SKIP","floor":44},{"not_picked":["Conserve Battery","Aggregate","Reprogram"],"picked":"SKIP","floor":48},{"not_picked":["White Noise+1","Conserve Battery+1","Redo"],"picked":"SKIP","floor":48},{"not_picked":["Electrodynamics+1","Gash"],"picked":"Loop+1","floor":54}],"player_experience":339355,"relics_obtained":[{"floor":3.0,"key":"Letter Opener"},{"floor":6.0,"key":"Akabeko"},{"floor":9,"key":"Symbiotic Virus"},{"floor":23,"key":"Bronze Scales"},{"floor":26,"key":"Orichalcum"},{"floor":27,"key":"Whetstone"},{"floor":29,"key":"Toy Ornithopter"},{"floor":34,"key":"Blood Vial"},{"floor":34,"key":"Frozen Egg 2"},{"floor":34,"key":"WingedGreaves"},{"floor":37,"key":"Du-Vu Doll"},{"floor":40,"key":"Prayer Wheel"},{"floor":43,"key":"Vajra"},{"floor":54,"key":"Turnip"}],"event_choices":[{"damage_healed":0.0,"max_hp_gain":0.0,"max_hp_loss":6.0,"gold_gain":0.0,"event_name":"Golden Idol","player_choice":"Lose Max HP","floor":2.0,"gold_loss":0.0,"damage_taken":0.0,"relics_obtained":["Golden Idol"]},{"damage_healed":0,"gold_gain":0,"player_choice":"Upgraded","damage_taken":0,"max_hp_gain":0,"max_hp_loss":0,"event_name":"Upgrade Shrine","floor":24,"gold_loss":0,"cards_upgraded":["Electrodynamics"]},{"damage_healed":0,"gold_gain":0,"player_choice":"Traded Relic","damage_taken":0,"relics_obtained":["Nloth\u0027s Gift"],"max_hp_gain":0,"max_hp_loss":0,"event_name":"N\u0027loth","floor":28,"relics_lost":["Letter Opener"],"gold_loss":0},{"damage_healed":0,"gold_gain":0,"player_choice":"Fight","damage_taken":0,"max_hp_gain":0,"max_hp_loss":0,"event_name":"MindBloom","floor":37,"gold_loss":0},{"damage_healed":0,"gold_gain":0,"player_choice":"Paid","damage_taken":0,"relics_obtained":["Red Mask"],"max_hp_gain":0,"max_hp_loss":0,"event_name":"Tomb of Lord Red Mask","floor":38,"gold_loss":114},{"damage_healed":0,"gold_gain":333,"player_choice":"Gave Idol","damage_taken":0,"max_hp_gain":0,"max_hp_loss":0,"event_name":"The Moai Head","floor":39,"relics_lost":["Golden Idol"],"gold_loss":0},{"cards_removed":["Strike_B"],"damage_healed":0,"gold_gain":0,"player_choice":"Removed Attack","damage_taken":0,"max_hp_gain":0,"max_hp_loss":0,"event_name":"Falling","floor":41,"gold_loss":0},{"damage_healed":19,"gold_gain":0,"player_choice":"Writhe","damage_taken":0,"max_hp_gain":0,"max_hp_loss":0,"event_name":"Winding Halls","floor":45,"gold_loss":0,"cards_obtained":["Writhe"]}],"is_beta":false,"boss_relics":[{"not_picked":["Empty Cage","Sozu"],"picked":"Astrolabe"},{"not_picked":["SacredBark","Runic Pyramid"],"picked":"Calling Bell"}],"items_purged_floors":[],"is_endless":false,"potions_floor_spawned":[6,7,14,16,18,20,27,29,40,44],"killed_by":"The Heart","ascension_level":0}}