{"host":"Kdaddybrian","time":1608005083,"event":{"mods":["AchievementEnabler","BaseMod","Colored Powertips","Minty Spire (QoL Compilation)","Rare Cards Sparkle","Relic Stats","StSLib"],"gold_per_floor":[114,127,137,153,153,153,183,183,210,237,187,362,65,77,77,179,179,192,205,219,219,9,9,43,43,43,43,43,61,73,273,273,370,370,384,403,420,420,420],"floor_reached":38,"playtime":1776,"items_purged":["Doubt","Decay"],"score":609,"play_id":"f281895b-0ecf-4a52-9273-9403fbd04aa4","local_time":"20201214230443","is_ascension_mode":true,"campfire_choices":[{"data":"Tempest","floor":6,"key":"SMITH"},{"data":"Defragment","floor":15,"key":"SMITH"},{"floor":23,"key":"REST"},{"floor":28,"key":"REST"},{"floor":32,"key":"REST"}],"circlet_count":0,"master_deck":["AscendersBane","Strike_B+1","Strike_B","Strike_B+1","Defend_B","Defend_B","Defend_B","Defend_B","Dualcast+1","Barrage","Go for the Eyes","Tempest+1","Doom and Gloom","Cold Snap","Capacitor","Ball Lightning","Defragment+1","Creative AI","Redo+1","Leap","Seek","Apotheosis","Coolheaded","Meteor Strike","Echo Form","Conserve Battery","Static Discharge","Biased Cognition","Steam+1","Steam+1","Electrodynamics"],"relics":["Cracked Core","Bronze Scales","Nunchaku","Whetstone","Strawberry","Membership Card","SlaversCollar","Lantern","PreservedInsect","Darkstone Periapt","Lizard Tail","Fusion Hammer"],"acts_visited":["Exordium","TheCity","TheBeyond"],"potions_floor_usage":[7,16,24,24,24,30,33,33],"damage_taken":[{"damage":3,"enemies":"2 Louse","floor":1,"turns":3},{"damage":4,"enemies":"Small Slimes","floor":2,"turns":3},{"damage":0,"enemies":"Jaw Worm","floor":3,"turns":3},{"damage":9,"enemies":"3 Louse","floor":4,"turns":2},{"damage":13,"enemies":"Lagavulin","floor":7,"turns":5},{"damage":25,"enemies":"3 Sentries","floor":10,"turns":5},{"damage":0,"enemies":"Large Slime","floor":14,"turns":3},{"damage":38,"enemies":"Slime Boss","floor":16,"turns":6},{"damage":0,"enemies":"Spheric Guardian","floor":18,"turns":3},{"damage":2,"enemies":"Chosen","floor":19,"turns":4},{"damage":27,"enemies":"Centurion and Healer","floor":20,"turns":8},{"damage":44,"enemies":"Slavers","floor":24,"turns":3},{"damage":1,"enemies":"Snecko","floor":29,"turns":5},{"damage":27,"enemies":"Snake Plant","floor":30,"turns":4},{"damage":65,"enemies":"Collector","floor":33,"turns":8},{"damage":12,"enemies":"3 Shapes","floor":35,"turns":5},{"damage":11,"enemies":"Orb Walker","floor":36,"turns":3},{"damage":33,"enemies":"Transient","floor":37,"turns":5},{"damage":21,"enemies":"Spire Growth","floor":38,"turns":4}],"seed_played":"7215187666194542900","potions_obtained":[{"floor":3,"key":"PotionOfCapacity"},{"floor":4,"key":"Block Potion"},{"floor":7,"key":"Regen Potion"},{"floor":16,"key":"AttackPotion"},{"floor":30,"key":"DistilledChaos"}],"is_trial":false,"path_per_floor":["M","M","M","M","?","R","E","?","T","E","?","?","$","M","R","B",null,"M","M","M","?","$","R","E","?","T","?","R","M","M","?","R","B",null,"M","M","M","M"],"character_chosen":"DEFECT","items_purchased":["Membership Card","EntropicBrew","Capacitor","Ball Lightning","Apotheosis","Lantern"],"campfire_rested":3,"item_purchase_floors":[13,13,13,13,22,22],"current_hp_per_floor":[65,61,61,52,52,52,39,64,64,46,46,46,46,46,46,23,67,67,65,38,38,38,62,18,18,18,18,42,41,14,14,38,14,65,53,42,9,0,0],"gold":420,"neow_bonus":"RANDOM_COMMON_RELIC","is_daily":false,"chose_seed":false,"campfire_upgraded":2,"win_rate":0.0,"timestamp":1608005083,"path_taken":["M","M","M","M","?","R","E","?","T","E","?","?","?","M","R","BOSS","M","M","M","?","$","R","E","?","T","?","R","M","M","?","R","BOSS","M","M","M","M"],"items_purchased_type":["Relic","Potion","Card","Card","Card","Relic"],"build_version":"2020-12-07","purchased_purges":2,"victory":false,"max_hp_per_floor":[75,75,75,75,75,75,75,75,75,82,82,82,82,82,82,82,82,82,82,82,82,82,82,82,82,82,82,82,82,82,82,82,82,82,82,82,82,82,82],"relic_stats":{"Darkstone Periapt":0,"Nunchaku":[9],"Lizard Tail":41,"counters":[19,82],"Bronze Scales":[175],"PreservedInsect":0,"Whetstone":["Strike_B","Strike_B"],"obtain_stats":[{"Darkstone Periapt":25,"SlaversCollar":17,"Nunchaku":7,"Lantern":22,"Lizard Tail":26,"Bronze Scales":0,"Strawberry":10,"PreservedInsect":24,"Fusion Hammer":34,"Whetstone":9,"Membership Card":13,"Cracked Core":0},{"Darkstone Periapt":12,"SlaversCollar":8,"Nunchaku":5,"Lantern":11,"Lizard Tail":12,"Bronze Scales":0,"Strawberry":6,"PreservedInsect":12,"Fusion Hammer":15,"Whetstone":5,"Membership Card":6,"Cracked Core":0},{"Darkstone Periapt":48,"SlaversCollar":30,"Nunchaku":16,"Lantern":45,"Lizard Tail":48,"Bronze Scales":0,"Strawberry":21,"PreservedInsect":48,"Fusion Hammer":65,"Whetstone":16,"Membership Card":21,"Cracked Core":0}]},"card_choices":[{"not_picked":["White Noise","Force Field"],"picked":"Barrage","floor":1},{"not_picked":["Capacitor","Beam Cell"],"picked":"Go for the Eyes","floor":2},{"not_picked":["Rebound","Gash"],"picked":"Streamline","floor":3},{"not_picked":["Rebound","Streamline"],"picked":"Tempest","floor":4},{"not_picked":["Tempest","Turbo"],"picked":"Doom and Gloom","floor":7},{"not_picked":["Rainbow","Barrage"],"picked":"Cold Snap","floor":10},{"not_picked":["Redo","Gash"],"picked":"Defragment","floor":14},{"not_picked":["Rainbow","Meteor Strike"],"picked":"Creative AI","floor":16},{"not_picked":["Leap","BootSequence"],"picked":"Redo+1","floor":18},{"not_picked":["Heatsinks+1","Go for the Eyes"],"picked":"Leap","floor":19},{"not_picked":["Compile Driver","Sweeping Beam"],"picked":"Seek","floor":20},{"not_picked":["Ball Lightning","Reprogram"],"picked":"Coolheaded","floor":24},{"not_picked":["Darkness","Go for the Eyes"],"picked":"Conserve Battery","floor":29},{"not_picked":["Coolheaded","Scrape"],"picked":"Static Discharge","floor":30},{"not_picked":["Hyperbeam","Meteor Strike"],"picked":"Biased Cognition","floor":33},{"not_picked":["Go for the Eyes","Leap"],"picked":"Steam+1","floor":35},{"not_picked":["Barrage+1","Turbo+1"],"picked":"Steam+1","floor":36},{"not_picked":["Compile Driver","Barrage"],"picked":"Electrodynamics","floor":37}],"player_experience":2853465,"relics_obtained":[{"floor":7,"key":"Nunchaku"},{"floor":9,"key":"Whetstone"},{"floor":10,"key":"Strawberry"},{"floor":24,"key":"PreservedInsect"},{"floor":26,"key":"Lizard Tail"}],"event_choices":[{"damage_healed":0,"gold_gain":0,"player_choice":"Grow","damage_taken":0,"max_hp_gain":0,"max_hp_loss":0,"event_name":"Living Wall","floor":5,"gold_loss":0,"cards_upgraded":["Dualcast"]},{"damage_healed":25,"gold_gain":0,"player_choice":"Banana","damage_taken":0,"max_hp_gain":0,"max_hp_loss":0,"event_name":"Big Fish","floor":8,"gold_loss":0},{"cards_removed":["Strike_B"],"damage_healed":0,"gold_gain":0,"player_choice":"Card Removal","damage_taken":0,"max_hp_gain":0,"max_hp_loss":0,"event_name":"The Cleric","floor":11,"gold_loss":50},{"damage_healed":0,"gold_gain":175,"player_choice":"AGREE","damage_taken":0,"max_hp_gain":0,"max_hp_loss":0,"event_name":"Liars Game","floor":12,"gold_loss":0,"cards_obtained":["Doubt"]},{"damage_healed":0,"gold_gain":0,"player_choice":"Smashed Altar","damage_taken":0,"max_hp_gain":0,"max_hp_loss":0,"event_name":"Forgotten Altar","floor":21,"gold_loss":0,"cards_obtained":["Decay"]},{"damage_healed":0,"gold_gain":0,"player_choice":"Opened","damage_taken":0,"relics_obtained":["Darkstone Periapt"],"max_hp_gain":0,"max_hp_loss":0,"event_name":"The Mausoleum","floor":25,"gold_loss":0},{"damage_healed":0,"gold_gain":0,"cards_transformed":["Zap","Streamline"],"player_choice":"Became Test Subject","damage_taken":0,"max_hp_gain":0,"max_hp_loss":0,"event_name":"Drug Dealer","floor":27,"gold_loss":0,"cards_obtained":["Meteor Strike","Echo Form"]},{"damage_healed":0,"gold_gain":200,"player_choice":"Gold","damage_taken":0,"max_hp_gain":0,"max_hp_loss":0,"event_name":"Wheel of Change","floor":31,"gold_loss":0}],"is_beta":true,"boss_relics":[{"not_picked":["Busted Crown","Black Star"],"picked":"SlaversCollar"},{"not_picked":["Runic Pyramid","Empty Cage"],"picked":"Fusion Hammer"}],"items_purged_floors":[13,22],"is_endless":false,"potions_floor_spawned":[3,4,7,16,18,20,30],"killed_by":"Spire Growth","ascension_level":10}}