{"host":"mi0eibewekhugwl1","time":1608012167,"event":{"mods":["AchievementEnabler","BaseMod","Colored Map","Colored Powertips","DeckTracker","Keyboard Shortcuts","Minty Spire (QoL Compilation)","Quick Restart","Rare Cards Sparkle","Relic Stats","StSLib","SuperFastMode","everything is the same but u backflip on backflip"],"gold_per_floor":[119,133,133,150,300,61,96,110,134,134,155,80,80,94,94,165,165,184,196,196,209,109,109,127,137,137,137,137,153,28,39,39,114,114,127,147,147,147,147,474,474,501,501,515,18,34,34,34,34,34,34],"floor_reached":50,"playtime":1023,"items_purged":["Doubt","Strike_R","Strike_R"],"score":1129,"play_id":"8089cd1e-fc82-4396-9de1-4d7759e32bee","local_time":"20201215150247","is_ascension_mode":true,"campfire_choices":[{"data":"Evolve","floor":10,"key":"SMITH"},{"data":"Fire Breathing","floor":13,"key":"SMITH"},{"data":"Wild Strike","floor":15,"key":"SMITH"},{"data":"Shockwave","floor":23,"key":"SMITH"},{"floor":28,"key":"REST"},{"floor":32,"key":"REST"},{"floor":41,"key":"REST"},{"floor":49,"key":"RECALL"}],"circlet_count":0,"master_deck":["AscendersBane","Strike_R","Defend_R","Defend_R","Defend_R","Defend_R+1","Bash+1","Wild Strike+1","Shockwave+1","Reckless Charge","Fire Breathing+1","Intimidate","Pommel Strike+1","Evolve+1","Offering+1","Feel No Pain","Power Through","Impervious","Dark Embrace+1","Second Wind","Purity","Apotheosis","Power Through","Flash of Steel"],"relics":["Burning Blood","Orrery","Whetstone","Pen Nib","Odd Mushroom","Runic Cube","Orichalcum","Bottled Lightning","Mark of Pain","Old Coin","War Paint"],"acts_visited":["Exordium","TheCity","TheBeyond"],"potions_floor_usage":[7,29,40,42,45,45],"damage_taken":[{"damage":16,"enemies":"Jaw Worm","floor":1,"turns":5},{"damage":0,"enemies":"2 Louse","floor":2,"turns":2},{"damage":0,"enemies":"Cultist","floor":4,"turns":2},{"damage":20,"enemies":"Lagavulin","floor":7,"turns":5},{"damage":7,"enemies":"2 Fungi Beasts","floor":8,"turns":3},{"damage":13,"enemies":"The Mushroom Lair","floor":11,"turns":3},{"damage":21,"enemies":"Exordium Wildlife","floor":14,"turns":4},{"damage":0,"enemies":"Slime Boss","floor":16,"turns":5},{"damage":12,"enemies":"3 Byrds","floor":18,"turns":3},{"damage":22,"enemies":"2 Thieves","floor":19,"turns":2},{"damage":29,"enemies":"Sentry and Sphere","floor":21,"turns":4},{"damage":6,"enemies":"Cultist and Chosen","floor":24,"turns":4},{"damage":25,"enemies":"Centurion and Healer","floor":25,"turns":4},{"damage":21,"enemies":"Shelled Parasite and Fungi","floor":29,"turns":4},{"damage":13,"enemies":"3 Cultists","floor":31,"turns":4},{"damage":54,"enemies":"Automaton","floor":33,"turns":8},{"damage":7,"enemies":"3 Shapes","floor":35,"turns":6},{"damage":29,"enemies":"3 Darklings","floor":36,"turns":3},{"damage":21,"enemies":"Giant Head","floor":40,"turns":7},{"damage":32,"enemies":"Nemesis","floor":42,"turns":5},{"damage":21,"enemies":"Transient","floor":44,"turns":6},{"damage":29,"enemies":"Spire Growth","floor":46,"turns":5},{"damage":25,"enemies":"Donu and Deca","floor":50,"turns":5}],"seed_played":"-5304703617348318760","potions_obtained":[{"floor":1,"key":"BlessingOfTheForge"},{"floor":2,"key":"BloodPotion"},{"floor":7,"key":"PowerPotion"},{"floor":24,"key":"Ancient Potion"},{"floor":31,"key":"ElixirPotion"},{"floor":40,"key":"ElixirPotion"}],"is_trial":false,"path_per_floor":["M","M","?","M","?","$","E","M","T","R","?","?","R","M","R","B",null,"M","M","?","M","$","R","M","M","T","?","R","M","$","M","R","B",null,"M","M","?","?","?","E","R","E","T","M","$","M","$","?","R","B"],"character_chosen":"IRONCLAD","items_purchased":["Orrery","Second Wind","Purity","BloodPotion","BloodPotion","Apotheosis"],"campfire_rested":3,"item_purchase_floors":[6,45,45,45,45,45],"current_hp_per_floor":[65,71,76,82,82,82,68,67,67,67,60,60,60,45,45,51,78,72,56,56,33,33,33,33,14,14,14,40,42,42,35,61,13,69,68,45,45,45,45,30,54,28,28,13,45,22,22,22,22,0,0],"gold":34,"neow_bonus":"TEN_PERCENT_HP_BONUS","is_daily":false,"chose_seed":false,"campfire_upgraded":4,"win_rate":0.0,"timestamp":1608012167,"path_taken":["M","M","?","M","?","$","E","M","T","R","?","?","R","M","R","BOSS","M","M","?","?","$","R","M","M","T","?","R","M","$","M","R","BOSS","M","M","?","?","?","E","R","E","T","M","$","M","$","?","R","BOSS"],"items_purchased_type":["Relic","Card","Card","Potion","Potion","Card"],"build_version":"2020-12-13","purchased_purges":3,"victory":false,"max_hp_per_floor":[82,82,87,87,87,87,87,87,87,87,87,87,87,87,87,87,87,87,87,87,87,87,87,87,87,87,87,87,87,87,87,87,87,87,87,87,83,83,83,83,83,83,83,83,83,83,83,83,83,83,83],"relic_stats":{"counters":[23,99],"Pen Nib":[15],"Whetstone":["Bash","Pommel Strike"],"Orichalcum":[72],"War Paint":["Defend_R","Offering"],"obtain_stats":[{"Orrery":6,"Pen Nib":9,"Mark of Pain":34,"Whetstone":7,"Bottled Lightning":26,"Odd Mushroom":11,"Orichalcum":20,"War Paint":42,"Burning Blood":0,"Runic Cube":17,"Old Coin":40},{"Orrery":3,"Pen Nib":5,"Mark of Pain":16,"Whetstone":4,"Bottled Lightning":13,"Odd Mushroom":6,"Orichalcum":10,"War Paint":20,"Burning Blood":0,"Runic Cube":8,"Old Coin":19},{"Orrery":9,"Pen Nib":17,"Mark of Pain":62,"Whetstone":14,"Bottled Lightning":46,"Odd Mushroom":20,"Orichalcum":34,"War Paint":83,"Burning Blood":0,"Runic Cube":29,"Old Coin":78}],"Burning Blood":132,"Runic Cube":[46]},"card_choices":[{"not_picked":["Reckless Charge","Rupture"],"picked":"Wild Strike","floor":1},{"not_picked":["Anger","Sword Boomerang"],"picked":"Shockwave","floor":2},{"not_picked":["Iron Wave","True Grit"],"picked":"Reckless Charge","floor":4},{"not_picked":["Armaments","Flex"],"picked":"Fire Breathing","floor":6},{"not_picked":["Pummel","Sword Boomerang"],"picked":"Intimidate","floor":6},{"not_picked":["Twin Strike","Headbutt"],"picked":"Pommel Strike","floor":6},{"not_picked":["Body Slam","Warcry"],"picked":"Evolve","floor":7},{"not_picked":["Thunderclap","Limit Break","Dual Wield"],"picked":"SKIP","floor":8},{"not_picked":["Sword Boomerang","Cleave","Headbutt"],"picked":"SKIP","floor":14},{"not_picked":["Demon Form","Fiend Fire"],"picked":"Offering","floor":16},{"not_picked":["Reckless Charge","Bloodletting"],"picked":"Feel No Pain","floor":18},{"not_picked":["Wild Strike","Clash"],"picked":"Power Through","floor":19},{"not_picked":["Sword Boomerang+1","Reckless Charge","Thunderclap"],"picked":"SKIP","floor":21},{"not_picked":["Searing Blow","Wild Strike+1","Perfected Strike"],"picked":"SKIP","floor":24},{"not_picked":["Heavy Blade+1","Intimidate","Armaments"],"picked":"SKIP","floor":25},{"not_picked":["Flex","Sword Boomerang","Combust"],"picked":"SKIP","floor":29},{"not_picked":["Thunderclap","Carnage","Wild Strike"],"picked":"SKIP","floor":31},{"not_picked":["Berserk","Double Tap"],"picked":"Impervious","floor":33},{"not_picked":["Inflame+1","Shockwave","Heavy Blade"],"picked":"SKIP","floor":35},{"not_picked":["Entrench+1","Twin Strike+1"],"picked":"Dark Embrace+1","floor":36},{"not_picked":["Evolve","Wild Strike","Infernal Blade+1"],"picked":"SKIP","floor":40},{"not_picked":["Sword Boomerang","Thunderclap","Flex+1"],"picked":"SKIP","floor":42},{"not_picked":["Inflame+1","Bloodletting+1","Wild Strike+1"],"picked":"SKIP","floor":44},{"not_picked":["Flame Barrier","Body Slam"],"picked":"Power Through","floor":46},{"not_picked":["Discovery","Blind"],"picked":"Flash of Steel","floor":48}],"player_experience":1664839,"relics_obtained":[{"floor":7,"key":"Whetstone"},{"floor":9,"key":"Pen Nib"},{"floor":11,"key":"Odd Mushroom"},{"floor":26,"key":"Bottled Lightning"},{"floor":40,"key":"Old Coin"},{"floor":42,"key":"War Paint"}],"event_choices":[{"damage_healed":0,"gold_gain":0,"player_choice":"Donut","damage_taken":0,"max_hp_gain":5,"max_hp_loss":0,"event_name":"Big Fish","floor":3,"gold_loss":0},{"damage_healed":0,"gold_gain":150,"player_choice":"AGREE","damage_taken":0,"max_hp_gain":0,"max_hp_loss":0,"event_name":"Liars Game","floor":5,"gold_loss":0,"cards_obtained":["Doubt"]},{"damage_healed":0,"gold_gain":0,"player_choice":"Fought Mushrooms","damage_taken":0,"max_hp_gain":0,"max_hp_loss":0,"event_name":"Mushrooms","floor":11,"gold_loss":0},{"cards_removed":["Strike_R"],"damage_healed":0,"gold_gain":0,"player_choice":"Card Removal","damage_taken":0,"max_hp_gain":0,"max_hp_loss":0,"event_name":"The Cleric","floor":12,"gold_loss":75},{"damage_healed":0,"gold_gain":0,"player_choice":"Gave Potion","damage_taken":0,"relics_obtained":["Orichalcum"],"max_hp_gain":0,"max_hp_loss":0,"event_name":"WeMeetAgain","floor":20,"gold_loss":0},{"damage_healed":0,"gold_gain":0,"player_choice":"Ignored","damage_taken":0,"max_hp_gain":0,"max_hp_loss":0,"event_name":"Ghosts","floor":27,"gold_loss":0},{"damage_healed":0,"gold_gain":0,"player_choice":"Max HP","damage_taken":0,"max_hp_gain":0,"max_hp_loss":4,"event_name":"Winding Halls","floor":37,"gold_loss":0},{"cards_removed":["Strike_R"],"damage_healed":0,"gold_gain":0,"player_choice":"Removed Attack","damage_taken":0,"max_hp_gain":0,"max_hp_loss":0,"event_name":"Falling","floor":38,"gold_loss":0},{"damage_healed":0,"gold_gain":0,"player_choice":"Ignored","damage_taken":0,"max_hp_gain":0,"max_hp_loss":0,"event_name":"Tomb of Lord Red Mask","floor":39,"gold_loss":0},{"damage_healed":0,"gold_gain":0,"player_choice":"Memory 1","damage_taken":0,"max_hp_gain":0,"max_hp_loss":0,"event_name":"SensoryStone","floor":48,"gold_loss":0}],"is_beta":false,"boss_relics":[{"not_picked":["Philosopher\u0027s Stone","Runic Dome"],"picked":"Runic Cube"},{"not_picked":["Empty Cage","Pandora\u0027s Box"],"picked":"Mark of Pain"}],"items_purged_floors":[6,22,30],"is_endless":false,"potions_floor_spawned":[1,2,4,7,24,25,31,35,36,40],"killed_by":"Donu and Deca","ascension_level":20}}