{"host":"qwttrqaysb380yri","time":1608039008,"event":{"mods":["BaseMod","Custom Start","Minty Spire (QoL Compilation)","Puzzle Mod","Relic Stats","StSLib","The Cursed","The Hierophant"],"gold_per_floor":[115,135,11,22,40,70,70,82,109,109,142,107,107,107,107,87,87],"floor_reached":16,"playtime":447,"items_purged":["TheCursedMod:Dregs"],"score":193,"play_id":"9cebfd62-6615-477f-922d-fb5290606612","local_time":"20201215143008","is_ascension_mode":true,"campfire_choices":[{"floor":7,"key":"REST"},{"data":"hierophant:Exaltation","floor":10,"key":"SMITH"},{"data":"hierophant:Encroach","floor":15,"key":"SMITH"}],"circlet_count":0,"master_deck":["AscendersBane","hierophant:Strike_Hierophant","hierophant:Strike_Hierophant","hierophant:Strike_Hierophant","hierophant:Strike_Hierophant","hierophant:Punish","hierophant:Defend_Hierophant","hierophant:Defend_Hierophant","hierophant:Defend_Hierophant","hierophant:Defend_Hierophant","hierophant:ChurchCoffers","Secret Weapon","hierophant:FlamingChariot","hierophant:Smite","hierophant:Zeal","hierophant:SealAway","hierophant:SealAway","hierophant:Exaltation+1","hierophant:Encroach","hierophant:Encroach+1"],"relics":["hierophant:PropheticMaskRelic","Vajra","Juzu Bracelet","Anchor","CeramicFish"],"acts_visited":["Exordium"],"potions_floor_usage":[11,16],"damage_taken":[{"damage":7,"enemies":"Jaw Worm","floor":1,"turns":3},{"damage":0,"enemies":"Small Slimes","floor":2,"turns":2},{"damage":0,"enemies":"2 Louse","floor":4,"turns":2},{"damage":5,"enemies":"Gremlin Gang","floor":5,"turns":3},{"damage":35,"enemies":"Lagavulin","floor":6,"turns":4},{"damage":6,"enemies":"3 Louse","floor":8,"turns":2},{"damage":18,"enemies":"Gremlin Nob","floor":11,"turns":3},{"damage":56,"enemies":"The Guardian","floor":16,"turns":14}],"seed_played":"-7145026422751115696","potions_obtained":[{"floor":4,"key":"Fire Potion"},{"floor":5,"key":"Explosive Potion"},{"floor":8,"key":"DuplicationPotion"}],"is_trial":false,"path_per_floor":["M","M","$","M","M","E","R","M","T","R","E","?","?","?","R","B"],"character_chosen":"HIEROPHANT","items_purchased":["hierophant:Zeal"],"campfire_rested":1,"item_purchase_floors":[3],"current_hp_per_floor":[61,61,61,61,56,21,43,37,37,37,19,37,32,57,57,1,1],"gold":87,"neow_bonus":"RANDOM_COLORLESS_2","is_daily":false,"chose_seed":false,"campfire_upgraded":2,"win_rate":0.0,"timestamp":1608039008,"path_taken":["M","M","$","M","M","E","R","M","T","R","E","?","?","?","R","BOSS"],"items_purchased_type":["Card"],"build_version":"2020-12-13","purchased_purges":1,"victory":false,"max_hp_per_floor":[75,75,75,75,75,75,75,75,75,75,75,75,75,75,75,75,75],"relic_stats":{"counters":[8,33],"CeramicFish":0,"Juzu Bracelet":0,"obtain_stats":[{"Anchor":11,"hierophant:PropheticMaskRelic":0,"CeramicFish":13,"Vajra":6,"Juzu Bracelet":9},{"Anchor":7,"hierophant:PropheticMaskRelic":0,"CeramicFish":7,"Vajra":5,"Juzu Bracelet":6},{"Anchor":19,"hierophant:PropheticMaskRelic":0,"CeramicFish":19,"Vajra":14,"Juzu Bracelet":16}]},"card_choices":[{"not_picked":["Panache","Thinking Ahead"],"picked":"Secret Weapon","floor":0},{"not_picked":["hierophant:DisplayOfPower","hierophant:Rebuild"],"picked":"hierophant:FlamingChariot","floor":1},{"not_picked":["hierophant:ArchangelShield","hierophant:EyeForCoin"],"picked":"hierophant:Smite","floor":2},{"not_picked":["hierophant:SolarFlare","hierophant:Refuge"],"picked":"hierophant:SealAway","floor":4},{"not_picked":["hierophant:Shelter","hierophant:Flagellation"],"picked":"hierophant:SealAway","floor":5},{"not_picked":["hierophant:MintersHammer","hierophant:Mercenaries"],"picked":"hierophant:Exaltation","floor":6},{"not_picked":["hierophant:CursedGold","hierophant:RustyCrate"],"picked":"hierophant:Encroach","floor":8},{"not_picked":["hierophant:Blessing","hierophant:Smite"],"picked":"hierophant:Encroach","floor":11}],"player_experience":1854131,"relics_obtained":[{"floor":6,"key":"Vajra"},{"floor":9,"key":"Juzu Bracelet"},{"floor":11,"key":"Anchor"}],"event_choices":[{"damage_healed":18,"gold_gain":0,"player_choice":"Healed","damage_taken":0,"max_hp_gain":0,"max_hp_loss":0,"event_name":"The Cleric","floor":12,"gold_loss":35},{"damage_healed":0,"gold_gain":0,"player_choice":"Success","damage_taken":5,"relics_obtained":["CeramicFish"],"max_hp_gain":0,"max_hp_loss":0,"event_name":"Scrap Ooze","floor":13,"gold_loss":0},{"damage_healed":25,"gold_gain":0,"player_choice":"Banana","damage_taken":0,"max_hp_gain":0,"max_hp_loss":0,"event_name":"Big Fish","floor":14,"gold_loss":0}],"is_beta":false,"boss_relics":[],"items_purged_floors":[3],"is_endless":false,"potions_floor_spawned":[4,5,6,8],"killed_by":"The Guardian","ascension_level":15}}