{"host":"p6y17sixyu8q9v1f","time":1608061621,"event":{"mods":["BaseMod","Colored Map","Minty Spire (QoL Compilation)"],"gold_per_floor":[115,43,218,218,237,253,270,270,270,270,270,71,71,90,90,90,90],"floor_reached":16,"playtime":774,"items_purged":["Defend_B"],"score":108,"play_id":"6e9527ec-548f-4e21-a02a-6871354138c2","local_time":"20201215134701","is_ascension_mode":true,"campfire_choices":[{"data":"Madness","floor":8,"key":"SMITH"},{"data":"Zap","floor":10,"key":"SMITH"},{"data":"Blizzard","floor":15,"key":"SMITH"}],"circlet_count":0,"master_deck":["Strike_B","Strike_B","Strike_B","Strike_B","Defend_B","Defend_B","Defend_B","Zap+1","Dualcast","Madness+1","Chill","Glacier+1","Chill","Melter","Coolheaded","Blizzard+1","Conserve Battery+1","Conserve Battery"],"relics":["Cracked Core","Question Card","Bottled Lightning"],"acts_visited":["Exordium"],"potions_floor_usage":[],"damage_taken":[{"damage":7,"enemies":"Small Slimes","floor":1,"turns":3},{"damage":12,"enemies":"Jaw Worm","floor":5,"turns":5},{"damage":0,"enemies":"Cultist","floor":6,"turns":6},{"damage":12,"enemies":"Exordium Wildlife","floor":7,"turns":4},{"damage":0,"enemies":"Looter","floor":14,"turns":3},{"damage":24,"enemies":"Slime Boss","floor":16,"turns":3}],"seed_played":"-7991648217534773004","potions_obtained":[],"is_trial":false,"path_per_floor":["M","$","?","T","M","M","M","R","T","R","?","$","?","M","R","B"],"character_chosen":"DEFECT","items_purchased":["Glacier","Blizzard","Conserve Battery"],"campfire_rested":0,"item_purchase_floors":[2,12,12],"current_hp_per_floor":[68,68,68,68,56,56,44,44,44,44,37,37,22,22,22,0,0],"gold":90,"neow_bonus":"RANDOM_COLORLESS","is_daily":false,"chose_seed":false,"campfire_upgraded":3,"win_rate":0.0,"timestamp":1608061621,"path_taken":["M","$","?","?","M","?","M","R","T","R","?","$","?","M","R","BOSS"],"items_purchased_type":["Card","Card","Card"],"build_version":"2020-11-30","purchased_purges":1,"victory":false,"max_hp_per_floor":[75,75,75,75,75,75,75,75,75,75,75,75,75,75,75,75,75],"card_choices":[{"not_picked":["Finesse","Good Instincts"],"picked":"Madness","floor":0},{"not_picked":["Gash","Sweeping Beam"],"picked":"Chill","floor":1},{"not_picked":["Cold Snap","Stack","Redo"],"picked":"Chill","floor":5},{"not_picked":["Storm","Beam Cell","Stack"],"picked":"Melter","floor":6},{"not_picked":["White Noise","Conserve Battery","Redo"],"picked":"Coolheaded","floor":7},{"not_picked":["Hologram","Reboot","Barrage"],"picked":"Conserve Battery","floor":14}],"player_experience":743980,"relics_obtained":[{"floor":4,"key":"Question Card"},{"floor":9,"key":"Bottled Lightning"}],"event_choices":[{"damage_healed":0,"gold_gain":175,"player_choice":"AGREE","damage_taken":0,"max_hp_gain":0,"max_hp_loss":0,"event_name":"Liars Game","floor":3,"gold_loss":0,"cards_obtained":["Doubt"]},{"cards_removed":["Doubt"],"damage_healed":0,"gold_gain":0,"player_choice":"Card Removal","damage_taken":7,"max_hp_gain":0,"max_hp_loss":0,"event_name":"Golden Wing","floor":11,"gold_loss":0},{"damage_healed":0,"gold_gain":0,"player_choice":"Entered Light","damage_taken":15,"max_hp_gain":0,"max_hp_loss":0,"event_name":"Shining Light","floor":13,"gold_loss":0,"cards_upgraded":["Glacier","Conserve Battery"]}],"is_beta":false,"boss_relics":[],"items_purged_floors":[12],"is_endless":false,"potions_floor_spawned":[],"killed_by":"Slime Boss","ascension_level":4}}