{"host":"xsfbp1yx1f2ea5z7","time":1608033722,"event":{"mods":["AchievementEnabler","Act Like it!","Aspiration","Bard","BaseMod","Beaked The Cultist","Better Altar","Better Match","Better Note","Better Sensory Stone","Better Skull","Better Third Choice","BetterRewards","Block Reminder","ChefMod","Colored Map","Colored Powertips","Conspire","DeckTracker","Downfall","Gensokyo","GifTheSpireLib","GungeonMod","Halation","Hermit","Hubris","Infinite Spire","Jedi Mod","Jorbs\u0027s Wanderer Trilogy","Mimic Mod","Minty Spire (QoL Compilation)","Rare Cards Sparkle","Replay The Spire","Shade Mod","Somnambulant","Spicy Shops","StSLib","Stuff the Spire","The Blackbeard","The Bug Knight","The Cursed","The Hayseed","The Hierophant","The Judge","The Jungle","The Mystic","The Problem Sleuth","The Runesmith","TheBandit","TheSwordswoman","TheVelvet","Unceasing Turn Reminder","Wandering Minibosses","everything is the same but u backflip on backflip","vexMod"],"gold_per_floor":[99,115,115,131,151,186,209,209,59,34,34,62,74,86,97,97,97],"floor_reached":16,"playtime":611,"items_purged":[],"score":112,"play_id":"8f6ca873-7fa3-4837-8bde-750fafc4f533","local_time":"20201215200202","is_ascension_mode":false,"campfire_choices":[{"data":"hexamod:Float","floor":1,"key":"SMITH"},{"floor":3,"key":"RECALL"},{"floor":9,"key":"REST"}],"circlet_count":0,"master_deck":["hexamod:Strike","hexamod:Strike","hexamod:Strike","hexamod:Strike","hexamod:Defend","hexamod:Defend","hexamod:Defend","hexamod:Defend","hexamod:Sear","hexamod:GhostShield+1","hexamod:HauntingEcho+1","hexamod:BurningTouch","hexamod:SearingWound","hexamod:SixthSeal","hexamod:SpectersWail","hexamod:GhostLash","hexamod:ExtraCrispy"],"relics":["beaked:MawFillet","Vajra","downfall:HeartBlessingBlue","downfall:HeartBlessingRed","Peace Pipe"],"acts_visited":["Exordium"],"potions_floor_usage":[12],"damage_taken":[{"damage":4,"enemies":"infinitespire:Voidling","floor":2,"turns":3},{"damage":0,"enemies":"Jaw Worm","floor":4,"turns":3},{"damage":13,"enemies":"2 Louse","floor":5,"turns":2},{"damage":15,"enemies":"Lagavulin","floor":6,"turns":6},{"damage":19,"enemies":"HollowMod:MossKnight","floor":12,"turns":6},{"damage":5,"enemies":"2 Fungi Beasts","floor":13,"turns":2},{"damage":14,"enemies":"Blue Slaver","floor":14,"turns":4},{"damage":5,"enemies":"Lots of Slimes","floor":15,"turns":2},{"damage":39,"enemies":"downfall:Silent","floor":16,"turns":6}],"seed_played":"7151863259714696910","potions_obtained":[{"floor":6,"key":"Adrenaline Potion"},{"floor":14,"key":"FearPotion"}],"is_trial":false,"path_per_floor":["R","M","R","M","M","E","T","?","R","?","?","E","M","M","M","B"],"character_chosen":"THE_SPIRIT","items_purchased":[],"campfire_rested":1,"item_purchase_floors":[],"current_hp_per_floor":[70,70,70,70,57,42,42,42,76,76,76,57,52,38,33,0,0],"gold":97,"neow_bonus":"BOSS_RELIC","is_daily":false,"chose_seed":false,"campfire_upgraded":1,"win_rate":0.0,"timestamp":1608033722,"path_taken":["R","M","R","?","M","E","T","?","R","?","?","E","?","M","M","BOSS"],"items_purchased_type":[],"build_version":"2020-12-13","purchased_purges":0,"victory":false,"max_hp_per_floor":[70,70,70,70,70,70,70,70,80,80,80,80,80,80,80,80,80],"card_choices":[{"not_picked":["hexamod:FourthSeal","hexamod:SpectersWail"],"picked":"hexamod:GhostShield","floor":2},{"not_picked":["hexamod:BacktrackSmack","hexamod:GhostShield"],"picked":"hexamod:HauntingEcho","floor":4},{"not_picked":["hexamod:Hexaguard","hexamod:FlamesFromBeyond"],"picked":"hexamod:BurningTouch","floor":5},{"not_picked":["hexamod:RadiantFlame","hexamod:SpectersWail"],"picked":"hexamod:SearingWound","floor":6},{"not_picked":["hexamod:SkipABeat","hexamod:CatchUp"],"picked":"hexamod:SpectersWail","floor":12},{"not_picked":["hexamod:HeatShield","hexamod:BacktrackSmack"],"picked":"hexamod:GhostLash","floor":13},{"not_picked":["hexamod:AdvancingGuard","hexamod:GhostOfSpireFuture","hexamod:HauntingEcho"],"picked":"SKIP","floor":14},{"not_picked":["hexamod:Firestarter","hexamod:GhostShield"],"picked":"hexamod:ExtraCrispy","floor":15}],"player_experience":25151,"relics_obtained":[{"floor":6,"key":"Vajra"},{"floor":12,"key":"Peace Pipe"}],"event_choices":[],"is_beta":false,"boss_relics":[],"items_purged_floors":[],"is_endless":false,"potions_floor_spawned":[6,14],"killed_by":"downfall:Silent","ascension_level":0}}