{"host":"8qb550oiisecbnz6","time":1608058092,"event":{"mods":["AchievementEnabler","BaseMod","Colored Map","Colored Powertips","Minty Spire (QoL Compilation)","Quick Restart","Slay-I","StSLib"],"gold_per_floor":[110,110,60,9,28,28,56,66,118,128,155,172,185,218,218,315,315,329,11,28,28,28,60,80,80,104,104,29,49,49,62,62,62,62],"floor_reached":33,"playtime":6540,"items_purged":["Regret"],"score":409,"play_id":"4701134a-d2f4-4762-b946-e95c8c4be7b3","local_time":"20201215194812","is_ascension_mode":true,"campfire_choices":[{"data":"Neutralize","floor":6,"key":"SMITH"},{"data":"Footwork","floor":15,"key":"SMITH"},{"floor":27,"key":"REST"},{"floor":32,"key":"REST"}],"circlet_count":0,"master_deck":["Strike_G","Strike_G","Strike_G","Strike_G","Strike_G","Defend_G+1","Defend_G","Defend_G+1","Defend_G","Defend_G","Survivor","Neutralize+1","Dagger Throw","Dagger Spray","Crippling Poison","Blur","Dagger Throw","Footwork+1","Deadly Poison","CurseOfTheBell","Dash+1","Cloak And Dagger+1","Parasite","Writhe"],"relics":["Cursed Key","War Paint","Nunchaku","Centennial Puzzle","Singing Bowl","Calling Bell","Art of War","Pantograph","StoneCalendar","Kunai","Smiling Mask","MutagenicStrength","Lantern","Bottled Flame","Boot"],"acts_visited":["Exordium","TheCity"],"potions_floor_usage":[7,14,16,16,16,23,33],"damage_taken":[{"damage":0,"enemies":"Small Slimes","floor":1,"turns":4},{"damage":0,"enemies":"2 Louse","floor":5,"turns":3},{"damage":16,"enemies":"Lagavulin","floor":7,"turns":11},{"damage":0,"enemies":"Jaw Worm","floor":8,"turns":3},{"damage":0,"enemies":"Looter","floor":10,"turns":3},{"damage":3,"enemies":"3 Louse","floor":12,"turns":1},{"damage":0,"enemies":"Blue Slaver","floor":13,"turns":4},{"damage":12,"enemies":"Gremlin Nob","floor":14,"turns":4},{"damage":4,"enemies":"The Guardian","floor":16,"turns":10},{"damage":17,"enemies":"Chosen","floor":18,"turns":6},{"damage":23,"enemies":"Spheric Guardian","floor":20,"turns":6},{"damage":22,"enemies":"Gremlin Leader","floor":23,"turns":7},{"damage":0,"enemies":"Shelled Parasite and Fungi","floor":24,"turns":7},{"damage":0,"enemies":"Centurion and Healer","floor":29,"turns":8},{"damage":19,"enemies":"Snake Plant","floor":31,"turns":5},{"damage":73,"enemies":"Collector","floor":33,"turns":11}],"seed_played":"-4317747647365986774","potions_obtained":[{"floor":1,"key":"EssenceOfSteel"},{"floor":8,"key":"Poison Potion"},{"floor":10,"key":"Poison Potion"},{"floor":12,"key":"Block Potion"},{"floor":13,"key":"EntropicBrew"},{"floor":31,"key":"BlessingOfTheForge"}],"is_trial":false,"path_per_floor":["M","?","?","$","M","R","E","M","T","M","T","M","M","E","R","B",null,"M","$","M","?","?","E","M","T","T","R","?","M","$","M","R","B"],"character_chosen":"THE_SILENT","items_purchased":["Dagger Spray","Kunai"],"campfire_rested":2,"item_purchase_floors":[4,19],"current_hp_per_floor":[70,70,70,70,70,70,54,54,54,54,54,51,51,39,39,37,63,48,48,27,27,27,5,5,5,5,27,27,29,29,12,36,0,0],"gold":62,"neow_bonus":"BOSS_RELIC","is_daily":false,"chose_seed":false,"campfire_upgraded":2,"win_rate":0.0,"timestamp":1608058092,"path_taken":["M","?","?","$","M","R","E","M","T","M","?","M","M","E","R","BOSS","M","$","M","?","?","E","M","?","T","R","?","M","?","M","R","BOSS"],"items_purchased_type":["Card","Relic"],"build_version":"2020-12-13","purchased_purges":1,"victory":false,"max_hp_per_floor":[70,70,70,70,70,70,70,70,70,70,70,70,70,70,70,72,72,74,74,76,76,76,76,76,76,76,76,76,78,78,80,80,80,80],"card_choices":[{"not_picked":["All Out Attack","Skewer"],"picked":"Dagger Throw","floor":1},{"not_picked":["Tactician","Catalyst"],"picked":"Crippling Poison","floor":5},{"not_picked":["Blade Dance","Expertise"],"picked":"Blur","floor":7},{"not_picked":["Blade Dance","Backstab","Outmaneuver"],"picked":"SKIP","floor":8},{"not_picked":["Reflex","Slice"],"picked":"Dagger Throw","floor":10},{"not_picked":["Blade Dance","Acrobatics","Quick Slash"],"picked":"SKIP","floor":12},{"not_picked":["Blade Dance","Sucker Punch"],"picked":"Footwork","floor":13},{"not_picked":["Wraith Form v2","Deflect"],"picked":"Deadly Poison","floor":14},{"not_picked":["Glass Knife","Storm of Steel","Venomology"],"picked":"Singing Bowl","floor":16},{"not_picked":["Cloak And Dagger","PiercingWail+1","Deadly Poison"],"picked":"Singing Bowl","floor":18},{"not_picked":["Dagger Spray","Sucker Punch+1","Outmaneuver"],"picked":"Singing Bowl","floor":20},{"not_picked":["Quick Slash","Heel Hook+1"],"picked":"Dash+1","floor":23},{"not_picked":["Expertise","Escape Plan"],"picked":"Cloak And Dagger+1","floor":24},{"not_picked":["Setup","Leg Sweep+1","Outmaneuver"],"picked":"Singing Bowl","floor":29},{"not_picked":["Tools of the Trade","Choke","Dagger Throw"],"picked":"Singing Bowl","floor":31}],"player_experience":352980,"relics_obtained":[{"floor":7,"key":"Nunchaku"},{"floor":11,"key":"Centennial Puzzle"},{"floor":14,"key":"Singing Bowl"},{"floor":17,"key":"Art of War"},{"floor":17,"key":"Pantograph"},{"floor":17,"key":"StoneCalendar"},{"floor":23,"key":"Lantern"},{"floor":25,"key":"Bottled Flame"},{"floor":26,"key":"Boot"}],"event_choices":[{"damage_healed":0,"gold_gain":0,"player_choice":"Box","damage_taken":0,"relics_obtained":["War Paint"],"max_hp_gain":0,"max_hp_loss":0,"event_name":"Big Fish","floor":2,"gold_loss":0,"cards_obtained":["Regret"]},{"cards_removed":["Regret"],"damage_healed":0,"gold_gain":0,"player_choice":"Card Removal","damage_taken":0,"max_hp_gain":0,"max_hp_loss":0,"event_name":"The Cleric","floor":3,"gold_loss":50},{"damage_healed":0,"gold_gain":0,"player_choice":"Opened","damage_taken":0,"relics_obtained":["Smiling Mask"],"max_hp_gain":0,"max_hp_loss":0,"event_name":"The Mausoleum","floor":21,"gold_loss":0},{"damage_healed":0,"gold_gain":0,"player_choice":"Inject Mutagens","damage_taken":0,"relics_obtained":["MutagenicStrength"],"max_hp_gain":0,"max_hp_loss":0,"event_name":"Drug Dealer","floor":22,"gold_loss":0},{"cards_removed":["Regret"],"damage_healed":0,"gold_gain":0,"player_choice":"Gave Gold","damage_taken":0,"max_hp_gain":0,"max_hp_loss":0,"event_name":"Beggar","floor":28,"gold_loss":75}],"is_beta":false,"boss_relics":[{"not_picked":["Sozu","Snecko Eye"],"picked":"Calling Bell"}],"items_purged_floors":[19],"is_endless":false,"potions_floor_spawned":[1,8,10,12,13,31],"killed_by":"Collector","ascension_level":5}}