{"host":"un97lkyah1pp4w16","time":1608049239,"event":{"mods":["BaseMod","Colored Map","Colored Powertips","Minty Spire (QoL Compilation)","StSLib","SuperFastMode"],"gold_per_floor":[113,113,113,24,42,60,70,20,20,50,70,70,82,93,93,93,93],"floor_reached":16,"playtime":451,"items_purged":["Strike_B","Strike_B"],"score":104,"play_id":"1a9458b1-852b-4ebb-a248-2d7f964450e9","local_time":"20201216002039","is_ascension_mode":false,"campfire_choices":[{"floor":15,"key":"REST"}],"circlet_count":0,"master_deck":["Strike_B","Strike_B","Defend_B","Defend_B","Defend_B+1","Defend_B+1","Zap","Dualcast","Sunder","Storm","Defragment","Tempest","Static Discharge","Turbo","Ball Lightning","Hello World","Capacitor"],"relics":["Nuclear Battery","Smiling Mask","Sundial","War Paint","Orichalcum"],"acts_visited":["Exordium"],"potions_floor_usage":[10],"damage_taken":[{"damage":0,"enemies":"2 Louse","floor":1,"turns":3},{"damage":1,"enemies":"Jaw Worm","floor":5,"turns":4},{"damage":0,"enemies":"Cultist","floor":6,"turns":3},{"damage":15,"enemies":"3 Louse","floor":7,"turns":3},{"damage":16,"enemies":"Gremlin Nob","floor":10,"turns":3},{"damage":10,"enemies":"Looter","floor":11,"turns":3},{"damage":0,"enemies":"Exordium Wildlife","floor":13,"turns":2},{"damage":12,"enemies":"Large Slime","floor":14,"turns":4},{"damage":34,"enemies":"The Guardian","floor":16,"turns":8}],"seed_played":"6711457297559365641","potions_obtained":[{"floor":1,"key":"GamblersBrew"},{"floor":7,"key":"BlessingOfTheForge"},{"floor":11,"key":"SmokeBomb"}],"is_trial":false,"path_per_floor":["M","?","?","$","M","M","M","$","T","E","M","?","M","M","R","B"],"character_chosen":"DEFECT","items_purchased":["Storm"],"campfire_rested":1,"item_purchase_floors":[4],"current_hp_per_floor":[75,75,68,68,67,67,52,52,52,36,26,23,23,11,33,0,0],"gold":93,"neow_bonus":"BOSS_RELIC","is_daily":false,"chose_seed":false,"campfire_upgraded":0,"win_rate":0.0,"timestamp":1608049239,"path_taken":["M","?","?","?","M","M","?","$","T","E","M","?","M","M","R","BOSS"],"items_purchased_type":["Card"],"build_version":"2020-12-13","purchased_purges":2,"victory":false,"max_hp_per_floor":[75,75,75,75,75,75,75,75,75,75,75,75,75,75,75,75,75],"card_choices":[{"not_picked":["Turbo","Streamline"],"picked":"Sunder","floor":1},{"not_picked":["Reprogram","Steam Power"],"picked":"Defragment","floor":5},{"not_picked":["Gash","Undo"],"picked":"Tempest","floor":6},{"not_picked":["Rebound","Storm"],"picked":"Static Discharge","floor":7},{"not_picked":["Cold Snap","Amplify"],"picked":"Turbo","floor":10},{"not_picked":["BootSequence","Steam"],"picked":"Ball Lightning","floor":11},{"not_picked":["Beam Cell","Turbo"],"picked":"Hello World","floor":13},{"not_picked":["Conserve Battery","Hello World"],"picked":"Capacitor","floor":14}],"player_experience":84675,"relics_obtained":[{"floor":9,"key":"Sundial"},{"floor":10,"key":"War Paint"}],"event_choices":[{"damage_healed":0,"gold_gain":0,"player_choice":"Box","damage_taken":0,"relics_obtained":["Smiling Mask"],"max_hp_gain":0,"max_hp_loss":0,"event_name":"Big Fish","floor":2,"gold_loss":0,"cards_obtained":["Regret"]},{"cards_removed":["Regret"],"damage_healed":0,"gold_gain":0,"player_choice":"Card Removal","damage_taken":7,"max_hp_gain":0,"max_hp_loss":0,"event_name":"Golden Wing","floor":3,"gold_loss":0},{"damage_healed":0,"gold_gain":0,"player_choice":"Success","damage_taken":3,"relics_obtained":["Orichalcum"],"max_hp_gain":0,"max_hp_loss":0,"event_name":"Scrap Ooze","floor":12,"gold_loss":0}],"is_beta":false,"boss_relics":[],"items_purged_floors":[4,8],"is_endless":false,"potions_floor_spawned":[1,7,11],"killed_by":"The Guardian","ascension_level":0}}