{"host":"sc0o2qwpf9j16a4i","time":1608060199,"event":{"mods":["AchievementEnabler","BaseMod","BetterRewards","Block Reminder","Colored Map","Colored Powertips","Custom Start","Highlight Path","Minty Spire (QoL Compilation)","Relic Stats"],"gold_per_floor":[115,0,0,17,17,17,46,46,46,72,88,88,116,130,130,205,205,160,6,6,6,6],"floor_reached":21,"playtime":416,"items_purged":["Strike_R","Strike_R"],"score":440,"play_id":"8a4b7d0f-ca6f-4d58-ab8e-b35c71f8f18e","local_time":"20201215212319","is_ascension_mode":true,"campfire_choices":[{"data":"Shrug It Off","floor":6,"key":"SMITH"},{"data":"Armaments","floor":12,"key":"SMITH"},{"floor":15,"key":"REST"}],"circlet_count":0,"master_deck":["AscendersBane","Strike_R","Strike_R","Strike_R+1","Defend_R","Defend_R","Defend_R","Defend_R+1","Bash","Thunderclap","Hemokinesis+1","Shrug It Off+1","Headbutt","Carnage+1","Armaments+1","Barricade","Burning Pact","Shrug It Off"],"relics":["Burning Blood","NeowsBlessing","Akabeko","Molten Egg 2","Singing Bowl","Kunai","StrikeDummy","SlaversCollar","MutagenicStrength"],"acts_visited":["Exordium","TheCity"],"potions_floor_usage":[16,21],"damage_taken":[{"damage":0,"enemies":"Jaw Worm","floor":1,"turns":1},{"damage":0,"enemies":"Cultist","floor":4,"turns":1},{"damage":0,"enemies":"Lagavulin","floor":7,"turns":1},{"damage":10,"enemies":"Gremlin Nob","floor":10,"turns":3},{"damage":0,"enemies":"2 Louse","floor":11,"turns":2},{"damage":22,"enemies":"3 Sentries","floor":13,"turns":7},{"damage":1,"enemies":"Large Slime","floor":14,"turns":4},{"damage":23,"enemies":"The Guardian","floor":16,"turns":11},{"damage":25,"enemies":"2 Thieves","floor":18,"turns":5},{"damage":54,"enemies":"Masked Bandits","floor":21,"turns":4}],"seed_played":"-6694277493414116434","potions_obtained":[{"floor":10,"key":"BlessingOfTheForge"},{"floor":13,"key":"Strength Potion"},{"floor":16,"key":"LiquidMemories"}],"is_trial":false,"path_per_floor":["M","$","?","M","?","R","E","?","T","E","M","R","E","M","R","B",null,"M","$","?","?"],"character_chosen":"IRONCLAD","items_purchased":["Hemokinesis","Shrug It Off"],"campfire_rested":1,"item_purchase_floors":[2,19],"current_hp_per_floor":[74,74,74,75,52,52,58,47,47,43,49,49,33,38,60,45,69,52,52,52,0,0],"gold":6,"neow_bonus":"THREE_ENEMY_KILL","is_daily":false,"chose_seed":false,"campfire_upgraded":2,"win_rate":0.0,"timestamp":1608060199,"path_taken":["M","$","?","?","?","R","E","?","T","E","?","R","E","M","R","BOSS","M","$","?","?"],"items_purchased_type":["Card","Card"],"build_version":"2020-12-13","purchased_purges":2,"victory":false,"max_hp_per_floor":[75,75,75,75,75,75,75,75,75,75,75,75,75,75,75,77,77,79,79,79,79,79],"relic_stats":{"Singing Bowl":4,"counters":[10,39],"Kunai":[0],"obtain_stats":[{"SlaversCollar":17,"NeowsBlessing":0,"Singing Bowl":9,"MutagenicStrength":20,"Molten Egg 2":8,"Kunai":10,"StrikeDummy":13,"Burning Blood":0,"Akabeko":7},{"SlaversCollar":8,"NeowsBlessing":0,"Singing Bowl":3,"MutagenicStrength":9,"Molten Egg 2":3,"Kunai":4,"StrikeDummy":6,"Burning Blood":0,"Akabeko":3},{"SlaversCollar":30,"NeowsBlessing":0,"Singing Bowl":3,"MutagenicStrength":35,"Molten Egg 2":3,"Kunai":6,"StrikeDummy":15,"Burning Blood":0,"Akabeko":3}],"Burning Blood":49},"card_choices":[{"not_picked":["Flex","Reckless Charge"],"picked":"Thunderclap","floor":1},{"not_picked":["Heavy Blade","Havoc"],"picked":"Shrug It Off","floor":4},{"not_picked":["Sever Soul","Iron Wave"],"picked":"Headbutt","floor":7},{"not_picked":["Thunderclap+1","Evolve"],"picked":"Carnage+1","floor":10},{"not_picked":["Intimidate","Thunderclap+1"],"picked":"Armaments","floor":11},{"not_picked":["Shrug It Off","Clash+1"],"picked":"Barricade","floor":13},{"not_picked":["Heavy Blade+1","Clash+1"],"picked":"Burning Pact","floor":14},{"not_picked":["Exhume","Barricade","Fiend Fire+1"],"picked":"Singing Bowl","floor":16},{"not_picked":["Clothesline+1","Iron Wave+1","Pummel+1"],"picked":"Singing Bowl","floor":18}],"player_experience":350108,"relics_obtained":[{"floor":7,"key":"Akabeko"},{"floor":9,"key":"Singing Bowl"},{"floor":10,"key":"Kunai"},{"floor":13,"key":"StrikeDummy"}],"event_choices":[{"damage_healed":0,"gold_gain":0,"player_choice":"Upgraded","damage_taken":0,"max_hp_gain":0,"max_hp_loss":0,"event_name":"Upgrade Shrine","floor":3,"gold_loss":0,"cards_upgraded":["Hemokinesis"]},{"damage_healed":0,"gold_gain":0,"player_choice":"Entered Light","damage_taken":23,"max_hp_gain":0,"max_hp_loss":0,"event_name":"Shining Light","floor":5,"gold_loss":0,"cards_upgraded":["Strike_R","Defend_R"]},{"damage_healed":0,"gold_gain":0,"player_choice":"Success","damage_taken":11,"relics_obtained":["Molten Egg 2"],"max_hp_gain":0,"max_hp_loss":0,"event_name":"Scrap Ooze","floor":8,"gold_loss":0},{"damage_healed":0,"gold_gain":0,"player_choice":"Inject Mutagens","damage_taken":0,"relics_obtained":["MutagenicStrength"],"max_hp_gain":0,"max_hp_loss":0,"event_name":"Drug Dealer","floor":20,"gold_loss":0},{"damage_healed":0,"gold_gain":0,"player_choice":"Fought Bandits","damage_taken":0,"max_hp_gain":0,"max_hp_loss":0,"event_name":"Masked Bandits","floor":21,"gold_loss":0}],"is_beta":false,"boss_relics":[{"not_picked":["Fusion Hammer","Runic Cube"],"picked":"SlaversCollar"}],"items_purged_floors":[2,19],"is_endless":false,"potions_floor_spawned":[10,13,16],"killed_by":"Masked Bandits","ascension_level":20}}