{"host":"milnbpnt8q6cnpmr","time":1608020878,"event":{"mods":["BaseMod","Marisa????????","Minty Spire (QoL Compilation)"],"gold_per_floor":[115,132,0,11,29,63,63,88,112,112,112],"floor_reached":10,"playtime":1111,"items_purged":["Writhe"],"score":152,"play_id":"d7f1d74b-4e72-42e6-9903-dabbd5c84dbc","local_time":"20201215002758","is_ascension_mode":true,"campfire_choices":[{"floor":7.0,"key":"REST"}],"circlet_count":0,"master_deck":["AscendersBane","Strike_MRS","Strike_MRS","Strike_MRS","Defend_MRS","Defend_MRS","Defend_MRS","MasterSpark","UpSweep","GrandCross","SuperNova","PulseMagic","SprinkleStarSeal","SporeBomb","MeteoricShower","SuperPerseids"],"relics":["MiniHakkero","Nunchaku","Bag of Preparation","Juzu Bracelet"],"acts_visited":["Exordium"],"potions_floor_usage":[],"damage_taken":[{"damage":1.0,"enemies":"Cultist","floor":1.0,"turns":3.0},{"damage":9.0,"enemies":"Jaw Worm","floor":2.0,"turns":3.0},{"damage":15.0,"enemies":"Small Slimes","floor":4.0,"turns":4.0},{"damage":0.0,"enemies":"3 Louse","floor":5.0,"turns":1.0},{"damage":10.0,"enemies":"3 Sentries","floor":6.0,"turns":5.0},{"damage":29,"enemies":"Gremlin Nob","floor":8,"turns":4},{"damage":28,"enemies":"3 Sentries","floor":10,"turns":4}],"seed_played":"-7938931128412207397","potions_obtained":[{"floor":2.0,"key":"AttackPotion"},{"floor":5.0,"key":"Fire Potion"}],"is_trial":false,"path_per_floor":["M","M","$","M","M","E","R","E","T","E"],"character_chosen":"MARISA","items_purchased":["Dexterity Potion"],"campfire_rested":1,"item_purchase_floors":[3],"current_hp_per_floor":[62,53,53,38,38,28,49,20,20,0,0],"gold":112,"neow_bonus":"TRANSFORM_TWO_CARDS","is_daily":false,"chose_seed":false,"campfire_upgraded":0,"win_rate":0.0,"timestamp":1608020878,"path_taken":["M","M","$","M","?","E","R","E","T","E"],"items_purchased_type":["Potion"],"build_version":"2020-12-13","purchased_purges":1,"victory":false,"max_hp_per_floor":[70,70,70,70,70,70,70,70,70,70,70],"card_choices":[{"not_picked":["ShootingEcho","AsteroidBelt"],"picked":"PulseMagic","floor":1.0},{"not_picked":["NonDirectionalLaser","PowerUp"],"picked":"SprinkleStarSeal","floor":2.0},{"not_picked":["PropBag","Robbery"],"picked":"SporeBomb","floor":4.0},{"not_picked":["UnstableBomb","EnergyFlow"],"picked":"MeteoricShower","floor":5.0},{"not_picked":["MachineGunSpark","Occultation","AlicesGift"],"picked":"SKIP","floor":6.0},{"not_picked":["BlazeAway","RefractionSpark"],"picked":"SuperPerseids","floor":8}],"player_experience":1151283,"relics_obtained":[{"floor":6.0,"key":"Nunchaku"},{"floor":8,"key":"Bag of Preparation"},{"floor":9,"key":"Juzu Bracelet"}],"event_choices":[],"is_beta":false,"boss_relics":[],"items_purged_floors":[3],"is_endless":false,"potions_floor_spawned":[2,4,5],"killed_by":"3 Sentries","ascension_level":19}}