{"host":"dojadh45vvs5q3bn","time":1608041874,"event":{"mods":["Abigail Mod","Act Like it!","BaseMod","Colored Powertips","Friendly Minions","Gensokyo","GungeonMod","Minty Spire (QoL Compilation)","Prisma Mod","StSLib","The Alterego","The Animator","The Senshi"],"gold_per_floor":[112,164,164,164,183,213,50,84,139,139,158,34,71,25,25,134,134,151,111,124,155,155,155,192,212,236,270,285,333,333,354,354,530,530,553,553,553,279,338,376,376,416,416,433,454,454,483,506,506,511,511,511,225,272,272,272],"floor_reached":55,"playtime":3353,"items_purged":[],"score":1148,"play_id":"ff906531-a2d0-4360-bca3-d46a5fcc8178","local_time":"20201215151754","is_ascension_mode":true,"campfire_choices":[{"floor":10.0,"key":"REST"},{"data":"DemoMod:TableSutra","floor":15.0,"key":"SMITH"},{"data":"DemoMod:ManualReload","floor":23.0,"key":"SMITH"},{"data":"DemoMod:HungryBullets","floor":32.0,"key":"SMITH"},{"data":"DemoMod:ConditionalReflex","floor":41.0,"key":"SMITH"},{"data":"DemoMod:ShadowBullets","floor":46.0,"key":"SMITH"},{"floor":49.0,"key":"RECALL"},{"data":"DemoMod:PotionOfGunFriendShip","floor":52.0,"key":"SMITH"}],"circlet_count":0,"master_deck":["DemoMod:Strike_Huntress","DemoMod:Strike_Huntress","DemoMod:Defend_Huntress","DemoMod:Defend_Huntress+1","DemoMod:Defend_Huntress","DemoMod:Defend_Huntress","DemoMod:Roll","DemoMod:ManualReload+1","DemoMod:RustySidearm","DemoMod:DirectionalPad+1","DemoMod:TableSutra+1","DemoMod:Evolver","DemoMod:StrategicReserve","DemoMod:HardPowerCard","DemoMod:Polaris","DemoMod:BoxingGlove","DemoMod:TeaPot","DemoMod:DirectionalPad","DemoMod:ChanceBullets","DemoMod:HuntsMan","DemoMod:DirectionalPad","DemoMod:Gungine+1","DemoMod:TableSutra","DemoMod:FastSwitch","DemoMod:HuntsMan+1","DemoMod:StrategicReserve+1","DemoMod:ProbeStrike","DemoMod:PotionOfGunFriendShip+1","DemoMod:RadGun","DemoMod:HardPowerCard","DemoMod:HardPowerCard","DemoMod:HungryBullets+1","DemoMod:HuntsMan","DemoMod:ShadowBullets+1","DemoMod:ConditionalReflex+1","DemoMod:MachoBrace+1","DemoMod:MachoBrace+1","DemoMod:AbyssalTentacle","DemoMod:HuntsMan+1","DemoMod:ProbeStrike","DemoMod:FastSwitch","Finesse","DemoMod:FastSwitch"],"relics":["DemoMod:Dog","InkBottle","DemoMod:GnawedKey","Toy Ornithopter","DemoMod:HoleyGrail","Ancient Tea Set","SlaversCollar","DemoMod:WhiteGuonStone","theSenshi:SailorFukuRelic","Vajra","Lantern","Enchiridion","Black Star","TheAbacus","DemoMod:PinkGuonStone","Strawberry","Meat on the Bone","DemoMod:DecoyRelic","FossilizedHelix","Anchor","Darkstone Periapt","HandDrill","Bottled Lightning","Boot"],"acts_visited":["Exordium","TheCity","TheBeyond","TheEnding"],"potions_floor_usage":[54,54,55],"damage_taken":[{"damage":4.0,"enemies":"Jaw Worm","floor":1.0,"turns":4.0},{"damage":0.0,"enemies":"2 Louse","floor":2.0,"turns":3.0},{"damage":0.0,"enemies":"Cultist","floor":5.0,"turns":3.0},{"damage":30.0,"enemies":"Gremlin Nob","floor":6.0,"turns":5.0},{"damage":2.0,"enemies":"3 Sentries","floor":8.0,"turns":9.0},{"damage":1.0,"enemies":"Gremlin Gang","floor":11.0,"turns":6.0},{"damage":20.0,"enemies":"Lagavulin","floor":13.0,"turns":6.0},{"damage":10.0,"enemies":"Hexaghost","floor":16.0,"turns":11.0},{"damage":15.0,"enemies":"Shell Parasite","floor":18.0,"turns":5.0},{"damage":6.0,"enemies":"Chosen","floor":20.0,"turns":4.0},{"damage":5.0,"enemies":"Snake Plant","floor":21.0,"turns":7.0},{"damage":12.0,"enemies":"Gremlin Leader","floor":24.0,"turns":6.0},{"damage":0.0,"enemies":"Cultist and Chosen","floor":25.0,"turns":7.0},{"damage":6.0,"enemies":"Book of Stabbing","floor":27.0,"turns":5.0},{"damage":0.0,"enemies":"3 Cultists","floor":28.0,"turns":5.0},{"damage":16.0,"enemies":"Slavers","floor":29.0,"turns":6.0},{"damage":3.0,"enemies":"Snake Plant","floor":31.0,"turns":4.0},{"damage":0.0,"enemies":"Collector","floor":33.0,"turns":10.0},{"damage":7.0,"enemies":"3 Darklings","floor":35.0,"turns":5.0},{"damage":16.0,"enemies":"Orb Walker","floor":39.0,"turns":4.0},{"damage":22.0,"enemies":"Reptomancer","floor":40.0,"turns":7.0},{"damage":3.0,"enemies":"Giant Head","floor":42.0,"turns":8.0},{"damage":0.0,"enemies":"Sphere and 2 Shapes","floor":44.0,"turns":5.0},{"damage":30.0,"enemies":"Writhing Mass","floor":45.0,"turns":11.0},{"damage":0.0,"enemies":"Nemesis","floor":47.0,"turns":5.0},{"damage":0.0,"enemies":"Awakened One","floor":50.0,"turns":9.0},{"damage":55,"enemies":"Shield and Spear","floor":54,"turns":7},{"damage":53,"enemies":"The Heart","floor":55,"turns":3}],"seed_played":"1896183417484148885","potions_obtained":[{"floor":1.0,"key":"EssenceOfSteel"},{"floor":8.0,"key":"DuplicationPotion"},{"floor":13.0,"key":"SteroidPotion"},{"floor":16.0,"key":"Fire Potion"},{"floor":18.0,"key":"DemoMod:LeadSkinPotion"},{"floor":28.0,"key":"Weak Potion"},{"floor":29.0,"key":"ColorlessPotion"},{"floor":35.0,"key":"Dexterity Potion"},{"floor":37.0,"key":"GamblersBrew"},{"floor":39.0,"key":"Strength Potion"},{"floor":44.0,"key":"ColorlessPotion"}],"is_trial":false,"path_per_floor":["M","M","?","?","M","E","$","E","T","R","M","$","E","$","R","B",null,"M","?","M","M","?","R","E","M","T","E","M","E","?","M","R","B",null,"M","?","?","$","M","E","R","E","T","M","M","R","E","T","R","B",null,"R","$","E","B"],"character_chosen":"HUNTRESS","items_purchased":["DemoMod:GnawedKey","DemoMod:HardPowerCard","DemoMod:DirectionalPad","DemoMod:ChanceBullets","DemoMod:DirectionalPad","DemoMod:ShadowBullets","TheAbacus","DemoMod:ConditionalReflex","HandDrill","DemoMod:FastSwitch","Finesse"],"campfire_rested":1,"item_purchase_floors":[7,7,12,12,14,38,38,38,53,53,53],"current_hp_per_floor":[73,73,66,51,51,21,21,19,19,42,46,46,26,26,26,16,77,62,62,56,51,51,51,39,39,39,38,43,32,16,23,23,23,77,70,70,70,70,59,56,56,53,53,53,40,40,52,52,52,52,91,91,91,48,0,0],"gold":272,"neow_bonus":"TEN_PERCENT_HP_BONUS","is_daily":false,"chose_seed":false,"campfire_upgraded":6,"win_rate":0.0,"timestamp":1608041874,"path_taken":["M","M","?","?","M","E","?","E","T","R","M","$","E","?","R","BOSS","M","?","?","M","?","R","E","M","T","E","M","E","?","M","R","BOSS","M","?","?","$","?","E","R","E","T","?","M","R","E","?","R","BOSS","R","$","E","BOSS"],"items_purchased_type":["Relic","Card","Card","Card","Card","Card","Relic","Card","Relic","Card","Card"],"build_version":"2020-12-13","purchased_purges":0,"victory":false,"max_hp_per_floor":[77,77,77,77,77,77,77,77,77,77,77,77,77,77,77,77,77,77,77,77,77,77,77,77,77,77,77,77,77,77,77,77,77,77,77,77,77,77,77,91,91,91,91,91,91,91,91,91,91,91,91,91,91,91,91,91],"card_choices":[{"not_picked":["DemoMod:MachoBrace","DemoMod:Unmoved"],"picked":"DemoMod:DirectionalPad","floor":1.0},{"not_picked":["DemoMod:ZorGun","DemoMod:DoubleSwitch"],"picked":"DemoMod:TableSutra","floor":2.0},{"not_picked":["DemoMod:HuntsMan","DemoMod:HardPowerCard"],"picked":"DemoMod:Evolver","floor":5.0},{"not_picked":["DemoMod:FeignSurrender","DemoMod:Replace"],"picked":"DemoMod:StrategicReserve","floor":6.0},{"not_picked":["DemoMod:MegaHand","DemoMod:TableSutra"],"picked":"DemoMod:Polaris","floor":8.0},{"not_picked":["DemoMod:FortunesFavor","DemoMod:StickyCrossBow"],"picked":"DemoMod:BoxingGlove","floor":11.0},{"not_picked":["DemoMod:DirectionalPad","DemoMod:MachoBrace"],"picked":"DemoMod:TeaPot","floor":11.0},{"not_picked":["DemoMod:CursedBullets","DemoMod:BSG"],"picked":"DemoMod:HuntsMan","floor":13.0},{"not_picked":["DemoMod:FightSabre","DemoMod:Desperate"],"picked":"DemoMod:Gungine","floor":16.0},{"not_picked":["DemoMod:AC15","DemoMod:ChanceBullets"],"picked":"DemoMod:TableSutra","floor":18.0},{"not_picked":["DemoMod:AC15+1","DemoMod:BoxingGlove"],"picked":"DemoMod:FastSwitch","floor":20.0},{"not_picked":["DemoMod:CursedBullets","DemoMod:BoxingGlove+1"],"picked":"DemoMod:HuntsMan+1","floor":20.0},{"not_picked":["DemoMod:Camera","DemoMod:FastSwitch"],"picked":"DemoMod:StrategicReserve+1","floor":21.0},{"not_picked":["DemoMod:SniperShot","DemoMod:Gungine"],"picked":"DemoMod:ProbeStrike","floor":24.0},{"not_picked":["DemoMod:AC15","DemoMod:JK47"],"picked":"DemoMod:PotionOfGunFriendShip","floor":25.0},{"not_picked":["DemoMod:SAA+1","DemoMod:GunstockTap+1"],"picked":"DemoMod:RadGun","floor":27.0},{"not_picked":["DemoMod:Ejector","DemoMod:StickyCrossBow+1"],"picked":"DemoMod:HardPowerCard","floor":28.0},{"not_picked":["DemoMod:Replace","DemoMod:ConditionalReflex"],"picked":"DemoMod:HardPowerCard","floor":29.0},{"not_picked":["DemoMod:GunstockTap","DemoMod:BlackHoleGun"],"picked":"DemoMod:HungryBullets","floor":31.0},{"not_picked":["DemoMod:Unmoved","DemoMod:Ejector"],"picked":"DemoMod:HuntsMan","floor":35.0},{"not_picked":["DemoMod:Replace","DemoMod:TripleGun+1"],"picked":"DemoMod:MachoBrace+1","floor":39.0},{"not_picked":["DemoMod:LifeOrb+1","DemoMod:HighKaliber"],"picked":"DemoMod:MachoBrace+1","floor":40.0},{"not_picked":["DemoMod:AC15+1","DemoMod:DoubleSwitch+1"],"picked":"DemoMod:AbyssalTentacle","floor":42.0},{"not_picked":["DemoMod:StickyCrossBow","DemoMod:HungryBullets"],"picked":"DemoMod:HuntsMan+1","floor":44.0},{"not_picked":["DemoMod:BoxingGlove","DemoMod:HighKaliber","DemoMod:Ejector+1"],"picked":"SKIP","floor":45.0},{"not_picked":["DemoMod:ChanceBullets+1","DemoMod:HardPowerCard+1"],"picked":"DemoMod:ProbeStrike","floor":47.0},{"not_picked":["DemoMod:DoubleSwitch","DemoMod:SAA+1"],"picked":"DemoMod:FastSwitch","floor":54}],"player_experience":443740,"relics_obtained":[{"floor":6.0,"key":"InkBottle"},{"floor":8.0,"key":"Toy Ornithopter"},{"floor":9.0,"key":"DemoMod:HoleyGrail"},{"floor":13.0,"key":"Ancient Tea Set"},{"floor":24.0,"key":"DemoMod:WhiteGuonStone"},{"floor":26.0,"key":"theSenshi:SailorFukuRelic"},{"floor":27.0,"key":"Vajra"},{"floor":29.0,"key":"Lantern"},{"floor":30.0,"key":"Enchiridion"},{"floor":40.0,"key":"DemoMod:PinkGuonStone"},{"floor":40.0,"key":"Strawberry"},{"floor":42.0,"key":"Meat on the Bone"},{"floor":42.0,"key":"DemoMod:DecoyRelic"},{"floor":43.0,"key":"FossilizedHelix"},{"floor":47.0,"key":"Anchor"},{"floor":47.0,"key":"Darkstone Periapt"},{"floor":54,"key":"Bottled Lightning"},{"floor":54,"key":"Boot"}],"event_choices":[{"cards_removed":["DemoMod:Strike_Huntress"],"damage_healed":0.0,"max_hp_gain":0.0,"max_hp_loss":0.0,"gold_gain":0.0,"event_name":"Golden Wing","player_choice":"Card Removal","floor":3.0,"gold_loss":0.0,"damage_taken":7.0},{"damage_healed":0.0,"max_hp_gain":0.0,"max_hp_loss":0.0,"gold_gain":0.0,"event_name":"Shining Light","player_choice":"Entered Light","floor":4.0,"gold_loss":0.0,"damage_taken":15.0,"cards_upgraded":["DemoMod:Defend_Huntress","DemoMod:DirectionalPad"]},{"damage_healed":0.0,"max_hp_gain":0.0,"max_hp_loss":0.0,"gold_gain":0.0,"event_name":"Designer","player_choice":"Upgrade","floor":19.0,"gold_loss":40.0,"damage_taken":0.0,"cards_upgraded":["DemoMod:Gungine"]},{"damage_healed":0.0,"max_hp_gain":0.0,"max_hp_loss":0.0,"gold_gain":0.0,"event_name":"Vampires","player_choice":"Ignored","floor":22.0,"gold_loss":0.0,"damage_taken":0.0},{"damage_healed":0.0,"max_hp_gain":0.0,"max_hp_loss":0.0,"gold_gain":0.0,"event_name":"Cursed Tome","player_choice":"Obtained Book","floor":30.0,"gold_loss":0.0,"damage_taken":16.0},{"cards_removed":["DemoMod:CrossBow"],"damage_healed":0.0,"max_hp_gain":0.0,"max_hp_loss":0.0,"gold_gain":0.0,"event_name":"Falling","player_choice":"Removed Attack","floor":36.0,"gold_loss":0.0,"damage_taken":0.0},{"damage_healed":0.0,"max_hp_gain":0.0,"max_hp_loss":0.0,"gold_gain":0.0,"event_name":"Lab","player_choice":"Got Potions","floor":37.0,"gold_loss":0.0,"damage_taken":0.0}],"is_beta":false,"boss_relics":[{"not_picked":["Ectoplasm","Velvet Choker"],"picked":"SlaversCollar"},{"not_picked":["Sozu","Astrolabe"],"picked":"Black Star"}],"items_purged_floors":[],"is_endless":false,"potions_floor_spawned":[1,8,13,16,18,21,25,28,29,35,39,44],"killed_by":"The Heart","ascension_level":3}}