{"host":"121m0oxswv9tg9hk","time":1608043866,"event":{"mods":["AchievementEnabler","BaseMod","Better Third Choice","Downfall","Hermit","Hubris","Infinite Spire","MarisaÅiñ∂âJÅ@ñÇóùçπÅj","Minty Spire (QoL Compilation)","Replay The Spire","Shade Mod","StSLib","The Construct","The Cursed","The Gatherer","The Hierophant","The Mystic"],"gold_per_floor":[117,130,55,72,89,89,89],"floor_reached":6,"playtime":453,"items_purged":[],"score":76,"play_id":"7fe1e3d2-d545-4581-8420-06d2ae17f796","local_time":"20201215155106","is_ascension_mode":true,"campfire_choices":[],"circlet_count":0,"master_deck":["AscendersBane","Strike_R","Strike_R","Strike_R","Strike_R","Defend_R","Defend_R","Defend_R","Defend_R","Bash","Iron Wave","Iron Wave","True Grit","Hemogenesis"],"relics":["Burning Blood","sneckomod:BlankCard"],"acts_visited":["Exordium"],"potions_floor_usage":[5],"damage_taken":[{"damage":34,"enemies":"infinitespire:Voidling","floor":1,"turns":5},{"damage":7,"enemies":"2 Louse","floor":2,"turns":3},{"damage":2,"enemies":"Small Slimes","floor":4,"turns":5},{"damage":26,"enemies":"Gremlin Gang","floor":5,"turns":8},{"damage":54,"enemies":"Replay:BlueRogue","floor":6,"turns":15}],"seed_played":"-704161686567244897","potions_obtained":[{"floor":4,"key":"Adrenaline Potion"}],"is_trial":false,"path_per_floor":["M","M","?","M","M","E"],"character_chosen":"IRONCLAD","items_purchased":[],"campfire_rested":0,"item_purchase_floors":[],"current_hp_per_floor":[52,51,51,55,35,0,0],"gold":89,"neow_bonus":"RANDOM_COMMON_RELIC","is_daily":false,"chose_seed":false,"campfire_upgraded":0,"win_rate":0.0,"timestamp":1608043866,"path_taken":["M","?","?","M","M","E"],"items_purchased_type":[],"build_version":"2020-12-13","purchased_purges":0,"victory":false,"max_hp_per_floor":[75,75,75,75,75,75,75],"card_choices":[{"not_picked":["Clothesline","Infernal Blade"],"picked":"Iron Wave","floor":1},{"not_picked":["Flex","ReplayTheSpireMod:Corrosion Curse"],"picked":"Iron Wave","floor":2},{"not_picked":["Shrug It Off","Clothesline"],"picked":"True Grit","floor":4},{"not_picked":["Havoc","Headbutt"],"picked":"Hemogenesis","floor":5}],"player_experience":2847634,"relics_obtained":[],"event_choices":[{"cards_removed":["Strike_R"],"damage_healed":0,"gold_gain":0,"player_choice":"Card Removal","damage_taken":0,"max_hp_gain":0,"max_hp_loss":0,"event_name":"The Cleric","floor":3,"gold_loss":75}],"is_beta":false,"boss_relics":[],"items_purged_floors":[],"is_endless":false,"potions_floor_spawned":[4],"killed_by":"Replay:BlueRogue","ascension_level":20}}