{"host":"9v3x998ddbx8o276","time":1608002430,"event":{"mods":["AchievementEnabler","BaseMod","Colored Map","Highlight Path","Minty Spire (QoL Compilation)","Quick Restart","Rare Cards Sparkle"],"gold_per_floor":[118,118,131,1,1,1,1,1,80,108,108,108,141,141,141,141,141],"floor_reached":16,"playtime":1245,"items_purged":[],"score":258,"play_id":"90eaced0-0ec5-4c6e-8176-33087ff57238","local_time":"20201215135030","is_ascension_mode":true,"campfire_choices":[{"data":"Uppercut","floor":6.0,"key":"SMITH"},{"data":"Inflame","floor":8.0,"key":"SMITH"},{"data":"Whirlwind","floor":11.0,"key":"SMITH"},{"floor":15,"key":"REST"}],"circlet_count":0,"master_deck":["AscendersBane","Strike_R","Strike_R","Strike_R","Strike_R","Strike_R","Defend_R","Defend_R","Defend_R","Defend_R","Bash","Headbutt","Uppercut+1","Inflame+1","Whirlwind+1","Flame Barrier"],"relics":["Burning Blood","NeowsBlessing","Strawberry","White Beast Statue","Bag of Preparation","Golden Idol","Ornamental Fan","Pocketwatch"],"acts_visited":["Exordium"],"potions_floor_usage":[16],"damage_taken":[{"damage":2.0,"enemies":"Small Slimes","floor":1.0,"turns":2.0},{"damage":0.0,"enemies":"Cultist","floor":3.0,"turns":1.0},{"damage":0.0,"enemies":"Gremlin Nob","floor":10.0,"turns":1.0},{"damage":25,"enemies":"Lagavulin","floor":13,"turns":6},{"damage":17,"enemies":"Hexaghost","floor":16,"turns":9}],"seed_played":"245179988083831328","potions_obtained":[{"floor":10.0,"key":"Ancient Potion"},{"floor":13,"key":"AttackPotion"}],"is_trial":false,"path_per_floor":["M","?","M","$","$","R","$","R","T","E","R","?","E","?","R","B"],"character_chosen":"IRONCLAD","items_purchased":["Uppercut","Inflame"],"campfire_rested":1,"item_purchase_floors":[4,4],"current_hp_per_floor":[72,79,82,82,82,82,82,82,82,82,82,54,35,9,33,16,16],"gold":141,"neow_bonus":"THREE_ENEMY_KILL","is_daily":false,"chose_seed":false,"campfire_upgraded":3,"win_rate":0.0,"timestamp":1608002430,"path_taken":["M","?","?","?","$","R","$","R","T","E","R","?","E","?","R","BOSS"],"items_purchased_type":["Card","Card"],"build_version":"2020-12-13","purchased_purges":0,"victory":false,"max_hp_per_floor":[75,82,82,82,82,82,82,82,82,82,82,82,82,82,82,82,82],"card_choices":[{"not_picked":["Havoc","Iron Wave"],"picked":"Anger","floor":1.0},{"not_picked":["Clash","Body Slam"],"picked":"Headbutt","floor":3.0},{"not_picked":["Anger","Exhume"],"picked":"Whirlwind","floor":10.0},{"not_picked":["Sword Boomerang","Carnage"],"picked":"Flame Barrier","floor":13}],"player_experience":2031621,"relics_obtained":[{"floor":9.0,"key":"White Beast Statue"},{"floor":10.0,"key":"Bag of Preparation"},{"floor":13,"key":"Ornamental Fan"}],"event_choices":[{"cards_removed":["Anger"],"damage_healed":0.0,"max_hp_gain":0.0,"max_hp_loss":0.0,"gold_gain":0.0,"event_name":"WeMeetAgain","player_choice":"Gave Card","floor":2.0,"gold_loss":0.0,"damage_taken":0.0,"relics_obtained":["Strawberry"]},{"damage_healed":0.0,"max_hp_gain":0.0,"max_hp_loss":0.0,"gold_gain":0.0,"event_name":"Golden Idol","player_choice":"Take Damage","floor":12.0,"gold_loss":0.0,"damage_taken":28.0,"relics_obtained":["Golden Idol"]},{"damage_healed":0,"gold_gain":0,"player_choice":"Success","damage_taken":26,"relics_obtained":["Pocketwatch"],"max_hp_gain":0,"max_hp_loss":0,"event_name":"Scrap Ooze","floor":14,"gold_loss":0}],"is_beta":false,"boss_relics":[],"items_purged_floors":[],"is_endless":false,"potions_floor_spawned":[10,13],"killed_by":"Hexaghost","ascension_level":20}}