{"host":"ºËÐÄµçÓ¿","time":1608046265,"event":{"mods":["BaseMod","Minty Spire (QoL Compilation)","The Servant 0.9.4"],"gold_per_floor":[111,81,94,19,34,34,67,82,129,140,140,155,172,206,206,303,303,323,191,191,191],"floor_reached":20,"playtime":1631,"items_purged":["Strike_S","Strike_S"],"score":186,"play_id":"45b9aaf9-dd5b-4179-a730-30d93ef2820c","local_time":"20201215233105","is_ascension_mode":false,"campfire_choices":[{"data":"SilverBlades","floor":6.0,"key":"SMITH"},{"data":"Exchange","floor":11.0,"key":"SMITH"},{"data":"Luminosity","floor":15,"key":"SMITH"}],"circlet_count":0,"master_deck":["Strike_S","Strike_S","Defend_S","Defend_S","Defend_S","Defend_S","KidneyShot","Exchange+1","SilverBlades+1","BottledTime","BestPractice","SoulSculpture","Rearm","Starlight","Luminosity+1","FastForward","FlawlessForm","TimeWarp","StarChef"],"relics":["Uniform","NeowsBlessing","Ornamental Fan","Blood Vial","Smiling Mask","Runic Pyramid"],"acts_visited":["Exordium","TheCity"],"potions_floor_usage":[16,18,18,20,20],"damage_taken":[{"damage":0.0,"enemies":"Cultist","floor":1.0,"turns":1.0},{"damage":0.0,"enemies":"2 Louse","floor":3.0,"turns":1.0},{"damage":0.0,"enemies":"Small Slimes","floor":5.0,"turns":1.0},{"damage":20.0,"enemies":"Gremlin Nob","floor":7.0,"turns":4.0},{"damage":1.0,"enemies":"2 Fungi Beasts","floor":8.0,"turns":5.0},{"damage":0.0,"enemies":"Large Slime","floor":10.0,"turns":6.0},{"damage":7.0,"enemies":"Exordium Thugs","floor":12.0,"turns":5.0},{"damage":4.0,"enemies":"Looter","floor":13.0,"turns":3.0},{"damage":14.0,"enemies":"3 Sentries","floor":14.0,"turns":6.0},{"damage":5,"enemies":"Slime Boss","floor":16,"turns":9},{"damage":6,"enemies":"2 Thieves","floor":18,"turns":5},{"damage":55,"enemies":"Masked Bandits","floor":20,"turns":6}],"seed_played":"-8361200945096122414","potions_obtained":[{"floor":1.0,"key":"Ancient Potion"},{"floor":2.0,"key":"SteroidPotion"},{"floor":2.0,"key":"DuplicationPotion"},{"floor":3.0,"key":"AttackPotion"},{"floor":7.0,"key":"Fire Potion"},{"floor":13.0,"key":"SneckoOil"},{"floor":14,"key":"SkillPotion"},{"floor":16,"key":"Explosive Potion"},{"floor":18,"key":"PowerPotion"}],"is_trial":false,"path_per_floor":["M","?","M","$","M","R","E","M","T","M","R","M","M","E","R","B",null,"M","$","?"],"character_chosen":"THE_SERVANT","items_purchased":["StarChef"],"campfire_rested":0,"item_purchase_floors":[19],"current_hp_per_floor":[65,65,65,65,65,65,45,44,44,46,46,41,39,27,27,24,65,59,59,6,6],"gold":191,"neow_bonus":"THREE_ENEMY_KILL","is_daily":false,"chose_seed":false,"campfire_upgraded":3,"win_rate":0.0,"timestamp":1608046265,"path_taken":["M","?","M","$","?","R","E","M","T","M","R","M","M","E","R","BOSS","M","$","?"],"items_purchased_type":["Card"],"build_version":"2020-12-07","purchased_purges":2,"victory":false,"max_hp_per_floor":[65,65,65,65,65,65,65,65,65,65,65,65,65,65,65,65,65,65,65,65,65],"card_choices":[{"not_picked":["Reset","Unruled"],"picked":"SilverBlades","floor":1.0},{"not_picked":["Foresight","TimeWarp"],"picked":"BottledTime","floor":3.0},{"not_picked":["StarChef","Rearm"],"picked":"BestPractice","floor":5.0},{"not_picked":["DoubleEdge","ShatteredReality"],"picked":"SoulSculpture","floor":7.0},{"not_picked":["SpecialFormula","Foresight","Alleviate"],"picked":"SKIP","floor":8.0},{"not_picked":["Read","Unruled"],"picked":"Rearm","floor":10.0},{"not_picked":["Replace","Potential"],"picked":"Starlight","floor":12.0},{"not_picked":["Spin","DualDimension"],"picked":"Luminosity","floor":13.0},{"not_picked":["ShatteredReality","Revamp"],"picked":"FastForward","floor":14},{"not_picked":["MurderousAura","Solidify"],"picked":"FlawlessForm","floor":16},{"not_picked":["Foresight","Alleviate"],"picked":"TimeWarp","floor":18}],"player_experience":195975,"relics_obtained":[{"floor":7.0,"key":"Ornamental Fan"},{"floor":9.0,"key":"Blood Vial"},{"floor":14,"key":"Smiling Mask"}],"event_choices":[{"damage_healed":0.0,"max_hp_gain":0.0,"max_hp_loss":0.0,"gold_gain":0.0,"event_name":"The Woman in Blue","player_choice":"Bought 2 Potions","floor":2.0,"gold_loss":0.0,"damage_taken":0.0},{"damage_healed":0,"gold_gain":0,"player_choice":"Fought Bandits","damage_taken":0,"max_hp_gain":0,"max_hp_loss":0,"event_name":"Masked Bandits","floor":20,"gold_loss":0}],"is_beta":true,"boss_relics":[{"not_picked":["SacredBark","Snecko Eye"],"picked":"Runic Pyramid"}],"items_purged_floors":[4,19],"is_endless":false,"potions_floor_spawned":[1,3,7,13,14,16,18],"killed_by":"Masked Bandits","ascension_level":0}}