{"host":"x7uw0zl1hulx3jrn","time":1608047545,"event":{"mods":["BaseMod","BetterRewards","Card Filter","Colored Powertips","Highlight Path","KOR Keyword Fix","Marisa£¨Ùöéë¡¡Øª×âÞÞ£©","Minty Spire (QoL Compilation)","Shop Mod","StSLib","SuperFastMode","The Poker Player"],"gold_per_floor":[116,116,129,142,152,152,183,203,203,231,244,262,279,279,279,378,378,398,79,97,113,212,246,246,280,280,314,333,258,271,71,71,167,167,178,197,197,208,262,262,275,275,299,299,299,313,326,340,340,340,340,340,115,148,148],"floor_reached":56,"playtime":2018,"items_purged":["PokerPlayerMod:Diamond1","PokerPlayerMod:Spade1","PokerPlayerMod:Club1","PokerPlayerMod:Spade2","PokerPlayerMod:Club2","PokerPlayerMod:Club9","PokerPlayerMod:Raise+1"],"score":1990,"play_id":"e47ac636-2381-4950-8b59-907e5b7720ad","local_time":"20201216005225","is_ascension_mode":true,"metric_token":798,"campfire_choices":[{"data":"PokerPlayerMod:Diamond3","floor":6,"key":"SMITH"},{"data":"PokerPlayerMod:Spade3","floor":15,"key":"SMITH"},{"floor":24,"key":"RECALL"},{"data":"PokerPlayerMod:Heart2","floor":32,"key":"SMITH"},{"data":"PokerPlayerMod:Sharpen","floor":40,"key":"SMITH"},{"data":"PokerPlayerMod:Mulligan","floor":42,"key":"SMITH"},{"data":"PokerPlayerMod:BadJoker","floor":44,"key":"SMITH"},{"data":"PokerPlayerMod:GamblerForm","floor":49,"key":"SMITH"},{"data":"PokerPlayerMod:Heart3","floor":52,"key":"SMITH"}],"circlet_count":0,"master_deck":["PokerPlayerMod:Diamond4","PokerPlayerMod:Diamond4","PokerPlayerMod:Spade4","PokerPlayerMod:Spade4","PokerPlayerMod:Heart4","PokerPlayerMod:Mulligan+1","PokerPlayerMod:Sharpen+1","PokerPlayerMod:Diamond4","PokerPlayerMod:Diamond4","PokerPlayerMod:Heart6","PokerPlayerMod:Spade4","PokerPlayerMod:Spade4","PokerPlayerMod:Spade4","PokerPlayerMod:Diamond4","PokerPlayerMod:GamblerForm+1","PokerPlayerMod:Diamond4","PokerPlayerMod:Club4","PokerPlayerMod:Diamond4","PokerPlayerMod:Club4","PokerPlayerMod:FakeSymbols"],"relics":["PokerPlayerMod:DeckCase","Boot","ClockworkSouvenir","Singing Bowl","Medical Kit","PokerPlayerMod:StuffedPocket","Dream Catcher","Velvet Choker","MerchantsRug","Mummified Hand","Ornamental Fan","Calipers","Pantograph","Philosopher\u0027s Stone","Bird Faced Urn","PreservedInsect","Pen Nib"],"acts_visited":["Exordium","TheCity","TheBeyond","TheEnding"],"potions_floor_usage":[],"damage_taken":[{"damage":12,"enemies":"Jaw Worm","floor":1,"turns":2},{"damage":0,"enemies":"Small Slimes","floor":3,"turns":2},{"damage":0,"enemies":"2 Louse","floor":4,"turns":1},{"damage":11,"enemies":"Looter","floor":5,"turns":2},{"damage":11,"enemies":"Lagavulin","floor":7,"turns":4},{"damage":13,"enemies":"Blue Slaver","floor":8,"turns":2},{"damage":12,"enemies":"Gremlin Nob","floor":10,"turns":3},{"damage":6,"enemies":"2 Fungi Beasts","floor":11,"turns":2},{"damage":6,"enemies":"Red Slaver","floor":12,"turns":2},{"damage":0,"enemies":"3 Louse","floor":13,"turns":1},{"damage":0,"enemies":"Slime Boss","floor":16,"turns":4},{"damage":0,"enemies":"2 Thieves","floor":18,"turns":2},{"damage":0,"enemies":"3 Byrds","floor":20,"turns":3},{"damage":4,"enemies":"Shelled Parasite and Fungi","floor":21,"turns":3},{"damage":0,"enemies":"Gremlin Leader","floor":23,"turns":5},{"damage":11,"enemies":"Book of Stabbing","floor":25,"turns":4},{"damage":0,"enemies":"Gremlin Leader","floor":27,"turns":4},{"damage":0,"enemies":"Cultist and Chosen","floor":28,"turns":4},{"damage":0,"enemies":"3 Cultists","floor":30,"turns":2},{"damage":0,"enemies":"Champ","floor":33,"turns":10},{"damage":4,"enemies":"3 Darklings","floor":35,"turns":4},{"damage":0,"enemies":"Orb Walker","floor":36,"turns":2},{"damage":0,"enemies":"Spire Growth","floor":38,"turns":4},{"damage":23,"enemies":"2 Orb Walkers","floor":39,"turns":4},{"damage":12,"enemies":"Writhing Mass","floor":41,"turns":4},{"damage":0,"enemies":"Maw","floor":46,"turns":4},{"damage":0,"enemies":"Sphere and 2 Shapes","floor":47,"turns":3},{"damage":0,"enemies":"Transient","floor":48,"turns":5},{"damage":26,"enemies":"Awakened One","floor":50,"turns":10},{"damage":0,"enemies":"Shield and Spear","floor":54,"turns":3},{"damage":8,"enemies":"The Heart","floor":55,"turns":9}],"seed_played":"8805139295587939981","potions_obtained":[{"floor":4,"key":"SpeedPotion"},{"floor":5,"key":"DistilledChaos"},{"floor":7,"key":"Swift Potion"},{"floor":12,"key":"PowerPotion"},{"floor":20,"key":"DuplicationPotion"},{"floor":23,"key":"Weak Potion"},{"floor":48,"key":"FairyPotion"}],"is_trial":false,"path_per_floor":["M","?","M","M","M","R","E","M","T","E","M","M","M","?","R","B",null,"M","$","M","M","?","E","R","E","T","E","M","?","M","$","R","B",null,"M","M","?","M","?","R","M","R","T","R","?","M","M","M","R","B",null,"R","$","E","B",null],"character_chosen":"THE_POKER_PLAYER","items_purchased":["Boot","PokerPlayerMod:Sharpen","ClockworkSouvenir","Singing Bowl","Medical Kit","MerchantsRug"],"campfire_rested":0,"item_purchase_floors":[0,0,0,0,0,19],"current_hp_per_floor":[42,42,44,46,39,39,45,42,42,45,51,56,58,63,63,71,71,73,73,73,75,75,75,75,72,72,77,79,79,79,79,79,79,79,79,81,81,83,60,60,81,81,81,81,81,85,87,87,87,87,87,87,87,87,87],"gold":148,"neow_bonus":"","is_daily":false,"chose_seed":false,"campfire_upgraded":8,"win_rate":0.0,"timestamp":1608047545,"path_taken":["M","?","M","M","M","R","E","M","T","E","M","M","M","?","R","BOSS","M","$","M","M","?","E","R","E","T","E","M","?","M","$","R","BOSS","M","M","?","M","?","R","M","R","T","R","?","M","M","?","R","BOSS","R","$","E","BOSS"],"items_purchased_type":["Relic","Card","Relic","Relic","Relic","Relic"],"build_version":"2020-12-13","purchased_purges":7,"victory":true,"max_hp_per_floor":[54,54,54,54,54,54,56,58,58,60,60,62,64,69,69,71,71,73,73,73,75,75,75,75,77,77,77,79,79,79,79,79,79,79,79,81,81,83,83,83,83,83,83,83,83,85,87,87,87,87,87,87,87,87,87],"card_choices":[{"not_picked":["PokerPlayerMod:Harden","PokerPlayerMod:DartThrow","PokerPlayerMod:Spade2"],"picked":"Singing Bowl","floor":1},{"not_picked":["PokerPlayerMod:Heart10+","PokerPlayerMod:SpadeStrike"],"picked":"PokerPlayerMod:Diamond4","floor":3},{"not_picked":["PokerPlayerMod:ClubStrike","PokerPlayerMod:SpadeStrike"],"picked":"PokerPlayerMod:Diamond4","floor":4},{"not_picked":["PokerPlayerMod:ClubsClub","PokerPlayerMod:ClubDance"],"picked":"PokerPlayerMod:Heart6","floor":5},{"not_picked":["PokerPlayerMod:Heart2","PokerPlayerMod:Fold","PokerPlayerMod:Diamond2"],"picked":"Singing Bowl","floor":7},{"not_picked":["PokerPlayerMod:SpadeStrike","PokerPlayerMod:Club2","PokerPlayerMod:Diamond8"],"picked":"Singing Bowl","floor":8},{"not_picked":["PokerPlayerMod:WasteCollection","PokerPlayerMod:Club1","PokerPlayerMod:Fold"],"picked":"Singing Bowl","floor":10},{"not_picked":["PokerPlayerMod:Spade2","PokerPlayerMod:Configure"],"picked":"PokerPlayerMod:Spade4","floor":11},{"not_picked":["PokerPlayerMod:MagicTrick","PokerPlayerMod:Configure","PokerPlayerMod:Club3"],"picked":"Singing Bowl","floor":12},{"not_picked":["PokerPlayerMod:Club2","PokerPlayerMod:CardBurn","PokerPlayerMod:Diamond7"],"picked":"Singing Bowl","floor":13},{"not_picked":["PokerPlayerMod:Club8","PokerPlayerMod:Spade9","PokerPlayerMod:Duplicate"],"picked":"Singing Bowl","floor":16},{"not_picked":["PokerPlayerMod:Manipulation","PokerPlayerMod:Club2","PokerPlayerMod:Diamond3"],"picked":"Singing Bowl","floor":18},{"not_picked":["PokerPlayerMod:Diamond2","PokerPlayerMod:Trickery"],"picked":"PokerPlayerMod:Raise+1","floor":20},{"not_picked":["PokerPlayerMod:Heart1","PokerPlayerMod:Diamond6","PokerPlayerMod:MagicTrick"],"picked":"Singing Bowl","floor":21},{"not_picked":["PokerPlayerMod:Heart3","PokerPlayerMod:RiskyBet"],"picked":"PokerPlayerMod:Spade4","floor":23},{"not_picked":["PokerPlayerMod:Spade3","PokerPlayerMod:ClubDance+1","PokerPlayerMod:Diamond3"],"picked":"Singing Bowl","floor":25},{"not_picked":["PokerPlayerMod:Heart1","PokerPlayerMod:Spade5"],"picked":"PokerPlayerMod:Spade4","floor":27},{"not_picked":["PokerPlayerMod:Club3","PokerPlayerMod:Trickery","PokerPlayerMod:Diamond3"],"picked":"Singing Bowl","floor":28},{"not_picked":["PokerPlayerMod:Club1","PokerPlayerMod:Heart1"],"picked":"PokerPlayerMod:Diamond4","floor":30},{"not_picked":["PokerPlayerMod:ItsShowtime","PokerPlayerMod:SecretDealer"],"picked":"PokerPlayerMod:GamblerForm","floor":33},{"not_picked":["PokerPlayerMod:Diamond1","PokerPlayerMod:Overdeal+1"],"picked":"PokerPlayerMod:Diamond4","floor":35},{"not_picked":["PokerPlayerMod:Spade3","PokerPlayerMod:Diamond1","PokerPlayerMod:Fold+1"],"picked":"Singing Bowl","floor":36},{"not_picked":["PokerPlayerMod:SpadeStrike","PokerPlayerMod:ClubShade+1","PokerPlayerMod:Diamond1"],"picked":"Singing Bowl","floor":38},{"not_picked":["PokerPlayerMod:Diamond3","PokerPlayerMod:Club1"],"picked":"PokerPlayerMod:Club4","floor":39},{"not_picked":["PokerPlayerMod:TheDieIsCast","PokerPlayerMod:MagicTrick"],"picked":"PokerPlayerMod:Diamond4","floor":41},{"not_picked":["PokerPlayerMod:HotShotCut+1","PokerPlayerMod:ClubsClub+1","PokerPlayerMod:CloakAndDiamond+1"],"picked":"Singing Bowl","floor":46},{"not_picked":["PokerPlayerMod:HotShotCut","PokerPlayerMod:Spade2","PokerPlayerMod:Spade5"],"picked":"Singing Bowl","floor":47},{"not_picked":["PokerPlayerMod:Spade3","PokerPlayerMod:Spade2"],"picked":"PokerPlayerMod:Club4","floor":48},{"not_picked":["PokerPlayerMod:Spade3","PokerPlayerMod:Diamond3"],"picked":"PokerPlayerMod:FakeSymbols","floor":54}],"player_experience":414735,"relics_obtained":[{"floor":7,"key":"PokerPlayerMod:StuffedPocket"},{"floor":10,"key":"Dream Catcher"},{"floor":23,"key":"Mummified Hand"},{"floor":25,"key":"Ornamental Fan"},{"floor":26,"key":"Calipers"},{"floor":27,"key":"Pantograph"},{"floor":39,"key":"Bird Faced Urn"},{"floor":43,"key":"PreservedInsect"},{"floor":54,"key":"Pen Nib"}],"event_choices":[{"cards_removed":["PokerPlayerMod:Diamond2"],"damage_healed":0,"gold_gain":0,"player_choice":"Trade","damage_taken":0,"max_hp_gain":0,"max_hp_loss":0,"event_name":"PokerPlayerMod:ExordiumClub","floor":2,"gold_loss":0,"cards_obtained":["PokerPlayerMod:Club9"]},{"damage_healed":0,"gold_gain":0,"player_choice":"Donut","damage_taken":0,"max_hp_gain":5,"max_hp_loss":0,"event_name":"Big Fish","floor":14,"gold_loss":0},{"damage_healed":0,"gold_gain":99,"player_choice":"Stole From Cult","damage_taken":0,"max_hp_gain":0,"max_hp_loss":0,"event_name":"Nest","floor":22,"gold_loss":0},{"cards_removed":["PokerPlayerMod:Diamond5"],"damage_healed":0,"gold_gain":0,"player_choice":"Gave Gold","damage_taken":0,"max_hp_gain":0,"max_hp_loss":0,"event_name":"Beggar","floor":29,"gold_loss":75},{"cards_removed":["PokerPlayerMod:TrumpStrike"],"damage_healed":0,"gold_gain":0,"player_choice":"Removed Attack","damage_taken":0,"max_hp_gain":0,"max_hp_loss":0,"event_name":"Falling","floor":37,"gold_loss":0},{"damage_healed":0,"gold_gain":0,"player_choice":"Fight","damage_taken":0,"max_hp_gain":0,"max_hp_loss":0,"event_name":"Mysterious Sphere","floor":39,"gold_loss":0},{"cards_removed":["PokerPlayerMod:BadJoker"],"damage_healed":0,"gold_gain":0,"player_choice":"Purged","damage_taken":0,"max_hp_gain":0,"max_hp_loss":0,"event_name":"Purifier","floor":45,"gold_loss":0}],"is_beta":false,"boss_relics":[{"not_picked":["Runic Dome","Tiny House"],"picked":"Velvet Choker"},{"not_picked":["PokerPlayerMod:AceCard","Black Star"],"picked":"Philosopher\u0027s Stone"}],"items_purged_floors":[0,0,0,0,19,31,53],"is_endless":false,"potions_floor_spawned":[4,5,7,11,12,20,23,25,28,35,36,41,48],"ascension_level":4}}