{"host":"jcc708ahli6wuwir","time":1608036830,"event":{"mods":["AchievementEnabler","BaseMod","Better Altar","Better Match","Better Note","Better Sensory Stone","Better Skull","Better Third Choice","Better Vampires","BetterRewards","Block Reminder","Colored Map","Colored Powertips","Curses Come First","Displayed Cursed Tome","Highlight Path","Keyboard Shortcuts","Marisa????????","Minty Spire (QoL Compilation)","Rare Cards Sparkle","Relic Stats","Shop Mod","StSLib"],"gold_per_floor":[111,111,111,111,129,129,473,473,498,498,573,592,633,651,651,651,651],"floor_reached":16,"playtime":800,"items_purged":[],"score":133,"play_id":"1ec6c465-fcfc-4ea4-95ab-168c0098df9e","local_time":"20201215135350","is_ascension_mode":false,"campfire_choices":[{"floor":6,"key":"REST"},{"data":"MasterSpark","floor":8,"key":"SMITH"},{"data":"DC","floor":10,"key":"SMITH"},{"floor":15,"key":"REST"}],"circlet_count":0,"master_deck":["Strike_MRS","Strike_MRS+1","Strike_MRS","Strike_MRS","Defend_MRS","Defend_MRS","Defend_MRS","Defend_MRS","MasterSpark+1","UpSweep","GalacticHalo","Jack Of All Trades","DoubleSpark+1","DC+1","AsteroidBelt","ShootingEcho","AlicesGift"],"relics":["MiniHakkero","NeowsBlessing","Tiny Chest","Golden Idol","Old Coin","Whetstone","Du-Vu Doll"],"acts_visited":["Exordium"],"potions_floor_usage":[14],"damage_taken":[{"damage":0,"enemies":"Jaw Worm","floor":1,"turns":1},{"damage":0,"enemies":"Small Slimes","floor":5,"turns":1},{"damage":0,"enemies":"3 Sentries","floor":7,"turns":2},{"damage":0,"enemies":"2 Louse","floor":12,"turns":1},{"damage":18,"enemies":"Lagavulin","floor":13,"turns":5},{"damage":0,"enemies":"Large Slime","floor":14,"turns":2},{"damage":54,"enemies":"Hexaghost","floor":16,"turns":9}],"seed_played":"-7855590227500343086","potions_obtained":[{"floor":12,"key":"Fire Potion"}],"is_trial":false,"path_per_floor":["M","?","?","?","M","R","E","R","T","R","?","M","E","M","R","B"],"character_chosen":"MARISA","items_purchased":[],"campfire_rested":2,"item_purchase_floors":[],"current_hp_per_floor":[75,75,57,39,39,61,61,61,61,61,50,50,32,32,54,0,0],"gold":651,"neow_bonus":"THREE_ENEMY_KILL","is_daily":false,"chose_seed":false,"campfire_upgraded":2,"win_rate":0.0,"timestamp":1608036830,"path_taken":["M","?","?","?","M","R","E","R","T","R","?","M","E","M","R","BOSS"],"items_purchased_type":[],"build_version":"2020-12-13","purchased_purges":0,"victory":false,"max_hp_per_floor":[75,75,75,75,75,75,75,75,75,75,75,75,75,75,75,75,75],"relic_stats":{"counters":[7,21],"Golden Idol":29,"Tiny Chest":0,"Whetstone":["DoubleSpark","Strike_MRS"],"obtain_stats":[{"Du-Vu Doll":13,"NeowsBlessing":0,"Golden Idol":4,"Tiny Chest":3,"MiniHakkero":0,"Whetstone":9,"Old Coin":7},{"Du-Vu Doll":5,"NeowsBlessing":0,"Golden Idol":1,"Tiny Chest":1,"MiniHakkero":0,"Whetstone":3,"Old Coin":3},{"Du-Vu Doll":10,"NeowsBlessing":0,"Golden Idol":1,"Tiny Chest":1,"MiniHakkero":0,"Whetstone":4,"Old Coin":4}]},"card_choices":[{"not_picked":["DC","MysteriousBeam"],"picked":"GalacticHalo","floor":1},{"not_picked":["Good Instincts","Forethought"],"picked":"Jack Of All Trades","floor":2},{"not_picked":["UnstableBomb","LuminesStrike"],"picked":"DoubleSpark","floor":5},{"not_picked":["DarkMatter","LuminesStrike"],"picked":"DC","floor":7},{"not_picked":["Orbital","GalacticHalo"],"picked":"AsteroidBelt","floor":12},{"not_picked":["Singularity","CasketOfStar"],"picked":"ShootingEcho","floor":13},{"not_picked":["WitchOfGreed","ShootingEcho"],"picked":"AlicesGift","floor":14}],"player_experience":106053,"relics_obtained":[{"floor":7,"key":"Old Coin"},{"floor":9,"key":"Whetstone"},{"floor":13,"key":"Du-Vu Doll"}],"event_choices":[{"damage_healed":0,"gold_gain":1,"player_choice":"1","damage_taken":0,"max_hp_gain":0,"max_hp_loss":0,"event_name":"betterStone:BetterStone","floor":2,"gold_loss":0},{"damage_healed":0,"gold_gain":1,"player_choice":"Relic ","damage_taken":18,"max_hp_gain":0,"max_hp_loss":0,"event_name":"betterThird:BetterScrap","floor":3,"gold_loss":0,"cards_obtained":["Lockon"]},{"damage_healed":0,"gold_gain":0,"player_choice":"Take Damage","damage_taken":18,"relics_obtained":["Golden Idol"],"max_hp_gain":0,"max_hp_loss":0,"event_name":"Golden Idol","floor":4,"gold_loss":0},{"damage_healed":0,"gold_gain":75,"player_choice":"Gold","damage_taken":11,"max_hp_gain":0,"max_hp_loss":0,"event_name":"betterThird:BetterGoop","floor":11,"gold_loss":0}],"is_beta":false,"boss_relics":[],"items_purged_floors":[],"is_endless":false,"potions_floor_spawned":[12],"killed_by":"Hexaghost","ascension_level":0}}