{"host":"dpbezu80jg8zk7un","time":1608055683,"event":{"mods":["BaseMod","Colored Map","Colored Powertips","Custom Start","DeckTracker","Minty Spire (QoL Compilation)","Quick Restart","StSLib","SuperFastMode"],"gold_per_floor":[16,32,32,32,32,32,57,57,57,73,105,105,105,132,132,205,205,215,140,152,77,97,124,124,124,124],"floor_reached":25,"playtime":992,"items_purged":["Strike_P"],"score":574,"play_id":"e282dee8-c45f-4622-b255-5ee03ac963c9","local_time":"20201216030803","is_ascension_mode":true,"campfire_choices":[{"data":"Eruption","floor":6.0,"key":"SMITH"},{"data":"EmptyFist","floor":8.0,"key":"SMITH"},{"data":"Adaptation","floor":13.0,"key":"SMITH"},{"floor":15.0,"key":"DIG"},{"floor":24.0,"key":"REST"}],"circlet_count":0,"master_deck":["AscendersBane","Strike_P","Defend_P","Eruption+1","Vigilance","EmptyFist+1","DeusExMachina","Adaptation+1","FearNoEvil"],"relics":["PureWater","Pocketwatch","Ginger","StoneCalendar","Shovel","Molten Egg 2","Sozu","Mummified Hand"],"acts_visited":["Exordium","TheCity"],"potions_floor_usage":[],"damage_taken":[{"damage":0.0,"enemies":"Cultist","floor":1.0,"turns":3.0},{"damage":0.0,"enemies":"Jaw Worm","floor":2.0,"turns":3.0},{"damage":0.0,"enemies":"Lagavulin","floor":7.0,"turns":3.0},{"damage":1.0,"enemies":"2 Louse","floor":10.0,"turns":2.0},{"damage":16.0,"enemies":"Gremlin Nob","floor":11.0,"turns":3.0},{"damage":0.0,"enemies":"Lagavulin","floor":14.0,"turns":3.0},{"damage":11.0,"enemies":"Hexaghost","floor":16.0,"turns":7.0},{"damage":15.0,"enemies":"2 Thieves","floor":18.0,"turns":4.0},{"damage":0.0,"enemies":"Chosen","floor":20.0,"turns":2.0},{"damage":0.0,"enemies":"3 Cultists","floor":22.0,"turns":2.0},{"damage":22.0,"enemies":"Gremlin Leader","floor":23.0,"turns":4.0},{"damage":41,"enemies":"Book of Stabbing","floor":25,"turns":4}],"seed_played":"1430715621116566057","potions_obtained":[{"floor":2.0,"key":"SteroidPotion"},{"floor":16.0,"key":"SteroidPotion"}],"is_trial":false,"path_per_floor":["M","M","?","?","?","R","E","R","T","M","E","?","R","E","R","B",null,"M","$","M","?","M","E","R","E"],"character_chosen":"WATCHER","items_purchased":[],"campfire_rested":1,"item_purchase_floors":[],"current_hp_per_floor":[61,61,61,54,44,44,44,44,44,43,27,27,27,27,27,16,55,40,40,40,40,40,18,38,0,0],"gold":124,"neow_bonus":"REMOVE_TWO","is_daily":false,"chose_seed":false,"campfire_upgraded":3,"win_rate":0.0,"timestamp":1608055683,"path_taken":["M","M","?","?","?","R","E","R","T","?","E","?","R","E","R","BOSS","M","?","?","?","M","E","R","E"],"items_purchased_type":[],"build_version":"2020-12-13","purchased_purges":1,"victory":false,"max_hp_per_floor":[68,68,68,68,68,68,68,68,68,68,68,68,68,68,68,68,68,68,68,68,68,68,68,68,68,68],"card_choices":[{"not_picked":["CutThroughFate","Wireheading","FlyingSleeves"],"picked":"SKIP","floor":1.0},{"not_picked":["JustLucky","EmptyBody","ThirdEye"],"picked":"SKIP","floor":2.0},{"not_picked":["ClearTheMind","WaveOfTheHand"],"picked":"DeusExMachina","floor":7.0},{"not_picked":["FollowUp","WreathOfFlame","Worship"],"picked":"SKIP","floor":10.0},{"not_picked":["Perseverance","Protect","SashWhip"],"picked":"SKIP","floor":11.0},{"not_picked":["FlurryOfBlows","Omniscience"],"picked":"FearNoEvil","floor":14.0},{"not_picked":["Prostrate","Indignation","PathToVictory+1"],"picked":"SKIP","floor":18.0},{"not_picked":["FollowUp+1","WindmillStrike+1","JustLucky+1"],"picked":"SKIP","floor":20.0},{"not_picked":["Prostrate","FollowUp+1","Protect"],"picked":"SKIP","floor":22.0},{"not_picked":["Judgement","Collect","Devotion"],"picked":"SKIP","floor":23.0}],"player_experience":2750754,"relics_obtained":[{"floor":7.0,"key":"Pocketwatch"},{"floor":9.0,"key":"Ginger"},{"floor":11.0,"key":"StoneCalendar"},{"floor":14.0,"key":"Shovel"},{"floor":15.0,"key":"Molten Egg 2"},{"floor":23.0,"key":"Mummified Hand"}],"event_choices":[{"damage_healed":0.0,"max_hp_gain":0.0,"max_hp_loss":0.0,"gold_gain":0.0,"cards_transformed":["Defend_P"],"event_name":"Living Wall","player_choice":"Change","floor":3.0,"gold_loss":0.0,"damage_taken":0.0,"cards_obtained":["EmptyFist"]},{"cards_removed":["Strike_P"],"damage_healed":0.0,"max_hp_gain":0.0,"max_hp_loss":0.0,"gold_gain":0.0,"event_name":"Golden Wing","player_choice":"Card Removal","floor":4.0,"gold_loss":0.0,"damage_taken":7.0},{"damage_healed":0.0,"max_hp_gain":0.0,"max_hp_loss":0.0,"gold_gain":0.0,"event_name":"Wheel of Change","player_choice":"Damaged","floor":5.0,"gold_loss":0.0,"damage_taken":10.0},{"damage_healed":0.0,"max_hp_gain":0.0,"max_hp_loss":0.0,"gold_gain":0.0,"event_name":"Match and Keep!","player_choice":"1 cards matched","floor":12.0,"gold_loss":0.0,"damage_taken":0.0,"cards_obtained":["Adaptation"]},{"cards_removed":["Defend_P"],"damage_healed":0.0,"max_hp_gain":0.0,"max_hp_loss":0.0,"gold_gain":0.0,"event_name":"Beggar","player_choice":"Gave Gold","floor":21.0,"gold_loss":75.0,"damage_taken":0.0}],"is_beta":false,"boss_relics":[{"not_picked":["Astrolabe","SlaversCollar"],"picked":"Sozu"}],"items_purged_floors":[19],"is_endless":false,"potions_floor_spawned":[2,16,18,20,23],"killed_by":"Book of Stabbing","ascension_level":20}}