{"host":"tvytvmghe8inzt9c","time":1608075060,"event":{"mods":["AchievementEnabler","BaseMod","Better Third Choice","BetterRewards","Colored Map","Colored Powertips","Custom Start","DeckTracker","Downfall","Energized Spire","Hubris","Marisa????????","Minty Spire (QoL Compilation)","Quick Restart","StSLib","TheBandit"],"gold_per_floor":[116,129,181,181,5,5,35,35,35,67,142,27,79,92,92,190,190,202,247,260,260,260,260,278,278,278,312,312,343,20,52,52,172,172,187,206,206,206,251,276,289,289,361,396,422,436,0,0,0,98,48,59,69,69,69,85,118,40,40,40,5,5,31,0,17,17,145,145,160,160,75,90,110,110,128,139,168,168,182,199,199,211,211,338,338,348,348,368,368,380,414,430,489,520,520,520,520,520],"floor_reached":97,"playtime":4304,"items_purged":["Decay"],"score":2294,"play_id":"a2f9b332-ce9a-43ea-a58b-b5920ba36757","local_time":"20201215183100","is_ascension_mode":false,"campfire_choices":[{"data":"1","floor":6,"key":"LIFT"},{"floor":8,"key":"REST"},{"data":"2","floor":15,"key":"LIFT"},{"floor":23,"key":"REST"},{"data":"3","floor":25,"key":"LIFT"},{"data":"Anger","floor":28,"key":"SMITH"},{"data":"Anger","floor":32,"key":"SMITH"},{"data":"Armaments","floor":49,"key":"SMITH"},{"floor":59,"key":"REST"},{"data":"Armaments","floor":62,"key":"SMITH"},{"data":"Anger","floor":66,"key":"SMITH"},{"data":"Armaments","floor":74,"key":"SMITH"},{"data":"Seeing Red","floor":78,"key":"SMITH"},{"data":"Searing Blow","floor":83,"key":"SMITH"},{"data":"Cleave","floor":96,"key":"SMITH"}],"circlet_count":0,"master_deck":["Shrug It Off","Heavy Blade","Anger+1","Anger+1","Perfected Strike","Barricade","Juggernaut","Inflame+1","Metallicize","Seeing Red+1","Ghostly Armor","Armaments+1","Armaments+1","Defend_R","Defend_R","Defend_R","Defend_R","Feed","Cleave+1","Cleave","Clash","Thunderclap","Thunderclap","Anger","Anger+1","Strike_R","Strike_R","Strike_R","Strike_R","Warcry","Sword Boomerang","SandsOfTime","Wish","Anger","Pommel Strike","Pommel Strike","Shockwave","Spot Weakness","Finisher","Sucker Punch","Demon Form","Iron Wave","Pummel","Slice","Adrenaline","Pummel+1","Searing Blow+1","Heavy Blade","Burst","Pommel Strike+1","Expertise","Perfected Strike+1","Cleave+1","Crippling Poison","Cleave+1","Double Tap","Strike_R+1","hubris:SharpeningStone","Wild Strike+1","Shrug It Off","Burn","Pain","Armaments+1","Rampage+1","Impervious","Enlightenment","Twin Strike+1","Immolate+1","Anger+1","Shrug It Off+1","Body Slam+1","Anger+1","Armaments+1","Metallicize+1","Fire Breathing+1","Anger+1","Whirlwind+1","Armaments+1","Sever Soul+1","Slice+1","Sword Boomerang+1","Sword Boomerang+1","Sword Boomerang+1","Shrug It Off+1","Wraith"],"relics":["Burning Blood","Bag of Marbles","Black Blood","Kunai","Lantern","Shuriken","Ring of the Snake","Membership Card","MealTicket","hubris:OldNail","Tiny Chest","WristBlade","Torii","Girya","Magic Flower","Mango","Oddly Smooth Stone","Regal Pillow","Bottled Lightning","sneckomod:BlankCard","hubris:DisguiseKit","hubris:MysteriousPyramids","OrangePellets","InkBottle","SlaversCollar","Red Skull","Pantograph","HornCleat","Happy Flower","Frozen Egg 2","Ornamental Fan","hubris:MedicalManual","Philosopher\u0027s Stone","Singing Bowl","hubris:BottledRain","Molten Egg 2","Blue Candle","Strawberry","Centennial Puzzle","Red Mask","energizedSpire:HugeHouse","WarpedTongs","Juzu Bracelet","hubris:TinFlute","hubris:Icosahedron","Toxic Egg 2","MutagenicStrength","energizedSpire:OgreHead"],"acts_visited":["Exordium","TheCity","TheBeyond","Exordium","TheCity","TheBeyond"],"potions_floor_usage":[24,50,50,84,84,84],"damage_taken":[{"damage":0,"enemies":"Small Slimes","floor":1,"turns":1},{"damage":0,"enemies":"2 Louse","floor":2,"turns":3},{"damage":18,"enemies":"Lagavulin","floor":7,"turns":3},{"damage":0,"enemies":"Gremlin Nob","floor":10,"turns":2},{"damage":18,"enemies":"Lagavulin","floor":13,"turns":3},{"damage":0,"enemies":"Cultist","floor":14,"turns":2},{"damage":0,"enemies":"Slime Boss","floor":16,"turns":3},{"damage":0,"enemies":"Spheric Guardian","floor":18,"turns":3},{"damage":0,"enemies":"3 Byrds","floor":20,"turns":3},{"damage":0,"enemies":"Sentry and Sphere","floor":24,"turns":3},{"damage":0,"enemies":"Gremlin Leader","floor":27,"turns":3},{"damage":25,"enemies":"Book of Stabbing","floor":29,"turns":5},{"damage":28,"enemies":"Slavers","floor":31,"turns":2},{"damage":0,"enemies":"Champ","floor":33,"turns":8},{"damage":6,"enemies":"3 Shapes","floor":35,"turns":1},{"damage":0,"enemies":"Orb Walker","floor":36,"turns":1},{"damage":12,"enemies":"4 Shapes","floor":39,"turns":2},{"damage":6,"enemies":"Nemesis","floor":40,"turns":5},{"damage":0,"enemies":"Spire Growth","floor":41,"turns":1},{"damage":0,"enemies":"Reptomancer","floor":44,"turns":2},{"damage":0,"enemies":"3 Darklings","floor":46,"turns":2},{"damage":62,"enemies":"hubris:GrandSnecko","floor":50,"turns":11},{"damage":0,"enemies":"2 Louse","floor":52,"turns":1},{"damage":0,"enemies":"Small Slimes","floor":53,"turns":1},{"damage":0,"enemies":"Cultist","floor":56,"turns":1},{"damage":11,"enemies":"Gremlin Nob","floor":57,"turns":1},{"damage":0,"enemies":"Lagavulin","floor":63,"turns":2},{"damage":1,"enemies":"Large Slime","floor":65,"turns":1},{"damage":83,"enemies":"Hexaghost","floor":67,"turns":5},{"damage":0,"enemies":"3 Byrds","floor":69,"turns":3},{"damage":0,"enemies":"Spheric Guardian","floor":72,"turns":1},{"damage":9,"enemies":"Centurion and Healer","floor":73,"turns":3},{"damage":0,"enemies":"3 Cultists","floor":75,"turns":2},{"damage":0,"enemies":"Snake Plant","floor":76,"turns":1},{"damage":0,"enemies":"Slavers","floor":77,"turns":2},{"damage":1,"enemies":"Centurion and Healer","floor":79,"turns":3},{"damage":8,"enemies":"Snecko","floor":80,"turns":1},{"damage":0,"enemies":"3 Cultists","floor":82,"turns":1},{"damage":40,"enemies":"hubris:MusketHawk","floor":84,"turns":6},{"damage":7,"enemies":"3 Shapes","floor":86,"turns":2},{"damage":0,"enemies":"3 Darklings","floor":88,"turns":1},{"damage":6,"enemies":"4 Shapes","floor":90,"turns":1},{"damage":12,"enemies":"Reptomancer","floor":91,"turns":3},{"damage":0,"enemies":"Jaw Worm Horde","floor":92,"turns":2},{"damage":50,"enemies":"Nemesis","floor":93,"turns":3},{"damage":6,"enemies":"Reptomancer","floor":94,"turns":2},{"damage":143,"enemies":"Nemesis","floor":97,"turns":4}],"seed_played":"-763471859810326037","potions_obtained":[{"floor":10,"key":"SpeedPotion"},{"floor":16,"key":"PowerPotion"},{"floor":20,"key":"Block Potion"},{"floor":27,"key":"champ:CounterPotion"},{"floor":35,"key":"Guardian:BlockOnCardUsePotion"},{"floor":56,"key":"Fire Potion"},{"floor":57,"key":"Block Potion"},{"floor":63,"key":"EssenceOfSteel"},{"floor":65,"key":"ColorlessPotion"},{"floor":91,"key":"Fire Potion"},{"floor":92,"key":"hexamod:EctoCoolerPotion"},{"floor":93,"key":"PowerPotion"}],"is_trial":true,"path_per_floor":["M","M","?","?","$","R","E","R","T","E","?","$","E","M","R","B",null,"M","T","M","?","?","R","M","R","T","E","R","E","$","E","R","B",null,"M","M","T","T","M","E","M","?","T","E","T","M","?","NS","R","B",null,"M","M","?","?","M","E","$","R","T","?","R","E","?","M","R","B",null,"M","?","?","M","M","R","M","M","E","R","M","M","?","M","R","B",null,"M","?","M","?","M","E","M","E","E","?","R","E"],"character_chosen":"IRONCLAD","items_purchased":["Bottled Lightning","Anger","Pommel Strike","OrangePellets","Spot Weakness","Frozen Egg 2","Ornamental Fan","Searing Blow","Juzu Bracelet"],"campfire_rested":3,"item_purchase_floors":[5,5,5,12,12,30,30,30,58],"current_hp_per_floor":[94,94,94,57,72,72,86,97,97,97,88,97,97,97,97,97,97,97,97,100,25,25,70,103,103,103,104,104,104,104,107,107,107,107,107,107,107,107,110,110,110,110,110,117,117,117,117,117,117,82,112,112,112,112,112,112,115,115,115,115,115,115,115,121,121,121,65,121,121,121,121,121,121,121,121,121,121,121,124,124,124,124,124,113,126,126,126,126,126,126,126,126,103,124,124,124,0,0],"gold":520,"neow_bonus":"","is_daily":false,"chose_seed":false,"campfire_upgraded":9,"win_rate":0.0,"timestamp":1608075060,"path_taken":["M","M","?","?","$","R","E","R","T","E","?","$","E","M","R","BOSS","M","?","?","?","?","R","M","R","T","E","R","E","$","E","R","BOSS","M","M","?","?","?","E","M","?","T","E","?","M","?","NS","R","BOSS","M","M","?","?","M","E","$","R","T","?","R","E","?","M","R","BOSS","M","?","?","M","M","R","M","M","E","R","M","M","?","M","R","BOSS","M","?","M","?","M","E","M","E","E","?","R","E"],"items_purchased_type":["Relic","Card","Card","Relic","Card","Relic","Relic","Card","Relic"],"build_version":"2020-12-13","purchased_purges":1,"victory":false,"max_hp_per_floor":[94,94,94,94,94,94,97,97,97,97,97,97,97,97,97,97,97,97,97,100,100,100,100,104,104,104,104,104,104,104,107,107,107,107,107,107,107,107,110,110,110,110,110,117,117,117,117,117,117,117,112,112,112,112,112,112,115,115,115,115,115,115,115,121,121,121,121,121,121,121,121,121,121,121,121,121,121,121,124,124,124,124,124,126,126,126,126,126,126,126,126,126,126,126,126,126,126,126],"card_choices":[{"not_picked":["Wild Strike","Pommel Strike"],"picked":"Warcry","floor":1},{"not_picked":["Perfected Strike","Wild Strike"],"picked":"Sword Boomerang","floor":2},{"not_picked":["Clothesline","Bloodletting"],"picked":"Pommel Strike","floor":7},{"not_picked":["Clash","Warcry","Bane"],"picked":"Shockwave","floor":10},{"not_picked":["hubris:StunningStrike","Pommel Strike","Heavy Blade"],"picked":"Finisher","floor":13},{"not_picked":["Whirlwind","Sword Boomerang","Uppercut"],"picked":"Sucker Punch","floor":14},{"not_picked":["Barricade","Exhume","Storm of Steel"],"picked":"Demon Form","floor":16},{"not_picked":["Whirlwind","Flame Barrier","PiercingWail"],"picked":"Iron Wave","floor":18},{"not_picked":["Wild Strike","True Grit","Acrobatics"],"picked":"Pummel","floor":20},{"not_picked":["Iron Wave","Headbutt","Shrug It Off"],"picked":"Slice","floor":24},{"not_picked":["Evolve","Fiend Fire","True Grit"],"picked":"Adrenaline","floor":27},{"not_picked":["Perfected Strike+1","Blood for Blood","Blade Dance"],"picked":"Pummel+1","floor":29},{"not_picked":["Wild Strike","Havoc","Crippling Poison"],"picked":"Heavy Blade","floor":31},{"not_picked":["Exhume","Fiend Fire","Juggernaut+1"],"picked":"Burst","floor":33},{"not_picked":["Twin Strike+1","Power Through","Deflect"],"picked":"Cleave","floor":35},{"not_picked":["Whirlwind+1","Combust+1","Dagger Throw"],"picked":"Pommel Strike+1","floor":36},{"not_picked":["Headbutt+1","True Grit+1","hubris:ReadiedAction+1"],"picked":"Expertise","floor":39},{"not_picked":["Flex+1","Dark Embrace+1","Bane+1"],"picked":"Perfected Strike+1","floor":40},{"not_picked":["Dual Wield","Sword Boomerang+1","Flying Knee"],"picked":"Cleave+1","floor":41},{"not_picked":["Dropkick+1","Pommel Strike+1","Battle Trance"],"picked":"Crippling Poison","floor":44},{"not_picked":["Sever Soul+1","Spot Weakness+1","Bane"],"picked":"Cleave+1","floor":46},{"not_picked":["Impervious","Reaper+1","Doppelganger"],"picked":"Double Tap","floor":50},{"not_picked":["Clash+1","hubris:ReadiedAction","hubris:SlightOfHand"],"picked":"Wild Strike+1","floor":52},{"not_picked":["hubris:ReadiedAction","Bloodletting","Dagger Throw"],"picked":"Shrug It Off","floor":53},{"not_picked":["Feel No Pain+1","Shrug It Off","Masterful Stab"],"picked":"Armaments","floor":56},{"not_picked":["Combust+1","Reckless Charge+1","Dagger Spray"],"picked":"Rampage+1","floor":57},{"not_picked":["Perfected Strike+1","Spot Weakness","Caltrops"],"picked":"Impervious","floor":63},{"not_picked":["Clash+1","Combust+1","hubris:SlightOfHand"],"picked":"Twin Strike+1","floor":65},{"not_picked":["Bludgeon+1","Corruption+1","Phantasmal Killer"],"picked":"Immolate+1","floor":67},{"not_picked":["Pommel Strike+1","Dark Embrace+1","Dagger Spray"],"picked":"Anger+1","floor":69},{"not_picked":["hubris:ReadiedAction+1","Second Wind+1","PiercingWail"],"picked":"Shrug It Off+1","floor":72},{"not_picked":["Clash+1","Brutality+1","Dagger Spray"],"picked":"Body Slam+1","floor":73},{"not_picked":["Clash+1","Flame Barrier+1","Doppelganger"],"picked":"Anger+1","floor":75},{"not_picked":["Inflame+1","Perfected Strike+1","Riddle With Holes"],"picked":"Armaments+1","floor":76},{"not_picked":["Combust+1","Warcry+1","Escape Plan"],"picked":"Metallicize+1","floor":77},{"not_picked":["Warcry+1","Flex+1","Escape Plan"],"picked":"Fire Breathing+1","floor":79},{"not_picked":["True Grit+1","Thunderclap+1","Sucker Punch"],"picked":"Anger+1","floor":80},{"not_picked":["Spot Weakness+1","hubris:CleavingFinish+1","Slice"],"picked":"Whirlwind+1","floor":82},{"not_picked":["Offering+1","Berserk+1","Brutality+1","Wraith Form v2"],"picked":"Singing Bowl","floor":84},{"not_picked":["Pommel Strike+1","Clothesline+1","Deadly Poison"],"picked":"Armaments+1","floor":86},{"not_picked":["Perfected Strike+1","Rupture+1","hubris:SlightOfHand"],"picked":"Sever Soul+1","floor":88},{"not_picked":["Dropkick+1","Hemokinesis+1","Clothesline+1"],"picked":"Slice","floor":90},{"not_picked":["Warcry+1","Thunderclap+1","hubris:TrickCloak"],"picked":"Sword Boomerang+1","floor":91},{"not_picked":["Clothesline+1","Thunderclap+1","After Image"],"picked":"Sword Boomerang+1","floor":92},{"not_picked":["Heavy Blade+1","Rupture+1","Bullet Time"],"picked":"Sword Boomerang+1","floor":93},{"not_picked":["hubris:ReadiedAction+1","Warcry+1","Setup"],"picked":"Shrug It Off+1","floor":94}],"player_experience":46185,"relics_obtained":[{"floor":7,"key":"sneckomod:BlankCard"},{"floor":9,"key":"hubris:DisguiseKit"},{"floor":10,"key":"hubris:MysteriousPyramids"},{"floor":13,"key":"InkBottle"},{"floor":19,"key":"Red Skull"},{"floor":26,"key":"Pantograph"},{"floor":27,"key":"HornCleat"},{"floor":29,"key":"Happy Flower"},{"floor":31,"key":"hubris:MedicalManual"},{"floor":37,"key":"Singing Bowl"},{"floor":38,"key":"hubris:BottledRain"},{"floor":40,"key":"Molten Egg 2"},{"floor":43,"key":"Blue Candle"},{"floor":44,"key":"Strawberry"},{"floor":45,"key":"Centennial Puzzle"},{"floor":60,"key":"hubris:TinFlute"}],"event_choices":[{"damage_healed":0,"gold_gain":52,"player_choice":"Gained Gold","damage_taken":0,"max_hp_gain":0,"max_hp_loss":0,"event_name":"Golden Wing","floor":3,"gold_loss":0},{"damage_healed":0,"gold_gain":75,"player_choice":"Touch","damage_taken":9,"max_hp_gain":0,"max_hp_loss":0,"event_name":"FaceTrader","floor":11,"gold_loss":0},{"damage_healed":0,"gold_gain":0,"player_choice":"Smashed Altar","damage_taken":0,"max_hp_gain":0,"max_hp_loss":0,"event_name":"Forgotten Altar","floor":22,"gold_loss":0,"cards_obtained":["Decay"]},{"damage_healed":0,"gold_gain":0,"player_choice":"Bought 0 Potions","damage_taken":0,"max_hp_gain":0,"max_hp_loss":0,"event_name":"The Woman in Blue","floor":42,"gold_loss":0},{"damage_healed":0,"gold_gain":0,"player_choice":"Paid","damage_taken":0,"relics_obtained":["Red Mask"],"max_hp_gain":0,"max_hp_loss":0,"event_name":"Tomb of Lord Red Mask","floor":47,"gold_loss":436},{"damage_healed":112,"gold_gain":0,"player_choice":"Embrace Burn","damage_taken":0,"max_hp_gain":0,"max_hp_loss":112,"event_name":"betterThird:BetterShining","floor":54,"gold_loss":0},{"damage_healed":0,"gold_gain":0,"player_choice":"Rummage","damage_taken":0,"relics_obtained":["WarpedTongs"],"max_hp_gain":0,"max_hp_loss":0,"event_name":"Accursed Blacksmith","floor":55,"gold_loss":0,"cards_obtained":["Pain"]},{"damage_healed":28,"gold_gain":0,"player_choice":"Healed","damage_taken":0,"max_hp_gain":0,"max_hp_loss":0,"event_name":"The Cleric","floor":61,"gold_loss":35},{"damage_healed":0,"gold_gain":0,"player_choice":"RENOUNCE","damage_taken":31,"max_hp_gain":0,"max_hp_loss":0,"event_name":"betterThird:BetterSerpent","floor":64,"gold_loss":31,"cards_obtained":["Enlightenment"]},{"damage_healed":0,"gold_gain":0,"player_choice":"Obtained Relic","damage_taken":0,"relics_obtained":["Toxic Egg 2"],"max_hp_gain":0,"max_hp_loss":0,"event_name":"Addict","floor":71,"gold_loss":85},{"damage_healed":0,"gold_gain":0,"player_choice":"Inject Mutagens","damage_taken":0,"relics_obtained":["MutagenicStrength"],"max_hp_gain":0,"max_hp_loss":0,"event_name":"Drug Dealer","floor":81,"gold_loss":0},{"cards_removed":["Shrug It Off"],"damage_healed":0,"gold_gain":0,"player_choice":"Removed Skill","damage_taken":0,"max_hp_gain":0,"max_hp_loss":0,"event_name":"Falling","floor":87,"gold_loss":0},{"damage_healed":0,"gold_gain":0,"player_choice":"Ignored","damage_taken":0,"max_hp_gain":0,"max_hp_loss":0,"event_name":"OrinTheCat","floor":95,"gold_loss":0}],"is_beta":false,"boss_relics":[{"not_picked":["Coffee Dripper","Velvet Choker"],"picked":"SlaversCollar"},{"not_picked":["hubris:BlackHole","Cursed Key"],"picked":"Philosopher\u0027s Stone"},{"not_picked":["Runic Dome","SacredBark"],"picked":"energizedSpire:HugeHouse"},{"not_picked":["Astrolabe","energizedSpire:DeadBattery","energizedSpire:EnergizedDie"]},{"not_picked":["Calling Bell","Fusion Hammer"],"picked":"energizedSpire:OgreHead"}],"items_purged_floors":[30],"is_endless":true,"potions_floor_spawned":[10,16,20,27,29,35,40,41,44,56,57,63,65,69,72,77,80,91,92,93,94],"killed_by":"Nemesis","ascension_level":0}}