{"host":"w01vs80f19dvf8rn","time":1608055567,"event":{"mods":["BaseMod","Better Note","Colored Map","Colored Powertips","DeckTracker","Friendly Minions","Googly Eyes","Minty Spire (QoL Compilation)","Rare Cards Sparkle","StSLib","SuperFastMode","The Jungle"],"gold_per_floor":[13,32,32,32,32,32,64,83,83,103,117,149,149,1,1,106,106,124,124,142,42,61,61,76,76,103,103,122,155,155,190,190,294,294,309,327,339,354,6,31,31,66,66,66,93,112,112,112,112,112],"floor_reached":51,"playtime":6284,"items_purged":["Defend_P","MasterReality","Defend_P"],"score":1152,"play_id":"d6e25643-5f38-4296-960e-2d1ae1b2a958","local_time":"20201216030607","is_ascension_mode":true,"campfire_choices":[{"data":"Eruption","floor":6.0,"key":"SMITH"},{"data":"MentalFortress","floor":13.0,"key":"SMITH"},{"data":"MentalFortress","floor":15.0,"key":"SMITH"},{"floor":23.0,"key":"REST"},{"floor":27.0,"key":"REST"},{"data":"EmptyMind","floor":32.0,"key":"SMITH"},{"floor":41,"key":"REST"},{"data":"Study","floor":44,"key":"SMITH"},{"floor":49,"key":"REST"}],"circlet_count":0,"master_deck":["Strike_P+1","Strike_P+1","Eruption+1","Vigilance","FearNoEvil+1","Tantrum","BattleHymn","MentalFortress+1","MentalFortress+1","RitualDagger","FearNoEvil+1","Worship","FearNoEvil","EmptyMind+1","CurseOfTheBell","Adaptation+1","FlurryOfBlows+1","Study+1","MentalFortress+1","MentalFortress+1","Adaptation+1","Worship+1","Madness","Madness","Master of Strategy"],"relics":["PureWater","CaptainsWheel","Unceasing Top","Ancient Tea Set","Philosopher\u0027s Stone","MutagenicStrength","Blood Vial","Darkstone Periapt","Yang","Calling Bell","Dream Catcher","Mummified Hand","Lizard Tail","Nunchaku","Happy Flower","Centennial Puzzle","Bottled Tornado","Whetstone"],"acts_visited":["Exordium","TheCity","TheBeyond"],"potions_floor_usage":[45],"damage_taken":[{"damage":1.0,"enemies":"2 Louse","floor":1.0,"turns":2.0},{"damage":0.0,"enemies":"Jaw Worm","floor":2.0,"turns":1.0},{"damage":12.0,"enemies":"Lagavulin","floor":7.0,"turns":3.0},{"damage":4.0,"enemies":"Small Slimes","floor":8.0,"turns":2.0},{"damage":1.0,"enemies":"Red Slaver","floor":10.0,"turns":2.0},{"damage":0.0,"enemies":"Blue Slaver","floor":11.0,"turns":3.0},{"damage":0.0,"enemies":"Gremlin Nob","floor":12.0,"turns":2.0},{"damage":9.0,"enemies":"Hexaghost","floor":16.0,"turns":6.0},{"damage":39.0,"enemies":"3 Byrds","floor":18.0,"turns":4.0},{"damage":12.0,"enemies":"Shell Parasite","floor":20.0,"turns":4.0},{"damage":0.0,"enemies":"Snecko","floor":22.0,"turns":2.0},{"damage":0.0,"enemies":"Centurion and Healer","floor":24.0,"turns":3.0},{"damage":6.0,"enemies":"Cultist and Chosen","floor":28.0,"turns":3.0},{"damage":14.0,"enemies":"Slavers","floor":29.0,"turns":4.0},{"damage":1.0,"enemies":"Gremlin Leader","floor":31.0,"turns":4.0},{"damage":24.0,"enemies":"Collector","floor":33.0,"turns":6.0},{"damage":0.0,"enemies":"3 Shapes","floor":35.0,"turns":3.0},{"damage":0.0,"enemies":"Orb Walker","floor":36.0,"turns":2.0},{"damage":0.0,"enemies":"Maw","floor":37.0,"turns":6.0},{"damage":28,"enemies":"Writhing Mass","floor":38,"turns":6},{"damage":14,"enemies":"Giant Head","floor":40,"turns":4},{"damage":9,"enemies":"Nemesis","floor":42,"turns":3},{"damage":0,"enemies":"Reptomancer","floor":45,"turns":3},{"damage":24,"enemies":"Spire Growth","floor":46,"turns":3},{"damage":20,"enemies":"Donu and Deca","floor":50,"turns":4}],"seed_played":"-2524875929593959949","potions_obtained":[{"floor":7.0,"key":"Weak Potion"},{"floor":8.0,"key":"Ancient Potion"},{"floor":11.0,"key":"FearPotion"},{"floor":12.0,"key":"EssenceOfSteel"},{"floor":16.0,"key":"Strength Potion"},{"floor":22.0,"key":"Explosive Potion"},{"floor":28.0,"key":"BottledMiracle"},{"floor":31.0,"key":"SpeedPotion"},{"floor":33.0,"key":"SmokeBomb"},{"floor":37.0,"key":"BlessingOfTheForge"},{"floor":40,"key":"StancePotion"},{"floor":45,"key":"Fire Potion"}],"is_trial":false,"path_per_floor":["M","M","?","?","?","R","E","M","T","M","M","E","R","$","R","B",null,"M","?","M","$","M","R","M","?","T","R","M","E","?","E","R","B",null,"M","M","M","M","$","E","R","E","T","R","E","M","?","?","R","B",null],"character_chosen":"WATCHER","items_purchased":["MentalFortress","Nunchaku","Study"],"campfire_rested":4,"item_purchase_floors":[14,39,39],"current_hp_per_floor":[64,64,64,50,50,50,38,34,34,33,33,33,33,33,33,24,60,21,15,3,3,3,24,24,24,24,45,41,29,29,30,30,8,62,64,66,68,42,42,30,53,46,46,46,48,26,16,16,39,21],"gold":112,"neow_bonus":"REMOVE_TWO","is_daily":false,"chose_seed":false,"campfire_upgraded":5,"win_rate":0.0,"timestamp":1608055567,"path_taken":["M","M","?","?","?","R","E","M","T","?","M","E","R","$","R","BOSS","M","?","M","$","M","R","M","?","T","R","?","E","?","E","R","BOSS","M","M","M","M","$","E","R","E","T","R","E","M","?","?","R","BOSS"],"items_purchased_type":["Card","Relic","Card"],"build_version":"2020-12-13","purchased_purges":3,"victory":true,"max_hp_per_floor":[72,72,72,72,72,72,72,72,72,72,72,72,72,72,72,72,72,72,72,72,72,72,72,72,72,72,72,72,72,72,72,72,72,78,78,78,78,78,78,78,78,78,78,78,78,78,78,78,78,78],"card_choices":[{"not_picked":["Prostrate","Halt"],"picked":"FearNoEvil","floor":1.0},{"not_picked":["WreathOfFlame","Indignation"],"picked":"Tantrum","floor":2.0},{"not_picked":["DeceiveReality","Evaluate","Prostrate"],"picked":"SKIP","floor":7.0},{"not_picked":["Nirvana","Protect","SashWhip"],"picked":"SKIP","floor":8.0},{"not_picked":["Nirvana","Protect","SashWhip"],"picked":"SKIP","floor":8.0},{"not_picked":["CrushJoints","PathToVictory"],"picked":"BattleHymn","floor":10.0},{"not_picked":["LikeWater","Collect","WreathOfFlame"],"picked":"SKIP","floor":11.0},{"not_picked":["FlurryOfBlows","LikeWater"],"picked":"MentalFortress","floor":12.0},{"not_picked":["Ragnarok","Judgement"],"picked":"MasterReality","floor":16.0},{"not_picked":["FlyingSleeves","Fasting2+1","JustLucky"],"picked":"SKIP","floor":18.0},{"not_picked":["FollowUp","Halt"],"picked":"FearNoEvil+1","floor":20.0},{"not_picked":["CarveReality","FlyingSleeves","WheelKick"],"picked":"SKIP","floor":22.0},{"not_picked":["ThirdEye","Protect+1"],"picked":"Worship","floor":24.0},{"not_picked":["PathToVictory+1","TalkToTheHand","BattleHymn+1"],"picked":"SKIP","floor":28.0},{"not_picked":["ForeignInfluence","FollowUp"],"picked":"FearNoEvil","floor":29.0},{"not_picked":["Study","Fasting2","BowlingBash"],"picked":"SKIP","floor":31.0},{"not_picked":["Perseverance+1","FlyingSleeves","WaveOfTheHand+1"],"picked":"SKIP","floor":35.0},{"not_picked":["Prostrate+1","BowlingBash"],"picked":"Adaptation+1","floor":36.0},{"not_picked":["Halt","Crescendo+1"],"picked":"FlurryOfBlows","floor":37.0},{"not_picked":["Evaluate+1","Consecrate","Wish"],"picked":"SKIP","floor":38},{"not_picked":["FollowUp","CarveReality"],"picked":"MentalFortress+1","floor":40},{"not_picked":["FlurryOfBlows+1","WaveOfTheHand+1"],"picked":"MentalFortress+1","floor":41},{"not_picked":["SashWhip+1","SignatureMove"],"picked":"Adaptation+1","floor":42},{"not_picked":["EmptyBody","Meditate+1"],"picked":"Worship+1","floor":45},{"not_picked":["Weave+1","Halt","Protect"],"picked":"SKIP","floor":46},{"not_picked":["Trip","Jack Of All Trades"],"picked":"Master of Strategy","floor":48}],"player_experience":617283,"relics_obtained":[{"floor":7.0,"key":"CaptainsWheel"},{"floor":9.0,"key":"Unceasing Top"},{"floor":12.0,"key":"Ancient Tea Set"},{"floor":26.0,"key":"Blood Vial"},{"floor":29.0,"key":"Darkstone Periapt"},{"floor":31.0,"key":"Yang"},{"floor":34.0,"key":"Dream Catcher"},{"floor":34.0,"key":"Mummified Hand"},{"floor":34.0,"key":"Lizard Tail"},{"floor":40,"key":"Happy Flower"},{"floor":42,"key":"Centennial Puzzle"},{"floor":43,"key":"Bottled Tornado"},{"floor":45,"key":"Whetstone"}],"event_choices":[{"cards_removed":["Strike_P"],"damage_healed":0.0,"max_hp_gain":0.0,"max_hp_loss":0.0,"gold_gain":0.0,"event_name":"Living Wall","player_choice":"Forget","floor":3.0,"gold_loss":0.0,"damage_taken":0.0},{"damage_healed":0.0,"max_hp_gain":0.0,"max_hp_loss":0.0,"gold_gain":0.0,"event_name":"Shining Light","player_choice":"Entered Light","floor":4.0,"gold_loss":0.0,"damage_taken":14.0,"cards_upgraded":["Strike_P","Strike_P"]},{"cards_removed":["Defend_P"],"damage_healed":0.0,"max_hp_gain":0.0,"max_hp_loss":0.0,"gold_gain":0.0,"event_name":"Bonfire Elementals","player_choice":"Offered Basic","floor":5.0,"gold_loss":0.0,"damage_taken":0.0},{"damage_healed":0.0,"max_hp_gain":0.0,"max_hp_loss":0.0,"gold_gain":0.0,"event_name":"Nest","player_choice":"Joined the Cult","floor":19.0,"gold_loss":0.0,"damage_taken":6.0,"cards_obtained":["RitualDagger"]},{"damage_healed":0.0,"max_hp_gain":0.0,"max_hp_loss":0.0,"gold_gain":0.0,"event_name":"Drug Dealer","player_choice":"Inject Mutagens","floor":25.0,"gold_loss":0.0,"damage_taken":0.0,"relics_obtained":["MutagenicStrength"]},{"damage_healed":0.0,"max_hp_gain":0.0,"max_hp_loss":0.0,"gold_gain":0.0,"event_name":"The Library","player_choice":"Read","floor":30.0,"gold_loss":0.0,"damage_taken":0.0,"cards_obtained":["EmptyMind"]},{"damage_healed":0,"gold_gain":0,"player_choice":"Embrace Madness","damage_taken":10,"max_hp_gain":0,"max_hp_loss":0,"event_name":"Winding Halls","floor":47,"gold_loss":0,"cards_obtained":["Madness","Madness"]},{"damage_healed":0,"gold_gain":0,"player_choice":"Memory 1","damage_taken":0,"max_hp_gain":0,"max_hp_loss":0,"event_name":"SensoryStone","floor":48,"gold_loss":0}],"is_beta":false,"boss_relics":[{"not_picked":["SacredBark","Snecko Eye"],"picked":"Philosopher\u0027s Stone"},{"not_picked":["Empty Cage","Sozu"],"picked":"Calling Bell"}],"items_purged_floors":[14,21,39],"is_endless":false,"potions_floor_spawned":[7,8,11,12,16,22,28,29,31,33,37,40,45],"ascension_level":7}}