{"host":"6p0attdrtjqaih7v","time":1608067688,"event":{"mods":["2.2 Compatiblity","AchievementEnabler","Bard","BaseMod","Better Skull","Better Third Choice","Colored Powertips","Hermit","Highlight Path","Jorbs\u0027s Wanderer Trilogy","Key Reminder","Minty Spire (QoL Compilation)","Permanent Neow","Quick Restart","Random Character Button","Relic Stats","Replay The Spire","StSLib","The Construct"],"gold_per_floor":[111,123,147,166,166,201,42,75,75,100,100,114,142,160,160,234,234,260,308,308,308,40,40,40,40,40,78,78,115,153,28,28,105,105,135,135,135,147,172,172,214,214,214,230,242,257,277,288,288,293,293],"floor_reached":50,"playtime":3455,"items_purged":["Pain","stsjorbsmod:Defend_Wanderer","stsjorbsmod:Defend_Wanderer"],"score":1013,"play_id":"8e52b504-46e8-42b2-a22d-fd67b22600d8","local_time":"20201215162808","is_ascension_mode":true,"campfire_choices":[{"floor":11,"key":"REST"},{"data":"stsjorbsmod:RayOfFrost","floor":15,"key":"SMITH"},{"data":"stsjorbsmod:EyeOfTheStorm","floor":24,"key":"SMITH"},{"data":"stsjorbsmod:ArcaneWeapon","floor":28,"key":"SMITH"},{"data":"stsjorbsmod:MagicMirror","floor":32,"key":"SMITH"},{"floor":40,"key":"REST"},{"data":"stsjorbsmod:Inferno","floor":42,"key":"SMITH"},{"floor":49,"key":"REST"}],"circlet_count":0,"master_deck":["AscendersBane","stsjorbsmod:ForbiddenGrimoire+1","stsjorbsmod:Strike_Wanderer+1","stsjorbsmod:Strike_Wanderer","stsjorbsmod:Strike_Wanderer","stsjorbsmod:Defend_Wanderer","stsjorbsmod:Defend_Wanderer","stsjorbsmod:FreshAdventure+1","stsjorbsmod:EyeOfTheStorm+1","stsjorbsmod:Mending","stsjorbsmod:DoubleCheck","stsjorbsmod:ScorchingRay","stsjorbsmod:Materialize","stsjorbsmod:ArcaneWeapon+1","stsjorbsmod:ColorSpray+1","stsjorbsmod:Message","stsjorbsmod:LocateObject","stsjorbsmod:RayOfFrost+1","stsjorbsmod:Materialize","stsjorbsmod:Pyromancy","stsjorbsmod:Message","stsjorbsmod:ChainLightning","stsjorbsmod:WanderingMind","stsjorbsmod:MagicMirror+1","stsjorbsmod:ArcaneForm","stsjorbsmod:Inferno+1","stsjorbsmod:TinyHut","stsjorbsmod:BurningFlask+1","Parasite","stsjorbsmod:OldPocket"],"relics":["stsjorbsmod:GrimoireRelic","stsjorbsmod:BottledMemoryRelic","WarpedTongs","Pondfish Scales","Replay:Accelerometer","Nunchaku","Whetstone","Velvet Choker","Frozen Eye","Replay:Bottled Snecko","Replay:WaspNest","Philosopher\u0027s Stone","ReplayTheSpireMod:TigerMarble","Bronze Scales"],"acts_visited":["Exordium","TheCity","TheBeyond"],"potions_floor_usage":[6,6,18,23,27,33,33,44,50,50],"damage_taken":[{"damage":1,"enemies":"Cultist","floor":1,"turns":5},{"damage":3,"enemies":"2 Louse","floor":2,"turns":5},{"damage":0,"enemies":"Jaw Worm","floor":4,"turns":3},{"damage":12,"enemies":"Gremlin Nob","floor":6,"turns":3},{"damage":31,"enemies":"Lagavulin","floor":8,"turns":7},{"damage":8,"enemies":"Gremlin Nob","floor":10,"turns":4},{"damage":0,"enemies":"Exordium Thugs","floor":12,"turns":4},{"damage":0,"enemies":"Blue Slaver","floor":13,"turns":6},{"damage":0,"enemies":"2 Fungi Beasts","floor":14,"turns":2},{"damage":30,"enemies":"Hexaghost","floor":16,"turns":10},{"damage":13,"enemies":"Shell Parasite","floor":18,"turns":5},{"damage":6,"enemies":"3 Byrds","floor":19,"turns":4},{"damage":0,"enemies":"Book of Stabbing","floor":23,"turns":1},{"damage":5,"enemies":"Gremlin Leader","floor":27,"turns":5},{"damage":20,"enemies":"3 Cultists","floor":29,"turns":5},{"damage":1,"enemies":"Centurion and Healer","floor":30,"turns":6},{"damage":50,"enemies":"Collector","floor":33,"turns":9},{"damage":7,"enemies":"Orb Walker","floor":35,"turns":5},{"damage":38,"enemies":"3 Darklings","floor":38,"turns":4},{"damage":18,"enemies":"Maw","floor":39,"turns":6},{"damage":1,"enemies":"Sphere and 2 Shapes","floor":41,"turns":5},{"damage":2,"enemies":"Transient","floor":44,"turns":6},{"damage":34,"enemies":"Maw","floor":45,"turns":9},{"damage":12,"enemies":"4 Shapes","floor":46,"turns":3},{"damage":5,"enemies":"Writhing Mass","floor":47,"turns":6},{"damage":13,"enemies":"Maw","floor":48,"turns":5},{"damage":63,"enemies":"Awakened One","floor":50,"turns":7}],"seed_played":"7792534431429608863","potions_obtained":[{"floor":1,"key":"Strength Potion"},{"floor":2,"key":"Swift Potion"},{"floor":4,"key":"DuplicationPotion"},{"floor":10,"key":"stsjorbsmod:LiquidClarity"},{"floor":12,"key":"SmokeBomb"},{"floor":19,"key":"Block Potion"},{"floor":27,"key":"Energy Potion"},{"floor":30,"key":"Elixir"},{"floor":35,"key":"Weak Potion"},{"floor":39,"key":"Swift Potion"},{"floor":44,"key":"Dexterity Potion"},{"floor":46,"key":"Dexterity Potion"}],"is_trial":false,"path_per_floor":["M","M","T","M","?","E","$","E","T","E","R","M","M","M","R","B",null,"M","M","?","$","$","E","R","?","T","E","R","M","M","$","R","B",null,"M","?","?","M","M","R","M","R","T","M","M","M","M","M","R","B"],"character_chosen":"WANDERER","items_purchased":["stsjorbsmod:ColorSpray","Frozen Eye"],"campfire_rested":3,"item_purchase_floors":[7,22],"current_hp_per_floor":[60,60,60,61,61,50,50,20,20,13,32,38,44,46,46,17,52,43,52,52,52,52,53,53,53,53,58,58,46,55,55,55,11,58,62,62,62,30,21,42,54,54,54,58,28,26,31,25,48,0,0],"gold":293,"neow_bonus":"TRANSFORM_CARD","is_daily":false,"chose_seed":false,"campfire_upgraded":5,"win_rate":0.0,"timestamp":1608067688,"path_taken":["M","M","?","M","?","E","$","E","T","E","R","M","M","M","R","BOSS","M","M","?","?","$","E","R","?","T","E","R","M","M","$","R","BOSS","M","?","?","?","M","R","?","R","T","M","?","M","M","M","R","BOSS"],"items_purchased_type":["Card","Relic"],"build_version":"2020-12-13","purchased_purges":3,"victory":false,"max_hp_per_floor":[64,64,64,64,64,64,64,64,64,64,64,64,64,64,64,64,64,64,70,70,70,70,70,70,70,70,70,70,70,74,74,74,74,74,74,70,70,70,70,70,70,70,70,70,70,78,78,78,78,78,78],"relic_stats":{"Nunchaku":[13],"counters":[27,140],"Bronze Scales":[108],"Whetstone":["stsjorbsmod:ColorSpray","stsjorbsmod:Strike_Wanderer"],"obtain_stats":[{"Replay:Accelerometer":8,"stsjorbsmod:BottledMemoryRelic":3,"Velvet Choker":17,"stsjorbsmod:GrimoireRelic":0,"Replay:WaspNest":27,"Whetstone":10,"WarpedTongs":5,"Frozen Eye":22,"Pondfish Scales":6,"Nunchaku":9,"Bronze Scales":43,"Philosopher\u0027s Stone":34,"ReplayTheSpireMod:TigerMarble":37,"Replay:Bottled Snecko":26},{"Replay:Accelerometer":5,"stsjorbsmod:BottledMemoryRelic":2,"Velvet Choker":10,"stsjorbsmod:GrimoireRelic":0,"Replay:WaspNest":14,"Whetstone":6,"WarpedTongs":3,"Frozen Eye":12,"Pondfish Scales":4,"Nunchaku":5,"Bronze Scales":21,"Philosopher\u0027s Stone":17,"ReplayTheSpireMod:TigerMarble":18,"Replay:Bottled Snecko":13},{"Replay:Accelerometer":23,"stsjorbsmod:BottledMemoryRelic":10,"Velvet Choker":49,"stsjorbsmod:GrimoireRelic":0,"Replay:WaspNest":64,"Whetstone":27,"WarpedTongs":13,"Frozen Eye":58,"Pondfish Scales":16,"Nunchaku":23,"Bronze Scales":104,"Philosopher\u0027s Stone":84,"ReplayTheSpireMod:TigerMarble":89,"Replay:Bottled Snecko":59}],"WarpedTongs":[127]},"card_choices":[{"not_picked":["stsjorbsmod:FranticSearch","stsjorbsmod:Firebolt"],"picked":"stsjorbsmod:DoubleCheck","floor":1},{"not_picked":["stsjorbsmod:Materialize","stsjorbsmod:ParryingBlow"],"picked":"stsjorbsmod:ScorchingRay","floor":2},{"not_picked":["stsjorbsmod:UnseenServant","stsjorbsmod:FracturedMind"],"picked":"stsjorbsmod:Materialize","floor":4},{"not_picked":["stsjorbsmod:TollTheDead","stsjorbsmod:Channel"],"picked":"stsjorbsmod:ArcaneWeapon","floor":6},{"not_picked":["stsjorbsmod:UnseenServant","stsjorbsmod:Rest","stsjorbsmod:PurgeMind"],"picked":"SKIP","floor":8},{"not_picked":["stsjorbsmod:AnimateObjects","stsjorbsmod:OldPocket"],"picked":"stsjorbsmod:Message","floor":10},{"not_picked":["stsjorbsmod:Firebolt","stsjorbsmod:Mending"],"picked":"stsjorbsmod:LocateObject","floor":12},{"not_picked":["stsjorbsmod:Thorns","stsjorbsmod:BurningFlask"],"picked":"stsjorbsmod:RayOfFrost","floor":13},{"not_picked":["stsjorbsmod:Will","stsjorbsmod:Message"],"picked":"stsjorbsmod:Materialize","floor":14},{"not_picked":["stsjorbsmod:ThirstingSword","stsjorbsmod:Trauma"],"picked":"stsjorbsmod:Pyromancy","floor":16},{"not_picked":["stsjorbsmod:LoseGrip+1","stsjorbsmod:Rest"],"picked":"stsjorbsmod:Message","floor":18},{"not_picked":["stsjorbsmod:Hurt","stsjorbsmod:BurningFlask"],"picked":"stsjorbsmod:ChainLightning","floor":19},{"not_picked":["stsjorbsmod:Introspection","stsjorbsmod:Message","stsjorbsmod:Index"],"picked":"SKIP","floor":27},{"not_picked":["stsjorbsmod:Fear","stsjorbsmod:Hibernate"],"picked":"stsjorbsmod:WanderingMind","floor":29},{"not_picked":["stsjorbsmod:Message","stsjorbsmod:UnseenServant"],"picked":"stsjorbsmod:MagicMirror","floor":30},{"not_picked":["stsjorbsmod:Pyromancy","stsjorbsmod:Withdraw"],"picked":"stsjorbsmod:ArcaneForm","floor":33},{"not_picked":["stsjorbsmod:Will+1","stsjorbsmod:Mindworm"],"picked":"stsjorbsmod:Inferno","floor":35},{"not_picked":["stsjorbsmod:Prepare","stsjorbsmod:Will+1","stsjorbsmod:TrueStrike"],"picked":"SKIP","floor":38},{"not_picked":["stsjorbsmod:HedgeWizard","stsjorbsmod:Aid","stsjorbsmod:BurningFlask"],"picked":"SKIP","floor":39},{"not_picked":["stsjorbsmod:ArcaneWeapon","stsjorbsmod:WeightOfMemory","stsjorbsmod:TrueStrike"],"picked":"SKIP","floor":41},{"not_picked":["stsjorbsmod:ScorchingRay","stsjorbsmod:MistyStep"],"picked":"stsjorbsmod:TinyHut","floor":44},{"not_picked":["stsjorbsmod:Banish","stsjorbsmod:WanderingMind","stsjorbsmod:Rest"],"picked":"SKIP","floor":45},{"not_picked":["stsjorbsmod:DisguiseSelf","stsjorbsmod:Prepare"],"picked":"stsjorbsmod:BurningFlask","floor":46},{"not_picked":["stsjorbsmod:DisguiseSelf","stsjorbsmod:Hurt","stsjorbsmod:Mania"],"picked":"SKIP","floor":47},{"not_picked":["stsjorbsmod:TrueStrike+1","stsjorbsmod:UnseenServant","stsjorbsmod:OldPocket"],"picked":"SKIP","floor":48},{"not_picked":["stsjorbsmod:TrueStrike+1","stsjorbsmod:UnseenServant"],"picked":"stsjorbsmod:OldPocket","floor":48}],"player_experience":848538,"relics_obtained":[{"floor":3,"key":"stsjorbsmod:BottledMemoryRelic"},{"floor":6,"key":"Pondfish Scales"},{"floor":8,"key":"Replay:Accelerometer"},{"floor":9,"key":"Nunchaku"},{"floor":10,"key":"Whetstone"},{"floor":26,"key":"Replay:Bottled Snecko"},{"floor":27,"key":"Replay:WaspNest"},{"floor":43,"key":"Bronze Scales"}],"event_choices":[{"damage_healed":0,"gold_gain":0,"player_choice":"Rummage","damage_taken":0,"relics_obtained":["WarpedTongs"],"max_hp_gain":0,"max_hp_loss":0,"event_name":"Accursed Blacksmith","floor":5,"gold_loss":0,"cards_obtained":["Pain"]},{"damage_healed":0,"gold_gain":0,"player_choice":"Ignored","damage_taken":0,"max_hp_gain":0,"max_hp_loss":0,"event_name":"The Mausoleum","floor":20,"gold_loss":0},{"damage_healed":0,"gold_gain":0,"player_choice":"Max HP","damage_taken":0,"max_hp_gain":0,"max_hp_loss":4,"event_name":"Winding Halls","floor":36,"gold_loss":0},{"damage_healed":0,"gold_gain":0,"player_choice":"Gave Potion","damage_taken":0,"relics_obtained":["ReplayTheSpireMod:TigerMarble"],"max_hp_gain":0,"max_hp_loss":0,"event_name":"WeMeetAgain","floor":37,"gold_loss":0}],"is_beta":false,"boss_relics":[{"not_picked":["Busted Crown","ReplayTheSpireMod:DimensionalGlitch"],"picked":"Velvet Choker"},{"not_picked":["SacredBark","Runic Dome"],"picked":"Philosopher\u0027s Stone"}],"items_purged_floors":[7,22,31],"is_endless":false,"potions_floor_spawned":[1,2,4,10,12,14,19,23,27,30,35,39,44,46,48],"killed_by":"Awakened One","ascension_level":18}}