{"host":"jak4ncvfzor9mys0","time":1608072224,"event":{"mods":["2.2 Compatiblity","AchievementEnabler","BaseMod","Better Altar","Better Match","Better Note","Better Sensory Stone","Better Skull","Better Third Choice","BetterRewards","Block Reminder","Colored Map","Colored Powertips","Energized Spire","Gold Saver","Hubris","Infinite Spire","Key Reminder","Minty Spire (QoL Compilation)","Rare Cards Sparkle","Red Circlet Mod","Relic Sorter","Relic Stats","Replay The Spire","Retaliation","StSLib","SuperFastMode","The Blue Laboratory"],"gold_per_floor":[268,247,257,182,182,182,213,213,213,233,233,233,250,269,269,366,366,377,377,388,388,407,407,438,438,510,510,543,560,560,560],"floor_reached":30,"playtime":950,"items_purged":["Strike_R","Strike_R"],"score":293,"play_id":"5800f17d-2390-4aeb-883c-25131c18c0d3","local_time":"20201215144344","is_ascension_mode":false,"campfire_choices":[{"data":"Body Slam","floor":6,"key":"SMITH"},{"data":"Bash","floor":8,"key":"SMITH"},{"data":"Strike_R","floor":12,"key":"SMITH"},{"data":"DDmod:SpikeMailSkill","floor":15,"key":"SMITH"},{"floor":27,"key":"REST"}],"circlet_count":0,"master_deck":["Strike_R","Strike_R","Strike_R+1","Defend_R","Defend_R","Defend_R","Defend_R","Bash+1","Body Slam+1","DDmod:SpikeMailSkill+1","Berserk","Ghostly Armor+1","Body Slam+1","Iron Wave+1","DDmod:SpikedSkill"],"relics":["Burning Blood","hubris:Metronome","hubris:CrystalStatue","hubris:Stopwatch","NeowsBlessing","betterThird:SlimedRelic","Akabeko","infinitespire:Lucky Rock","hubris:DisguiseKit","hubris:ToyBattleship","Ring of Chaos","Cauldron","Replay:Bottled Eggs","Bottled Tornado"],"acts_visited":["Exordium","TheCity"],"potions_floor_usage":[28,28,29],"damage_taken":[{"damage":0,"enemies":"Small Slimes","floor":1,"turns":1},{"damage":0,"enemies":"Jaw Worm","floor":3,"turns":1},{"damage":0,"enemies":"Lagavulin","floor":7,"turns":1},{"damage":1,"enemies":"2 Louse","floor":10,"turns":2},{"damage":7,"enemies":"Lots of Slimes","floor":13,"turns":6},{"damage":2,"enemies":"3 Louse","floor":14,"turns":3},{"damage":46,"enemies":"Hexaghost","floor":16,"turns":12},{"damage":24,"enemies":"Shell Parasite","floor":18,"turns":9},{"damage":2,"enemies":"Chosen","floor":20,"turns":4},{"damage":15,"enemies":"Sentry and Sphere","floor":22,"turns":6},{"damage":47,"enemies":"Nightmare","floor":24,"turns":10},{"damage":21,"enemies":"Book of Stabbing","floor":28,"turns":4},{"damage":12,"enemies":"Centurion and Healer","floor":29,"turns":9},{"damage":24,"enemies":"Gremlin Leader","floor":30,"turns":7}],"seed_played":"-7982265173946165560","potions_obtained":[{"floor":1,"key":"blueLaboratory:Moonshine"},{"floor":10,"key":"blueLaboratory:BottleOfVodka"},{"floor":18,"key":"blueLaboratory:HorrorPotion"},{"floor":25,"key":"blueLaboratory:LimitlessPotion"},{"floor":25,"key":"LiquidBronze"},{"floor":28,"key":"Venom Potion"}],"is_trial":false,"path_per_floor":["M","?","M","$","?","R","E","R","T","M","T","R","M","M","R","B",null,"M","?","M","?","M","?","NM","AVR","T","R","E","M","E"],"character_chosen":"IRONCLAD","items_purchased":[],"campfire_rested":1,"item_purchase_floors":[],"current_hp_per_floor":[80,69,75,75,72,72,78,78,78,80,80,80,79,80,80,40,80,62,62,66,66,57,61,20,20,20,44,29,23,0,0],"gold":560,"neow_bonus":"THREE_ENEMY_KILL","is_daily":false,"chose_seed":false,"campfire_upgraded":4,"win_rate":0.0,"timestamp":1608072224,"path_taken":["M","?","M","$","?","R","E","R","T","M","?","R","M","M","R","BOSS","M","?","M","?","?","?","NM","AVR","T","R","E","M","E"],"items_purchased_type":[],"build_version":"2020-12-13","purchased_purges":2,"victory":false,"max_hp_per_floor":[80,80,80,80,80,80,80,80,80,80,80,80,80,80,80,80,80,80,80,80,80,80,80,80,80,80,80,80,80,80,80],"relic_stats":{"counters":[14,75],"obtain_stats":[{"hubris:DisguiseKit":11,"hubris:Metronome":9,"hubris:CrystalStatue":19,"NeowsBlessing":0,"Ring of Chaos":25,"infinitespire:Lucky Rock":7,"Bottled Tornado":28,"Burning Blood":0,"Akabeko":5,"Cauldron":25,"betterThird:SlimedRelic":2,"hubris:Stopwatch":17,"hubris:ToyBattleship":24,"Replay:Bottled Eggs":26},{"hubris:DisguiseKit":4,"hubris:Metronome":3,"hubris:CrystalStatue":8,"NeowsBlessing":0,"Ring of Chaos":11,"infinitespire:Lucky Rock":3,"Bottled Tornado":12,"Burning Blood":0,"Akabeko":2,"Cauldron":11,"betterThird:SlimedRelic":1,"hubris:Stopwatch":7,"hubris:ToyBattleship":11,"Replay:Bottled Eggs":11},{"hubris:DisguiseKit":5,"hubris:Metronome":3,"hubris:CrystalStatue":35,"NeowsBlessing":0,"Ring of Chaos":55,"infinitespire:Lucky Rock":3,"Bottled Tornado":59,"Burning Blood":0,"Akabeko":2,"Cauldron":55,"betterThird:SlimedRelic":1,"hubris:Stopwatch":26,"hubris:ToyBattleship":55,"Replay:Bottled Eggs":55}],"Burning Blood":66},"card_choices":[{"not_picked":["Warcry","Armaments"],"picked":"Body Slam","floor":1},{"not_picked":["Pummel","Warcry","Havoc"],"picked":"SKIP","floor":3},{"not_picked":["Sword Boomerang","Sentinel","Cleave"],"picked":"SKIP","floor":7},{"not_picked":["Cleave","Clash","Spot Weakness"],"picked":"SKIP","floor":10},{"not_picked":["Whirlwind","Power Through","Warcry","Outmaneuver"],"picked":"SKIP","floor":13},{"not_picked":["Battle Trance","Reckless Charge","Slice"],"picked":"DDmod:SpikeMailSkill","floor":14},{"not_picked":["Hemogenesis","Reaper","Burst"],"picked":"Berserk","floor":16},{"not_picked":["Intimidate","ReplayTheSpireMod:Strike From Hell+1","Blade Dance"],"picked":"Ghostly Armor+1","floor":18},{"not_picked":["Wild Strike","ReplayReversal","Metallicize","Poisoned Stab"],"picked":"SKIP","floor":20},{"not_picked":["Cleave+1","DDmod:CallousedSkill","All Out Attack"],"picked":"Iron Wave+1","floor":22},{"not_picked":["Sever Soul","True Grit","Pommel Strike","Bane"],"picked":"SKIP","floor":24},{"not_picked":["Inflame+1","DDmod:SpikeInjectionSkill","hubris:Sniper"],"picked":"DDmod:SpikedSkill","floor":28},{"not_picked":["Replay:Undeath\u0027s Touch","Spot Weakness","DDmod:CallousedSkill","Deadly Poison"],"picked":"SKIP","floor":29}],"player_experience":2609646,"relics_obtained":[{"floor":7,"key":"infinitespire:Lucky Rock"},{"floor":9,"key":"hubris:Metronome"},{"floor":11,"key":"hubris:DisguiseKit"},{"floor":24,"key":"hubris:ToyBattleship"},{"floor":26,"key":"Replay:Bottled Eggs"},{"floor":28,"key":"Bottled Tornado"}],"event_choices":[{"damage_healed":0,"gold_gain":0,"player_choice":"Slimed","damage_taken":11,"max_hp_gain":0,"max_hp_loss":0,"event_name":"betterThird:BetterGoop","floor":2,"gold_loss":21},{"damage_healed":0,"gold_gain":0,"player_choice":"Relic ","damage_taken":3,"max_hp_gain":0,"max_hp_loss":0,"event_name":"betterThird:BetterScrap","floor":5,"gold_loss":0,"cards_obtained":["Concentrate"]},{"damage_healed":0,"gold_gain":0,"player_choice":"Gave Potion","damage_taken":0,"relics_obtained":["hubris:CrystalStatue"],"max_hp_gain":0,"max_hp_loss":0,"event_name":"WeMeetAgain","floor":19,"gold_loss":0},{"damage_healed":0,"gold_gain":0,"player_choice":"Copied","damage_taken":0,"max_hp_gain":0,"max_hp_loss":0,"event_name":"Duplicator","floor":21,"gold_loss":0,"cards_obtained":["Body Slam"]},{"damage_healed":4,"gold_gain":0,"player_choice":"LEAVE ","damage_taken":0,"relics_obtained":[],"max_hp_gain":0,"max_hp_loss":0,"event_name":"betterSkull:BetterSkull","floor":23,"gold_loss":0,"cards_upgraded":[]}],"is_beta":false,"boss_relics":[{"not_picked":["Runic Cube","hubris:BlackHole"],"picked":"hubris:Stopwatch"}],"items_purged_floors":[4,25],"is_endless":true,"potions_floor_spawned":[1,10,13,14,18,28],"killed_by":"Gremlin Leader","ascension_level":0}}