{"host":"t4sy83ytvk1i2g6r","time":1608067000,"event":{"mods":["BaseMod","BetterRewards","Colored Map","Curses Come First","Dota2Spire","Minty Spire (QoL Compilation)","Rare Cards Sparkle","Replay The Spire","StSLib"],"gold_per_floor":[114,39,58,76,90,121,121,121,121,151,151,168,118,137,137,234,234,245,274,287,109,109,109],"floor_reached":22,"playtime":1073,"items_purged":["Defend_R","CommonCold"],"score":196,"play_id":"0e017827-e2b7-4ce6-a6c3-143be745b09d","local_time":"20201215221640","is_ascension_mode":false,"campfire_choices":[{"floor":8,"key":"REST"}],"circlet_count":0,"master_deck":["Strike_R","Strike_R","Strike_R","Strike_R","Defend_R","Defend_R","Bash","Sword Boomerang","Pommel Strike","Entrench","Inflame","Whirlwind","Armaments+1","Inflame","Barricade","Parasite","ReplayTheSpireMod:Faulty Equipment","Inflame"],"relics":["Burning Blood","Pocketwatch","Ring of Fury","Pantograph","Letter Opener","Replay:Ancient Bell","Oddly Smooth Stone","Dota2Spire:LinkenSphere","Dota2Spire:DivineRapier","Red Mask"],"acts_visited":["Exordium","TheCity"],"potions_floor_usage":[6,18,20],"damage_taken":[{"damage":1,"enemies":"Cultist","floor":1,"turns":4},{"damage":0,"enemies":"Small Slimes","floor":3,"turns":3},{"damage":1,"enemies":"Jaw Worm","floor":4,"turns":3},{"damage":23,"enemies":"Blue Slaver","floor":5,"turns":5},{"damage":26,"enemies":"Lagavulin","floor":6,"turns":5},{"damage":6,"enemies":"Gremlin Nob","floor":10,"turns":3},{"damage":0,"enemies":"3 Louse","floor":12,"turns":1},{"damage":11,"enemies":"Exordium Wildlife","floor":14,"turns":3},{"damage":7,"enemies":"Slime Boss","floor":16,"turns":5},{"damage":39,"enemies":"3 Byrds","floor":18,"turns":4},{"damage":28,"enemies":"Masked Bandits","floor":19,"turns":3},{"damage":19,"enemies":"2 Thieves","floor":20,"turns":2},{"damage":21,"enemies":"Snake Plant","floor":22,"turns":1}],"seed_played":"6291243727554578430","potions_obtained":[{"floor":3,"key":"Energy Potion"},{"floor":5,"key":"Energy Potion"},{"floor":12,"key":"Weak Potion"},{"floor":14,"key":"Energy Potion"},{"floor":18,"key":"FearPotion"},{"floor":20,"key":"DuplicationPotion"}],"is_trial":false,"path_per_floor":["M","$","M","M","M","E","?","R","T","E","?","M","?","M","R_BF","B",null,"M","?","M","$","M"],"character_chosen":"IRONCLAD","items_purchased":["Inflame"],"campfire_rested":1,"item_purchase_floors":[21],"current_hp_per_floor":[88,88,88,88,71,51,51,77,77,77,77,83,83,78,88,87,88,55,33,20,20,0,0],"gold":109,"neow_bonus":"TEN_PERCENT_HP_BONUS","is_daily":false,"chose_seed":false,"campfire_upgraded":0,"win_rate":0.0,"timestamp":1608067000,"path_taken":["M","$","?","M","M","E","?","R","T","E","?","M","?","?","R_BF","BOSS","M","?","M","$","M"],"items_purchased_type":["Card"],"build_version":"2020-12-13","purchased_purges":2,"victory":false,"max_hp_per_floor":[88,88,88,88,88,88,88,88,88,88,88,88,88,88,88,88,88,88,88,88,88,88,88],"card_choices":[{"not_picked":["ReplayTheSpireMod:Strike From Hell","Infernal Blade"],"picked":"Sword Boomerang","floor":1},{"not_picked":["Clash","True Grit"],"picked":"Pommel Strike","floor":3},{"not_picked":["Infernal Blade","Eclipse"],"picked":"Entrench","floor":4},{"not_picked":["Warcry","Defy Death"],"picked":"Inflame","floor":5},{"not_picked":["Metallicize","Pommel Strike"],"picked":"Whirlwind","floor":6},{"not_picked":["Feel No Pain","ReplayTheSpireMod:Limb From Limb","Warcry"],"picked":"SKIP","floor":10},{"not_picked":["Iron Wave","Headbutt"],"picked":"Armaments","floor":12},{"not_picked":["Run Through","Sword Boomerang"],"picked":"Inflame","floor":14},{"not_picked":["Juggernaut","Limit Break"],"picked":"Barricade","floor":16},{"not_picked":["Spreading Infection","ReplayTheSpireMod:Doomed"],"picked":"Parasite","floor":17},{"not_picked":["ReplayTheSpireMod:Doomed","Replay:Hysterical Blindness"],"picked":"ReplayTheSpireMod:Faulty Equipment","floor":17},{"not_picked":["AbeCurse","ReplayTheSpireMod:Faulty Equipment"],"picked":"CommonCold","floor":17},{"not_picked":["ReplayTheSpireMod:Corrosion Curse","Clash","ReplayTheSpireMod:Strike From Hell"],"picked":"SKIP","floor":18},{"not_picked":["Second Wind+1","Sever Soul+1","Shockwave"],"picked":"SKIP","floor":20}],"player_experience":6473,"relics_obtained":[{"floor":6,"key":"Pocketwatch"},{"floor":7,"key":"Ring of Fury"},{"floor":9,"key":"Pantograph"},{"floor":10,"key":"Letter Opener"},{"floor":19,"key":"Red Mask"}],"event_choices":[{"cards_removed":["Strike_R"],"damage_healed":0,"gold_gain":0,"player_choice":"Card Removal","damage_taken":0,"max_hp_gain":0,"max_hp_loss":0,"event_name":"The Cleric","floor":13,"gold_loss":50},{"damage_healed":0,"gold_gain":0,"player_choice":"Fought Bandits","damage_taken":0,"max_hp_gain":0,"max_hp_loss":0,"event_name":"Masked Bandits","floor":19,"gold_loss":0}],"is_beta":false,"boss_relics":[{"not_picked":["Astrolabe","Kintsugi"],"picked":"Replay:Ancient Bell"},{"not_picked":["Pen Nib","Replay:Mystery Machine"],"picked":"Oddly Smooth Stone"},{"not_picked":["Self Forming Clay","White Beast Statue"],"picked":"Dota2Spire:LinkenSphere"},{"not_picked":["Charon\u0027s Ashes","Peace Pipe"],"picked":"Dota2Spire:DivineRapier"}],"items_purged_floors":[2,21],"is_endless":false,"potions_floor_spawned":[3,5,12,14,16,18,20],"killed_by":"Snake Plant","ascension_level":0}}