{"host":"fne7yx97fnz7kq05","time":1608068728,"event":{"mods":["BaseMod","Colored Map","Colored Powertips","Highlight Path","Minty Spire (QoL Compilation)","Relic Stats"],"gold_per_floor":[117,65,15,90,102,102,129,149,149,149,165,193,193,43,43,141,141,154,143,143,68,68,96,96,106,129,129,156,156,176,23,23,121,121,133,149,149,34,84,111,123,123,150,176,188,229,251,283,295,307],"floor_reached":51,"playtime":3608,"items_purged":["Strike_B"],"score":755,"play_id":"9c11bc42-16bd-44ee-933c-08178f2a44d4","local_time":"20201215154528","is_ascension_mode":false,"campfire_choices":[{"data":"Sweeping Beam","floor":6.0,"key":"SMITH"},{"data":"Creative AI","floor":15.0,"key":"SMITH"},{"data":"Defragment","floor":24,"key":"SMITH"},{"data":"Barrage","floor":27,"key":"SMITH"},{"data":"Seek","floor":32,"key":"SMITH"},{"data":"Buffer","floor":42,"key":"SMITH"},{"data":"Biased Cognition","floor":45,"key":"SMITH"},{"data":"1","floor":49,"key":"LIFT"}],"circlet_count":0,"master_deck":["Defend_B+1","Defend_B","Dualcast","Sweeping Beam+1","Coolheaded","Creative AI+1","Go for the Eyes+1","Defragment+1","Ball Lightning","Rainbow","Barrage+1","Beam Cell","Seek+1","Glacier+1","Genetic Algorithm+1","Glacier+1","Buffer+1","Glacier+1","Compile Driver+1","Skim+1","Hologram+1","Biased Cognition+1","Coolheaded+1"],"relics":["Cracked Core","NeowsBlessing","Bird Faced Urn","Matryoshka","Lantern","ClockworkSouvenir","Empty Cage","Blood Vial","Oddly Smooth Stone","Toxic Egg 2","Potion Belt","Sundial","Toolbox","Coffee Dripper","Girya","Shuriken","Orichalcum","MawBank","Regal Pillow"],"acts_visited":["TheBeyond"],"potions_floor_usage":[33,37,39,39,40,50],"damage_taken":[{"damage":0.0,"enemies":"Cultist","floor":1.0,"turns":1.0},{"damage":0.0,"enemies":"Small Slimes","floor":5.0,"turns":1.0},{"damage":0.0,"enemies":"Gremlin Nob","floor":7.0,"turns":1.0},{"damage":2.0,"enemies":"2 Louse","floor":8.0,"turns":3.0},{"damage":20.0,"enemies":"Exordium Thugs","floor":11.0,"turns":5.0},{"damage":9.0,"enemies":"Lagavulin","floor":12.0,"turns":10.0},{"damage":20.0,"enemies":"Slime Boss","floor":16.0,"turns":6.0},{"damage":0.0,"enemies":"Spheric Guardian","floor":18.0,"turns":5.0},{"damage":11,"enemies":"2 Thieves","floor":19,"turns":4},{"damage":65,"enemies":"Slavers","floor":23,"turns":8},{"damage":3,"enemies":"Snake Plant","floor":25,"turns":13},{"damage":17,"enemies":"Book of Stabbing","floor":28,"turns":5},{"damage":7,"enemies":"Shelled Parasite and Fungi","floor":30,"turns":8},{"damage":21,"enemies":"Collector","floor":33,"turns":12},{"damage":4,"enemies":"Orb Walker","floor":35,"turns":4},{"damage":0,"enemies":"3 Darklings","floor":36,"turns":6},{"damage":0,"enemies":"Jaw Worm Horde","floor":37,"turns":2},{"damage":13,"enemies":"2 Orb Walkers","floor":39,"turns":4},{"damage":28,"enemies":"Reptomancer","floor":40,"turns":9},{"damage":8,"enemies":"Maw","floor":41,"turns":8},{"damage":0,"enemies":"Transient","floor":44,"turns":5},{"damage":3,"enemies":"Giant Head","floor":46,"turns":10},{"damage":0,"enemies":"Spire Growth","floor":47,"turns":4},{"damage":0,"enemies":"4 Shapes","floor":48,"turns":7},{"damage":10,"enemies":"Time Eater","floor":50,"turns":11}],"seed_played":"7244265604931678603","potions_obtained":[{"floor":5.0,"key":"Fruit Juice"},{"floor":12.0,"key":"BlessingOfTheForge"},{"floor":16.0,"key":"SpeedPotion"},{"floor":23,"key":"FocusPotion"},{"floor":25,"key":"Explosive Potion"},{"floor":30,"key":"Regen Potion"},{"floor":35,"key":"SmokeBomb"},{"floor":36,"key":"CultistPotion"},{"floor":39,"key":"Explosive Potion"},{"floor":47,"key":"FearPotion"},{"floor":48,"key":"Ancient Potion"}],"is_trial":false,"path_per_floor":["M","$","?","?","M","R","E","M","T","?","M","E","?","$","R","B",null,"M","M","?","$","?","E","R","M","T","R","E","?","M","$","R","B",null,"M","M","M","$","?","E","M","R","T","M","R","E","M","M","R","B",null],"character_chosen":"DEFECT","items_purchased":["Coolheaded","ClockworkSouvenir","Toolbox","Skim+1","DistilledChaos"],"campfire_rested":0,"item_purchase_floors":[2,14,31,38,38],"current_hp_per_floor":[75,75,75,64,64,64,64,62,62,47,35,42,42,42,42,41,80,80,71,71,71,71,24,24,47,47,47,42,42,51,51,51,60,80,78,80,80,80,71,65,74,74,74,80,80,80,80,80,80,74],"gold":319,"neow_bonus":"THREE_ENEMY_KILL","is_daily":false,"chose_seed":false,"campfire_upgraded":7,"win_rate":0.0,"timestamp":1608068728,"path_taken":["M","$","?","?","M","R","E","M","T","?","M","E","?","$","R","BOSS","M","M","?","?","?","E","R","M","T","R","E","?","M","$","R","BOSS","M","?","M","$","?","E","M","R","T","M","R","E","M","M","R","BOSS"],"items_purchased_type":["Card","Relic","Relic","Card","Potion"],"build_version":"2020-12-13","purchased_purges":1,"victory":true,"max_hp_per_floor":[75,75,75,75,75,75,75,75,75,75,75,75,75,75,75,80,80,80,80,80,80,80,80,80,80,80,80,80,80,80,80,80,80,80,80,80,80,80,80,80,80,80,80,80,80,80,80,80,80,80],"relic_stats":{"Blood Vial":18,"Regal Pillow":0,"counters":[17,120],"Sundial":[18],"Shuriken":[4],"Bird Faced Urn":[146],"Orichalcum":[60],"MawBank":96,"obtain_stats":[{"Potion Belt":26,"Girya":39,"Lantern":0,"Regal Pillow":46,"NeowsBlessing":0,"Oddly Smooth Stone":23,"Orichalcum":43,"Empty Cage":0,"MawBank":43,"ClockworkSouvenir":0,"Blood Vial":20,"Matryoshka":0,"Sundial":28,"Shuriken":40,"Bird Faced Urn":0,"Toolbox":31,"Coffee Dripper":34,"Toxic Egg 2":26,"Cracked Core":0},{"Potion Belt":3,"Girya":10,"Lantern":0,"Regal Pillow":14,"NeowsBlessing":0,"Oddly Smooth Stone":2,"Orichalcum":12,"Empty Cage":0,"MawBank":12,"ClockworkSouvenir":0,"Blood Vial":1,"Matryoshka":0,"Sundial":4,"Shuriken":11,"Bird Faced Urn":0,"Toolbox":5,"Coffee Dripper":6,"Toxic Egg 2":3,"Cracked Core":0},{"Potion Belt":25,"Girya":66,"Lantern":0,"Regal Pillow":98,"NeowsBlessing":0,"Oddly Smooth Stone":12,"Orichalcum":83,"Empty Cage":0,"MawBank":83,"ClockworkSouvenir":0,"Blood Vial":4,"Matryoshka":0,"Sundial":30,"Shuriken":75,"Bird Faced Urn":0,"Toolbox":38,"Coffee Dripper":50,"Toxic Egg 2":25,"Cracked Core":0}]},"card_choices":[{"not_picked":["Redo","Heatsinks"],"picked":"Sweeping Beam","floor":1.0},{"not_picked":["Force Field","Redo"],"picked":"Cold Snap","floor":5.0},{"not_picked":["Coolheaded","Gash"],"picked":"Creative AI","floor":7.0},{"not_picked":["Storm","Gash"],"picked":"Go for the Eyes","floor":8.0},{"not_picked":["Sweeping Beam","Self Repair"],"picked":"Defragment","floor":11.0},{"not_picked":["Cold Snap","Aggregate"],"picked":"Ball Lightning","floor":12.0},{"not_picked":["Multi-Cast","All For One"],"picked":"Rainbow","floor":16.0},{"not_picked":["Conserve Battery","Cold Snap","Go for the Eyes"],"picked":"SKIP","floor":18.0},{"not_picked":["Melter","Redo+1"],"picked":"Barrage","floor":19},{"not_picked":["Melter","Conserve Battery+1"],"picked":"Glacier+1","floor":23},{"not_picked":["Aggregate","Conserve Battery","Beam Cell+1"],"picked":"SKIP","floor":25},{"not_picked":["Streamline","Lockon","Ball Lightning"],"picked":"SKIP","floor":28},{"not_picked":["Redo+1","Reprogram+1"],"picked":"Glacier+1","floor":30},{"not_picked":["Thunder Strike","All For One"],"picked":"Buffer","floor":33},{"not_picked":["Scrape+1","Self Repair+1"],"picked":"Glacier+1","floor":35},{"not_picked":["Gash+1","Streamline+1"],"picked":"Compile Driver+1","floor":36},{"not_picked":["Ball Lightning+1","Gash"],"picked":"Hologram+1","floor":39},{"not_picked":["Sweeping Beam","Cold Snap"],"picked":"Biased Cognition","floor":40},{"not_picked":["Go for the Eyes+1","Streamline+1","Gash+1"],"picked":"SKIP","floor":41},{"not_picked":["Barrage","Ball Lightning+1","Self Repair"],"picked":"SKIP","floor":44},{"not_picked":["Heatsinks","Skim+1","Beam Cell+1"],"picked":"SKIP","floor":46},{"not_picked":["Beam Cell+1","Doom and Gloom","Leap+1"],"picked":"SKIP","floor":47},{"not_picked":["Redo+1","Heatsinks+1"],"picked":"Coolheaded+1","floor":48}],"player_experience":6030,"relics_obtained":[{"floor":7.0,"key":"Bird Faced Urn"},{"floor":9.0,"key":"Matryoshka"},{"floor":12.0,"key":"Lantern"},{"floor":23,"key":"Oddly Smooth Stone"},{"floor":26,"key":"Toxic Egg 2"},{"floor":26,"key":"Potion Belt"},{"floor":28,"key":"Sundial"},{"floor":39,"key":"Girya"},{"floor":40,"key":"Shuriken"},{"floor":43,"key":"Orichalcum"},{"floor":43,"key":"MawBank"},{"floor":46,"key":"Regal Pillow"}],"event_choices":[{"cards_removed":["Strike_B"],"damage_healed":0.0,"max_hp_gain":0.0,"max_hp_loss":0.0,"gold_gain":0.0,"event_name":"The Cleric","player_choice":"Card Removal","floor":3.0,"gold_loss":50.0,"damage_taken":0.0},{"damage_healed":0.0,"max_hp_gain":0.0,"max_hp_loss":0.0,"gold_gain":75.0,"event_name":"World of Goop","player_choice":"Gather Gold","floor":4.0,"gold_loss":0.0,"damage_taken":11.0},{"damage_healed":0.0,"max_hp_gain":0.0,"max_hp_loss":0.0,"gold_gain":0.0,"event_name":"Shining Light","player_choice":"Entered Light","floor":10.0,"gold_loss":0.0,"damage_taken":15.0,"cards_upgraded":["Go for the Eyes","Defend_B"]},{"cards_removed":["Zap"],"damage_healed":0.0,"max_hp_gain":0.0,"max_hp_loss":0.0,"gold_gain":0.0,"event_name":"Bonfire Elementals","player_choice":"Offered Basic","floor":13.0,"gold_loss":0.0,"damage_taken":0.0},{"damage_healed":0,"gold_gain":0,"player_choice":"Gave Potion","damage_taken":0,"relics_obtained":["Blood Vial"],"max_hp_gain":0,"max_hp_loss":0,"event_name":"WeMeetAgain","floor":20,"gold_loss":0},{"damage_healed":0,"gold_gain":0,"cards_transformed":["Cold Snap","Defend_B"],"player_choice":"Became Test Subject","damage_taken":0,"max_hp_gain":0,"max_hp_loss":0,"event_name":"Drug Dealer","floor":22,"gold_loss":0,"cards_obtained":["Beam Cell","Seek"]},{"damage_healed":0,"gold_gain":0,"cards_transformed":["Defend_B"],"player_choice":"Transformed","damage_taken":0,"max_hp_gain":0,"max_hp_loss":0,"event_name":"Transmorgrifier","floor":29,"gold_loss":0,"cards_obtained":["Genetic Algorithm"]},{"damage_healed":0,"gold_gain":0,"player_choice":"Fight","damage_taken":0,"max_hp_gain":0,"max_hp_loss":0,"event_name":"Mysterious Sphere","floor":39,"gold_loss":0}],"is_beta":false,"boss_relics":[{"not_picked":["Ectoplasm","Tiny House"],"picked":"Empty Cage"},{"not_picked":["Runic Pyramid","Calling Bell"],"picked":"Coffee Dripper"}],"items_purged_floors":[21],"is_endless":false,"potions_floor_spawned":[5,12,16,23,25,30,35,36,39,47,48],"ascension_level":0}}