{"host":"8fjsnt81u6xsmhji","time":1608010459,"event":{"mods":["BaseMod","Colored Powertips","Downfall","Glutton Mod","Minty Spire (QoL Compilation)","Quick Restart","Somnambulant","StSLib","The Bladedancer","The Bug Knight","The Construct","The Forsaken","The Judge","The Jungle","The Mystic","TheVacant"],"gold_per_floor":[99,249,284,209,226,226,226,245,245,276,292,311,73,93,111,209,209,209,241,241,298,298,354,378,438,363,391,451,196,196,207,264,400,400,400,453,453,688,748,763,809,821,821,855,413,432,482,149,166,166],"floor_reached":51,"playtime":7468,"items_purged":["Slimebound:Icky","hexamod:Strike+1","hexamod:Defend","hexamod:SixthSeal"],"score":756,"play_id":"7f5721a4-2212-43cb-921f-2e52039b2635","local_time":"20201214233419","is_ascension_mode":false,"campfire_choices":[{"floor":1.0,"key":"RECALL"},{"floor":4.0,"key":"REST"},{"floor":9.0,"key":"REST"},{"data":"hexamod:Float","floor":18.0,"key":"SMITH"},{"floor":22.0,"key":"REST"},{"data":"hexamod:FastForward","floor":26.0,"key":"SMITH"},{"data":"Madness","floor":35.0,"key":"SMITH"},{"floor":43.0,"key":"REST"}],"circlet_count":0,"master_deck":["hexamod:Strike+1","hexamod:Strike+1","hexamod:Defend+1","hexamod:Defend+1","hexamod:Defend","hexamod:Sear+1","hexamod:Float+1","hexamod:InspiringFlames","hexamod:FirstSeal","hexamod:FastForward+1","hexamod:VolcanoVisage+1","hexamod:ThermalTransfer+1","hexamod:BurningTouch","hexamod:ExtraCrispy+1","hexamod:EtherealExpedition+1","hexamod:ExtraCrispy","hexamod:HeatMetal+1","hexamod:ThermalTransfer+1","hexamod:HeatCrush+1","Madness+1","hexamod:FourthSeal","hexamod:HexaLevel+1","hexamod:FastForward+1","hexamod:HeatShield","expansioncontent:Chronoboost"],"relics":["hexamod:SpiritBrand","Lantern","downfall:HeartBlessingRed","downfall:ShatteredFragment","Darkstone Periapt","Question Card","hexamod:BolsterEngine","construct:ClawGrip","Letter Opener","downfall:KnowingSkull","downfall:HeartBlessingBlue","Whetstone","Membership Card","construct:WeddingRing","PreservedInsect","Regal Pillow","Bronze Scales","Oddly Smooth Stone","hexamod:JarOfFuel","Blue Candle","Lizard Tail"],"acts_visited":["Exordium","TheCity","TheBeyond"],"potions_floor_usage":[47,50,50],"damage_taken":[{"damage":35.0,"enemies":"3 Sentries","floor":3.0,"turns":13.0},{"damage":4.0,"enemies":"2 Louse","floor":5.0,"turns":3.0},{"damage":0.0,"enemies":"Small Slimes","floor":8.0,"turns":3.0},{"damage":11.0,"enemies":"HollowMod:MossKnight","floor":10.0,"turns":10.0},{"damage":0.0,"enemies":"Jaw Worm","floor":11.0,"turns":3.0},{"damage":0.0,"enemies":"Blue Slaver","floor":12.0,"turns":3.0},{"damage":4.0,"enemies":"downfall:FleeingMerchant","floor":13.0,"turns":4.0},{"damage":4.0,"enemies":"Lots of Slimes","floor":14.0,"turns":4.0},{"damage":0.0,"enemies":"Large Slime","floor":15.0,"turns":3.0},{"damage":7.0,"enemies":"downfall:Ironclad","floor":16.0,"turns":5.0},{"damage":18.0,"enemies":"HollowMod:Nosk","floor":19.0,"turns":6.0},{"damage":17.0,"enemies":"Spheric Guardian","floor":21.0,"turns":4.0},{"damage":3.0,"enemies":"Chosen","floor":23.0,"turns":3.0},{"damage":3.0,"enemies":"Snecko","floor":25.0,"turns":5.0},{"damage":17.0,"enemies":"Slavers","floor":27.0,"turns":4.0},{"damage":10.0,"enemies":"Snake Plant","floor":28.0,"turns":4.0},{"damage":7.0,"enemies":"downfall:FleeingMerchant","floor":29.0,"turns":4.0},{"damage":5.0,"enemies":"3 Cultists","floor":31.0,"turns":5.0},{"damage":11.0,"enemies":"Centurion and Healer","floor":32.0,"turns":5.0},{"damage":30.0,"enemies":"downfall:Watcher","floor":33.0,"turns":7.0},{"damage":26.0,"enemies":"3 Darklings","floor":36.0,"turns":4.0},{"damage":17.0,"enemies":"downfall:FleeingMerchant","floor":38.0,"turns":4.0},{"damage":3.0,"enemies":"3 Shapes","floor":39.0,"turns":3.0},{"damage":10.0,"enemies":"Spire Growth","floor":40.0,"turns":5.0},{"damage":12.0,"enemies":"Transient","floor":42.0,"turns":5.0},{"damage":9.0,"enemies":"Giant Head","floor":44.0,"turns":6.0},{"damage":5,"enemies":"Maw","floor":46,"turns":6},{"damage":30,"enemies":"Mind Bloom Boss Battle","floor":47,"turns":5},{"damage":40,"enemies":"Spire Growth","floor":49,"turns":5},{"damage":28,"enemies":"downfall:Silent","floor":50,"turns":10}],"seed_played":"-8188892007782726319","potions_obtained":[{"floor":10.0,"key":"PowerPotion"},{"floor":11.0,"key":"Fire Potion"},{"floor":12.0,"key":"Weak Potion"},{"floor":14.0,"key":"Fire Potion"},{"floor":16.0,"key":"BlessingOfTheForge"},{"floor":21.0,"key":"BlessingOfTheForge"},{"floor":28.0,"key":"SpeedPotion"},{"floor":31.0,"key":"Ancient Potion"},{"floor":31.0,"key":"LiquidBronze"},{"floor":32.0,"key":"PowerPotion"},{"floor":36.0,"key":"LiquidBronze"},{"floor":40.0,"key":"SneckoOil"},{"floor":42.0,"key":"Block Potion"},{"floor":42.0,"key":"hexamod:EctoCoolerPotion"},{"floor":44.0,"key":"Swift Potion"},{"floor":46,"key":"Regen Potion"},{"floor":47,"key":"SneckoOil"},{"floor":49,"key":"Block Potion"}],"is_trial":false,"path_per_floor":["R","?","E","R","M","?","T","M","R","E","M","M","$","M","M","B",null,"R","E","?","M","R","M","T","M","R","E","M","$","?","M","M","B",null,"R","M","?","$","M","M","T","M","R","E","$","M","?","?","M","B",null],"character_chosen":"THE_SPIRIT","items_purchased":["hexamod:BolsterEngine","Membership Card","hexamod:HeatCrush","Madness","PreservedInsect","Oddly Smooth Stone","hexamod:JarOfFuel","EntropicBrew","expansioncontent:Chronoboost","Blue Candle"],"campfire_rested":4,"item_purchase_floors":[13,29,29,29,38,45,45,45,45,45],"current_hp_per_floor":[77,77,42,65,61,40,40,47,70,66,73,73,69,72,72,65,77,77,66,59,49,72,76,76,77,87,77,74,67,67,69,65,42,87,87,68,68,51,48,45,45,40,81,79,79,81,58,98,65,59],"gold":166,"neow_bonus":"TEN_PERCENT_HP_BONUS","is_daily":false,"chose_seed":false,"campfire_upgraded":3,"win_rate":0.0,"timestamp":1608010459,"path_taken":["R","?","E","R","M","?","T","M","R","E","M","M","$","?","M","BOSS","R","E","?","M","R","M","T","M","R","E","?","$","?","M","M","BOSS","R","M","?","$","M","M","T","?","R","E","$","M","?","?","M","BOSS"],"items_purchased_type":["Relic","Relic","Card","Card","Relic","Relic","Relic","Potion","Card","Relic"],"build_version":"2020-12-13","purchased_purges":4,"victory":true,"max_hp_per_floor":[77,77,77,77,77,77,77,77,77,77,77,77,77,77,77,77,77,77,77,77,77,77,77,77,77,87,87,87,87,87,87,87,87,87,87,87,87,87,87,87,87,87,87,87,87,87,87,98,98,98],"card_choices":[{"not_picked":["hexamod:NightmareStrike","hexamod:RecurringNightmare"],"picked":"hexamod:InspiringFlames","floor":3.0},{"not_picked":["hexamod:GhostOfSpireFuture","hexamod:InspiringFlames"],"picked":"hexamod:FirstSeal","floor":5.0},{"not_picked":["hexamod:BurningTouch","hexamod:Hexaguard"],"picked":"hexamod:FastForward","floor":8.0},{"not_picked":["hexamod:Firestarter","hexamod:ExtraCrispy"],"picked":"hexamod:VolcanoVisage","floor":10.0},{"not_picked":["hexamod:SwordOfDarkness","hexamod:FastForward","hexamod:BacktrackSmack"],"picked":"hexamod:ThermalTransfer","floor":11.0},{"not_picked":["hexamod:ThermalTransfer","hexamod:InspiringFlames","hexamod:Again"],"picked":"hexamod:BurningTouch","floor":12.0},{"not_picked":["hexamod:SpectersWail","hexamod:PowerFromBeyond","hexamod:FifthSeal"],"picked":"hexamod:ExtraCrispy","floor":13.0},{"not_picked":["hexamod:Firestarter","hexamod:GhostOfSpireFuture","hexamod:Hexaguard","hexamod:Haunt"],"picked":"SKIP","floor":14.0},{"not_picked":["hexamod:ShieldOfDarkness","hexamod:RetreatToShadows","hexamod:HauntingEcho","hexamod:SkipABeat"],"picked":"SKIP","floor":15.0},{"not_picked":["hexamod:EmpoweringStance","hexamod:FifthSeal","hexamod:UnlimitedPower"],"picked":"hexamod:SixthSeal","floor":16.0},{"not_picked":["hexamod:PhantomCloak","hexamod:BacktrackSmack","hexamod:ThermalTransfer+1"],"picked":"hexamod:EtherealExpedition+1","floor":19.0},{"not_picked":["hexamod:SkipABeat","hexamod:BacktrackSmack+1","hexamod:SecondSeal","hexamod:SwordOfDarkness"],"picked":"SKIP","floor":21.0},{"not_picked":["hexamod:BurningTouch+1","hexamod:NecessarySacrifice","hexamod:GhostShield","hexamod:Firestarter"],"picked":"SKIP","floor":23.0},{"not_picked":["hexamod:GhostOfSpireFuture","hexamod:Again","hexamod:HauntingEcho"],"picked":"hexamod:ExtraCrispy","floor":25.0},{"not_picked":["hexamod:PowerFromBeyond","hexamod:BurningTouch","hexamod:FirstSeal"],"picked":"hexamod:HeatMetal+1","floor":27.0},{"not_picked":["hexamod:ShieldOfDarkness","hexamod:Firestarter","hexamod:DynamicBlow"],"picked":"hexamod:ThermalTransfer+1","floor":28.0},{"not_picked":["hexamod:ShieldOfDarkness","hexamod:Rewind","hexamod:GhostShield","hexamod:Firestarter"],"picked":"SKIP","floor":29.0},{"not_picked":["hexamod:Haunt","hexamod:BurningTouch+1","hexamod:Rewind","hexamod:FourthSeal"],"picked":"SKIP","floor":31.0},{"not_picked":["hexamod:NightmareStrike+1","hexamod:BacktrackSmack","hexamod:HeatCrush","hexamod:PhantomFireball+1"],"picked":"SKIP","floor":32.0},{"not_picked":["hexamod:TimeOfNeed","hexamod:FifthSeal","hexamod:UnlimitedPower"],"picked":"hexamod:HexaLevel","floor":33.0},{"not_picked":["hexamod:ThermalTransfer","hexamod:BacktrackSmack+1","hexamod:GhostShield+1","hexamod:RainOfEmbers"],"picked":"SKIP","floor":36.0},{"not_picked":["hexamod:InspiringFlames+1","hexamod:ShieldOfDarkness+1","hexamod:Firestarter","hexamod:HauntingEcho"],"picked":"SKIP","floor":39.0},{"not_picked":["hexamod:Incineration","hexamod:ParanormalForm","hexamod:AdvancingGuard+1"],"picked":"hexamod:FastForward+1","floor":40.0},{"not_picked":["hexamod:DynamicBlow","hexamod:Rewind+1","hexamod:RadiantFlame","hexamod:PhantomCloak+1"],"picked":"SKIP","floor":42.0},{"not_picked":["hexamod:GhostLash","hexamod:HauntingEcho","hexamod:RadiantFlame"],"picked":"hexamod:HeatShield","floor":44.0},{"not_picked":["hexamod:ShieldOfDarkness+1","hexamod:PhantomFireball+1","hexamod:HeatCrush+1","hexamod:RetreatToShadows"],"picked":"SKIP","floor":46},{"not_picked":["hexamod:Firestarter","hexamod:InspiringFlames","hexamod:SwordOfDarkness+1","hexamod:DynamicBlow"],"picked":"SKIP","floor":49}],"player_experience":539024,"relics_obtained":[{"floor":3.0,"key":"Lantern"},{"floor":7.0,"key":"Darkstone Periapt"},{"floor":10.0,"key":"Question Card"},{"floor":19.0,"key":"Letter Opener"},{"floor":27.0,"key":"Whetstone"},{"floor":41.0,"key":"Regal Pillow"},{"floor":44.0,"key":"Bronze Scales"},{"floor":47,"key":"Lizard Tail"}],"event_choices":[{"cards_removed":["hexamod:Strike"],"damage_healed":0.0,"max_hp_gain":0.0,"max_hp_loss":0.0,"gold_gain":0.0,"event_name":"Purifier","player_choice":"Purged","floor":37.0,"gold_loss":0.0,"damage_taken":0.0}],"is_beta":false,"boss_relics":[{"not_picked":["theForsaken:PaleLantern","Runic Pyramid"],"picked":"construct:ClawGrip"},{"not_picked":["Fusion Hammer","Pandora\u0027s Box"],"picked":"construct:WeddingRing"}],"items_purged_floors":[13,29,38,45],"is_endless":false,"potions_floor_spawned":[10,11,12,14,16,21,23,28,31,32,42,46],"ascension_level":0}}