{"host":"i9o21tdcc8l3o4rw","time":1608063869,"event":{"mods":["2.2 Compatiblity","Act Like it!","BaseMod","BetterRewards","Colored Map","Colored Powertips","Hermit","Hubris","Marisa????????","Menagerie","Minty Spire (QoL Compilation)","Replay The Spire","Shop Mod","StSLib","The Disciple","The Necromancer","The Servant 0.9.4"],"gold_per_floor":[116,116,126,49,49,49,78,150,201,220,220,250,63,76,76,176,176,192,192,192,192,208,208,208,208,208,208,261,28,42,142,155,15,66,165,165,185,185,203,203,203,203,218,218,243,243,243],"floor_reached":46,"playtime":5665,"items_purged":[],"score":447,"play_id":"9775dcec-f0e5-469d-bde7-bd63f2f4cc85","local_time":"20201215212429","is_ascension_mode":false,"campfire_choices":[{"data":"Survivor","floor":6,"key":"SMITH"},{"floor":11,"key":"REST"},{"floor":15,"key":"REST"},{"floor":23,"key":"REST"},{"data":"Deflect","floor":26,"key":"SMITH"},{"floor":42,"key":"REST"},{"floor":44,"key":"REST"}],"circlet_count":0,"master_deck":["Strike_G","Strike_G","Strike_G","Strike_G","Defend_G","Defend_G","Defend_G","Defend_G","Defend_G","Survivor+1","Neutralize","Dagger Spray","Predator","Well Laid Plans","Escape Plan","Blade Dance","Poisoned Stab","Endless Agony","Deadly Poison","Noxious Fumes","Crippling Poison","Finisher","Deflect+1","Blade Dance","Envenom","Prepared","Quick Slash","Outmaneuver+1","Escape Plan","Quick Slash","Choke","Footwork+1","Wraith Form v2","A Thousand Cuts","Dodge and Roll+1","Blade Dance+1","Madness","Madness","Wraith","Bane+1","Dagger Spray+1","Die Die Die"],"relics":["Ring of the Snake","hubris:Towel","hubris:Icosahedron","Dream Catcher","Anchor","Mummified Hand","Ring of Chaos","hubris:CuriousFeather","Nunchaku","TwistedFunnel","PreservedInsect"],"acts_visited":["Exordium","TheCity","TheBeyond"],"potions_floor_usage":[],"damage_taken":[{"damage":0,"enemies":"2 Louse","floor":1,"turns":2},{"damage":3,"enemies":"Jaw Worm","floor":3,"turns":3},{"damage":32,"enemies":"Lagavulin","floor":7,"turns":14},{"damage":0,"enemies":"Small Slimes","floor":10,"turns":2},{"damage":12,"enemies":"Gremlin Nob","floor":12,"turns":4},{"damage":7,"enemies":"Exordium Thugs","floor":14,"turns":4},{"damage":32,"enemies":"Hexaghost","floor":16,"turns":10},{"damage":12,"enemies":"Shell Parasite","floor":18,"turns":4},{"damage":0,"enemies":"Chosen","floor":22,"turns":4},{"damage":37,"enemies":"Snecko","floor":30,"turns":7},{"damage":15,"enemies":"3 Cultists","floor":32,"turns":4},{"damage":71,"enemies":"Collector","floor":35,"turns":8},{"damage":6,"enemies":"3 Darklings","floor":37,"turns":3},{"damage":2,"enemies":"Orb Walker","floor":39,"turns":4},{"damage":12,"enemies":"Transient","floor":43,"turns":5},{"damage":78,"enemies":"Reptomancer","floor":46,"turns":3}],"seed_played":"-6245021994084199314","potions_obtained":[{"floor":1,"key":"LifebloodPotion"},{"floor":3,"key":"DistilledChaos"},{"floor":12,"key":"Cursed Concoction"},{"floor":14,"key":"FairyPotion"},{"floor":18,"key":"Toxic Potion"},{"floor":32,"key":"FairyPotion"},{"floor":35,"key":"LiquidBronze"},{"floor":43,"key":"Poison Potion"}],"is_trial":false,"path_per_floor":["M","?","M","$","?","R","E","?","T","M","R","E","$","M","R","B",null,"M","?","?","?","M","R","PTL","PTL","R","T","T","$","M","?","M","$","R_BF","B",null,"M","?","M","?","?","R","M","R","T","E"],"character_chosen":"THE_SILENT","items_purchased":["Escape Plan","Noxious Fumes","Crippling Poison","Finisher","TwistedFunnel","Escape Plan","Quick Slash","Wraith Form v2"],"campfire_rested":5,"item_purchase_floors":[4,13,13,13,29,29,29,33],"current_hp_per_floor":[70,70,67,67,67,67,35,35,35,35,56,44,44,37,58,26,70,58,58,45,45,45,67,67,67,67,67,67,67,30,30,15,15,15,1,75,69,69,67,58,58,75,63,75,75,0,0],"gold":243,"neow_bonus":"TRANSFORM_CARD","is_daily":false,"chose_seed":false,"campfire_upgraded":2,"win_rate":0.0,"timestamp":1608063869,"path_taken":["M","?","M","$","?","R","E","?","T","M","R","E","$","?","R","BOSS","M","?","?","?","M","R","PTL","PTL","R","?","T","$","?","?","M","$","R_BF","BOSS","M","?","M","?","?","R","M","R","T","E"],"items_purchased_type":["Card","Card","Card","Card","Relic","Card","Card","Card"],"build_version":"2020-11-29","purchased_purges":0,"victory":false,"max_hp_per_floor":[70,70,70,70,70,70,70,70,70,70,70,70,70,70,70,70,70,70,70,75,75,75,75,75,75,75,75,75,75,75,75,75,75,75,75,75,75,75,75,75,75,75,75,75,75,75,75],"card_choices":[{"not_picked":["hubris:Sniper","Underhanded Strike"],"picked":"Predator","floor":1},{"not_picked":["Calculated Gamble","ReplayTheSpireMod:Speed Training"],"picked":"Well Laid Plans","floor":3},{"not_picked":["Well Laid Plans","Footwork"],"picked":"Blade Dance","floor":7},{"not_picked":["Hidden Blade","hubris:SlightOfHand"],"picked":"Poisoned Stab","floor":10},{"not_picked":["hubris:SlightOfHand","Poisoned Stab"],"picked":"Endless Agony","floor":11},{"not_picked":["A Thousand Cuts","Poisoned Stab"],"picked":"Deadly Poison","floor":12},{"not_picked":["Footwork","Outmaneuver"],"picked":"Deflect","floor":14},{"not_picked":["Reflex","Dagger Spray"],"picked":"Blade Dance","floor":15},{"not_picked":["Atom Bomb","Corpse Explosion"],"picked":"Envenom","floor":16},{"not_picked":["Underhanded Strike","Choke"],"picked":"Prepared","floor":18},{"not_picked":["Masterful Stab","Fluid Movement"],"picked":"Quick Slash","floor":22},{"not_picked":["Reflex+1","hubris:SlightOfHand+1"],"picked":"Outmaneuver+1","floor":23},{"not_picked":["Hidden Blade","Prepared"],"picked":"Choke","floor":30},{"not_picked":["Crippling Poison","Riddle With Holes"],"picked":"Footwork+1","floor":32},{"not_picked":["Replay:Bag of Tricks","Atom Bomb"],"picked":"A Thousand Cuts","floor":35},{"not_picked":["ReplayTheSpireMod:Exploit Weakness+1","Toxin Wave"],"picked":"Dodge and Roll+1","floor":37},{"not_picked":["hubris:TrickCloak+1","Underhanded Strike"],"picked":"Blade Dance+1","floor":39},{"not_picked":["Blur+1","Poisoned Stab"],"picked":"Bane+1","floor":42},{"not_picked":["Noxious Fumes+1","Outmaneuver+1"],"picked":"Dagger Spray+1","floor":43},{"not_picked":["hubris:SlightOfHand+1","Eviscerate"],"picked":"Die Die Die","floor":44}],"player_experience":67896,"relics_obtained":[{"floor":7,"key":"Dream Catcher"},{"floor":9,"key":"Anchor"},{"floor":12,"key":"Mummified Hand"},{"floor":27,"key":"hubris:CuriousFeather"},{"floor":28,"key":"Nunchaku"},{"floor":45,"key":"PreservedInsect"}],"event_choices":[{"damage_healed":0,"gold_gain":72,"player_choice":"Gained Gold","damage_taken":0,"max_hp_gain":0,"max_hp_loss":0,"event_name":"Golden Wing","floor":8,"gold_loss":0},{"damage_healed":0,"gold_gain":0,"player_choice":"Ignored","damage_taken":0,"max_hp_gain":0,"max_hp_loss":0,"event_name":"Cursed Tome","floor":19,"gold_loss":0},{"damage_healed":0,"gold_gain":0,"player_choice":"Shed Blood","damage_taken":18,"max_hp_gain":5,"max_hp_loss":0,"event_name":"Forgotten Altar","floor":20,"gold_loss":0},{"damage_healed":0,"gold_gain":100,"player_choice":"Pray","damage_taken":0,"max_hp_gain":0,"max_hp_loss":0,"event_name":"Golden Shrine","floor":31,"gold_loss":0},{"damage_healed":0,"gold_gain":0,"player_choice":"Embrace Madness","damage_taken":9,"max_hp_gain":0,"max_hp_loss":0,"event_name":"Winding Halls","floor":40,"gold_loss":0,"cards_obtained":["Madness","Madness"]},{"damage_healed":0,"gold_gain":0,"player_choice":"Ignored","damage_taken":0,"max_hp_gain":0,"max_hp_loss":0,"event_name":"OrinTheCat","floor":41,"gold_loss":0}],"is_beta":false,"boss_relics":[{"not_picked":["Astrolabe","WristBlade"],"picked":"Ring of Chaos"},{"not_picked":["ReplayTheSpireMod:DimensionalGlitch","Honey Jar","Replay:Drink Me"]}],"items_purged_floors":[],"is_endless":false,"potions_floor_spawned":[1,3,12,14,18,32,35,43],"killed_by":"Reptomancer","ascension_level":0}}