{"host":"agga6lej02o7kt08","time":1608022303,"event":{"mods":["Aspiration","BaseMod","Colored Map","Colored Powertips","Downfall","Hubris","Minty Spire (QoL Compilation)","Replay The Spire","Spicy Shops","StSLib"],"gold_per_floor":[99,99,99,199,230,246,271,271,371,404,414,218,46,58,75,75,75],"floor_reached":16,"playtime":1095,"items_purged":["champ:Strike","Shame"],"score":113,"play_id":"561599fd-a138-4196-aa53-c34ecac3cb67","local_time":"20201215175143","is_ascension_mode":true,"campfire_choices":[{"data":"champ:Taunt","floor":1,"key":"SMITH"},{"data":"champ:ViciousMockery","floor":8,"key":"SMITH"}],"circlet_count":0,"master_deck":["champ:Strike","champ:Strike","champ:Defend","champ:Defend","champ:Defend","champ:Defend","champ:Execute","champ:Taunt+1","champ:ViciousMockery+1","champ:Haymaker+1","champ:FaceSlap","champ:SwordSigil"],"relics":["champ:ChampionCrown","champ:LiftRelic","PreservedInsect","Replay:Rubber Ducky","hubris:DeckOfHolding","Oddly Smooth Stone"],"acts_visited":["Exordium"],"potions_floor_usage":[9,12,12,13,14,16,16],"damage_taken":[{"damage":49,"enemies":"3 Sentries","floor":5,"turns":12},{"damage":5,"enemies":"Cultist","floor":6,"turns":3},{"damage":39,"enemies":"downfall:Heads","floor":9,"turns":5},{"damage":26,"enemies":"Lagavulin","floor":10,"turns":8},{"damage":0,"enemies":"2 Louse","floor":11,"turns":2},{"damage":4,"enemies":"downfall:FleeingMerchant","floor":12,"turns":4},{"damage":4,"enemies":"downfall:FleeingMerchant","floor":13,"turns":4},{"damage":8,"enemies":"Small Slimes","floor":14,"turns":8},{"damage":0,"enemies":"2 Fungi Beasts","floor":15,"turns":4},{"damage":36,"enemies":"downfall:Ironclad","floor":16,"turns":13}],"seed_played":"1189602059451751319","potions_obtained":[{"floor":5,"key":"Fire Potion"},{"floor":10,"key":"SkillPotion"},{"floor":11,"key":"EntropicBrew"},{"floor":14,"key":"Adrenaline Potion"}],"is_trial":false,"path_per_floor":["R","?","?","?","E","M","T","R","?","E","M","$","$","M","M","B"],"character_chosen":"THE_CHAMP","items_purchased":["Regen Potion","Oddly Smooth Stone"],"campfire_rested":0,"item_purchase_floors":[12,13],"current_hp_per_floor":[99,99,99,99,65,65,65,65,31,5,5,5,5,25,25,0,0],"gold":75,"neow_bonus":"TEN_PERCENT_HP_BONUS","is_daily":false,"chose_seed":false,"campfire_upgraded":2,"win_rate":0.0,"timestamp":1608022303,"path_taken":["R","?","?","?","E","M","T","R","?","E","M","?","$","M","M","BOSS"],"items_purchased_type":["Potion","Relic"],"build_version":"2020-12-13","purchased_purges":2,"victory":false,"max_hp_per_floor":[99,99,99,99,99,99,99,99,99,99,99,99,99,99,99,99,99],"card_choices":[{"not_picked":["champ:RapidStrikes","champ:EnragedBash","champ:GutPunch"],"picked":"SKIP","floor":5},{"not_picked":["champ:PerfectedStrike","champ:DefensiveShout"],"picked":"champ:Haymaker","floor":6},{"not_picked":["champ:RapidStrikes","champ:DeathBlow","champ:StrikeOfGenius"],"picked":"SKIP","floor":10},{"not_picked":["champ:BerserkerStyle","champ:BringItOn"],"picked":"champ:FaceSlap","floor":11},{"not_picked":["champ:Duel","champ:FlashCut","champ:CrookedStrike"],"picked":"SKIP","floor":12},{"not_picked":["champ:FlashCut","champ:Aggression","champ:ViciousMockery"],"picked":"SKIP","floor":13},{"not_picked":["champ:Haymaker","champ:Encircle"],"picked":"champ:SwordSigil","floor":14},{"not_picked":["champ:HeartStrike","champ:Lariat","champ:Aggression"],"picked":"SKIP","floor":15}],"player_experience":730647,"relics_obtained":[{"floor":5,"key":"PreservedInsect"},{"floor":7,"key":"Replay:Rubber Ducky"},{"floor":10,"key":"hubris:DeckOfHolding"}],"event_choices":[],"is_beta":false,"boss_relics":[],"items_purged_floors":[12,13],"is_endless":false,"potions_floor_spawned":[5,10,11,14],"killed_by":"downfall:Ironclad","ascension_level":1}}