{"host":"kiehjq3lc4w5t4uc","time":1608056288,"event":{"mods":["AchievementEnabler","BaseMod","BetterRewards","Colored Map","Colored Powertips","DeckTracker","Minty Spire (QoL Compilation)","Quick Restart","Rare Cards Sparkle","Relic Stats","Shop Mod","Spicy Shops","StSLib","SuperFastMode","The Cursed"],"gold_per_floor":[117,130,140,140,152,186,186,245,245,245,245,259,287,311,311,416,416,432,432,432,452,194,229,229,255,255,355,201,221,233,250,250,355,355,371,386,404,459,79,79,113,113,138,154,169,200,200,217,217,217],"floor_reached":51,"playtime":4587,"items_purged":["TheCursedMod:Defend_TheCursed"],"score":832,"play_id":"4f0fd47d-f87f-4133-9bcd-71ef7bf28f08","local_time":"20201216031808","is_ascension_mode":false,"campfire_choices":[{"data":"TheCursedMod:DemonicPact","floor":7.0,"key":"SMITH"},{"data":"TheCursedMod:StingEye","floor":11.0,"key":"SMITH"},{"data":"TheCursedMod:CleanUpWorkshop","floor":15.0,"key":"SMITH"},{"data":"TheCursedMod:CircleOfAmplification","floor":24.0,"key":"SMITH"},{"data":"TheCursedMod:CursedSpellbook","floor":32.0,"key":"SMITH"},{"data":"TheCursedMod:VoidForm","floor":40.0,"key":"SMITH"},{"data":"TheCursedMod:ReleasedStrength","floor":47,"key":"SMITH"},{"floor":49,"key":"REST"}],"circlet_count":0,"master_deck":["TheCursedMod:Strike_TheCursed","TheCursedMod:Strike_TheCursed","TheCursedMod:Strike_TheCursed","TheCursedMod:Strike_TheCursed","TheCursedMod:Defend_TheCursed+1","TheCursedMod:Defend_TheCursed","TheCursedMod:Defend_TheCursed+1","TheCursedMod:CursedWand","TheCursedMod:CleanUpWorkshop+1","TheCursedMod:Dregs","TheCursedMod:Stigma","TheCursedMod:StingEye+1","TheCursedMod:ReleasedStrength+1","TheCursedMod:CursedSpellbook+1","TheCursedMod:DemonicPact+1","TheCursedMod:NeowsMight","TheCursedMod:CircleOfAmplification+1","TheCursedMod:NeowsMight","TheCursedMod:SurpriseAttack","TheCursedMod:SurpriseAttack","TheCursedMod:NeowsMight","TheCursedMod:VoidForm+1","TheCursedMod:CursedSpellbook+1","TheCursedMod:NeowsMight","TheCursedMod:SurpriseAttack"],"relics":["TheCursedMod:BlackMagic101","NeowsBlessing","TheCursedMod:Tack","TheCursedMod:DemonicMark","Meat on the Bone","Lantern","Bottled Tornado","Bag of Marbles","Sozu","Nilry\u0027s Codex","DollysMirror","Potion Belt","Bronze Scales","Question Card","Pocketwatch","Bottled Flame","War Paint","TheCursedMod:FourLeafCloverCharm","Torii","CaptainsWheel","Smiling Mask","Boot","Centennial Puzzle"],"acts_visited":["Exordium","TheCity","TheBeyond"],"potions_floor_usage":[],"damage_taken":[{"damage":0.0,"enemies":"Cultist","floor":1.0,"turns":1.0},{"damage":0.0,"enemies":"Small Slimes","floor":2.0,"turns":1.0},{"damage":0.0,"enemies":"2 Louse","floor":3.0,"turns":1.0},{"damage":2.0,"enemies":"Blue Slaver","floor":5.0,"turns":3.0},{"damage":16.0,"enemies":"Gremlin Nob","floor":6.0,"turns":4.0},{"damage":17.0,"enemies":"Gremlin Nob","floor":8.0,"turns":4.0},{"damage":8.0,"enemies":"2 Fungi Beasts","floor":12.0,"turns":2.0},{"damage":21.0,"enemies":"Lagavulin","floor":13.0,"turns":5.0},{"damage":24.0,"enemies":"Hexaghost","floor":16.0,"turns":7.0},{"damage":0.0,"enemies":"3 Byrds","floor":18.0,"turns":2.0},{"damage":20.0,"enemies":"2 Thieves","floor":21.0,"turns":3.0},{"damage":18.0,"enemies":"Slavers","floor":23.0,"turns":4.0},{"damage":2.0,"enemies":"Book of Stabbing","floor":25.0,"turns":4.0},{"damage":10.0,"enemies":"Colosseum Slavers","floor":27.0,"turns":3.0},{"damage":10.0,"enemies":"Colosseum Nobs","floor":27.0,"turns":4.0},{"damage":0.0,"enemies":"Cultist and Chosen","floor":29.0,"turns":3.0},{"damage":0.0,"enemies":"Centurion and Healer","floor":30.0,"turns":4.0},{"damage":0.0,"enemies":"Chosen and Byrds","floor":31.0,"turns":3.0},{"damage":42.0,"enemies":"Champ","floor":33.0,"turns":9.0},{"damage":12.0,"enemies":"3 Shapes","floor":35.0,"turns":2.0},{"damage":0.0,"enemies":"Orb Walker","floor":36.0,"turns":2.0},{"damage":3.0,"enemies":"Sphere and 2 Shapes","floor":37.0,"turns":3.0},{"damage":6.0,"enemies":"2 Orb Walkers","floor":38.0,"turns":2.0},{"damage":0,"enemies":"Reptomancer","floor":41,"turns":2},{"damage":0,"enemies":"3 Darklings","floor":44,"turns":2},{"damage":19,"enemies":"Writhing Mass","floor":45,"turns":3},{"damage":0,"enemies":"Giant Head","floor":46,"turns":2},{"damage":0,"enemies":"Spire Growth","floor":48,"turns":1},{"damage":17,"enemies":"Awakened One","floor":50,"turns":4}],"seed_played":"4964735597360689344","potions_obtained":[{"floor":5.0,"key":"Ancient Potion"},{"floor":6.0,"key":"Fire Potion"},{"floor":12.0,"key":"FearPotion"},{"floor":13.0,"key":"Regen Potion"}],"is_trial":false,"path_per_floor":["M","M","M","$","M","E","R","?","T","?","R","M","E","T","R","B",null,"M","?","?","M","$","E","R","E","T","?","$","M","M","M","R","B",null,"M","M","M","?","$","R","E","?","T","M","M","E","R","M","R","B",null],"character_chosen":"THE_CURSED","items_purchased":["TheCursedMod:CircleOfAmplification","DollysMirror","War Paint","CaptainsWheel"],"campfire_rested":1,"item_purchase_floors":[22,22,28,39],"current_hp_per_floor":[75,75,75,75,73,57,57,40,40,33,33,37,28,28,28,31,75,75,59,45,37,37,31,31,41,41,45,45,45,45,45,45,15,80,68,68,65,59,59,59,59,80,80,80,61,61,61,61,80,63],"gold":217,"neow_bonus":"THREE_ENEMY_KILL","is_daily":false,"chose_seed":false,"campfire_upgraded":7,"win_rate":0.0,"timestamp":1608056288,"path_taken":["M","M","M","?","M","E","R","?","T","?","R","M","E","?","R","BOSS","M","?","?","M","$","E","R","E","T","?","$","M","M","M","R","BOSS","M","M","M","?","$","R","E","?","T","?","M","E","R","M","R","BOSS"],"items_purchased_type":["Card","Relic","Relic","Relic"],"build_version":"2020-12-13","purchased_purges":1,"victory":true,"max_hp_per_floor":[75,75,75,75,75,75,75,75,75,75,75,75,75,75,75,75,75,75,75,80,80,80,80,80,80,80,80,80,80,80,80,80,80,80,80,80,80,80,80,80,80,80,80,80,80,80,80,80,80,80],"relic_stats":{"Sozu":6,"Centennial Puzzle":[3],"Torii":0,"counters":[29,90],"Bronze Scales":[122],"War Paint":["TheCursedMod:Defend_TheCursed","TheCursedMod:Defend_TheCursed"],"Question Card":14,"Smiling Mask":0,"Boot":[9],"obtain_stats":[{"Potion Belt":23,"TheCursedMod:BlackMagic101":0,"Lantern":10,"TheCursedMod:FourLeafCloverCharm":34,"NeowsBlessing":0,"Torii":38,"Nilry\u0027s Codex":19,"TheCursedMod:Tack":6,"Bottled Tornado":13,"War Paint":28,"TheCursedMod:DemonicMark":8,"Question Card":26,"Smiling Mask":41,"Boot":43,"Sozu":17,"Bottled Flame":27,"CaptainsWheel":39,"Centennial Puzzle":46,"DollysMirror":22,"Bronze Scales":25,"Bag of Marbles":14,"Meat on the Bone":9,"Pocketwatch":27},{"Potion Belt":12,"TheCursedMod:BlackMagic101":0,"Lantern":6,"TheCursedMod:FourLeafCloverCharm":19,"NeowsBlessing":0,"Torii":23,"Nilry\u0027s Codex":10,"TheCursedMod:Tack":5,"Bottled Tornado":8,"War Paint":15,"TheCursedMod:DemonicMark":6,"Question Card":13,"Smiling Mask":24,"Boot":24,"Sozu":9,"Bottled Flame":15,"CaptainsWheel":23,"Centennial Puzzle":27,"DollysMirror":11,"Bronze Scales":13,"Bag of Marbles":8,"Meat on the Bone":6,"Pocketwatch":15},{"Potion Belt":37,"TheCursedMod:BlackMagic101":0,"Lantern":14,"TheCursedMod:FourLeafCloverCharm":67,"NeowsBlessing":0,"Torii":76,"Nilry\u0027s Codex":30,"TheCursedMod:Tack":10,"Bottled Tornado":21,"War Paint":48,"TheCursedMod:DemonicMark":14,"Question Card":41,"Smiling Mask":78,"Boot":78,"Sozu":28,"Bottled Flame":48,"CaptainsWheel":76,"Centennial Puzzle":85,"DollysMirror":33,"Bronze Scales":41,"Bag of Marbles":21,"Meat on the Bone":14,"Pocketwatch":48}],"Meat on the Bone":108,"Pocketwatch":[3]},"card_choices":[{"not_picked":["TheCursedMod:CursedMace","TheCursedMod:Stretching"],"picked":"TheCursedMod:Stigma","floor":1.0},{"not_picked":["TheCursedMod:CursedArmor","TheCursedMod:RapidMovement"],"picked":"TheCursedMod:StingEye","floor":2.0},{"not_picked":["TheCursedMod:Torture","TheCursedMod:CursedArmor"],"picked":"TheCursedMod:ReleasedStrength","floor":3.0},{"not_picked":["TheCursedMod:CursedBlade","TheCursedMod:TacticalStrike"],"picked":"TheCursedMod:CursedSpellbook","floor":5.0},{"not_picked":["TheCursedMod:AbyssShockwave","TheCursedMod:PrepareRite"],"picked":"TheCursedMod:DemonicPact","floor":6.0},{"not_picked":["TheCursedMod:Obscuration","TheCursedMod:CircleOfFlame","TheCursedMod:CircleOfWindfury"],"picked":"SKIP","floor":12.0},{"not_picked":["TheCursedMod:RapidMovement","TheCursedMod:WearCloak","TheCursedMod:Stretching"],"picked":"SKIP","floor":13.0},{"not_picked":["TheCursedMod:AntiAging","TheCursedMod:DarkBarrier"],"picked":"TheCursedMod:NeowsMight","floor":16.0},{"not_picked":["TheCursedMod:LuckyCharm","TheCursedMod:TroublousMinions","TheCursedMod:CursedMace"],"picked":"SKIP","floor":18.0},{"not_picked":["TheCursedMod:WearCloak+1","TheCursedMod:CircleOfFocus","TheCursedMod:SpitefulPlan+1"],"picked":"SKIP","floor":21.0},{"not_picked":["TheCursedMod:Evocation","TheCursedMod:DoubleShield","TheCursedMod:TroublousMinions"],"picked":"SKIP","floor":23.0},{"not_picked":["TheCursedMod:CursedBlade","TheCursedMod:HellfireBreathing"],"picked":"TheCursedMod:SurpriseAttack","floor":25.0},{"not_picked":["TheCursedMod:SmokeScreen","TheCursedMod:HellfireBreathing+1","TheCursedMod:FleshFromBone"],"picked":"TheCursedMod:SurpriseAttack","floor":27.0},{"not_picked":["TheCursedMod:StingEye","TheCursedMod:Obscuration","TheCursedMod:TacticalStrike"],"picked":"TheCursedMod:NeowsMight","floor":29.0},{"not_picked":["TheCursedMod:CursedBlade","TheCursedMod:TacticalStrike","TheCursedMod:StingEye","TheCursedMod:Hemoplague"],"picked":"SKIP","floor":30.0},{"not_picked":["TheCursedMod:SmokeScreen","TheCursedMod:WearCloak","TheCursedMod:Mangle+1","TheCursedMod:SpitefulPray"],"picked":"SKIP","floor":31.0},{"not_picked":["TheCursedMod:CollectTribute","TheCursedMod:DemonSword","TheCursedMod:CircleOfAbyss"],"picked":"TheCursedMod:VoidForm","floor":33.0},{"not_picked":["TheCursedMod:CircleOfFlame+1","TheCursedMod:SaltUponWound","TheCursedMod:Stigma","TheCursedMod:SpitefulStrike"],"picked":"SKIP","floor":35.0},{"not_picked":["TheCursedMod:CursedShiv+1","TheCursedMod:FleshFromBone","TheCursedMod:Mangle"],"picked":"TheCursedMod:CursedSpellbook+1","floor":36.0},{"not_picked":["TheCursedMod:ManaBullet+1","TheCursedMod:Grudge","TheCursedMod:CircleOfCorruption","TheCursedMod:Wield+1"],"picked":"SKIP","floor":37.0},{"not_picked":["TheCursedMod:SpitefulStrike","TheCursedMod:TroublousMinions+1","TheCursedMod:CircleOfCorruption","TheCursedMod:LuckyCharm"],"picked":"SKIP","floor":41},{"not_picked":["TheCursedMod:CursedArmor","TheCursedMod:TacticalStrike","TheCursedMod:RavingStaff+1"],"picked":"TheCursedMod:NeowsMight","floor":44},{"not_picked":["TheCursedMod:StingEye+1","TheCursedMod:Mangle+1","TheCursedMod:Obscuration+1","TheCursedMod:HellsGateOpen+1"],"picked":"SKIP","floor":45},{"not_picked":["TheCursedMod:SoulCrush","TheCursedMod:SpitefulStrike+1","TheCursedMod:SmokeScreen"],"picked":"TheCursedMod:SurpriseAttack","floor":46},{"not_picked":["TheCursedMod:CursedShiv","TheCursedMod:CircleOfCorruption+1","TheCursedMod:CursedMace","TheCursedMod:TacticalStrike"],"picked":"SKIP","floor":48}],"player_experience":86773,"relics_obtained":[{"floor":6.0,"key":"TheCursedMod:Tack"},{"floor":8.0,"key":"TheCursedMod:DemonicMark"},{"floor":9.0,"key":"Meat on the Bone"},{"floor":13.0,"key":"Bottled Tornado"},{"floor":14.0,"key":"Bag of Marbles"},{"floor":19.0,"key":"Nilry\u0027s Codex"},{"floor":23.0,"key":"Potion Belt"},{"floor":25.0,"key":"Bronze Scales"},{"floor":26.0,"key":"Question Card"},{"floor":27.0,"key":"Pocketwatch"},{"floor":27.0,"key":"Bottled Flame"},{"floor":38.0,"key":"Torii"},{"floor":41,"key":"Smiling Mask"},{"floor":43,"key":"Boot"},{"floor":46,"key":"Centennial Puzzle"}],"event_choices":[{"damage_healed":0.0,"max_hp_gain":0.0,"max_hp_loss":0.0,"gold_gain":0.0,"event_name":"Dead Adventurer","player_choice":"Searched \u00271\u0027 times","floor":8.0,"gold_loss":0.0,"damage_taken":0.0},{"damage_healed":0.0,"max_hp_gain":0.0,"max_hp_loss":0.0,"gold_gain":0.0,"event_name":"Scrap Ooze","player_choice":"Success","floor":10.0,"gold_loss":0.0,"damage_taken":7.0,"relics_obtained":["Lantern"]},{"damage_healed":0.0,"max_hp_gain":0.0,"max_hp_loss":0.0,"gold_gain":0.0,"event_name":"Cursed Tome","player_choice":"Obtained Book","floor":19.0,"gold_loss":0.0,"damage_taken":16.0},{"damage_healed":0.0,"max_hp_gain":5.0,"max_hp_loss":0.0,"gold_gain":0.0,"event_name":"Forgotten Altar","player_choice":"Shed Blood","floor":20.0,"gold_loss":0.0,"damage_taken":19.0},{"damage_healed":0.0,"max_hp_gain":0.0,"max_hp_loss":0.0,"gold_gain":0.0,"event_name":"Colosseum","player_choice":"Fight","floor":27.0,"gold_loss":0.0,"damage_taken":0.0},{"damage_healed":0.0,"max_hp_gain":0.0,"max_hp_loss":0.0,"gold_gain":0.0,"event_name":"Colosseum","player_choice":"Fought Nobs","floor":27.0,"gold_loss":0.0,"damage_taken":0.0},{"damage_healed":0.0,"max_hp_gain":0.0,"max_hp_loss":0.0,"gold_gain":0.0,"event_name":"Mysterious Sphere","player_choice":"Fight","floor":38.0,"gold_loss":0.0,"damage_taken":0.0},{"damage_healed":21,"gold_gain":0,"player_choice":"Full Heal","damage_taken":0,"max_hp_gain":0,"max_hp_loss":0,"event_name":"Wheel of Change","floor":42,"gold_loss":0}],"is_beta":false,"boss_relics":[{"not_picked":["Calling Bell","Cursed Key"],"picked":"Sozu"},{"not_picked":["TheCursedMod:BlackMagicAdvanced","Velvet Choker"],"picked":"TheCursedMod:FourLeafCloverCharm"}],"items_purged_floors":[39],"is_endless":false,"potions_floor_spawned":[5,6,12,13,18,23,25,29,33,35,37,38,44,48],"ascension_level":0}}