{"host":"o3b7ow6d1xe49css","time":1608068716,"event":{"mods":["2.2 Compatiblity","Act Like it!","Aspiration","BaseMod","Bestiary","Better Altar","Better Match","Better Note","Better Sensory Stone","Better Skull","Better Third Choice","Colored Powertips","Conspire","Downfall","Elementarium","Energized Spire","Force Act Four","GifTheSpireLib","Halation","Hermit","Hubris","Infinite Spire","Minty Spire (QoL Compilation)","Quick Restart","Replay The Spire","Spicy Shops","Spikes Relics","StSLib","Stuff the Spire","The Blue Laboratory","The Jungle","Wandering Minibosses","vexMod"],"gold_per_floor":[112,125,142,142,162,162,162],"floor_reached":6,"playtime":246,"items_purged":[],"score":48,"play_id":"0a038886-4374-4374-9c75-da2074f182f6","local_time":"20201215124516","daily_mods":["Heirloom","Flight"],"is_ascension_mode":true,"campfire_choices":[],"circlet_count":0,"master_deck":["Strike_R","Strike_R","Strike_R","Strike_R","Strike_R","Defend_R","Defend_R","Defend_R","Defend_R","Bash","Sword Boomerang","Injury","Heavy Blade"],"relics":["Burning Blood","Ring of Chaos","Gambling Chip","Snecko Eye","Golden Idol"],"acts_visited":["Exordium"],"potions_floor_usage":[],"damage_taken":[{"damage":2,"enemies":"Jaw Worm","floor":1,"turns":3},{"damage":0,"enemies":"Small Slimes","floor":2,"turns":2},{"damage":4,"enemies":"conspire:RoseBush","floor":3,"turns":3},{"damage":17,"enemies":"conspire:2 RoseBushes","floor":5,"turns":6},{"damage":35,"enemies":"3 Sentries","floor":6,"turns":4}],"seed_played":"837126221121263915","potions_obtained":[{"floor":2,"key":"Flashbang"}],"is_trial":true,"path_per_floor":["M","M","M","?","M","E"],"character_chosen":"IRONCLAD","items_purchased":[],"campfire_rested":0,"item_purchase_floors":[],"current_hp_per_floor":[80,80,80,80,69,34,34],"gold":162,"neow_bonus":"","is_daily":false,"chose_seed":false,"campfire_upgraded":0,"win_rate":0.0,"timestamp":1608068716,"path_taken":["M","M","M","?","M","E"],"items_purchased_type":[],"build_version":"2020-12-13","purchased_purges":0,"victory":false,"max_hp_per_floor":[80,80,80,80,80,80,80],"card_choices":[{"not_picked":["Body Slam","Flex"],"picked":"Sword Boomerang","floor":1},{"not_picked":["Rupture","Searing Blow","Reckless Charge"],"picked":"SKIP","floor":2},{"not_picked":["Havoc","Clothesline","Reckless Charge"],"picked":"SKIP","floor":3},{"not_picked":["hubris:ReadiedAction","Dark Embrace"],"picked":"Heavy Blade","floor":5}],"player_experience":1708753,"relics_obtained":[],"event_choices":[{"damage_healed":0,"gold_gain":0,"player_choice":"Take Wound","damage_taken":0,"relics_obtained":["Golden Idol"],"max_hp_gain":0,"max_hp_loss":0,"event_name":"Golden Idol","floor":4,"gold_loss":0,"cards_obtained":["Injury"]}],"is_beta":false,"boss_relics":[],"items_purged_floors":[],"is_endless":false,"potions_floor_spawned":[2],"killed_by":"3 Sentries","ascension_level":5}}