{"host":"rygf0m8z92bga31f","time":1608076798,"event":{"mods":["BaseMod","Colored Powertips","Filter the Spire","Minty Spire (QoL Compilation)","Rare Cards Sparkle","Relic Stats","StSLib","Waifu the Spire"],"gold_per_floor":[118,132,132,82,82,82,98,98,98,124,77,2,27,61,61,160,160,177,193,193,47,60,60,90,117,117,216,216,241,274,274,274,371,371,383,400,400,416,430,456,456,456,480,13,43,81,81,81,81,81,81,81,8,59,59],"floor_reached":56,"playtime":2271,"items_purged":["Dualcast"],"score":1556,"play_id":"2b155770-2af5-4ba6-986f-37a59cdd02c9","local_time":"20201216015958","is_ascension_mode":true,"campfire_choices":[{"data":"Defragment","floor":6,"key":"SMITH"},{"data":"Melter","floor":8,"key":"SMITH"},{"floor":15,"key":"REST"},{"data":"Sunder","floor":23,"key":"SMITH"},{"floor":32,"key":"REST"},{"data":"Buffer","floor":41,"key":"SMITH"},{"floor":49,"key":"RECALL"},{"data":"Heatsinks","floor":52,"key":"SMITH"}],"circlet_count":0,"master_deck":["Defend_B","Defend_B","Defend_B+1","Defend_B+1","Zap","Defragment+1","Melter+1","Sweeping Beam","Streamline","Fusion","Cold Snap","Sunder+1","Biased Cognition","Doom and Gloom+1","Heatsinks+1","Multi-Cast","Hologram","Electrodynamics","Doom and Gloom+1","Coolheaded+1","Static Discharge","Echo Form","CurseOfTheBell","Hologram+1","Streamline+1","Buffer+1","HandOfGreed","Dark Shackles","Reinforced Body+1","Sunder+1","Compile Driver+1"],"relics":["Snecko Eye","Mummified Hand","Tiny Chest","Juzu Bracelet","Dream Catcher","Nuclear Battery","Chemical X","Pen Nib","Oddly Smooth Stone","Torii","Art of War","Red Mask","FossilizedHelix","Calling Bell","Boot","Blue Candle","Prayer Wheel","Mercury Hourglass","Kunai","Centennial Puzzle","Bag of Preparation","Singing Bowl","InkBottle"],"acts_visited":["Exordium","TheCity","TheBeyond","TheEnding"],"potions_floor_usage":[10,24,50,55,55,55],"damage_taken":[{"damage":4,"enemies":"Cultist","floor":1,"turns":4},{"damage":11,"enemies":"Small Slimes","floor":2,"turns":4},{"damage":1,"enemies":"2 Louse","floor":7,"turns":4},{"damage":27,"enemies":"Gremlin Nob","floor":10,"turns":4},{"damage":2,"enemies":"3 Sentries","floor":14,"turns":6},{"damage":0,"enemies":"Slime Boss","floor":16,"turns":6},{"damage":2,"enemies":"Shell Parasite","floor":18,"turns":4},{"damage":0,"enemies":"Spheric Guardian","floor":19,"turns":2},{"damage":12,"enemies":"Centurion and Healer","floor":22,"turns":5},{"damage":26,"enemies":"Book of Stabbing","floor":24,"turns":4},{"damage":13,"enemies":"Gremlin Leader","floor":29,"turns":4},{"damage":0,"enemies":"Masked Bandits","floor":30,"turns":1},{"damage":0,"enemies":"Champ","floor":33,"turns":5},{"damage":0,"enemies":"Orb Walker","floor":35,"turns":2},{"damage":0,"enemies":"3 Darklings","floor":36,"turns":2},{"damage":0,"enemies":"Transient","floor":38,"turns":5},{"damage":0,"enemies":"Spire Growth","floor":39,"turns":3},{"damage":3,"enemies":"Nemesis","floor":40,"turns":9},{"damage":0,"enemies":"Giant Head","floor":45,"turns":6},{"damage":0,"enemies":"Maw","floor":46,"turns":4},{"damage":0,"enemies":"Awakened One","floor":50,"turns":11},{"damage":0,"enemies":"Shield and Spear","floor":54,"turns":5},{"damage":47,"enemies":"The Heart","floor":55,"turns":8}],"seed_played":"-3353279311703161177","potions_obtained":[{"floor":1,"key":"SmokeBomb"},{"floor":7,"key":"LiquidMemories"},{"floor":22,"key":"ColorlessPotion"},{"floor":29,"key":"Weak Potion"},{"floor":30,"key":"ColorlessPotion"},{"floor":36,"key":"Fire Potion"},{"floor":38,"key":"Regen Potion"},{"floor":45,"key":"GamblersBrew"},{"floor":54,"key":"DistilledChaos"}],"is_trial":false,"path_per_floor":["M","M","?","?","?","R","M","R","T","E","?","$","T","E","R","B",null,"M","M","?","$","M","R","E","T","T","?","?","E","?","T","R","B",null,"M","M","?","M","M","E","R","?","T","$","E","M","$","T","R","B",null,"R","$","E","B",null],"character_chosen":"DEFECT","items_purchased":["Fusion","Chemical X","Kunai","Centennial Puzzle","LiquidMemories"],"campfire_rested":2,"item_purchase_floors":[12,21,44,44,53],"current_hp_per_floor":[71,60,45,45,38,38,37,37,37,10,10,10,10,8,30,30,75,73,73,73,73,61,61,35,35,35,35,35,22,22,22,44,44,75,75,75,71,71,71,68,68,58,58,58,58,58,58,58,58,58,71,71,71,71,24],"gold":59,"neow_bonus":"BOSS_RELIC","is_daily":false,"chose_seed":false,"campfire_upgraded":5,"win_rate":0.0,"timestamp":1608076798,"path_taken":["M","?","?","?","?","R","M","R","T","E","?","$","?","E","R","BOSS","M","M","?","$","M","R","E","?","T","?","?","E","?","?","R","BOSS","M","M","?","M","M","E","R","?","T","$","E","M","?","?","R","BOSS","R","$","E","BOSS"],"items_purchased_type":["Card","Relic","Relic","Relic","Potion"],"build_version":"2020-12-13","purchased_purges":1,"victory":true,"max_hp_per_floor":[75,75,75,75,75,75,75,75,75,75,75,75,75,75,75,75,75,75,75,75,75,75,75,75,75,75,75,75,75,75,75,75,75,75,75,75,71,71,71,71,71,71,71,71,71,71,71,71,71,71,71,71,71,71,71],"relic_stats":{"Torii":7,"Singing Bowl":0,"counters":[23,108],"Blue Candle":[2],"Pen Nib":[15],"Juzu Bracelet":1,"Bag of Preparation":[8],"Boot":[44],"Mercury Hourglass":[108],"Dream Catcher":2,"Centennial Puzzle":[3],"Mummified Hand":[158],"Snecko Eye":[201,230,193,204],"Tiny Chest":3,"Prayer Wheel":5,"Art of War":[4],"Chemical X":[28],"Kunai":[23],"obtain_stats":[{"Torii":26,"Singing Bowl":48,"Blue Candle":34,"Oddly Smooth Stone":25,"Pen Nib":24,"Juzu Bracelet":13,"Bag of Preparation":45,"Boot":34,"Nuclear Battery":17,"Mercury Hourglass":40,"Calling Bell":34,"Dream Catcher":14,"Centennial Puzzle":44,"Mummified Hand":9,"Snecko Eye":0,"Tiny Chest":10,"Prayer Wheel":34,"Art of War":29,"Red Mask":30,"Chemical X":21,"Kunai":44,"Cracked Core":0,"FossilizedHelix":31,"InkBottle":54},{"Torii":10,"Singing Bowl":20,"Blue Candle":13,"Oddly Smooth Stone":10,"Pen Nib":10,"Juzu Bracelet":4,"Bag of Preparation":19,"Boot":13,"Nuclear Battery":6,"Mercury Hourglass":18,"Calling Bell":13,"Dream Catcher":5,"Centennial Puzzle":18,"Mummified Hand":3,"Snecko Eye":0,"Tiny Chest":4,"Prayer Wheel":13,"Art of War":11,"Red Mask":12,"Chemical X":8,"Kunai":18,"Cracked Core":0,"FossilizedHelix":12,"InkBottle":22},{"Torii":43,"Singing Bowl":84,"Blue Candle":53,"Oddly Smooth Stone":43,"Pen Nib":43,"Juzu Bracelet":16,"Bag of Preparation":80,"Boot":53,"Nuclear Battery":28,"Mercury Hourglass":74,"Calling Bell":53,"Dream Catcher":22,"Centennial Puzzle":74,"Mummified Hand":12,"Snecko Eye":0,"Tiny Chest":16,"Prayer Wheel":53,"Art of War":47,"Red Mask":48,"Chemical X":34,"Kunai":74,"Cracked Core":0,"FossilizedHelix":48,"InkBottle":100}],"InkBottle":[5]},"card_choices":[{"not_picked":["Gash","Sweeping Beam"],"picked":"Defragment","floor":1},{"not_picked":["Gash","Beam Cell"],"picked":"Melter","floor":2},{"not_picked":["Conserve Battery","Redo"],"picked":"Sweeping Beam","floor":7},{"not_picked":["Double Energy","Static Discharge"],"picked":"Streamline","floor":10},{"not_picked":["Darkness","Auto Shields"],"picked":"Cold Snap","floor":14},{"not_picked":["Leap","Rebound"],"picked":"Sunder","floor":15},{"not_picked":["Hyperbeam","Thunder Strike"],"picked":"Biased Cognition","floor":16},{"not_picked":["Streamline","Self Repair"],"picked":"Doom and Gloom+1","floor":18},{"not_picked":["Chaos","Go for the Eyes","Gash"],"picked":"SKIP","floor":19},{"not_picked":["Compile Driver","Heatsinks+1"],"picked":"Hologram","floor":22},{"not_picked":["Chaos+1","Recycle"],"picked":"Electrodynamics","floor":24},{"not_picked":["Turbo","Beam Cell"],"picked":"Doom and Gloom+1","floor":29},{"not_picked":["Reprogram","Auto Shields"],"picked":"Coolheaded+1","floor":30},{"not_picked":["Fusion","Reprogram+1"],"picked":"Static Discharge","floor":32},{"not_picked":["Rainbow","Machine Learning"],"picked":"Echo Form","floor":33},{"not_picked":["Beam Cell","Leap"],"picked":"Hologram+1","floor":35},{"not_picked":["Beam Cell+1","FTL+1","Ball Lightning+1"],"picked":"SKIP","floor":35},{"not_picked":["Steam","Static Discharge"],"picked":"Streamline+1","floor":36},{"not_picked":["Steam","Storm+1","Ball Lightning"],"picked":"SKIP","floor":36},{"not_picked":["Rip and Tear","Conserve Battery+1"],"picked":"Buffer","floor":38},{"not_picked":["Fusion","Sweeping Beam","Beam Cell"],"picked":"SKIP","floor":38},{"not_picked":["Steam","Darkness","Conserve Battery"],"picked":"SKIP","floor":39},{"not_picked":["White Noise+1","Chill+1","Chaos+1"],"picked":"SKIP","floor":39},{"not_picked":["Sweeping Beam+1","Turbo+1","Rebound"],"picked":"SKIP","floor":40},{"not_picked":["Purity","Sadistic Nature"],"picked":"HandOfGreed","floor":42},{"not_picked":["Blind","Deep Breath"],"picked":"Dark Shackles","floor":42},{"not_picked":["Consume+1","Undo"],"picked":"Reinforced Body+1","floor":45},{"not_picked":["Stack+1","Beam Cell"],"picked":"Sunder+1","floor":46},{"not_picked":["Ball Lightning+1","Go for the Eyes","Double Energy+1"],"picked":"SKIP","floor":46},{"not_picked":["Sweeping Beam","Redo"],"picked":"Compile Driver+1","floor":54}],"player_experience":1810720,"relics_obtained":[{"floor":9,"key":"Mummified Hand"},{"floor":10,"key":"Tiny Chest"},{"floor":13,"key":"Juzu Bracelet"},{"floor":14,"key":"Dream Catcher"},{"floor":24,"key":"Pen Nib"},{"floor":25,"key":"Oddly Smooth Stone"},{"floor":26,"key":"Torii"},{"floor":29,"key":"Art of War"},{"floor":30,"key":"Red Mask"},{"floor":31,"key":"FossilizedHelix"},{"floor":34,"key":"Boot"},{"floor":34,"key":"Blue Candle"},{"floor":34,"key":"Prayer Wheel"},{"floor":40,"key":"Mercury Hourglass"},{"floor":45,"key":"Bag of Preparation"},{"floor":48,"key":"Singing Bowl"},{"floor":54,"key":"InkBottle"}],"event_choices":[{"damage_healed":0,"gold_gain":0,"player_choice":"Entered Light","damage_taken":15,"max_hp_gain":0,"max_hp_loss":0,"event_name":"Shining Light","floor":3,"gold_loss":0,"cards_upgraded":["Defend_B","Defend_B"]},{"cards_removed":["Strike_B"],"damage_healed":0,"gold_gain":0,"player_choice":"Card Removal","damage_taken":0,"max_hp_gain":0,"max_hp_loss":0,"event_name":"The Cleric","floor":4,"gold_loss":50},{"cards_removed":["Strike_B"],"damage_healed":0,"gold_gain":0,"player_choice":"Card Removal","damage_taken":7,"max_hp_gain":0,"max_hp_loss":0,"event_name":"Golden Wing","floor":5,"gold_loss":0},{"damage_healed":0,"gold_gain":0,"player_choice":"Left Gold","damage_taken":0,"max_hp_gain":0,"max_hp_loss":0,"event_name":"World of Goop","floor":11,"gold_loss":47},{"damage_healed":0,"gold_gain":0,"cards_transformed":["Strike_B","Strike_B"],"player_choice":"Became Test Subject","damage_taken":0,"max_hp_gain":0,"max_hp_loss":0,"event_name":"Drug Dealer","floor":20,"gold_loss":0,"cards_obtained":["Heatsinks","Multi-Cast"]},{"damage_healed":0,"gold_gain":99,"player_choice":"Stole From Cult","damage_taken":0,"max_hp_gain":0,"max_hp_loss":0,"event_name":"Nest","floor":27,"gold_loss":0},{"damage_healed":0,"gold_gain":0,"player_choice":"Ignored","damage_taken":0,"max_hp_gain":0,"max_hp_loss":0,"event_name":"Ghosts","floor":28,"gold_loss":0},{"damage_healed":0,"gold_gain":0,"player_choice":"Fought Bandits","damage_taken":0,"max_hp_gain":0,"max_hp_loss":0,"event_name":"Masked Bandits","floor":30,"gold_loss":0},{"damage_healed":0,"gold_gain":0,"player_choice":"Max HP","damage_taken":0,"max_hp_gain":0,"max_hp_loss":4,"event_name":"Winding Halls","floor":37,"gold_loss":0},{"damage_healed":0,"gold_gain":0,"player_choice":"Memory 3","damage_taken":10,"max_hp_gain":0,"max_hp_loss":0,"event_name":"SensoryStone","floor":42,"gold_loss":0}],"is_beta":false,"boss_relics":[{"not_picked":["Runic Dome","Empty Cage"],"picked":"Nuclear Battery"},{"not_picked":["Coffee Dripper","Busted Crown"],"picked":"Calling Bell"}],"items_purged_floors":[44],"is_endless":false,"potions_floor_spawned":[1,7,22,29,30,36,38,45,54],"ascension_level":1}}