{"host":"tj57avznel0uzvp6","time":1608072058,"event":{"mods":["BaseMod","Downfall","Glutton Mod","Minty Spire (QoL Compilation)","Remove Card Discount Mod","Replay The Spire","StSLib"],"gold_per_floor":[110,151,164,246,260,260,260,260,260,260,260,260,36,36,36,136,136,150,170,188,188,41,41,41,41,41,41,131,131,131,148,148,245,245,263,119,119,1118,499,499,499,499,499,517,517,310,310,325,325,424,424,441,441,455,455,11,11,11,24,49,49,49,49,49,49,49,145,145,163,163,181,181,194,194,194,204,236,246,521,538,557,317,317,421,421,438,438,142,1141,1141,1141,1141,1160,1188,1188,1188],"floor_reached":95,"playtime":3726,"items_purged":["Normality","Normality"],"score":2094,"play_id":"532e31b3-b1b3-4ba4-ac64-2d8750bf4cb2","local_time":"20201215154058","daily_mods":["Blue Cards","Colorless Cards","Time Dilation","Flight"],"is_ascension_mode":false,"campfire_choices":[{"floor":6.0,"key":"REST"},{"data":"Echo Form","floor":7.0,"key":"SMITH"},{"data":"Slimebound:DuplicatedForm","floor":8.0,"key":"SMITH"},{"floor":10.0,"key":"REST"},{"data":"Zap","floor":12.0,"key":"SMITH"},{"floor":15.0,"key":"REST"},{"floor":23.0,"key":"REST"},{"floor":24.0,"key":"REST"},{"data":"ReplayTheSpireMod:Calculation Training","floor":27.0,"key":"SMITH"},{"floor":29.0,"key":"REST"},{"data":"Glutton:StarvationMode","floor":30.0,"key":"SMITH"},{"floor":32.0,"key":"REST"},{"data":"Static Discharge","floor":40,"key":"SMITH"},{"data":"Magnetism","floor":42,"key":"SMITH"},{"data":"Thunder Strike","floor":45,"key":"SMITH"},{"floor":49,"key":"REST"},{"data":"Loop","floor":57,"key":"SMITH"},{"data":"Loop","floor":58,"key":"SMITH"},{"data":"Defragment","floor":61,"key":"SMITH"},{"data":"Self Repair","floor":63,"key":"SMITH"},{"data":"Replay:SS_forest_5","floor":66,"key":"SMITH"},{"floor":74,"key":"REST"},{"data":"Echo Form","floor":83,"key":"SMITH"},{"floor":91,"key":"REST"}],"circlet_count":0,"master_deck":["Demon Form+1","Wraith Form v2+1","Echo Form+1","Glutton:StarvationMode+1","Guardian:ConstructionForm+1","hexamod:ParanormalForm","Slimebound:DuplicatedForm+1","sneckomod:SerpentMind+1","Strike_B+1","Strike_B+1","Defend_B+1","Defend_B","Defend_B+1","Defend_B","Zap+1","Dualcast+1","Redo+1","ReplayTheSpireMod:Splinters","Leap+1","Loop+1","expansioncontent:Collect+1","ReplayTheSpireMod:Doomed","Static Discharge+1","Self Repair+1","Ball Lightning","Storm+1","Pain","ReplayTheSpireMod:Omega Cannon+1","Force Field+1","Genetic Algorithm+1","Ball Lightning+1","ReplayTheSpireMod:Calculation Training+1","Chaos+1","Thunder Strike+1","BasicCrystalCard+1","Magnetism+1","Replay:SS_forest_5+1","Jack Of All Trades+1","Gash+1","Chaos+1","Loop+1","Loop+1","Crystallizer+1","Chrysalis","Gash","Stack+1","Ball Lightning","Defragment+1","Regret","Metamorphosis","Go for the Eyes+1","expansioncontent:ChargeUp","Genetic Algorithm+1","Stack","Echo Form+1","Stack","Regret","Coolheaded+1","Force Field+1","expansioncontent:DashGenerateEvil+1","Leap","expansioncontent:TimeRipple","Crow Ritual","Normality","Normality","Conserve Battery+1"],"relics":["Cracked Core","replay:Trail_Library","Oddly Smooth Stone","ReplayTheSpireMod:CursedCoin","Gremlin Food","Carrot","MealTicket","WarpedTongs","SacredBark","champ:Barbells","StrikeDummy","expansioncontent:StudyCardRelic","Replay:Rubber Ducky","PreservedInsect","Raider\u0027s Mask","Torii","Replay:Bottled Flurry","Strawberry","Replay:Cursed D8","sneckomod:BlankCard","Replay:Towering Pillar of Hats","Replay:Mystery Machine","champ:DuelingGlove","Replay:Bronze Core","MutagenicStrength","Mummified Hand","Cursed Key","Ice Cream"],"acts_visited":["Exordium","TheCity","TheBeyond","Exordium","TheCity","TheBeyond"],"potions_floor_usage":[67,69],"damage_taken":[{"damage":21.0,"enemies":"Small Slimes","floor":1.0,"turns":4.0},{"damage":9.0,"enemies":"2 Louse","floor":3.0,"turns":4.0},{"damage":22.0,"enemies":"Jaw Worm","floor":5.0,"turns":5.0},{"damage":45.0,"enemies":"Hexaghost","floor":16.0,"turns":8.0},{"damage":21.0,"enemies":"Spheric Guardian","floor":18.0,"turns":5.0},{"damage":23.0,"enemies":"Shell Parasite","floor":19.0,"turns":2.0},{"damage":13.0,"enemies":"Cultist and Chosen","floor":20.0,"turns":6.0},{"damage":17.0,"enemies":"Shelled Parasite and Fungi","floor":31.0,"turns":6.0},{"damage":47.0,"enemies":"Collector","floor":33.0,"turns":11.0},{"damage":24.0,"enemies":"Orb Walker","floor":35.0,"turns":4.0},{"damage":1,"enemies":"3 Shapes","floor":44,"turns":3},{"damage":15,"enemies":"Writhing Mass","floor":48,"turns":5},{"damage":25,"enemies":"Donu and Deca","floor":50,"turns":8},{"damage":10,"enemies":"2 Louse","floor":52,"turns":2},{"damage":0,"enemies":"Small Slimes","floor":54,"turns":2},{"damage":0,"enemies":"Jaw Worm","floor":59,"turns":1},{"damage":12,"enemies":"Fading Forest","floor":67,"turns":11},{"damage":21,"enemies":"3 Byrds","floor":69,"turns":3},{"damage":0,"enemies":"Chosen","floor":71,"turns":3},{"damage":22,"enemies":"Snecko","floor":73,"turns":3},{"damage":10,"enemies":"Centurion and Healer","floor":76,"turns":1},{"damage":0,"enemies":"Gremlin Leader","floor":77,"turns":3},{"damage":4,"enemies":"Cultist and Chosen","floor":78,"turns":4},{"damage":2,"enemies":"Chosen and Byrds","floor":80,"turns":4},{"damage":0,"enemies":"Sentry and Sphere","floor":81,"turns":2},{"damage":19,"enemies":"Automaton","floor":84,"turns":7},{"damage":23,"enemies":"3 Darklings","floor":86,"turns":2},{"damage":7,"enemies":"Orb Walker","floor":93,"turns":2},{"damage":11,"enemies":"Nemesis","floor":94,"turns":5},{"damage":112,"enemies":"Transient","floor":95,"turns":5}],"seed_played":"8045752017169788590","potions_obtained":[{"floor":2.0,"key":"Languid Potion"},{"floor":16.0,"key":"AttackPotion"},{"floor":18.0,"key":"BlessingOfTheForge"},{"floor":19.0,"key":"Energy Potion"},{"floor":33.0,"key":"FearPotion"},{"floor":35.0,"key":"Elixir"},{"floor":44,"key":"Fruit Juice"},{"floor":47,"key":"Ancient Potion"},{"floor":50,"key":"FocusPotion"},{"floor":52,"key":"Cursed Concoction"},{"floor":54,"key":"Regen Potion"},{"floor":69,"key":"Dexterity Potion"},{"floor":73,"key":"Guardian:BlockOnCardUsePotion"},{"floor":81,"key":"Block Potion"}],"is_trial":true,"path_per_floor":["M","?","M","$","M","R","R","R","T","R","?","R","$","?","R","B",null,"M","M","M","?","$","R","R","?","T","R","?","R","R","M","R","B",null,"M","$","?","?","$","R","?","R","T","M","R","$","?","M","R","B",null,"M","?","M","?","$","R","R","M","T","R","$","R","?","$","R","B",null,"M","?","M","?","M","R","?","M","E","M","?","M","M","$","R","B",null,"M","?","$","?","?","R","?","M","E","M"],"character_chosen":"DEFECT","items_purchased":["ReplayTheSpireMod:CursedCoin","Static Discharge","MealTicket","Storm","champ:Barbells","Replay:Rubber Ducky","PreservedInsect","Raider\u0027s Mask","Torii","Gash","Strawberry","Loop","sneckomod:BlankCard","Replay:Towering Pillar of Hats","Mummified Hand","Ice Cream"],"campfire_rested":10,"item_purchase_floors":[4,4,13,13,22,36,39,39,39,39,46,46,56,56,82,88],"current_hp_per_floor":[69,69,60,60,38,60,60,60,60,75,68,68,68,68,75,52,75,54,31,32,32,47,69,75,75,75,75,63,75,75,58,75,53,75,51,66,56,56,71,71,71,71,71,70,70,82,82,67,82,68,82,72,72,72,72,82,82,82,82,82,82,82,82,82,82,82,80,82,61,61,61,92,85,92,92,82,82,78,78,76,76,91,91,92,92,69,64,79,79,79,92,92,85,89,0,0],"gold":1188,"neow_bonus":"","is_daily":false,"chose_seed":false,"campfire_upgraded":14,"win_rate":0.0,"timestamp":1608072058,"path_taken":["M","?","M","$","M","R","R","R","T","R","?","R","$","?","R","BOSS","M","?","M","?","$","R","R","?","T","R","?","R","R","?","R","BOSS","M","$","?","?","?","R","?","R","T","?","R","$","?","?","R","BOSS","M","?","?","?","$","R","R","M","T","R","$","R","?","?","R","BOSS","M","?","M","?","?","R","?","?","E","?","?","?","?","$","R","BOSS","M","?","$","?","?","R","?","?","E","M"],"items_purchased_type":["Relic","Card","Relic","Card","Relic","Relic","Relic","Relic","Relic","Card","Relic","Card","Relic","Relic","Relic","Relic"],"build_version":"2020-12-13","purchased_purges":2,"victory":false,"max_hp_per_floor":[75,75,75,75,75,75,75,75,75,75,75,75,75,75,75,75,75,75,75,75,75,75,75,75,75,75,75,75,75,75,75,75,75,75,75,75,75,75,75,75,75,75,75,75,75,82,82,82,82,82,82,82,82,82,82,82,82,82,82,82,82,82,82,82,82,82,82,82,82,82,82,92,92,92,92,92,92,92,92,92,92,92,92,92,92,92,92,92,92,92,92,92,92,92,92,92],"card_choices":[{"not_picked":["Panic Button","Sweeping Beam"],"picked":"Redo","floor":1.0},{"not_picked":["Go for the Eyes","Beam Cell"],"picked":"Leap","floor":2.0},{"not_picked":["Coolheaded","expansioncontent:Flail"],"picked":"Loop","floor":2.0},{"not_picked":["Blind","Scrape"],"picked":"expansioncontent:Collect","floor":3.0},{"not_picked":["Specialist","expansioncontent:DecasProtection"],"picked":"Self Repair","floor":5.0},{"not_picked":["Rainbow","Master of Strategy"],"picked":"ReplayTheSpireMod:Omega Cannon","floor":16.0},{"not_picked":["Barrage+1","Conserve Battery"],"picked":"Force Field+1","floor":18.0},{"not_picked":["Gash","Beam Cell"],"picked":"Genetic Algorithm","floor":19.0},{"not_picked":["Rebound","Sweeping Beam+1"],"picked":"Ball Lightning","floor":20.0},{"not_picked":["Conserve Battery","Barrage"],"picked":"Chaos","floor":31.0},{"not_picked":["Reboot","Violence"],"picked":"Thunder Strike","floor":33.0},{"not_picked":["expansioncontent:SuperHexaguard","Dark Shackles"],"picked":"BasicCrystalCard+1","floor":35.0},{"not_picked":["expansioncontent:ChargeUp","Survey Options"],"picked":"Magnetism","floor":37},{"not_picked":["Master of Strategy","Flash of Steel"],"picked":"Replay:SS_forest_5","floor":37},{"not_picked":["Specialist","Violence"],"picked":"Jack Of All Trades","floor":37},{"not_picked":["Hologram","Panic Button"],"picked":"Chaos+1","floor":44},{"not_picked":["Compile Driver+1","Thunder Strike"],"picked":"Crystallizer+1","floor":48},{"not_picked":["Biased Cognition","Transmutation"],"picked":"Chrysalis","floor":50},{"not_picked":["Undo","Ball Lightning"],"picked":"Gash","floor":52},{"not_picked":["Streamline","Conserve Battery"],"picked":"Stack","floor":54},{"not_picked":["Beam Cell","expansioncontent:PrepareCrush"],"picked":"Ball Lightning","floor":59},{"not_picked":["Multi-Cast","Master of Strategy"],"picked":"Metamorphosis","floor":67},{"not_picked":["expansioncontent:LastStand","Beam Cell+1"],"picked":"Go for the Eyes+1","floor":69},{"not_picked":["Go for the Eyes+1","Panic Button"],"picked":"expansioncontent:ChargeUp","floor":71},{"not_picked":["expansioncontent:GoopSpray","Undo+1"],"picked":"Genetic Algorithm","floor":73},{"not_picked":["Redo+1","Beam Cell"],"picked":"Stack","floor":76},{"not_picked":["expansioncontent:Torchfire","Ball Lightning+1"],"picked":"Echo Form","floor":77},{"not_picked":["expansioncontent:ChargeUp","Lockon"],"picked":"Stack","floor":78},{"not_picked":["Streamline","BasicCrystalCard+1"],"picked":"Coolheaded","floor":80},{"not_picked":["Ball Lightning","Finesse"],"picked":"Force Field","floor":81},{"not_picked":["Magnetism","ReplayRNGCard"],"picked":"expansioncontent:DashGenerateEvil","floor":84},{"not_picked":["ReplayGash","Rebound"],"picked":"Leap","floor":86},{"not_picked":["Blind","Flash of Steel"],"picked":"expansioncontent:TimeRipple","floor":87},{"not_picked":["expansioncontent:Flail","expansioncontent:CaCaw"],"picked":"Crow Ritual","floor":87},{"not_picked":["Panic Button+1","Steam+1"],"picked":"Conserve Battery+1","floor":93},{"not_picked":["expansioncontent:Torchfire+1","BasicCrystalCard+1","Beam Cell"],"picked":"SKIP","floor":94}],"player_experience":547112,"relics_obtained":[{"floor":2.0,"key":"Oddly Smooth Stone"},{"floor":9.0,"key":"Gremlin Food"},{"floor":26.0,"key":"StrikeDummy"},{"floor":43,"key":"Replay:Bottled Flurry"},{"floor":60,"key":"Replay:Mystery Machine"}],"event_choices":[{"damage_healed":0.0,"max_hp_gain":0.0,"max_hp_loss":0.0,"gold_gain":0.0,"event_name":"Scrap Ooze","player_choice":"Success","floor":11.0,"gold_loss":0.0,"damage_taken":7.0,"relics_obtained":["Carrot"]},{"damage_healed":0.0,"max_hp_gain":0.0,"max_hp_loss":0.0,"gold_gain":0.0,"event_name":"Accursed Blacksmith","player_choice":"Rummage","floor":14.0,"gold_loss":0.0,"damage_taken":0.0,"relics_obtained":["WarpedTongs"],"cards_obtained":["Pain"]},{"damage_healed":0.0,"max_hp_gain":0.0,"max_hp_loss":0.0,"gold_gain":0.0,"event_name":"Beggar","player_choice":"Ignored","floor":21.0,"gold_loss":0.0,"damage_taken":0.0},{"damage_healed":0.0,"max_hp_gain":0.0,"max_hp_loss":0.0,"gold_gain":90.0,"event_name":"Knowing Skull","player_choice":"GOLD ","floor":28.0,"potions_obtained":[],"gold_loss":0.0,"damage_taken":12.0,"cards_obtained":[]},{"damage_healed":0,"gold_gain":0,"player_choice":"Memory 3","damage_taken":10,"max_hp_gain":0,"max_hp_loss":0,"event_name":"SensoryStone","floor":37,"gold_loss":0},{"damage_healed":0,"gold_gain":999,"player_choice":"Gold","damage_taken":0,"max_hp_gain":0,"max_hp_loss":0,"event_name":"MindBloom","floor":38,"gold_loss":0,"cards_obtained":["Normality","Normality"]},{"cards_removed":["Strike_B"],"damage_healed":0,"gold_gain":0,"player_choice":"Removed Attack","damage_taken":0,"max_hp_gain":0,"max_hp_loss":0,"event_name":"Falling","floor":41,"gold_loss":0},{"damage_healed":0,"gold_gain":0,"player_choice":"Got Potions","damage_taken":0,"max_hp_gain":0,"max_hp_loss":0,"event_name":"Lab","floor":47,"gold_loss":0},{"damage_healed":0,"gold_gain":0,"player_choice":"Ignored","damage_taken":0,"max_hp_gain":0,"max_hp_loss":0,"event_name":"Purifier","floor":53,"gold_loss":0},{"damage_healed":0,"gold_gain":0,"player_choice":"Leave","damage_taken":0,"max_hp_gain":0,"max_hp_loss":0,"event_name":"The Cleric","floor":55,"gold_loss":0},{"damage_healed":0,"gold_gain":0,"player_choice":"Box","damage_taken":0,"relics_obtained":["champ:DuelingGlove"],"max_hp_gain":0,"max_hp_loss":0,"event_name":"Big Fish","floor":64,"gold_loss":0,"cards_obtained":["Regret"]},{"damage_healed":0,"gold_gain":0,"player_choice":"Inject Mutagens","damage_taken":0,"relics_obtained":["MutagenicStrength"],"max_hp_gain":0,"max_hp_loss":0,"event_name":"Drug Dealer","floor":70,"gold_loss":0},{"cards_removed":["DevaForm"],"damage_healed":21,"gold_gain":0,"player_choice":"Offered Rare","damage_taken":0,"max_hp_gain":10,"max_hp_loss":0,"event_name":"Bonfire Elementals","floor":72,"gold_loss":0},{"damage_healed":0,"gold_gain":0,"player_choice":"Bought 0 Potions","damage_taken":0,"max_hp_gain":0,"max_hp_loss":0,"event_name":"The Woman in Blue","floor":75,"gold_loss":0},{"damage_healed":0,"gold_gain":275,"player_choice":"Desecrate","damage_taken":0,"max_hp_gain":0,"max_hp_loss":0,"event_name":"Golden Shrine","floor":79,"gold_loss":0,"cards_obtained":["Regret"]},{"damage_healed":0,"gold_gain":0,"player_choice":"Memory 2","damage_taken":5,"max_hp_gain":0,"max_hp_loss":0,"event_name":"SensoryStone","floor":87,"gold_loss":0},{"damage_healed":0,"gold_gain":999,"player_choice":"Gold","damage_taken":0,"max_hp_gain":0,"max_hp_loss":0,"event_name":"MindBloom","floor":89,"gold_loss":0,"cards_obtained":["Normality","Normality"]},{"cards_removed":["Strike_B"],"damage_healed":0,"gold_gain":0,"player_choice":"Removed Attack","damage_taken":0,"max_hp_gain":0,"max_hp_loss":0,"event_name":"Falling","floor":90,"gold_loss":0},{"damage_healed":0,"gold_gain":0,"player_choice":"Ignored","damage_taken":0,"max_hp_gain":0,"max_hp_loss":0,"event_name":"Transmorgrifier","floor":92,"gold_loss":0}],"is_beta":false,"boss_relics":[{"not_picked":["Philosopher\u0027s Stone","Replay:Grab Bag"],"picked":"SacredBark"},{"not_picked":["Snecko Heart","Pandora\u0027s Box"],"picked":"expansioncontent:StudyCardRelic"},{"not_picked":["Replay:Drink Me","Empty Cage"],"picked":"Replay:Cursed D8"},{"not_picked":["Honey Jar","Black Star"],"picked":"Replay:Bronze Core"},{"not_picked":["Abe\u0027s Treasure","Nuclear Battery"],"picked":"Cursed Key"}],"items_purged_floors":[39,39],"is_endless":true,"potions_floor_spawned":[16,18,19,33,35,44,50,52,54,59,69,73,80,81],"killed_by":"Transient","ascension_level":0}}