{"host":"j06fkfseroga8i8e","time":1608045092,"event":{"mods":["BaseMod","Bestiary","Colored Map","Colored Powertips","Minty Spire (QoL Compilation)","Relic Stats","StSLib"],"gold_per_floor":[99,99,99,21,21,21,21,21,21,21,21,21,21,21,21,21,21,0,0,0,0,0,0,0,0,0,0,0,0,0,0,0,0,0],"floor_reached":33,"playtime":784,"items_purged":[],"score":450,"play_id":"c7e8ab7a-ec99-407e-8c9f-d72905c46399","local_time":"20201215101132","is_ascension_mode":true,"campfire_choices":[{"data":"Searing Blow","floor":6.0,"key":"SMITH"},{"data":"Searing Blow+1","floor":8.0,"key":"SMITH"},{"floor":13.0,"key":"REST"},{"data":"Searing Blow+3","floor":15.0,"key":"SMITH"},{"data":"Searing Blow+4","floor":23.0,"key":"SMITH"},{"data":"Searing Blow+5","floor":25.0,"key":"SMITH"},{"floor":30,"key":"REST"},{"floor":32,"key":"REST"}],"circlet_count":0,"master_deck":["AscendersBane","Strike_R","Strike_R","Strike_R","Strike_R","Strike_R","Defend_R","Defend_R+1","Defend_R","Defend_R","Bash+1","Headbutt","Cleave+1","Seeing Red","Searing Blow+6","Shrug It Off","Disarm","Flame Barrier","Feed","Rage","Shockwave","Disarm+1","Thunderclap","Battle Trance","Impervious"],"relics":["Ectoplasm","Art of War","Dream Catcher","Whetstone","Red Skull","Velvet Choker","Tiny Chest","Charon\u0027s Ashes"],"acts_visited":["Exordium","TheCity"],"potions_floor_usage":[29,29,31,31,33],"damage_taken":[{"damage":1.0,"enemies":"Cultist","floor":1.0,"turns":3.0},{"damage":7.0,"enemies":"Small Slimes","floor":2.0,"turns":4.0},{"damage":7.0,"enemies":"Jaw Worm","floor":3.0,"turns":3.0},{"damage":7.0,"enemies":"3 Sentries","floor":7.0,"turns":3.0},{"damage":31.0,"enemies":"Lagavulin","floor":10.0,"turns":6.0},{"damage":0.0,"enemies":"Blue Slaver","floor":12.0,"turns":1.0},{"damage":7.0,"enemies":"The Guardian","floor":16.0,"turns":9.0},{"damage":11.0,"enemies":"2 Thieves","floor":18.0,"turns":4.0},{"damage":4.0,"enemies":"Shell Parasite","floor":22.0,"turns":3.0},{"damage":7.0,"enemies":"Cultist and Chosen","floor":24.0,"turns":5.0},{"damage":30,"enemies":"Gremlin Leader","floor":27,"turns":5},{"damage":6,"enemies":"Centurion and Healer","floor":29,"turns":5},{"damage":9,"enemies":"Snake Plant","floor":31,"turns":4},{"damage":77,"enemies":"Automaton","floor":33,"turns":6}],"seed_played":"8558883824446657226","potions_obtained":[{"floor":1.0,"key":"Explosive Potion"},{"floor":2.0,"key":"BlessingOfTheForge"},{"floor":10.0,"key":"DuplicationPotion"},{"floor":22.0,"key":"EntropicBrew"},{"floor":24.0,"key":"Regen Potion"},{"floor":31,"key":"Fruit Juice"}],"is_trial":false,"path_per_floor":["M","M","M","$","?","R","E","R","T","E","T","M","R","$","R","B",null,"M","?","?","$","M","R","M","R","T","E","?","M","R","M","R","B"],"character_chosen":"IRONCLAD","items_purchased":["Searing Blow"],"campfire_rested":3,"item_purchase_floors":[4],"current_hp_per_floor":[71,64,57,57,41,41,34,34,34,3,3,3,27,27,27,20,65,57,57,57,57,56,56,49,49,49,19,19,27,52,48,75,0,0],"gold":0,"neow_bonus":"BOSS_RELIC","is_daily":false,"chose_seed":false,"campfire_upgraded":5,"win_rate":0.0,"timestamp":1608045092,"path_taken":["M","M","M","?","?","R","E","R","T","E","?","M","R","?","R","BOSS","M","?","?","$","M","R","M","R","T","E","?","M","R","M","R","BOSS"],"items_purchased_type":["Card"],"build_version":"2020-12-13","purchased_purges":0,"victory":false,"max_hp_per_floor":[80,80,80,80,80,80,80,80,80,80,80,80,80,80,80,80,80,83,83,83,83,86,86,86,86,86,86,86,86,86,91,91,91,91],"relic_stats":{"Dream Catcher":3,"counters":[14,61],"Tiny Chest":0,"Ectoplasm":497,"Charon\u0027s Ashes":[54],"Art of War":[4],"Whetstone":["Searing Blow","Bash"],"obtain_stats":[{"Dream Catcher":9,"Velvet Choker":17,"Tiny Chest":26,"Ectoplasm":0,"Charon\u0027s Ashes":27,"Art of War":7,"Whetstone":10,"Burning Blood":0,"Red Skull":11},{"Dream Catcher":4,"Velvet Choker":7,"Tiny Chest":10,"Ectoplasm":0,"Charon\u0027s Ashes":11,"Art of War":4,"Whetstone":5,"Burning Blood":0,"Red Skull":5},{"Dream Catcher":13,"Velvet Choker":29,"Tiny Chest":41,"Ectoplasm":0,"Charon\u0027s Ashes":46,"Art of War":13,"Whetstone":19,"Burning Blood":0,"Red Skull":19}]},"card_choices":[{"not_picked":["Body Slam","Burning Pact"],"picked":"Headbutt","floor":1.0},{"not_picked":["Iron Wave","Anger"],"picked":"Cleave","floor":2.0},{"not_picked":["Pommel Strike","Feel No Pain"],"picked":"Seeing Red","floor":3.0},{"not_picked":["Clash","Havoc"],"picked":"Shrug It Off","floor":7.0},{"not_picked":["Wild Strike","Cleave"],"picked":"Disarm","floor":10.0},{"not_picked":["Sword Boomerang","Warcry"],"picked":"Flame Barrier","floor":12.0},{"not_picked":["Offering","Brutality"],"picked":"Feed","floor":16.0},{"not_picked":["Body Slam","Dropkick"],"picked":"Rage","floor":18.0},{"not_picked":["Blood for Blood","Second Wind"],"picked":"Disarm+1","floor":22.0},{"not_picked":["Ghostly Armor","Heavy Blade"],"picked":"Thunderclap","floor":24.0},{"not_picked":["Juggernaut","Clash","Iron Wave"],"picked":"SKIP","floor":27},{"not_picked":["Iron Wave","Offering"],"picked":"Battle Trance","floor":29},{"not_picked":["Thunderclap","Pommel Strike","Havoc"],"picked":"SKIP","floor":31},{"not_picked":["Iron Wave","Seeing Red"],"picked":"Impervious","floor":32}],"player_experience":522133,"relics_obtained":[{"floor":7.0,"key":"Art of War"},{"floor":9.0,"key":"Dream Catcher"},{"floor":10.0,"key":"Whetstone"},{"floor":11.0,"key":"Red Skull"},{"floor":26.0,"key":"Tiny Chest"},{"floor":27,"key":"Charon\u0027s Ashes"}],"event_choices":[{"damage_healed":0.0,"max_hp_gain":0.0,"max_hp_loss":0.0,"gold_gain":0.0,"event_name":"Shining Light","player_choice":"Entered Light","floor":5.0,"gold_loss":0.0,"damage_taken":16.0,"cards_upgraded":["Cleave","Defend_R"]},{"damage_healed":0.0,"max_hp_gain":0.0,"max_hp_loss":0.0,"gold_gain":0.0,"event_name":"The Library","player_choice":"Read","floor":19.0,"gold_loss":0.0,"damage_taken":0.0,"cards_obtained":["Shockwave"]},{"damage_healed":0.0,"max_hp_gain":0.0,"max_hp_loss":0.0,"gold_gain":0.0,"event_name":"Ghosts","player_choice":"Ignored","floor":20.0,"gold_loss":0.0,"damage_taken":0.0},{"damage_healed":0,"gold_gain":99,"player_choice":"Stole From Cult","damage_taken":0,"max_hp_gain":0,"max_hp_loss":0,"event_name":"Nest","floor":28,"gold_loss":0}],"is_beta":false,"boss_relics":[{"not_picked":["Runic Cube","Calling Bell"],"picked":"Velvet Choker"}],"items_purged_floors":[],"is_endless":false,"potions_floor_spawned":[1,2,10,22,24,29,31],"killed_by":"Automaton","ascension_level":13}}