{"host":"fj97s2ebyjeio3oc","time":1608039391,"event":{"mods":["AchievementEnabler","BaseMod","Colored Map","Colored Powertips","Hermit","Hubris","Infinite Spire","Koishi","Minty Spire (QoL Compilation)","StSLib","The Animator","The Bug Knight","The Cursed","The Disciple","The Jungle","The Necromancer"],"gold_per_floor":[114,114,129,129,204,234,234,249,249,264,264,264,279,313,313,413,413,428,428,428,628,180,210,225,150,150,150,150,150],"floor_reached":28,"playtime":1950,"items_purged":[],"score":334,"play_id":"414da6c2-ac26-4305-bc40-a2f8fd8f9839","local_time":"20201215143631","daily_mods":["Allstar","Hoarder","Night Terrors"],"is_ascension_mode":false,"campfire_choices":[{"data":"Sadistic Nature","floor":7,"key":"SMITH"},{"floor":11,"key":"REST"},{"data":"Sadistic Nature","floor":15,"key":"SMITH"},{"data":"TheCursedMod:HellfireBreathing","floor":27,"key":"SMITH"}],"circlet_count":0,"master_deck":["TheCursedMod:Strike_TheCursed","TheCursedMod:Strike_TheCursed","TheCursedMod:Strike_TheCursed","TheCursedMod:Strike_TheCursed","TheCursedMod:Defend_TheCursed","TheCursedMod:Defend_TheCursed","TheCursedMod:CursedWand","TheCursedMod:CleanUpWorkshop","TheCursedMod:Dregs","Forethought","Forethought","Forethought","Thinking Ahead","Thinking Ahead","Thinking Ahead","Sadistic Nature","Sadistic Nature+1","Sadistic Nature+1","Trip","Trip","Trip","Violence","Violence","Violence","TheCursedMod:WearCloak","TheCursedMod:WearCloak","TheCursedMod:WearCloak","TheCursedMod:VitalStrike","TheCursedMod:VitalStrike","TheCursedMod:VitalStrike","TheCursedMod:HellsGateOpen","TheCursedMod:HellsGateOpen","TheCursedMod:HellsGateOpen","TheCursedMod:ManaBullet","TheCursedMod:ManaBullet","TheCursedMod:ManaBullet","hubris:Rewind","hubris:Rewind","hubris:Rewind","TheCursedMod:BloodBarrier","TheCursedMod:BloodBarrier","TheCursedMod:BloodBarrier","TheCursedMod:ReleasedStrength","TheCursedMod:ReleasedStrength","TheCursedMod:ReleasedStrength","TheCursedMod:OutForBlood","TheCursedMod:OutForBlood","TheCursedMod:OutForBlood","TheCursedMod:HellfireBreathing+1","TheCursedMod:HellfireBreathing","TheCursedMod:HellfireBreathing","TheCursedMod:SmokeScreen","TheCursedMod:SmokeScreen","TheCursedMod:SmokeScreen","TheCursedMod:HellfireBreathing+1","TheCursedMod:HellfireBreathing+1","TheCursedMod:HellfireBreathing+1","TheCursedMod:Hemoplague","TheCursedMod:Hemoplague","TheCursedMod:Hemoplague"],"relics":["TheCursedMod:BlackMagic101","Darkstone Periapt","Vajra","hubris:CrystalStatue","hubris:TenFootPole","Coffee Dripper","hubris:BottledHeart","hubris:TinFlute","Tiny Chest","hubris:Metronome","hubris:DisguiseKit"],"acts_visited":["Exordium","TheCity"],"potions_floor_usage":[10,14,16,23],"damage_taken":[{"damage":6,"enemies":"Small Slimes","floor":1,"turns":3},{"damage":1,"enemies":"Jaw Worm","floor":3,"turns":2},{"damage":18,"enemies":"Lagavulin","floor":6,"turns":8},{"damage":1,"enemies":"2 Louse","floor":8,"turns":3},{"damage":0,"enemies":"Looter","floor":10,"turns":2},{"damage":6,"enemies":"2 Fungi Beasts","floor":13,"turns":3},{"damage":12,"enemies":"Gremlin Nob","floor":14,"turns":3},{"damage":23,"enemies":"Slime Boss","floor":16,"turns":7},{"damage":39,"enemies":"Spheric Guardian","floor":18,"turns":7},{"damage":0,"enemies":"HollowMod:Nosk","floor":23,"turns":5},{"damage":0,"enemies":"Chosen","floor":24,"turns":4},{"damage":4,"enemies":"Shelled Parasite and Fungi","floor":28,"turns":4}],"seed_played":"8833210206598683822","potions_obtained":[{"floor":3,"key":"Dexterity Potion"},{"floor":8,"key":"SkillPotion"},{"floor":10,"key":"PowerPotion"},{"floor":14,"key":"BlessingOfTheForge"},{"floor":18,"key":"TheCursedMod:DregsPotion"}],"is_trial":false,"path_per_floor":["M","?","M","?","?","E","R","M","T","M","R","?","M","?","R","B",null,"M","?","?","?","$","E","M","?","T","R","M"],"character_chosen":"THE_CURSED","items_purchased":["hubris:TinFlute","TheCursedMod:SmokeScreen","Tiny Chest"],"campfire_rested":1,"item_purchase_floors":[22,22,22],"current_hp_per_floor":[69,51,50,50,39,21,21,20,20,20,70,53,47,35,35,12,70,31,54,1,1,1,1,1,1,1,1,0,0],"gold":150,"neow_bonus":"","is_daily":true,"chose_seed":false,"campfire_upgraded":3,"win_rate":0.0,"timestamp":1608039391,"path_taken":["M","?","M","?","?","E","R","M","T","M","R","?","M","?","R","BOSS","M","?","?","?","$","E","?","?","T","R","M"],"items_purchased_type":["Relic","Card","Relic"],"build_version":"2020-12-13","purchased_purges":0,"victory":false,"max_hp_per_floor":[75,75,75,75,75,75,75,75,75,75,70,70,70,70,70,70,70,70,70,1,1,1,1,1,1,1,1,1,1],"card_choices":[{"not_picked":["TheCursedMod:CursedMace","TheCursedMod:CircleOfWindfury","TheCursedMod:CircleOfCorruption"],"picked":"SKIP","floor":1},{"not_picked":["TheCursedMod:TacticalStrike","TheCursedMod:CursedShiv"],"picked":"TheCursedMod:WearCloak","floor":3},{"not_picked":["TheCursedMod:FleshFromBone","TheCursedMod:Mangle"],"picked":"TheCursedMod:VitalStrike","floor":6},{"not_picked":["TheCursedMod:SmokeScreen","TheCursedMod:CircleOfCorruption"],"picked":"TheCursedMod:HellsGateOpen","floor":8},{"not_picked":["TheCursedMod:ForbiddenAlchemy","TheCursedMod:Stretching"],"picked":"TheCursedMod:ManaBullet","floor":10},{"not_picked":["infinitespire:Fortify","infinitespire:DeathsTouch"],"picked":"hubris:Rewind","floor":12},{"not_picked":["TheCursedMod:CursedShiv","TheCursedMod:AshesToAshes"],"picked":"TheCursedMod:BloodBarrier","floor":13},{"not_picked":["TheCursedMod:CircleOfWindfury","TheCursedMod:CursedAmulet"],"picked":"TheCursedMod:ReleasedStrength","floor":14},{"not_picked":["TheCursedMod:DemonSword","TheCursedMod:CircleOfAbyss"],"picked":"TheCursedMod:OutForBlood","floor":16},{"not_picked":["TheCursedMod:Grudge+1","TheCursedMod:CursedArmor"],"picked":"TheCursedMod:HellfireBreathing","floor":18},{"not_picked":["TheCursedMod:ReleasedKnowledge","TheCursedMod:CursedShiv"],"picked":"TheCursedMod:HellfireBreathing+1","floor":23},{"not_picked":["TheCursedMod:Stigma+1","TheCursedMod:Torture"],"picked":"TheCursedMod:Hemoplague","floor":24}],"player_experience":428361,"relics_obtained":[{"floor":6,"key":"Vajra"},{"floor":9,"key":"hubris:CrystalStatue"},{"floor":14,"key":"hubris:TenFootPole"},{"floor":23,"key":"hubris:Metronome"},{"floor":26,"key":"hubris:DisguiseKit"}],"event_choices":[{"damage_healed":0,"gold_gain":0,"player_choice":"Success","damage_taken":18,"relics_obtained":["Darkstone Periapt"],"max_hp_gain":0,"max_hp_loss":0,"event_name":"Scrap Ooze","floor":2,"gold_loss":0},{"cards_removed":["TheCursedMod:Defend_TheCursed"],"damage_healed":0,"gold_gain":0,"player_choice":"Forget","damage_taken":0,"max_hp_gain":0,"max_hp_loss":0,"event_name":"Living Wall","floor":4,"gold_loss":0},{"damage_healed":0,"gold_gain":75,"player_choice":"Gather Gold","damage_taken":11,"max_hp_gain":0,"max_hp_loss":0,"event_name":"World of Goop","floor":5,"gold_loss":0},{"damage_healed":0,"gold_gain":0,"player_choice":"Searched \u00272\u0027 times","damage_taken":0,"max_hp_gain":0,"max_hp_loss":0,"event_name":"Dead Adventurer","floor":14,"gold_loss":0},{"damage_healed":23,"gold_gain":0,"player_choice":"Heal","damage_taken":0,"max_hp_gain":0,"max_hp_loss":0,"event_name":"The Library","floor":19,"gold_loss":0},{"damage_healed":0,"gold_gain":200,"player_choice":"Gold","damage_taken":0,"max_hp_gain":0,"max_hp_loss":0,"event_name":"Wheel of Change","floor":21,"gold_loss":0},{"cards_removed":["TheCursedMod:Defend_TheCursed"],"damage_healed":0,"gold_gain":0,"player_choice":"Gave Gold","damage_taken":0,"max_hp_gain":0,"max_hp_loss":0,"event_name":"Beggar","floor":25,"gold_loss":75}],"is_beta":false,"boss_relics":[{"not_picked":["TheCursedMod:BlackMagicAdvanced","Fusion Hammer"],"picked":"Coffee Dripper"}],"items_purged_floors":[],"is_endless":false,"potions_floor_spawned":[3,8,10,14,18],"killed_by":"Shelled Parasite and Fungi","ascension_level":0}}