{"host":"wshh0nphwn6jv7vj","time":1608022427,"event":{"mods":["BaseMod","Bestiary","Minty Spire (QoL Compilation)"],"gold_per_floor":[112,123,123,133,150,178,178,197,266,8,22,22,35,70,70,147,147,167,6,6,6,23,23,40,94,168,168,184,184,199,211,211,211,211],"floor_reached":33,"playtime":1619,"items_purged":["Strike_G"],"score":457,"play_id":"3ca1f17c-2666-487f-a555-a76db0271f7e","local_time":"20201215035347","is_ascension_mode":true,"campfire_choices":[{"data":"Venomology","floor":7,"key":"SMITH"},{"data":"Neutralize","floor":12,"key":"SMITH"},{"floor":15,"key":"REST"},{"data":"Strike_G","floor":23,"key":"PURGE"},{"data":"Defend_G","floor":27,"key":"PURGE"},{"data":"Defend_G","floor":29,"key":"PURGE"},{"floor":32,"key":"REST"}],"circlet_count":0,"master_deck":["AscendersBane","Defend_G","Defend_G","Defend_G","Survivor","Neutralize+1","Swift Strike","Deadly Poison","Dash","Venomology+1","Flying Knee","Deadly Poison","Flechettes","Acrobatics","Crippling Poison","Slice","Leg Sweep","Corpse Explosion","Outmaneuver","Backflip","Finisher","Venomology","Prepared","Heel Hook","Dodge and Roll","Blade Dance","PiercingWail"],"relics":["Ring of the Serpent","The Courier","Shuriken","Pantograph","Peace Pipe","Lantern","CultistMask","Smiling Mask","Sundial"],"acts_visited":["Exordium","TheCity"],"potions_floor_usage":[5,6,6,8,11,13,14,14,14,16,18,18,22,24,24,28,30,30,31,31,31,33,33,33,33],"damage_taken":[{"damage":0,"enemies":"Jaw Worm","floor":1,"turns":4},{"damage":0,"enemies":"Cultist","floor":2,"turns":3},{"damage":0,"enemies":"Small Slimes","floor":4,"turns":3},{"damage":0,"enemies":"Blue Slaver","floor":5,"turns":4},{"damage":34,"enemies":"Lagavulin","floor":6,"turns":6},{"damage":0,"enemies":"2 Fungi Beasts","floor":8,"turns":3},{"damage":4,"enemies":"Red Slaver","floor":11,"turns":3},{"damage":4,"enemies":"Exordium Thugs","floor":13,"turns":3},{"damage":17,"enemies":"3 Sentries","floor":14,"turns":9},{"damage":24,"enemies":"Hexaghost","floor":16,"turns":10},{"damage":15,"enemies":"Spheric Guardian","floor":18,"turns":5},{"damage":6,"enemies":"Shell Parasite","floor":22,"turns":8},{"damage":8,"enemies":"Snake Plant","floor":24,"turns":4},{"damage":9,"enemies":"3 Cultists","floor":28,"turns":3},{"damage":3,"enemies":"Chosen and Byrds","floor":30,"turns":5},{"damage":16,"enemies":"Centurion and Healer","floor":31,"turns":5},{"damage":46,"enemies":"Champ","floor":33,"turns":9}],"seed_played":"-9075573626093433765","potions_obtained":[{"floor":4,"key":"GamblersBrew"},{"floor":5,"key":"DistilledChaos"},{"floor":6,"key":"LiquidMemories"},{"floor":11,"key":"Explosive Potion"},{"floor":14,"key":"Weak Potion"},{"floor":24,"key":"DuplicationPotion"},{"floor":30,"key":"PowerPotion"},{"floor":31,"key":"EssenceOfSteel"}],"is_trial":false,"path_per_floor":["M","M","?","M","M","E","R","M","T","$","M","R","M","E","R","B",null,"M","$","?","?","M","R","M","T","T","R","M","R","M","M","R","B"],"character_chosen":"THE_SILENT","items_purchased":["Pantograph","Lantern","Backflip"],"campfire_rested":2,"item_purchase_floors":[10,19,19],"current_hp_per_floor":[59,59,59,59,59,25,25,25,25,25,21,21,17,15,34,35,58,43,43,43,43,37,37,29,29,29,29,20,20,17,1,20,0,0],"gold":211,"neow_bonus":"RANDOM_COLORLESS","is_daily":false,"chose_seed":false,"campfire_upgraded":2,"win_rate":0.0,"timestamp":1608022427,"path_taken":["M","M","?","M","M","E","R","M","T","$","M","R","?","E","R","BOSS","M","$","?","?","?","R","M","?","T","R","M","R","M","M","R","BOSS"],"items_purchased_type":["Relic","Relic","Card"],"build_version":"2020-12-13","purchased_purges":1,"victory":false,"max_hp_per_floor":[66,66,66,66,66,66,66,66,66,66,66,66,66,66,66,66,66,66,66,66,66,66,66,66,66,66,66,66,66,66,66,66,66,66],"card_choices":[{"not_picked":["Finesse","Dark Shackles"],"picked":"Swift Strike","floor":0},{"not_picked":["Acrobatics","Eviscerate"],"picked":"Deadly Poison","floor":1},{"not_picked":["Acrobatics","Skewer"],"picked":"Dash","floor":2},{"not_picked":["Masterful Stab","Underhanded Strike"],"picked":"Flying Knee","floor":4},{"not_picked":["Blade Dance","Malaise"],"picked":"Deadly Poison","floor":5},{"not_picked":["Choke","Setup"],"picked":"Flechettes","floor":6},{"not_picked":["Deadly Poison","Eviscerate"],"picked":"Acrobatics","floor":8},{"not_picked":["Cloak And Dagger","Deadly Poison"],"picked":"Crippling Poison","floor":11},{"not_picked":["Acrobatics","Skewer"],"picked":"Slice","floor":13},{"not_picked":["All Out Attack","Eviscerate"],"picked":"Leg Sweep","floor":14},{"not_picked":["Glass Knife","After Image"],"picked":"Corpse Explosion","floor":16},{"not_picked":["Deadly Poison","Quick Slash"],"picked":"Outmaneuver","floor":18},{"not_picked":["Quick Slash","Eviscerate+1"],"picked":"Prepared","floor":22},{"not_picked":["Outmaneuver","Acrobatics"],"picked":"Heel Hook","floor":24},{"not_picked":["Blade Dance","Dash"],"picked":"Dodge and Roll","floor":28},{"not_picked":["Prepared","Storm of Steel"],"picked":"Blade Dance","floor":30},{"not_picked":["Flying Knee","Crippling Poison"],"picked":"PiercingWail","floor":31}],"player_experience":1404737,"relics_obtained":[{"floor":6,"key":"The Courier"},{"floor":9,"key":"Shuriken"},{"floor":14,"key":"Peace Pipe"},{"floor":25,"key":"Smiling Mask"},{"floor":26,"key":"Sundial"}],"event_choices":[{"damage_healed":0,"gold_gain":0,"cards_transformed":["Strike_G"],"player_choice":"Transformed","damage_taken":0,"max_hp_gain":0,"max_hp_loss":0,"event_name":"Transmorgrifier","floor":3,"gold_loss":0,"cards_obtained":["Venomology"]},{"damage_healed":0,"gold_gain":0,"cards_transformed":["Strike_G","Strike_G"],"player_choice":"Became Test Subject","damage_taken":0,"max_hp_gain":0,"max_hp_loss":0,"event_name":"Drug Dealer","floor":20,"gold_loss":0,"cards_obtained":["Finisher","Venomology"]},{"damage_healed":0,"gold_gain":0,"player_choice":"Trade","damage_taken":0,"relics_obtained":["CultistMask"],"max_hp_gain":0,"max_hp_loss":0,"event_name":"FaceTrader","floor":21,"gold_loss":0}],"is_beta":false,"boss_relics":[{"not_picked":["HoveringKite","Black Star"],"picked":"Ring of the Serpent"}],"items_purged_floors":[10],"is_endless":false,"potions_floor_spawned":[4,5,6,11,14,24,30,31],"killed_by":"Champ","ascension_level":15}}