{"host":"kjmsjq3kpb3v9rdj","time":1608016618,"event":{"mods":["AchievementEnabler","Aspiration","Bard","BaseMod","Beaked The Cultist","Better Altar","Better Match","Better Note","Better Sensory Stone","Better Skull","Better Third Choice","BetterRewards","CCEM","Clawfect","Colored Map","Conspire","Friendly Minions","GifTheSpireLib","Halation","Hermit","Highlight Path","Hubris","Hunter ??","Infinite Spire","Ironclad Rager","Jedi Mod","Jorbs\u0027s Wanderer Trilogy","Mad Scientist","Marisa????????","Mimic Mod","Minty Spire (QoL Compilation)","Permanent Neow","Quick Restart","Replay The Spire","Shade Mod","Shop Mod","Spicy Shops","Spikes Relics","StSLib","Stuff the Spire","Synergy Search","The Administrix","The Alterego","The Blackbeard","The Blue Laboratory","The Bug Knight","The Construct","The Cursed","The Disciple","The Gatherer","The Hierophant","The Jungle","The Mystic","The Necromancer","The Poker Player","The Problem Sleuth","The Runesmith","The Servant 0.9.4","The Showman","The Spell Scribe","The Witch","Trackpad","Unceasing Turn Reminder","[IsaacMod]????","everything is the same but u backflip on backflip","vexMod"],"gold_per_floor":[117,24,43,55,72,72,72,72,126,184,215,215,235,245,245,344,344,361,377,1,1,15,45,45,79,151,151,162,162,194,194,194,298,298,311,43,43,43,43,43,71,86,123,154,154,174,209,228,228,228,228,228,8402,8435,8435],"floor_reached":56,"playtime":7091,"items_purged":["Writhe","Doubt","Defend_P","Defend_P","Defend_P","SuicideKing"],"score":1343,"play_id":"269560b0-64f3-45f0-bf62-4e19d8c90616","local_time":"20201214231658","is_ascension_mode":false,"campfire_choices":[{"data":"ReplayTheSpireMod:Black Plague","floor":8,"key":"SMITH"},{"data":"Omniscience","floor":12,"key":"SMITH"},{"floor":15,"key":"DIG"},{"floor":24,"key":"DIG"},{"floor":27,"key":"RECALL"},{"data":"Strike_P","floor":52,"key":"SMITH"}],"circlet_count":0,"master_deck":["Strike_P","Strike_P","Strike_P+3","Defend_P","Eruption+1","Vigilance+1","CutThroughFate+1","ClearTheMind+1","Flash of Steel+1","TalkToTheHand+1","Omniscience+1","EmptyFist+1","Consecrate+1","CutThroughFate+1","ReplayTheSpireMod:Black Plague+1","Vengeance+1","EmptyFist+1","CrushJoints+1","Consecrate+1","Crescendo+1","Scrawl+1","Replay:AllIn+1","Vengeance+1","Crescendo+1","CutThroughFate+1","Crescendo+1","Tantrum+1","PathToVictory+1","Violent_Necrosis+1","Replay:Vibes+1","Ragnarok+1","WaveOfTheHand+1","StuffTheSpire:PlasmaPunch+1","Doubt","hubris:Fate+1","Replay:ManipulateFuture","Replay:ManipulateFuture","WreathOfFlame","Replay:AtTheReady","Consecrate+1","Wraith","Wireheading+1","ForeignInfluence+1","PathToVictory+1","Secret Technique","jedi:forcepush","EmptyBody","DevaForm"],"relics":["PureWater","HushsDoor","Leech","Replay:Wax Seal","Snack Pack","trackpad:PocketGalaxy","Lee\u0027s Waffle","Bottled Lightning","Blood Vial","D6","Omamori","SteamSale","Rawhide","MiniBlackHole","Honey Jar","GuppysHead","DeathBook","aspiration:Lifesprig","Centennial Puzzle","Medical Kit","hubris:EmptyBottle","Simple Rune","Replay:Multitool","trackpad:PetRock","hubris:TenFootPole","hubris:SlimyHat","WingedGreaves","beaked:SacredDeck","vexMod:ScavengeHelm","vexMod:TanglingVine","GuppysTail","GuppysHairball","Gremlin Food","aspiration:Nostalgia","Runesmith:BrokenRuby","conspire:TopHat","halation:PromiseList","Mark of the Bloom","TeardropLocket","DeadEye","Dream Catcher","StoneCalendar","conspire:Dentures","Pear","trackpad:BiPhaseBiplane","vexMod:BarristanHead","vexMod:MemoryStick","vexMod:TimeEaterHat","trackpad:ByrdBGone"],"acts_visited":["Exordium","TheCity","TheBeyond","TheEnding"],"potions_floor_usage":[3,16,16,16,16,23,25,25,30,30,30,30,50,50,50,50,50,50,50,50,55,55,55,55,55],"damage_taken":[{"damage":0,"enemies":"2 Louse","floor":1,"turns":2},{"damage":0,"enemies":"Jaw Worm","floor":3,"turns":3},{"damage":0,"enemies":"Small Slimes","floor":4,"turns":2},{"damage":0,"enemies":"2 Fungi Beasts","floor":5,"turns":2},{"damage":0,"enemies":"Lagavulin","floor":11,"turns":2},{"damage":0,"enemies":"Red Slaver","floor":13,"turns":1},{"damage":0,"enemies":"Blue Slaver","floor":14,"turns":1},{"damage":0,"enemies":"Fading Forest","floor":16,"turns":6},{"damage":14,"enemies":"conspire:FuzzyDice","floor":18,"turns":3},{"damage":0,"enemies":"3 Byrds","floor":19,"turns":1},{"damage":0,"enemies":"Sentry and Sphere","floor":22,"turns":2},{"damage":0,"enemies":"Book of Stabbing","floor":23,"turns":2},{"damage":0,"enemies":"Nightmare","floor":25,"turns":2},{"damage":0,"enemies":"Chosen and Byrds","floor":28,"turns":2},{"damage":16,"enemies":"HollowMod:Nosk","floor":30,"turns":3},{"damage":0,"enemies":"Champ","floor":33,"turns":1},{"damage":0,"enemies":"Orb Walker","floor":35,"turns":1},{"damage":0,"enemies":"Nightmare","floor":41,"turns":1},{"damage":3,"enemies":"3 Shapes","floor":42,"turns":1},{"damage":0,"enemies":"Spire Growth","floor":43,"turns":1},{"damage":0,"enemies":"Giant Head","floor":44,"turns":1},{"damage":0,"enemies":"Spire Growth","floor":46,"turns":1},{"damage":0,"enemies":"R_Hoarder","floor":47,"turns":1},{"damage":0,"enemies":"Transient","floor":48,"turns":1},{"damage":0,"enemies":"Replay:Hell Engine","floor":50,"turns":1},{"damage":0,"enemies":"Shield and Spear","floor":54,"turns":1},{"damage":16,"enemies":"LittleHush","floor":55,"turns":4}],"seed_played":"6605873129451410396","potions_obtained":[{"floor":5,"key":"Dexterity Potion"},{"floor":10,"key":"blueLaboratory:BottledHope"},{"floor":11,"key":"SteroidPotion"},{"floor":13,"key":"blueLaboratory:BottleOfRum"},{"floor":23,"key":"Reflective Coating"},{"floor":28,"key":"Elixir"},{"floor":33,"key":"LiquidMemories"},{"floor":44,"key":"Venom Potion"},{"floor":49,"key":"PowerPotion"},{"floor":49,"key":"blueLaboratory:PyrophylliteBrew"},{"floor":54,"key":"DistilledChaos"}],"is_trial":false,"path_per_floor":["M","$","M","M","M","?","?","R","T","?","E","R","M","M","R_BF","B",null,"M","M","$","?","M","E","R","NM","T","R","M","?","E","AVR","R_BF","B",null,"M","$","?","AVR","?","R","NM","M","MIM","E","?","M","E","M","R","B",null,"R","$","E","B",null],"character_chosen":"WATCHER","items_purchased":["Replay:Wax Seal","Snack Pack","trackpad:PocketGalaxy","Lee\u0027s Waffle","Elixir","Flash of Steel","TalkToTheHand","Omniscience","Bottled Lightning","Blood Vial","conspire:TimeTravelPotion","blueLaboratory:FruitPreserves","Venom Potion","GuppysHead","DeathBook","Replay:AllIn","Violence","aspiration:Lifesprig","Centennial Puzzle","Medical Kit","hubris:EmptyBottle","Simple Rune","Reflective Coating","GuppysTail","GuppysHairball","SuicideKing","Gremlin Food","aspiration:Nostalgia","StuffTheSpire:PlasmaPunch","conspire:TopHat","blueLaboratory:HummingbirdPotion","conspire:Dentures","Pear","blueLaboratory:RememoryPotion","blueLaboratory:PressurePotion","trackpad:BiPhaseBiplane","vexMod:BarristanHead","vexMod:MemoryStick","vexMod:TimeEaterHat","Secret Technique","jedi:forcepush","EmptyBody"],"campfire_rested":0,"item_purchase_floors":[2,2,2,2,2,2,2,2,2,2,17,17,17,17,17,17,17,20,20,20,20,20,20,34,34,34,36,36,36,36,36,53,53,53,53,53,53,53,53,53,53,53],"current_hp_per_floor":[72,79,79,79,79,79,79,79,79,79,79,79,79,79,79,79,35,24,26,26,45,45,45,45,45,45,45,45,45,30,30,30,32,14,14,113,113,113,113,113,113,110,110,110,110,110,110,110,110,110,110,110,110,110,94],"gold":8435,"neow_bonus":"THREE_CARDS","is_daily":false,"chose_seed":false,"campfire_upgraded":3,"win_rate":0.0,"timestamp":1608016618,"path_taken":["M","$","M","M","M","?","?","R","T","?","E","R","M","M","R_BF","BOSS","M","M","$","?","M","E","R","NM","T","R","?","?","E","AVR","R_BF","BOSS","M","$","?","AVR","?","R","NM","?","MIM","E","?","M","E","M","R","BOSS","R","$","E","BOSS"],"items_purchased_type":["Relic","Relic","Relic","Relic","Potion","Card","Card","Card","Relic","Relic","Potion","Potion","Potion","Relic","Relic","Card","Card","Relic","Relic","Relic","Relic","Relic","Potion","Relic","Relic","Card","Relic","Relic","Card","Relic","Potion","Relic","Relic","Potion","Potion","Relic","Relic","Relic","Relic","Card","Card","Card"],"build_version":"2020-12-13","purchased_purges":6,"victory":true,"max_hp_per_floor":[72,79,79,79,79,79,79,79,79,79,79,79,79,79,79,79,35,35,35,35,45,45,45,45,45,45,45,45,45,45,45,45,45,14,14,113,113,113,113,113,113,113,113,113,113,113,113,113,113,113,113,113,123,123,123],"card_choices":[{"not_picked":["Consecrate","SignatureMove"],"picked":"CutThroughFate","floor":0},{"not_picked":["CutThroughFate","JustLucky"],"picked":"ClearTheMind","floor":1},{"not_picked":["BowlingBash","CarveReality"],"picked":"EmptyFist","floor":3},{"not_picked":["Pray","Conclude"],"picked":"Consecrate","floor":4},{"not_picked":["Replay:AtTheReady","Protect"],"picked":"CutThroughFate","floor":5},{"not_picked":["hubris:InfiniteBlow","infinitespire:Starlight"],"picked":"ReplayTheSpireMod:Black Plague","floor":7},{"not_picked":["FollowUp","Replay:BluntJabs"],"picked":"Vengeance","floor":10},{"not_picked":["Replay:ManipulateFuture","PathToVictory"],"picked":"EmptyFist","floor":10},{"not_picked":["Halt","Replay:AtTheReady"],"picked":"CrushJoints","floor":11},{"not_picked":["FlyingSleeves","Alpha"],"picked":"Consecrate","floor":13},{"not_picked":["FlyingSleeves","SashWhip"],"picked":"Crescendo","floor":14},{"not_picked":["Vault","jedi:nirvanicrebirth"],"picked":"Scrawl","floor":16},{"not_picked":["Wireheading","ClearTheMind","Nirvana"],"picked":"Vengeance","floor":18},{"not_picked":["Replay:ManipulateFuture","Prostrate","SignatureMove"],"picked":"Crescendo+1","floor":19},{"not_picked":["Evaluate","BowlingBash","Fasting2+1"],"picked":"CutThroughFate+1","floor":22},{"not_picked":["Halt","ThirdEye","CrushJoints"],"picked":"Crescendo","floor":23},{"not_picked":["Crescendo","Study","Wireheading"],"picked":"Tantrum","floor":25},{"not_picked":["WreathOfFlame","FlyingSleeves+1","Conclude"],"picked":"Worship","floor":28},{"not_picked":["LikeWater","JustLucky","Worship"],"picked":"PathToVictory+1","floor":30},{"not_picked":["SpiritShield","LessonLearned","Replay:AllIn"],"picked":"Ragnarok","floor":33},{"not_picked":["SandsOfTime+1","ReachHeaven+1","FollowUp"],"picked":"WaveOfTheHand","floor":35},{"not_picked":["Weave","WaveOfTheHand+1","Brilliance"],"picked":"Replay:ManipulateFuture","floor":41},{"not_picked":["BowlingBash","ThirdEye","Replay:ManipulateFuture"],"picked":"WreathOfFlame","floor":42},{"not_picked":["CarveReality","Pray","SandsOfTime+1"],"picked":"Replay:AtTheReady","floor":43},{"not_picked":["SpiritShield","JustLucky","Adaptation"],"picked":"Consecrate+1","floor":44},{"not_picked":["ThirdEye+1","CarveReality+1","CrushJoints"],"picked":"Wireheading+1","floor":46},{"not_picked":["Prostrate+1","Replay:Vibes+1","Consecrate"],"picked":"ForeignInfluence+1","floor":47},{"not_picked":["CarveReality","ThirdEye+1","Study"],"picked":"PathToVictory+1","floor":48},{"not_picked":["SashWhip+1","Indignation+1","Meditate"],"picked":"DevaForm","floor":54}],"player_experience":467965,"relics_obtained":[{"floor":6,"key":"D6"},{"floor":9,"key":"Omamori"},{"floor":10,"key":"SteamSale"},{"floor":11,"key":"Rawhide"},{"floor":15,"key":"MiniBlackHole"},{"floor":23,"key":"Replay:Multitool"},{"floor":24,"key":"trackpad:PetRock"},{"floor":25,"key":"hubris:TenFootPole"},{"floor":30,"key":"hubris:SlimyHat"},{"floor":41,"key":"TeardropLocket"},{"floor":43,"key":"DeadEye"},{"floor":44,"key":"Dream Catcher"},{"floor":47,"key":"StoneCalendar"},{"floor":54,"key":"trackpad:ByrdBGone"}],"event_choices":[{"cards_removed":["Violence"],"damage_healed":9,"gold_gain":0,"player_choice":"Offered Rare","damage_taken":0,"max_hp_gain":10,"max_hp_loss":0,"event_name":"Bonfire Elementals","floor":21,"gold_loss":0},{"cards_removed":["Sickly"],"damage_healed":0,"gold_gain":0,"player_choice":"Removed Curses","damage_taken":0,"max_hp_gain":0,"max_hp_loss":0,"event_name":"Fountain of Cleansing","floor":29,"gold_loss":0},{"damage_healed":0,"gold_gain":0,"player_choice":"Upgrade","damage_taken":0,"relics_obtained":["Mark of the Bloom"],"max_hp_gain":0,"max_hp_loss":0,"event_name":"MindBloom","floor":39,"gold_loss":0,"cards_upgraded":["Strike_P","Strike_P","Strike_P","Strike_P","Defend_P","Eruption","Vigilance","CutThroughFate","ClearTheMind","Flash of Steel","TalkToTheHand","EmptyFist","Consecrate","CutThroughFate","Vengeance","EmptyFist","CrushJoints","Consecrate","Crescendo","Scrawl","Replay:AllIn","Vengeance","Crescendo","Tantrum","Violent_Necrosis","Replay:Vibes","Ragnarok","WaveOfTheHand","StuffTheSpire:PlasmaPunch","hubris:Fate"]},{"damage_healed":0,"gold_gain":0,"player_choice":"Ignored","damage_taken":0,"max_hp_gain":0,"max_hp_loss":0,"event_name":"OrinTheCat","floor":45,"gold_loss":0}],"is_beta":false,"boss_relics":[{"not_picked":["ReplayTheSpireMod:DimensionalGlitch","Philosopher\u0027s Stone"],"picked":"Honey Jar"},{"not_picked":[]},{"not_picked":["beaked:MawFillet","ChampionBelt"],"picked":"vexMod:TanglingVine"},{"not_picked":[]}],"items_purged_floors":[2,17,31,34,38,53],"is_endless":false,"potions_floor_spawned":[5,11,13,23,28,33,41,44,47,48,54],"ascension_level":0}}