{"host":"sc0o2qwpf9j16a4i","time":1608061640,"event":{"mods":["AchievementEnabler","BaseMod","BetterRewards","Block Reminder","Colored Map","Colored Powertips","Custom Start","Highlight Path","Minty Spire (QoL Compilation)","Relic Stats"],"gold_per_floor":[109,129,141,141,159,159,194,194,194,194,10,21,21,34,34,109,109,126,126,46,78,90,117,117,117,117,144,161,161,161,190,190,263,263,273,273,495,76,95,125,125,153,153,153,203,219,234,249,249,249,249],"floor_reached":50,"playtime":1432,"items_purged":["Pain"],"score":1201,"play_id":"cd21da03-7a0e-4739-9378-07a3eddd5356","local_time":"20201215214720","is_ascension_mode":true,"campfire_choices":[{"data":"True Grit","floor":6,"key":"SMITH"},{"floor":8,"key":"REST"},{"floor":15,"key":"REST"},{"floor":24,"key":"REST"},{"floor":29,"key":"REST"},{"floor":32,"key":"REST"},{"data":"Limit Break","floor":41,"key":"SMITH"},{"floor":44,"key":"RECALL"},{"floor":49,"key":"REST"}],"circlet_count":0,"master_deck":["AscendersBane","Strike_R+1","Strike_R+1","Strike_R+1","Strike_R+1","Defend_R+1","Defend_R+1","Defend_R+1","Defend_R+1","Bash","Thunderclap","Perfected Strike","Spot Weakness","True Grit+1","Shockwave","Twin Strike","Corruption","Pommel Strike+1","Feel No Pain","Whirlwind","Dark Embrace+1","Disarm","Limit Break+1","Dual Wield","Pain","Feel No Pain"],"relics":["Philosopher\u0027s Stone","WarpedTongs","Ginger","Singing Bowl","Snecko Eye","Red Mask","Mercury Hourglass","Nilry\u0027s Codex","Bronze Scales","Orichalcum","HornCleat","Cursed Key","Membership Card","Gambling Chip","Anchor","Oddly Smooth Stone","Pen Nib"],"acts_visited":["Exordium","TheCity","TheBeyond"],"potions_floor_usage":[7,16,21,23,31,33,40],"damage_taken":[{"damage":1,"enemies":"Small Slimes","floor":1,"turns":3},{"damage":0,"enemies":"Cultist","floor":2,"turns":2},{"damage":8,"enemies":"Jaw Worm","floor":3,"turns":2},{"damage":15,"enemies":"Looter","floor":5,"turns":3},{"damage":18,"enemies":"3 Sentries","floor":7,"turns":5},{"damage":0,"enemies":"Exordium Thugs","floor":12,"turns":3},{"damage":4,"enemies":"3 Louse","floor":14,"turns":3},{"damage":25,"enemies":"Slime Boss","floor":16,"turns":7},{"damage":0,"enemies":"3 Byrds","floor":18,"turns":4},{"damage":32,"enemies":"Masked Bandits","floor":21,"turns":4},{"damage":15,"enemies":"2 Thieves","floor":22,"turns":5},{"damage":5,"enemies":"Gremlin Leader","floor":23,"turns":4},{"damage":0,"enemies":"Snecko","floor":28,"turns":3},{"damage":0,"enemies":"Slavers","floor":31,"turns":1},{"damage":31,"enemies":"Automaton","floor":33,"turns":8},{"damage":0,"enemies":"Orb Walker","floor":35,"turns":1},{"damage":1,"enemies":"3 Shapes","floor":39,"turns":3},{"damage":0,"enemies":"Reptomancer","floor":40,"turns":6},{"damage":16,"enemies":"Nemesis","floor":42,"turns":7},{"damage":4,"enemies":"3 Darklings","floor":46,"turns":3},{"damage":4,"enemies":"Writhing Mass","floor":47,"turns":4},{"damage":11,"enemies":"Maw","floor":48,"turns":5},{"damage":70,"enemies":"Awakened One","floor":50,"turns":8}],"seed_played":"8302132800974301233","potions_obtained":[{"floor":5,"key":"Explosive Potion"},{"floor":14,"key":"PowerPotion"},{"floor":21,"key":"GamblersBrew"},{"floor":23,"key":"SteroidPotion"},{"floor":31,"key":"Strength Potion"},{"floor":35,"key":"Dexterity Potion"},{"floor":47,"key":"FearPotion"}],"is_trial":false,"path_per_floor":["M","M","M","?","M","R","E","R","T","?","$","M","?","M","R","B",null,"M","?","$","?","M","E","R","?","T","T","M","R","?","E","R","B",null,"M","?","?","$","M","E","R","E","T","R","?","M","M","M","R","B"],"character_chosen":"IRONCLAD","items_purchased":["Block Potion","Explosive Potion","Feel No Pain","Membership Card","Gambling Chip","Anchor"],"campfire_rested":6,"item_purchase_floors":[11,11,20,38,38,38],"current_hp_per_floor":[67,67,59,59,44,44,26,48,48,25,25,27,27,23,46,21,63,63,63,63,31,18,13,36,15,15,15,17,41,41,41,65,34,69,71,71,71,71,72,72,72,58,58,58,58,56,52,43,69,0,0],"gold":249,"neow_bonus":"BOSS_RELIC","is_daily":false,"chose_seed":false,"campfire_upgraded":2,"win_rate":0.0,"timestamp":1608061640,"path_taken":["M","M","M","?","?","R","E","R","T","?","$","M","?","M","R","BOSS","M","?","$","?","M","E","R","?","T","?","?","R","?","E","R","BOSS","M","?","?","$","M","E","R","E","T","R","?","M","?","?","R","BOSS"],"items_purchased_type":["Potion","Potion","Card","Relic","Relic","Relic"],"build_version":"2020-12-13","purchased_purges":1,"victory":false,"max_hp_per_floor":[75,75,75,75,75,75,75,75,75,75,75,77,77,77,77,77,77,77,77,77,77,79,79,79,79,79,79,81,81,81,81,81,81,81,83,79,79,79,81,81,81,83,83,83,83,85,85,87,87,87,87],"relic_stats":{"Singing Bowl":16,"counters":[23,94],"Bronze Scales":[148],"Gambling Chip":[28],"Snecko Eye":[125,121,120,128],"Pen Nib":[3],"Ginger":[15],"Orichalcum":[42],"Cursed Key":1,"obtain_stats":[{"Singing Bowl":9,"Nilry\u0027s Codex":25,"Oddly Smooth Stone":40,"Pen Nib":42,"Ginger":7,"Orichalcum":27,"Cursed Key":34,"Burning Blood":0,"WarpedTongs":4,"Mercury Hourglass":23,"Anchor":38,"HornCleat":31,"Bronze Scales":26,"Gambling Chip":38,"Snecko Eye":17,"Philosopher\u0027s Stone":0,"Red Mask":21,"Membership Card":38},{"Singing Bowl":5,"Nilry\u0027s Codex":12,"Oddly Smooth Stone":18,"Pen Nib":19,"Ginger":5,"Orichalcum":12,"Cursed Key":15,"Burning Blood":0,"WarpedTongs":3,"Mercury Hourglass":12,"Anchor":16,"HornCleat":14,"Bronze Scales":12,"Gambling Chip":16,"Snecko Eye":8,"Philosopher\u0027s Stone":0,"Red Mask":10,"Membership Card":16},{"Singing Bowl":15,"Nilry\u0027s Codex":45,"Oddly Smooth Stone":67,"Pen Nib":74,"Ginger":15,"Orichalcum":45,"Cursed Key":57,"Burning Blood":0,"WarpedTongs":7,"Mercury Hourglass":45,"Anchor":58,"HornCleat":49,"Bronze Scales":45,"Gambling Chip":58,"Snecko Eye":28,"Philosopher\u0027s Stone":0,"Red Mask":36,"Membership Card":58}],"WarpedTongs":[87],"Mercury Hourglass":[221]},"card_choices":[{"not_picked":["Heavy Blade","Flex"],"picked":"Thunderclap","floor":1},{"not_picked":["Searing Blow","Thunderclap"],"picked":"Perfected Strike","floor":2},{"not_picked":["Warcry","Perfected Strike"],"picked":"Spot Weakness","floor":3},{"not_picked":["Fire Breathing","Sword Boomerang"],"picked":"True Grit","floor":5},{"not_picked":["Dual Wield","Barricade"],"picked":"Shockwave","floor":7},{"not_picked":["Flex","Feel No Pain","Iron Wave"],"picked":"Singing Bowl","floor":12},{"not_picked":["Flex","Thunderclap"],"picked":"Twin Strike","floor":14},{"not_picked":["Exhume","Impervious"],"picked":"Corruption","floor":16},{"not_picked":["Thunderclap","Wild Strike"],"picked":"Pommel Strike+1","floor":18},{"not_picked":["Anger","Flex"],"picked":"Whirlwind","floor":21},{"not_picked":["Wild Strike","Infernal Blade","Warcry"],"picked":"Singing Bowl","floor":22},{"not_picked":["Hemokinesis","Flex+1"],"picked":"Dark Embrace+1","floor":23},{"not_picked":["Pommel Strike","Carnage","Flex+1"],"picked":"Singing Bowl","floor":28},{"not_picked":["Reckless Charge","Perfected Strike"],"picked":"Disarm","floor":31},{"not_picked":["Corruption","Berserk"],"picked":"Limit Break","floor":33},{"not_picked":["Spot Weakness","Twin Strike+1","Iron Wave"],"picked":"Singing Bowl","floor":35},{"not_picked":["Twin Strike","Combust+1","Pummel+1"],"picked":"Singing Bowl","floor":39},{"not_picked":["Twin Strike","Sever Soul"],"picked":"Dual Wield","floor":40},{"not_picked":["Evolve","Havoc","Headbutt"],"picked":"Singing Bowl","floor":42},{"not_picked":["Wild Strike","Flex+1","Twin Strike"],"picked":"Singing Bowl","floor":46},{"not_picked":["Wild Strike+1","Warcry"],"picked":"Feel No Pain","floor":47},{"not_picked":["Corruption","Carnage","Bloodletting"],"picked":"Singing Bowl","floor":48}],"player_experience":350524,"relics_obtained":[{"floor":7,"key":"Ginger"},{"floor":9,"key":"Singing Bowl"},{"floor":21,"key":"Red Mask"},{"floor":23,"key":"Mercury Hourglass"},{"floor":25,"key":"Nilry\u0027s Codex"},{"floor":26,"key":"Bronze Scales"},{"floor":27,"key":"Orichalcum"},{"floor":31,"key":"HornCleat"},{"floor":40,"key":"Oddly Smooth Stone"},{"floor":42,"key":"Pen Nib"}],"event_choices":[{"damage_healed":0,"gold_gain":0,"player_choice":"Rummage","damage_taken":0,"relics_obtained":["WarpedTongs"],"max_hp_gain":0,"max_hp_loss":0,"event_name":"Accursed Blacksmith","floor":4,"gold_loss":0,"cards_obtained":["Pain"]},{"damage_healed":0,"gold_gain":0,"player_choice":"Entered Light","damage_taken":23,"max_hp_gain":0,"max_hp_loss":0,"event_name":"Shining Light","floor":10,"gold_loss":0,"cards_upgraded":["Defend_R","Strike_R"]},{"cards_removed":["Strike_R"],"damage_healed":0,"gold_gain":0,"player_choice":"Purged","damage_taken":0,"max_hp_gain":0,"max_hp_loss":0,"event_name":"Purifier","floor":13,"gold_loss":0},{"damage_healed":0,"gold_gain":0,"player_choice":"Simplicity","damage_taken":0,"max_hp_gain":0,"max_hp_loss":0,"event_name":"Back to Basics","floor":19,"gold_loss":0,"cards_upgraded":["Strike_R","Strike_R","Strike_R","Defend_R","Defend_R","Defend_R"]},{"damage_healed":0,"gold_gain":0,"player_choice":"Fought Bandits","damage_taken":0,"max_hp_gain":0,"max_hp_loss":0,"event_name":"Masked Bandits","floor":21,"gold_loss":0},{"damage_healed":0,"gold_gain":0,"player_choice":"Obtained Book","damage_taken":21,"max_hp_gain":0,"max_hp_loss":0,"event_name":"Cursed Tome","floor":25,"gold_loss":0},{"damage_healed":0,"gold_gain":0,"player_choice":"Ignored","damage_taken":0,"max_hp_gain":0,"max_hp_loss":0,"event_name":"Vampires","floor":30,"gold_loss":0},{"damage_healed":0,"gold_gain":0,"player_choice":"Max HP","damage_taken":0,"max_hp_gain":0,"max_hp_loss":4,"event_name":"Winding Halls","floor":36,"gold_loss":0},{"damage_healed":0,"gold_gain":222,"player_choice":"Wore Mask","damage_taken":0,"max_hp_gain":0,"max_hp_loss":0,"event_name":"Tomb of Lord Red Mask","floor":37,"gold_loss":0},{"damage_healed":0,"gold_gain":50,"player_choice":"Pray","damage_taken":0,"max_hp_gain":0,"max_hp_loss":0,"event_name":"Golden Shrine","floor":45,"gold_loss":0}],"is_beta":false,"boss_relics":[{"not_picked":["Pandora\u0027s Box","Empty Cage"],"picked":"Snecko Eye"},{"not_picked":["Calling Bell","Coffee Dripper"],"picked":"Cursed Key"}],"items_purged_floors":[11],"is_endless":false,"potions_floor_spawned":[5,12,14,21,23,31,35,47],"killed_by":"Awakened One","ascension_level":20}}