{"host":"z9zlow7pt2vzlu59","time":1608072938,"event":{"mods":["AchievementEnabler","BaseMod","Colored Powertips","Minty Spire (QoL Compilation)","Permanent Neow"],"gold_per_floor":[14,31,47,47,60,60,79,113,113,113,113,147,161,161,161,161,161],"floor_reached":16,"playtime":828,"items_purged":[],"score":224,"play_id":"5a992dd3-42e9-49d9-9741-fa328c05b461","local_time":"20201215145538","is_ascension_mode":true,"campfire_choices":[{"data":"True Grit","floor":6,"key":"SMITH"},{"data":"Bash","floor":10,"key":"SMITH"},{"floor":15,"key":"REST"}],"circlet_count":0,"master_deck":["AscendersBane","Strike_R","Strike_R","Strike_R","Strike_R","Strike_R","Defend_R","Defend_R","Defend_R","Defend_R","Bash+1","Cleave","Battle Trance","True Grit+1","Infernal Blade","Feel No Pain","Sever Soul","Dark Embrace"],"relics":["Burning Blood","Toy Ornithopter","Meat on the Bone","Pen Nib","Golden Idol"],"acts_visited":[],"potions_floor_usage":[7,8],"damage_taken":[{"damage":2.0,"enemies":"Cultist","floor":1.0,"turns":4.0},{"damage":15.0,"enemies":"Small Slimes","floor":2.0,"turns":3.0},{"damage":14.0,"enemies":"Jaw Worm","floor":3.0,"turns":4.0},{"damage":10,"enemies":"2 Fungi Beasts","floor":5,"turns":3},{"damage":0,"enemies":"Gremlin Gang","floor":7,"turns":3},{"damage":37,"enemies":"3 Sentries","floor":8,"turns":9},{"damage":35,"enemies":"Lagavulin","floor":12,"turns":7},{"damage":9,"enemies":"Large Slime","floor":13,"turns":4},{"damage":12,"enemies":"Slime Boss","floor":16,"turns":7}],"seed_played":"1166446534431519574","potions_obtained":[{"floor":1.0,"key":"Ancient Potion"},{"floor":2.0,"key":"Explosive Potion"},{"floor":5,"key":"Energy Potion"},{"floor":8,"key":"Strength Potion"}],"is_trial":false,"path_per_floor":["M","M","M","$","M","R","M","E","T","R","$","E","M","?","R","B"],"character_chosen":"IRONCLAD","items_purchased":[],"campfire_rested":1,"item_purchase_floors":[],"current_hp_per_floor":[86,77,69,69,65,65,71,40,40,40,40,23,32,1,27,15,15],"gold":161,"neow_bonus":"TWENTY_PERCENT_HP_BONUS","is_daily":false,"chose_seed":false,"campfire_upgraded":2,"win_rate":0.0,"timestamp":1608072938,"path_taken":["M","M","M","$","M","R","M","E","T","R","?","E","M","?","R","BOSS"],"items_purchased_type":[],"build_version":"2020-12-13","purchased_purges":0,"victory":false,"max_hp_per_floor":[89,89,89,89,89,89,89,89,89,89,89,89,89,89,89,89,89],"card_choices":[{"not_picked":["Sentinel","Bloodletting","Clash"],"picked":"SKIP","floor":1.0},{"not_picked":["Evolve","Bloodletting"],"picked":"Cleave","floor":2.0},{"not_picked":["Headbutt","Sentinel"],"picked":"Battle Trance","floor":3},{"not_picked":["Pommel Strike","Dropkick"],"picked":"True Grit","floor":5},{"not_picked":["True Grit","Perfected Strike"],"picked":"Infernal Blade","floor":7},{"not_picked":["True Grit","Havoc"],"picked":"Feel No Pain","floor":8},{"not_picked":["Anger","Clash"],"picked":"Sever Soul","floor":12},{"not_picked":["Iron Wave","Heavy Blade"],"picked":"Dark Embrace","floor":13}],"player_experience":112458,"relics_obtained":[{"floor":8,"key":"Toy Ornithopter"},{"floor":9,"key":"Meat on the Bone"},{"floor":12,"key":"Pen Nib"}],"event_choices":[{"damage_healed":0,"gold_gain":0,"player_choice":"Take Damage","damage_taken":31,"relics_obtained":["Golden Idol"],"max_hp_gain":0,"max_hp_loss":0,"event_name":"Golden Idol","floor":14,"gold_loss":0}],"is_beta":false,"boss_relics":[],"items_purged_floors":[],"is_endless":false,"potions_floor_spawned":[1,2,5,8],"killed_by":"Slime Boss","ascension_level":20}}