{"host":"apvnte8t1esriuig","time":1608067006,"event":{"mods":["2.2 Compatiblity","AchievementEnabler","BaseMod","Infinite Spire","Minty Spire (QoL Compilation)","Rare Cards Sparkle","StSLib"],"gold_per_floor":[114,182,194,47,59,59,71,71,71,101,134,162,197,197,197,292,342,354,114,114,140,157,157,157,183,183,183,183,183,39,48,48,153,153,173,25,25,48,17,61,61,61,61,61,61,91,18,50,50,146,173,180,26,40,40,52,75,81,108,108,121,121,121,42,42,42,42,42,42,42,42,29,29,6,0,0,0,0,0,0,0,0,0,0,0,0,0,0,0,0,0,0,0,0,0,0,0,0,0,0,0,0,0,0,0,0,0,0,0,0,0,0,0,0,0,0,0,0,0,0,0,0,0,0,0,0,0,0,0,0,0,0,0,0,0,0,0,0,0,0,0,0,0,0,0,0,0,0,0,0,0,0,0,0,0,0,0,0,0,0,0,0,0,0,0,0,0,0,0,0,0,0,0,0,0,0,0,0,0,0,0,0,0,0,0,0,0],"floor_reached":186,"playtime":6297,"items_purged":["Coolheaded"],"score":4335,"play_id":"f2244548-b809-4bcd-bcbc-171239ec64a7","local_time":"20201215221646","daily_mods":["Draft","Vintage","Colorless Cards","Heirloom","Time Dilation","Flight","DeadlyEvents","Elite Swarm"],"is_ascension_mode":true,"campfire_choices":[{"data":"DevaForm","floor":6,"key":"SMITH"},{"floor":8,"key":"REST"},{"floor":15,"key":"REST"},{"floor":23,"key":"DIG"},{"data":"Echo Form","floor":24,"key":"SMITH"},{"floor":27,"key":"DIG"},{"floor":28,"key":"DIG"},{"floor":29,"key":"DIG"},{"floor":32,"key":"DIG"},{"floor":41,"key":"REST"},{"floor":42,"key":"DIG"},{"data":"infinitespire:UltimateForm","floor":44,"key":"SMITH"},{"floor":49,"key":"DIG"},{"data":"White Noise","floor":66,"key":"SMITH"},{"data":"1","floor":79,"key":"LIFT"},{"floor":81,"key":"REST"},{"floor":83,"key":"REST"},{"floor":97,"key":"REST"},{"floor":98,"key":"REST"},{"data":"infinitespire:UltimateForm","floor":100,"key":"SMITH"},{"floor":109,"key":"REST"},{"data":"Echo Form","floor":109,"key":"SMITH"},{"floor":117,"key":"REST"},{"data":"infinitespire:UltimateForm","floor":117,"key":"SMITH"},{"data":"2","floor":125,"key":"LIFT"},{"data":"Auto Shields","floor":130,"key":"PURGE"},{"data":"Undo+1","floor":132,"key":"PURGE"},{"data":"Decay","floor":134,"key":"PURGE"},{"data":"Ball Lightning+1","floor":142,"key":"PURGE"},{"data":"BootSequence","floor":144,"key":"PURGE"},{"data":"Sweeping Beam+1","floor":146,"key":"PURGE"},{"data":"Ball Lightning+1","floor":151,"key":"PURGE"},{"data":"3","floor":159,"key":"LIFT"},{"data":"Envenom","floor":161,"key":"SMITH"},{"floor":166,"key":"REST"},{"floor":168,"key":"REST"},{"data":"MasterReality","floor":176,"key":"SMITH"},{"data":"Buffer","floor":180,"key":"SMITH"},{"data":"Barricade","floor":185,"key":"SMITH"}],"circlet_count":13,"master_deck":["Demon Form","Wraith Form v2","Echo Form+1","DevaForm+1","White Noise+1","Loop","Capacitor","Tempest+1","Sweeping Beam+1","Defragment","Echo Form+1","Electrodynamics","Seek+1","Buffer+1","infinitespire:UltimateForm+1","Storm","Creative AI","Loop+1","Electrodynamics+1","infinitespire:UltimateForm+1","Creative AI+1","DevaForm+1","infinitespire:UltimateForm+1","infinitespire:UltimateForm+1","Self Repair","Buffer+1","Barricade+1","Devotion","Envenom+1","MasterReality+1","DevaForm"],"relics":["Bottled Flame","Magic Flower","infinitespire:Magic Flask","infinitespire:DarkRift","Bird Faced Urn","Chemical X","Spirit Poop","Red Mask","Ectoplasm","HolyWater","PureWater","Ring of the Snake","Mercury Hourglass","MawBank","Toolbox","Champion Belt","Girya","Odd Mushroom","Philosopher\u0027s Stone","Ring of the Serpent","infinitespire:Burning Sword","Ginger","Calipers","Potion Belt","Cracked Core","Centennial Puzzle","Nloth\u0027s Gift","Boot","Nunchaku","Cables","PrismaticShard","infinitespire:Midas Blood","Blood Vial","Omamori","NeowsBlessing","Lee\u0027s Waffle","Toxic Egg 2","Gremlin Horn","Cauldron","Whetstone","GremlinMask","Necronomicon","Red Skull","infinitespire:MutagenicDexterity","TungstenRod","Bloody Idol","WarpedTongs","Dream Catcher","ClockworkSouvenir","infinitespire:Chaos","SlaversCollar","Prayer Wheel","infinitespire:WardingShard","Singing Bowl","The Courier","Art of War","Turnip","Pantograph","OrangePellets","Ancient Tea Set","Emotion Chip","infinitespire:Eraser","Runic Capacitor","infinitespire:Bottled Soul","Lizard Tail","Bag of Marbles","Orichalcum","Bag of Preparation","StrikeDummy","Akabeko","Unceasing Top","Nuclear Battery","Sundial","Golden Idol","Pear","White Beast Statue","infinitespire:Beetle Shell","infinitespire:Freezer","PreservedInsect","Question Card","MealTicket","Shuriken","Strawberry","Peace Pipe","Strawberry","Runic Pyramid","infinitespire:BottledMercury","HandDrill","Toy Ornithopter","Pen Nib","infinitespire:PuzzleCube","Ornamental Fan","Matryoshka","Torii","Smiling Mask","Meat on the Bone","Nilry\u0027s Codex","Bottled Tornado","DataDisk","Bronze Scales","War Paint","infinitespire:Satchel","Ice Cream","infinitespire:ShieldingShard","Old Coin","infinitespire:FocusingShard","Circlet","Darkstone Periapt","Anchor","Frozen Eye","CaptainsWheel","infinitespire:Golems Mask","infinitespire:CursedDice","StoneCalendar","Black Star","Pocketwatch"],"acts_visited":["Exordium","TheCity","TheBeyond","Exordium","TheCity","TheBeyond","Exordium","TheCity","TheBeyond","Exordium","TheCity"],"potions_floor_usage":[16,40,40,101,101,140,148,169,169,169,169,169],"damage_taken":[{"damage":15,"enemies":"Cultist","floor":1,"turns":4},{"damage":3,"enemies":"infinitespire:Voidling","floor":3,"turns":3},{"damage":0,"enemies":"Small Slimes","floor":5,"turns":2},{"damage":11,"enemies":"Exordium Wildlife","floor":7,"turns":3},{"damage":0,"enemies":"Gremlin Nob","floor":10,"turns":3},{"damage":0,"enemies":"Lagavulin","floor":11,"turns":5},{"damage":6,"enemies":"Gremlin Nob","floor":12,"turns":4},{"damage":5,"enemies":"3 Sentries","floor":13,"turns":2},{"damage":23,"enemies":"Hexaghost","floor":16,"turns":6},{"damage":0,"enemies":"Chosen","floor":18,"turns":4},{"damage":0,"enemies":"Gremlin Leader","floor":21,"turns":6},{"damage":20,"enemies":"2 Thieves","floor":22,"turns":5},{"damage":38,"enemies":"Book of Stabbing","floor":25,"turns":5},{"damage":46,"enemies":"Collector","floor":33,"turns":6},{"damage":0,"enemies":"Orb Walker","floor":35,"turns":4},{"damage":70,"enemies":"Nightmare","floor":40,"turns":7},{"damage":0,"enemies":"Giant Head","floor":46,"turns":7},{"damage":7,"enemies":"Reptomancer","floor":48,"turns":4},{"damage":15,"enemies":"Donu and Deca","floor":50,"turns":5},{"damage":0,"enemies":"Jaw Worm","floor":52,"turns":2},{"damage":0,"enemies":"Small Slimes","floor":54,"turns":2},{"damage":0,"enemies":"2 Louse","floor":56,"turns":2},{"damage":0,"enemies":"Lagavulin","floor":57,"turns":4},{"damage":0,"enemies":"2 Fungi Beasts","floor":58,"turns":2},{"damage":0,"enemies":"Nightmare","floor":59,"turns":4},{"damage":0,"enemies":"Gremlin Nob","floor":61,"turns":4},{"damage":0,"enemies":"Large Slime","floor":63,"turns":3},{"damage":0,"enemies":"Hexaghost","floor":67,"turns":1},{"damage":0,"enemies":"2 Thieves","floor":69,"turns":1},{"damage":0,"enemies":"3 Byrds","floor":71,"turns":1},{"damage":0,"enemies":"Shelled Parasite and Fungi","floor":72,"turns":2},{"damage":24,"enemies":"Centurion and Healer","floor":74,"turns":4},{"damage":0,"enemies":"Gremlin Leader","floor":75,"turns":3},{"damage":61,"enemies":"Snake Plant","floor":80,"turns":4},{"damage":57,"enemies":"Slavers","floor":82,"turns":3},{"damage":57,"enemies":"Automaton","floor":84,"turns":5},{"damage":24,"enemies":"Orb Walker","floor":86,"turns":3},{"damage":31,"enemies":"3 Darklings","floor":90,"turns":3},{"damage":27,"enemies":"Reptomancer","floor":91,"turns":4},{"damage":55,"enemies":"Giant Head","floor":92,"turns":5},{"damage":41,"enemies":"Writhing Mass","floor":93,"turns":3},{"damage":38,"enemies":"Reptomancer","floor":95,"turns":4},{"damage":101,"enemies":"Nemesis","floor":96,"turns":5},{"damage":2,"enemies":"Sphere and 2 Shapes","floor":99,"turns":2},{"damage":68,"enemies":"Donu and Deca","floor":101,"turns":4},{"damage":0,"enemies":"2 Louse","floor":103,"turns":1},{"damage":18,"enemies":"Jaw Worm","floor":105,"turns":2},{"damage":30,"enemies":"Lagavulin","floor":106,"turns":3},{"damage":0,"enemies":"Small Slimes","floor":107,"turns":1},{"damage":0,"enemies":"3 Sentries","floor":108,"turns":1},{"damage":12,"enemies":"Gremlin Nob","floor":110,"turns":3},{"damage":0,"enemies":"3 Louse","floor":113,"turns":1},{"damage":28,"enemies":"Lagavulin","floor":115,"turns":3},{"damage":0,"enemies":"2 Fungi Beasts","floor":116,"turns":1},{"damage":184,"enemies":"Hexaghost","floor":118,"turns":4},{"damage":0,"enemies":"Spheric Guardian","floor":120,"turns":2},{"damage":19,"enemies":"Slavers","floor":126,"turns":2},{"damage":12,"enemies":"Chosen","floor":127,"turns":5},{"damage":19,"enemies":"Gremlin Leader","floor":129,"turns":2},{"damage":54,"enemies":"Collector","floor":135,"turns":4},{"damage":16,"enemies":"Orb Walker","floor":137,"turns":3},{"damage":0,"enemies":"Nemesis","floor":139,"turns":3},{"damage":0,"enemies":"Giant Head","floor":141,"turns":5},{"damage":17,"enemies":"Nemesis","floor":143,"turns":2},{"damage":0,"enemies":"Nightmare","floor":147,"turns":4},{"damage":29,"enemies":"Nemesis","floor":148,"turns":3},{"damage":0,"enemies":"3 Darklings","floor":150,"turns":1},{"damage":343,"enemies":"infinitespire:LordOfFortification","floor":152,"turns":8},{"damage":0,"enemies":"2 Louse","floor":154,"turns":1},{"damage":22,"enemies":"Gremlin Nob","floor":160,"turns":3},{"damage":80,"enemies":"Nightmare","floor":164,"turns":4},{"damage":13,"enemies":"Small Slimes","floor":165,"turns":1},{"damage":360,"enemies":"infinitespire:LordOfFortification","floor":169,"turns":10},{"damage":8,"enemies":"Chosen","floor":171,"turns":4},{"damage":0,"enemies":"Slavers","floor":174,"turns":1},{"damage":0,"enemies":"Gremlin Leader","floor":175,"turns":3},{"damage":0,"enemies":"3 Byrds","floor":177,"turns":2},{"damage":0,"enemies":"Nightmare","floor":178,"turns":4},{"damage":0,"enemies":"Gremlin Leader","floor":181,"turns":2},{"damage":440,"enemies":"infinitespire:LordOfFortification","floor":186,"turns":5}],"seed_played":"-4103664968531776805","potions_obtained":[{"floor":5,"key":"Swift Potion"},{"floor":12,"key":"Weak Potion"},{"floor":13,"key":"GamblersBrew"},{"floor":17,"key":"Regen Potion"},{"floor":22,"key":"FocusPotion"},{"floor":40,"key":"BlessingOfTheForge"},{"floor":46,"key":"SkillPotion"},{"floor":61,"key":"BlessingOfTheForge"},{"floor":65,"key":"PotionOfCapacity"},{"floor":65,"key":"SmokeBomb"},{"floor":75,"key":"Fire Potion"},{"floor":101,"key":"LiquidMemories"},{"floor":105,"key":"Explosive Potion"},{"floor":139,"key":"FairyPotion"},{"floor":140,"key":"Fruit Juice"},{"floor":140,"key":"Regen Potion"},{"floor":143,"key":"DistilledChaos"},{"floor":160,"key":"SteroidPotion"},{"floor":169,"key":"Swift Potion"},{"floor":171,"key":"Weak Potion"},{"floor":181,"key":"PowerPotion"}],"is_trial":true,"path_per_floor":["M","T","M","$","M","R","M","R","T","E","E","E","E","?","R","B",null,"M","$","?","E","M","R","R","E","T","R","R","R","$","AVR","R","B",null,"M","$","?","T","$","NM","R","R","T","R","T","E","$","E","R","B",null,"M","$","M","?","M","E","M","NM","T","E","T","M","$","AVR","R","B",null,"M","$","M","M","?","M","E","?","T","AVR","R","M","R","E","R","B",null,"M","AVR","?","?","M","E","E","M","T","E","E","R","R","M","R","B",null,"M","?","M","E","M","E","R","E","T","T","M","AVR","E","M","R","B",null,"M","AVR","?","?","T","R","E","M","T","E","R","T","R","?","R","B",null,"M","?","E","?","E","R","E","R","T","R","NM","E","AVR","M","R","B",null,"M","?","?","AVR","$","R","E","R","T","$","NM","M","R","T","R","B",null,"M","?","?","E","E","R","M","NM","T","R","E","T","$","AVR","R","B"],"character_chosen":"DEFECT","items_purchased":["Defragment","Eternal Feather","Happy Flower","Membership Card","Storm","Lantern","Torii","Dream Catcher"],"campfire_rested":11,"item_purchase_floors":[4,19,30,36,39,47,53,64],"current_hp_per_floor":[60,60,57,57,57,57,46,68,68,68,68,62,71,76,94,71,99,99,99,99,99,79,91,99,61,61,73,85,97,97,97,99,53,99,99,99,90,90,90,25,84,99,99,99,99,99,99,92,99,84,99,99,99,99,99,99,99,99,99,99,99,99,99,99,106,106,106,106,106,106,106,106,106,94,108,110,110,110,110,70,105,81,116,91,118,103,103,103,103,102,94,99,88,88,94,28,67,107,129,129,92,132,132,100,98,100,103,114,148,141,141,141,144,151,131,141,168,130,170,170,170,170,170,170,170,156,172,172,172,172,172,172,160,160,150,174,169,169,174,179,181,181,181,181,181,181,181,183,183,183,183,124,185,185,185,171,171,178,178,178,178,178,185,128,121,148,148,175,98,185,185,185,185,185,185,185,185,185,185,185,185,185,185,185,185,0,0],"gold":0,"neow_bonus":"","is_daily":false,"chose_seed":false,"campfire_upgraded":11,"win_rate":0.0,"timestamp":1608067006,"path_taken":["M","?","?","?","?","R","?","R","T","E","E","E","?","?","R","BOSS","M","$","?","?","?","R","R","E","T","R","R","R","$","AVR","R","BOSS","M","$","?","?","?","NM","R","R","T","R","?","E","$","E","R","BOSS","M","$","?","?","M","E","M","NM","T","?","?","?","$","AVR","R","BOSS","M","$","?","M","?","?","?","?","T","AVR","R","M","R","E","R","BOSS","M","AVR","?","?","M","E","?","?","T","E","?","R","R","?","R","BOSS","M","?","?","?","?","E","R","E","T","?","M","AVR","?","?","R","BOSS","M","AVR","?","?","?","R","E","?","T","?","R","?","R","?","R","BOSS","M","?","?","?","?","R","E","R","T","R","NM","E","AVR","M","R","BOSS","M","?","?","AVR","?","R","?","R","T","?","NM","?","R","?","R","BOSS","M","?","?","?","?","R","?","NM","T","R","?","?","$","AVR","R","BOSS"],"items_purchased_type":["Card","Relic","Relic","Relic","Card","Relic","Relic","Relic"],"build_version":"2020-12-13","purchased_purges":1,"victory":false,"max_hp_per_floor":[75,75,75,75,75,75,75,75,75,75,75,75,89,94,94,94,99,99,99,99,99,99,99,99,99,99,99,99,99,99,99,99,99,99,99,99,99,99,99,99,99,99,99,99,99,99,99,99,99,99,99,99,99,99,99,99,99,99,99,99,99,99,99,99,106,106,106,106,106,106,106,106,106,106,108,110,110,110,110,110,112,114,116,118,118,118,118,118,118,118,120,122,122,122,124,126,128,130,130,130,132,132,132,132,142,144,144,146,148,150,150,150,150,157,159,166,168,170,170,170,170,170,170,170,170,172,172,172,172,172,172,172,172,172,174,174,174,174,174,179,181,181,181,181,181,181,181,183,183,183,183,185,185,185,185,185,185,185,185,185,185,185,185,185,185,185,185,185,185,185,185,185,185,185,185,185,185,185,185,185,185,185,185,185,185,185,185],"card_choices":[{"not_picked":["Stack","Compile Driver"],"picked":"White Noise","floor":0},{"not_picked":["Deep Breath","Forethought"],"picked":"Go for the Eyes","floor":0},{"not_picked":["Beam Cell","Stack"],"picked":"Sweeping Beam","floor":0},{"not_picked":["Rip and Tear","Cold Snap"],"picked":"BootSequence","floor":0},{"not_picked":["Cold Snap","Steam"],"picked":"Loop","floor":0},{"not_picked":["Rip and Tear","Beam Cell"],"picked":"Gash","floor":0},{"not_picked":["Rebound","Stack"],"picked":"Capacitor","floor":0},{"not_picked":["Force Field","Undo"],"picked":"Rebound","floor":0},{"not_picked":["Leap","Coolheaded"],"picked":"Auto Shields","floor":0},{"not_picked":["Leap","Gash"],"picked":"Tempest","floor":0},{"not_picked":["Fusion","Good Instincts"],"picked":"Coolheaded","floor":0},{"not_picked":["Compile Driver","Turbo"],"picked":"Sweeping Beam","floor":0},{"not_picked":["Streamline","Discovery"],"picked":"Gash","floor":0},{"not_picked":["Leap","Glacier"],"picked":"Rebound","floor":0},{"not_picked":["Jack Of All Trades","Steam Power"],"picked":"Ball Lightning","floor":0},{"not_picked":["Multi-Cast","Machine Learning","Transmutation"],"picked":"SKIP","floor":10},{"not_picked":["Core Surge+1","Chrysalis"],"picked":"Echo Form","floor":11},{"not_picked":["HandOfGreed+1","Seek"],"picked":"Electrodynamics","floor":12},{"not_picked":["Rainbow","Secret Weapon"],"picked":"Seek","floor":13},{"not_picked":["Amplify","Metamorphosis"],"picked":"Buffer","floor":16},{"not_picked":["Flash of Steel+1","Leap"],"picked":"Ball Lightning+1","floor":17},{"not_picked":["Transmutation","Thunder Strike+1","Violence"],"picked":"SKIP","floor":21},{"not_picked":["Machine Learning","Chrysalis","Amplify"],"picked":"SKIP","floor":25},{"not_picked":["Mayhem","Panache"],"picked":"Creative AI","floor":40},{"not_picked":["All For One+1","Secret Technique","Rainbow"],"picked":"SKIP","floor":46},{"not_picked":["Rainbow","Amplify","Seek"],"picked":"SKIP","floor":48},{"not_picked":["Sadistic Nature+1","Transmutation"],"picked":"Electrodynamics+1","floor":57},{"not_picked":["infinitespire:FinalStrike","infinitespire:SevenWalls"],"picked":"infinitespire:UltimateForm","floor":59},{"not_picked":["Biased Cognition+1","Core Surge+1"],"picked":"Creative AI+1","floor":59},{"not_picked":["Master of Strategy","Thunder Strike+1","Magnetism+1"],"picked":"SKIP","floor":61},{"not_picked":["Secret Technique+1","Scrawl+1","DeusExMachina+1"],"picked":"Singing Bowl","floor":75},{"not_picked":["infinitespire:FinalStrike","infinitespire:Menacing","infinitespire:FutureSight"],"picked":"Singing Bowl","floor":76},{"not_picked":["Dodge and Roll+1","Backflip+1","SashWhip"],"picked":"Singing Bowl","floor":81},{"not_picked":["Buffer","SpiritShield+1","Reaper"],"picked":"Singing Bowl","floor":82},{"not_picked":["Beam Cell","Bane","Warcry+1"],"picked":"Singing Bowl","floor":83},{"not_picked":["Electrodynamics","Seek+1","HandOfGreed"],"picked":"Singing Bowl","floor":84},{"not_picked":["Ragnarok","Meteor Strike","Multi-Cast+1"],"picked":"Singing Bowl","floor":91},{"not_picked":["Vault+1","Echo Form","Berserk"],"picked":"Singing Bowl","floor":92},{"not_picked":["infinitespire:Oblivion","infinitespire:Menacing"],"picked":"infinitespire:UltimateForm","floor":95},{"not_picked":["Brutality","Ragnarok","Sadistic Nature"],"picked":"Singing Bowl","floor":95},{"not_picked":["Corruption","ConjureBlade+1","Secret Technique+1"],"picked":"Singing Bowl","floor":96},{"not_picked":["Evolve","Underhanded Strike+1","Perfected Strike"],"picked":"Singing Bowl","floor":97},{"not_picked":["Prostrate+1","Riddle With Holes+1","Twin Strike"],"picked":"Singing Bowl","floor":98},{"not_picked":["Storm of Steel+1","Grand Finale","Mayhem"],"picked":"Singing Bowl","floor":101},{"not_picked":["Transmutation+1","Violence+1","Night Terror+1"],"picked":"Singing Bowl","floor":106},{"not_picked":["Night Terror+1","Brutality","Die Die Die"],"picked":"Singing Bowl","floor":108},{"not_picked":["Perfected Strike","Sword Boomerang","Beam Cell"],"picked":"Singing Bowl","floor":109},{"not_picked":["Secret Technique+1","Scrawl+1","Seek+1"],"picked":"Singing Bowl","floor":110},{"not_picked":["Biased Cognition","A Thousand Cuts","Glass Knife","DevaForm"],"picked":"Singing Bowl","floor":115},{"not_picked":["Bane","Reprogram+1","Blind+1","FollowUp"],"picked":"Singing Bowl","floor":117},{"not_picked":["Berserk","Juggernaut","Wraith Form v2","Wish+1"],"picked":"Singing Bowl","floor":118},{"not_picked":["Offering+1","Omniscience+1","Secret Technique+1","Immolate"],"picked":"Singing Bowl","floor":126},{"not_picked":["Apotheosis+1","Metamorphosis+1","Sadistic Nature"],"picked":"Buffer","floor":129},{"not_picked":["DeusExMachina+1","Brutality","Reaper","Offering+1"],"picked":"Singing Bowl","floor":135},{"not_picked":["Vault+1","Echo Form","Glass Knife"],"picked":"Barricade","floor":139},{"not_picked":["Ragnarok","Double Tap+1","Grand Finale","Bullet Time+1"],"picked":"Singing Bowl","floor":141},{"not_picked":["Offering+1","Immolate","Fiend Fire"],"picked":"Devotion","floor":143},{"not_picked":["Burst+1","Unload","HandOfGreed"],"picked":"Envenom","floor":147},{"not_picked":["Metamorphosis+1","Bullet Time+1","Impervious+1","Judgement+1"],"picked":"Singing Bowl","floor":148},{"not_picked":["Scrawl+1","Fiend Fire","Apotheosis+1","Chrysalis+1"],"picked":"Singing Bowl","floor":152},{"not_picked":["Scrawl+1","Limit Break+1","Offering+1","Reaper"],"picked":"Singing Bowl","floor":160},{"not_picked":["Barricade","Transmutation+1","Mayhem","Magnetism"],"picked":"Singing Bowl","floor":164},{"not_picked":["PiercingWail+1","Flying Knee","Redo+1","Quick Slash"],"picked":"Singing Bowl","floor":166},{"not_picked":["PiercingWail+1","Sweeping Beam","Blade Dance+1","Barrage"],"picked":"Singing Bowl","floor":168},{"not_picked":["Biased Cognition","LessonLearned","Double Tap+1"],"picked":"MasterReality","floor":169},{"not_picked":["Secret Technique+1","Feed","Malaise+1","Transmutation+1"],"picked":"Singing Bowl","floor":174},{"not_picked":["Thinking Ahead+1","Amplify+1","Transmutation+1","Blasphemy+1"],"picked":"Singing Bowl","floor":175},{"not_picked":["Reaper","Magnetism","Thinking Ahead+1","Bludgeon"],"picked":"Singing Bowl","floor":178},{"not_picked":["Wish+1","Violence+1","Immolate"],"picked":"DevaForm","floor":181}],"player_experience":324071,"relics_obtained":[{"floor":1,"key":"Vajra"},{"floor":2,"key":"infinitespire:SolderingIron"},{"floor":3,"key":"Shovel"},{"floor":5,"key":"Thread and Needle"},{"floor":7,"key":"Molten Egg 2"},{"floor":9,"key":"HornCleat"},{"floor":10,"key":"Letter Opener"},{"floor":11,"key":"Oddly Smooth Stone"},{"floor":12,"key":"Symbiotic Virus"},{"floor":13,"key":"Mango"},{"floor":21,"key":"Ginger"},{"floor":22,"key":"CeramicFish"},{"floor":23,"key":"infinitespire:EmpoweringShard"},{"floor":25,"key":"Regal Pillow"},{"floor":26,"key":"infinitespire:Lucky Rock"},{"floor":27,"key":"Blue Candle"},{"floor":28,"key":"Kunai"},{"floor":29,"key":"Omamori"},{"floor":32,"key":"TungstenRod"},{"floor":35,"key":"Tiny Chest"},{"floor":38,"key":"Whetstone"},{"floor":40,"key":"FossilizedHelix"},{"floor":42,"key":"InkBottle"},{"floor":43,"key":"Mummified Hand"},{"floor":45,"key":"Frozen Egg 2"},{"floor":46,"key":"Incense Burner"},{"floor":48,"key":"Bottled Flame"},{"floor":49,"key":"Bottled Lightning"},{"floor":52,"key":"Smiling Mask"},{"floor":54,"key":"PreservedInsect"},{"floor":56,"key":"Cables"},{"floor":57,"key":"infinitespire:PuzzleCube"},{"floor":58,"key":"infinitespire:FocusingShard"},{"floor":59,"key":"infinitespire:CheckeredPen"},{"floor":60,"key":"Potion Belt"},{"floor":61,"key":"Boot"},{"floor":62,"key":"Mercury Hourglass"},{"floor":63,"key":"Toy Ornithopter"},{"floor":69,"key":"Prayer Wheel"},{"floor":71,"key":"infinitespire:WardingShard"},{"floor":72,"key":"Singing Bowl"},{"floor":74,"key":"Art of War"},{"floor":75,"key":"Turnip"},{"floor":77,"key":"Pantograph"},{"floor":80,"key":"Ancient Tea Set"},{"floor":82,"key":"Emotion Chip"},{"floor":86,"key":"infinitespire:Eraser"},{"floor":90,"key":"infinitespire:Bottled Soul"},{"floor":91,"key":"Lizard Tail"},{"floor":92,"key":"Bag of Marbles"},{"floor":93,"key":"Orichalcum"},{"floor":94,"key":"Bag of Preparation"},{"floor":95,"key":"StrikeDummy"},{"floor":96,"key":"Akabeko"},{"floor":99,"key":"Unceasing Top"},{"floor":103,"key":"Sundial"},{"floor":105,"key":"Pear"},{"floor":106,"key":"White Beast Statue"},{"floor":107,"key":"infinitespire:Beetle Shell"},{"floor":108,"key":"infinitespire:Freezer"},{"floor":110,"key":"PreservedInsect"},{"floor":111,"key":"Question Card"},{"floor":112,"key":"MealTicket"},{"floor":113,"key":"Shuriken"},{"floor":115,"key":"Peace Pipe"},{"floor":116,"key":"Strawberry"},{"floor":120,"key":"infinitespire:BottledMercury"},{"floor":124,"key":"Pen Nib"},{"floor":126,"key":"infinitespire:PuzzleCube"},{"floor":127,"key":"Ornamental Fan"},{"floor":128,"key":"Matryoshka"},{"floor":129,"key":"Torii"},{"floor":131,"key":"Smiling Mask"},{"floor":131,"key":"Meat on the Bone"},{"floor":133,"key":"Nilry\u0027s Codex"},{"floor":137,"key":"Bottled Tornado"},{"floor":141,"key":"DataDisk"},{"floor":143,"key":"Bronze Scales"},{"floor":145,"key":"War Paint"},{"floor":145,"key":"infinitespire:Satchel"},{"floor":147,"key":"Ice Cream"},{"floor":148,"key":"infinitespire:ShieldingShard"},{"floor":150,"key":"infinitespire:FocusingShard"},{"floor":154,"key":"Darkstone Periapt"},{"floor":162,"key":"CaptainsWheel"},{"floor":164,"key":"infinitespire:Golems Mask"},{"floor":165,"key":"infinitespire:CursedDice"},{"floor":167,"key":"StoneCalendar"},{"floor":171,"key":"Pocketwatch"},{"floor":174,"key":"Circlet"},{"floor":174,"key":"Circlet"},{"floor":175,"key":"Circlet"},{"floor":175,"key":"Circlet"},{"floor":177,"key":"Circlet"},{"floor":178,"key":"Circlet"},{"floor":178,"key":"Circlet"},{"floor":179,"key":"Circlet"},{"floor":181,"key":"Circlet"},{"floor":181,"key":"Circlet"},{"floor":182,"key":"Circlet"}],"event_choices":[{"damage_healed":0,"gold_gain":0,"player_choice":"Donut","damage_taken":0,"max_hp_gain":5,"max_hp_loss":0,"event_name":"Big Fish","floor":14,"gold_loss":0},{"damage_healed":0,"gold_gain":0,"player_choice":"Bought 0 Potions","damage_taken":0,"max_hp_gain":0,"max_hp_loss":0,"event_name":"The Woman in Blue","floor":20,"gold_loss":0},{"damage_healed":0,"gold_gain":0,"player_choice":"Memory 3","damage_taken":10,"max_hp_gain":0,"max_hp_loss":0,"event_name":"SensoryStone","floor":37,"gold_loss":0},{"cards_removed":["Secret Technique"],"damage_healed":0,"gold_gain":0,"player_choice":"Purged","damage_taken":0,"max_hp_gain":0,"max_hp_loss":0,"event_name":"Purifier","floor":55,"gold_loss":0},{"damage_healed":0,"gold_gain":0,"player_choice":"Stole Relic","damage_taken":0,"relics_obtained":["The Courier"],"max_hp_gain":0,"max_hp_loss":0,"event_name":"Addict","floor":73,"gold_loss":0,"cards_obtained":["Shame"]},{"damage_healed":0,"gold_gain":222,"player_choice":"Wore Mask","damage_taken":0,"max_hp_gain":0,"max_hp_loss":0,"event_name":"Tomb of Lord Red Mask","floor":88,"gold_loss":0},{"damage_healed":0,"gold_gain":0,"player_choice":"Copied","damage_taken":0,"max_hp_gain":0,"max_hp_loss":0,"event_name":"Duplicator","floor":89,"gold_loss":0,"cards_obtained":["DevaForm"]},{"damage_healed":0,"gold_gain":0,"player_choice":"Take Damage","damage_taken":33,"relics_obtained":["Golden Idol"],"max_hp_gain":0,"max_hp_loss":0,"event_name":"Golden Idol","floor":104,"gold_loss":0},{"damage_healed":0,"gold_gain":0,"player_choice":"Read","damage_taken":0,"max_hp_gain":0,"max_hp_loss":0,"event_name":"The Library","floor":122,"gold_loss":0,"cards_obtained":["Self Repair"]},{"damage_healed":0,"gold_gain":0,"player_choice":"Opened","damage_taken":0,"relics_obtained":["Toy Ornithopter"],"max_hp_gain":0,"max_hp_loss":0,"event_name":"The Mausoleum","floor":123,"gold_loss":0,"cards_obtained":["Writhe"]},{"damage_healed":0,"gold_gain":0,"player_choice":"Obtained Book","damage_taken":16,"max_hp_gain":0,"max_hp_loss":0,"event_name":"Cursed Tome","floor":133,"gold_loss":0},{"cards_removed":["Writhe","infinitespire:Pacifist"],"damage_healed":0,"gold_gain":0,"player_choice":"Removed Curses","damage_taken":0,"max_hp_gain":0,"max_hp_loss":0,"event_name":"Fountain of Cleansing","floor":138,"gold_loss":0},{"damage_healed":0,"gold_gain":0,"player_choice":"Got Potions","damage_taken":0,"max_hp_gain":0,"max_hp_loss":0,"event_name":"Lab","floor":140,"gold_loss":0},{"damage_healed":0,"gold_gain":0,"player_choice":"Donut","damage_taken":0,"max_hp_gain":5,"max_hp_loss":0,"event_name":"Big Fish","floor":155,"gold_loss":0},{"damage_healed":0,"gold_gain":0,"player_choice":"Success","damage_taken":18,"relics_obtained":["Anchor"],"max_hp_gain":0,"max_hp_loss":0,"event_name":"Scrap Ooze","floor":156,"gold_loss":0},{"damage_healed":0,"gold_gain":0,"player_choice":"Ignored","damage_taken":0,"max_hp_gain":0,"max_hp_loss":0,"event_name":"Vampires","floor":172,"gold_loss":0},{"damage_healed":0,"gold_gain":0,"player_choice":"0 cards matched","damage_taken":0,"max_hp_gain":0,"max_hp_loss":0,"event_name":"Match and Keep!","floor":173,"gold_loss":0,"cards_obtained":[]}],"is_beta":false,"boss_relics":[{"not_picked":["Sozu","Velvet Choker"],"picked":"Tiny House"},{"not_picked":["Coffee Dripper","Calling Bell"],"picked":"Empty Cage"},{"not_picked":["Runic Pyramid","FrozenCore"],"picked":"Astrolabe"},{"not_picked":["Velvet Choker","Coffee Dripper"],"picked":"SlaversCollar"},{"not_picked":["FrozenCore","Snecko Eye","Runic Dome"]},{"not_picked":["Runic Pyramid","Circlet"],"picked":"Nuclear Battery"},{"not_picked":["Fusion Hammer","Coffee Dripper"],"picked":"Runic Pyramid"},{"not_picked":["Calling Bell","Runic Dome","Snecko Eye"]},{"not_picked":["Circlet","Circlet"],"picked":"Circlet"},{"not_picked":["Runic Dome","Velvet Choker"],"picked":"Black Star"}],"items_purged_floors":[4],"is_endless":true,"potions_floor_spawned":[5,11,12,13,21,22,35,40,46,50,52,57,58,61,71,72,75,84,90,93,99,101,105,106,107,108,110,113,115,116,118,120,126,127,129,135,137,139,141,143,147,148,150,152,154,160,164,165,169,171,174,175,177,181],"killed_by":"infinitespire:LordOfFortification","ascension_level":1}}