{"host":"0fmi5fguj5lvt8pf","time":1608021060,"event":{"mods":["BaseMod","BetterRewards","Colored Map","Downfall","Minty Spire (QoL Compilation)","Permanent Neow","StSLib"],"gold_per_floor":[99,274,292,292,303,319,319,344,152,152,163,176,201,201,218,218,218],"floor_reached":16,"playtime":1086,"items_purged":[],"score":127,"play_id":"d97c2ffe-2085-4e3a-a611-a0a7132cce7e","local_time":"20201215003100","is_ascension_mode":false,"campfire_choices":[{"data":"champ:Taunt","floor":1.0,"key":"SMITH"},{"data":"champ:StanceDance","floor":10,"key":"SMITH"}],"circlet_count":0,"master_deck":["champ:Strike","champ:Strike","champ:Strike","champ:Strike","champ:Defend","champ:Defend","champ:Defend","champ:Defend","champ:Execute","champ:Taunt+1","Doubt","champ:Circumvent","champ:Circumvent","champ:SkillfulDodge","champ:StanceDance+1","champ:DefensiveStyle"],"relics":["champ:ChampionCrown","Letter Opener","Blood Vial","Oddly Smooth Stone","Odd Mushroom","Matryoshka"],"acts_visited":["Exordium"],"potions_floor_usage":[9,16],"damage_taken":[{"damage":12.0,"enemies":"2 Louse","floor":3.0,"turns":3.0},{"damage":5.0,"enemies":"Small Slimes","floor":5.0,"turns":5.0},{"damage":14.0,"enemies":"Cultist","floor":6.0,"turns":4.0},{"damage":17.0,"enemies":"3 Sentries","floor":8.0,"turns":10.0},{"damage":5,"enemies":"downfall:FleeingMerchant","floor":9,"turns":4},{"damage":8,"enemies":"Red Slaver","floor":11,"turns":4},{"damage":5,"enemies":"Gremlin Gang","floor":12,"turns":4},{"damage":0,"enemies":"The Mushroom Lair","floor":13,"turns":4},{"damage":5,"enemies":"Large Slime","floor":15,"turns":6},{"damage":56,"enemies":"downfall:Defect","floor":16,"turns":11}],"seed_played":"-6859738870860662105","potions_obtained":[{"floor":3.0,"key":"champ:OpenerPotion"},{"floor":5.0,"key":"LiquidBronze"},{"floor":8.0,"key":"ColorlessPotion"},{"floor":15,"key":"SpeedPotion"}],"is_trial":false,"path_per_floor":["R","?","M","?","M","M","T","E","$","R","M","M","?","?","M","B"],"character_chosen":"THE_CHAMP","items_purchased":["Oddly Smooth Stone","champ:StanceDance"],"campfire_rested":0,"item_purchase_floors":[9,9],"current_hp_per_floor":[81,81,74,74,74,65,65,58,60,60,59,61,63,51,53,0,0],"gold":218,"neow_bonus":"TWENTY_PERCENT_HP_BONUS","is_daily":false,"chose_seed":false,"campfire_upgraded":2,"win_rate":0.0,"timestamp":1608021060,"path_taken":["R","?","M","?","?","M","T","E","?","R","?","M","?","?","M","BOSS"],"items_purchased_type":["Relic","Card"],"build_version":"2020-12-13","purchased_purges":0,"victory":false,"max_hp_per_floor":[108,108,108,108,108,108,108,108,108,108,108,108,108,108,108,108,108],"card_choices":[{"not_picked":["champ:FightOn","champ:Aggression"],"picked":"champ:Circumvent","floor":3.0},{"not_picked":["champ:SwordSigil","champ:ShieldSigil","champ:BringItOn"],"picked":"SKIP","floor":5.0},{"not_picked":["champ:FocusedGladiator","champ:ShieldSigil"],"picked":"champ:Circumvent","floor":6.0},{"not_picked":["champ:Duel","champ:StanceDance"],"picked":"champ:SkillfulDodge","floor":8.0},{"not_picked":["champ:FocusedGladiator","champ:StrikeOfGenius","champ:Backstep"],"picked":"SKIP","floor":9},{"not_picked":["champ:GladiatorsShout","champ:Encircle","champ:AdrenalArmor"],"picked":"SKIP","floor":11},{"not_picked":["champ:StanceDance","champ:Haymaker"],"picked":"champ:DefensiveStyle","floor":12},{"not_picked":["champ:BringItOn","champ:FlashCut","champ:GladiatorsShout"],"picked":"SKIP","floor":15}],"player_experience":1156824,"relics_obtained":[{"floor":7.0,"key":"Letter Opener"},{"floor":8.0,"key":"Blood Vial"},{"floor":13,"key":"Odd Mushroom"}],"event_choices":[{"damage_healed":0.0,"max_hp_gain":0.0,"max_hp_loss":0.0,"gold_gain":0.0,"event_name":"NoteForYourself","player_choice":"Ignored","floor":4.0,"gold_loss":0.0,"damage_taken":0.0},{"damage_healed":0,"gold_gain":0,"player_choice":"Fought Mushrooms","damage_taken":0,"max_hp_gain":0,"max_hp_loss":0,"event_name":"Mushrooms","floor":13,"gold_loss":0},{"damage_healed":0,"gold_gain":0,"player_choice":"Success","damage_taken":12,"relics_obtained":["Matryoshka"],"max_hp_gain":0,"max_hp_loss":0,"event_name":"Scrap Ooze","floor":14,"gold_loss":0}],"is_beta":false,"boss_relics":[],"items_purged_floors":[],"is_endless":false,"potions_floor_spawned":[3,5,8,15],"killed_by":"downfall:Defect","ascension_level":0}}