{"host":"j4g6ia6asvpyu2b0","time":1608076037,"event":{"mods":["BaseMod","Colored Map","Minty Spire (QoL Compilation)","Permanent Neow","Quick Restart","Relic Stats","StSLib","Unceasing Turn Reminder"],"gold_per_floor":[16,16,32,43,43,43,71,83,141,182,208,230,268,291,303,413,425,448,460,472,497,527,564,592,604,616,653,678,723,760,732,744,852,864,889,915,937,949,806,806,509,534,582,582,582,582,594,623,623,623,623,623,41,71,71,71],"floor_reached":55,"playtime":1990,"items_purged":["Strike_R"],"score":1065,"play_id":"77ec4fc8-8e67-4dc9-a70a-ad656a548346","local_time":"20201215164717","is_ascension_mode":true,"campfire_choices":[{"data":"Apotheosis","floor":6,"key":"SMITH"},{"floor":8,"key":"RECALL"},{"data":"Metallicize","floor":15,"key":"SMITH"},{"floor":25,"key":"REST"},{"floor":32,"key":"REST"},{"floor":40,"key":"REST"},{"floor":44,"key":"REST"},{"floor":49,"key":"REST"},{"floor":52,"key":"REST"}],"circlet_count":0,"master_deck":["Strike_R","Strike_R","Defend_R","Defend_R","Defend_R","Defend_R","Bash","Flame Barrier","Rampage","Shrug It Off","Pommel Strike","Anger","Metallicize+1","Battle Trance","Iron Wave","Dark Embrace","Clothesline","Hemokinesis","Feed","Whirlwind","J.A.X.","Body Slam+1","Whirlwind+1","Fiend Fire","Havoc+1","Spot Weakness","Power Through+1","Shrug It Off","Sentinel","Barricade","Pommel Strike+1","Headbutt+1","Twin Strike+1","Defend_G","Dual Wield+1","Armaments+1","Clothesline+1","Warcry+1","Heavy Blade","Metallicize","Inflame","Flame Barrier","Body Slam+1"],"relics":["Burning Blood","MawBank","Orichalcum","Red Skull","Bronze Scales","Runic Dome","Happy Flower","WingedGreaves","Boot","Eternal Feather","Fusion Hammer","Oddly Smooth Stone","Vajra","ClockworkSouvenir","Dream Catcher","Lantern","Sundial","Dead Branch","Strawberry"],"acts_visited":["Exordium","TheCity","TheBeyond","TheEnding"],"potions_floor_usage":[23,27,29,50,55,55],"damage_taken":[{"damage":4,"enemies":"Small Slimes","floor":1,"turns":4},{"damage":1,"enemies":"2 Louse","floor":3,"turns":4},{"damage":6,"enemies":"Cultist","floor":4,"turns":4},{"damage":25,"enemies":"Lagavulin","floor":7,"turns":7},{"damage":10,"enemies":"Gremlin Nob","floor":10,"turns":4},{"damage":13,"enemies":"Exordium Thugs","floor":11,"turns":4},{"damage":0,"enemies":"3 Louse","floor":12,"turns":4},{"damage":14,"enemies":"3 Sentries","floor":13,"turns":7},{"damage":1,"enemies":"Looter","floor":14,"turns":3},{"damage":26,"enemies":"The Guardian","floor":16,"turns":9},{"damage":4,"enemies":"Chosen","floor":18,"turns":3},{"damage":7,"enemies":"Spheric Guardian","floor":21,"turns":3},{"damage":20,"enemies":"Snake Plant","floor":22,"turns":4},{"damage":27,"enemies":"Gremlin Leader","floor":23,"turns":5},{"damage":16,"enemies":"Centurion and Healer","floor":24,"turns":5},{"damage":34,"enemies":"Book of Stabbing","floor":27,"turns":3},{"damage":8,"enemies":"Shelled Parasite and Fungi","floor":28,"turns":2},{"damage":9,"enemies":"Slavers","floor":29,"turns":3},{"damage":14,"enemies":"Book of Stabbing","floor":30,"turns":4},{"damage":45,"enemies":"Champ","floor":33,"turns":13},{"damage":5,"enemies":"Orb Walker","floor":35,"turns":3},{"damage":11,"enemies":"3 Shapes","floor":36,"turns":5},{"damage":1,"enemies":"Maw","floor":37,"turns":8},{"damage":36,"enemies":"Nemesis","floor":42,"turns":9},{"damage":26,"enemies":"Spire Growth","floor":47,"turns":5},{"damage":14,"enemies":"Giant Head","floor":48,"turns":7},{"damage":74,"enemies":"Time Eater","floor":50,"turns":11},{"damage":77,"enemies":"Shield and Spear","floor":54,"turns":8},{"damage":37,"enemies":"The Heart","floor":55,"turns":3}],"seed_played":"-5511662483233486580","potions_obtained":[{"floor":3,"key":"LiquidMemories"},{"floor":10,"key":"Block Potion"},{"floor":11,"key":"DistilledChaos"},{"floor":14,"key":"CultistPotion"},{"floor":27,"key":"FearPotion"},{"floor":28,"key":"Block Potion"},{"floor":29,"key":"SteroidPotion"},{"floor":31,"key":"Strength Potion"}],"is_trial":false,"path_per_floor":["M","?","M","M","?","R","E","R","T","E","M","M","E","M","R","B",null,"M","?","?","M","M","E","M","R","T","E","M","E","E","?","R","B",null,"M","M","M","?","$","R","$","E","T","R","$","$","M","E","R","B",null,"R","$","E","B"],"character_chosen":"IRONCLAD","items_purchased":["Oddly Smooth Stone","Vajra","ClockworkSouvenir","Dead Branch","Strength Potion","Inflame","Flame Barrier"],"campfire_rested":6,"item_purchase_floors":[39,41,41,53,53,53,53],"current_hp_per_floor":[80,80,80,80,80,80,61,61,61,57,50,56,48,53,53,33,80,80,80,80,83,73,52,46,73,73,45,43,40,32,32,77,38,92,92,91,96,96,96,96,96,66,66,96,96,96,76,68,96,28,96,96,96,32,0,0],"gold":71,"neow_bonus":"RANDOM_COLORLESS_2","is_daily":false,"chose_seed":false,"campfire_upgraded":2,"win_rate":0.0,"timestamp":1608076037,"path_taken":["M","?","M","M","?","R","E","R","T","E","M","?","E","M","R","BOSS","M","?","?","M","M","E","M","R","T","E","M","E","E","?","R","BOSS","M","?","M","?","$","R","?","E","T","R","$","$","M","E","R","BOSS","R","$","E","BOSS"],"items_purchased_type":["Relic","Relic","Relic","Relic","Potion","Card","Card"],"build_version":"2020-12-13","purchased_purges":1,"victory":false,"max_hp_per_floor":[80,80,80,80,80,80,80,80,80,80,80,80,80,80,80,80,80,80,80,80,84,88,88,92,92,92,92,92,92,92,92,92,92,92,92,96,96,96,96,96,96,96,96,96,96,96,96,96,96,96,96,96,96,103,103,103],"relic_stats":{"Dream Catcher":3,"Happy Flower":[29],"counters":[29,154],"Sundial":[0],"Bronze Scales":[342],"Dead Branch":[6],"Eternal Feather":60,"Orichalcum":[252],"MawBank":384,"Boot":[59],"obtain_stats":[{"Lantern":43,"Happy Flower":23,"Dead Branch":53,"Oddly Smooth Stone":39,"Vajra":41,"Eternal Feather":30,"Orichalcum":9,"MawBank":7,"Boot":29,"Burning Blood":0,"ClockworkSouvenir":41,"Runic Dome":17,"Dream Catcher":42,"Sundial":48,"Bronze Scales":13,"Strawberry":54,"WingedGreaves":27,"Fusion Hammer":34,"Red Skull":10},{"Lantern":24,"Happy Flower":14,"Dead Branch":27,"Oddly Smooth Stone":23,"Vajra":23,"Eternal Feather":19,"Orichalcum":4,"MawBank":4,"Boot":18,"Burning Blood":0,"ClockworkSouvenir":23,"Runic Dome":10,"Dream Catcher":24,"Sundial":26,"Bronze Scales":8,"Strawberry":28,"WingedGreaves":16,"Fusion Hammer":20,"Red Skull":5},{"Lantern":120,"Happy Flower":65,"Dead Branch":143,"Oddly Smooth Stone":111,"Vajra":111,"Eternal Feather":82,"Orichalcum":19,"MawBank":19,"Boot":78,"Burning Blood":0,"ClockworkSouvenir":111,"Runic Dome":50,"Dream Catcher":120,"Sundial":132,"Bronze Scales":38,"Strawberry":151,"WingedGreaves":73,"Fusion Hammer":95,"Red Skull":23}],"Burning Blood":158},"card_choices":[{"not_picked":["Violence","Secret Technique"],"picked":"Apotheosis","floor":0},{"not_picked":["Reckless Charge","Dual Wield"],"picked":"Flame Barrier","floor":1},{"not_picked":["Twin Strike","Sword Boomerang"],"picked":"Shrug It Off","floor":3},{"not_picked":["Pummel","Armaments"],"picked":"Pommel Strike","floor":4},{"not_picked":["Shrug It Off","Hemokinesis"],"picked":"Metallicize","floor":7},{"not_picked":["Clothesline","Thunderclap"],"picked":"Battle Trance","floor":10},{"not_picked":["Reckless Charge","Heavy Blade"],"picked":"Iron Wave","floor":11},{"not_picked":["Burning Pact","Flex"],"picked":"Dark Embrace","floor":12},{"not_picked":["Second Wind","Havoc"],"picked":"Clothesline","floor":13},{"not_picked":["Pommel Strike","Shrug It Off"],"picked":"Hemokinesis","floor":14},{"not_picked":["Double Tap","Reaper"],"picked":"Feed","floor":16},{"not_picked":["True Grit","Shrug It Off"],"picked":"Whirlwind","floor":18},{"not_picked":["Flex","Battle Trance"],"picked":"Body Slam+1","floor":21},{"not_picked":["Battle Trance+1","Flex"],"picked":"Whirlwind+1","floor":22},{"not_picked":["Heavy Blade","Twin Strike"],"picked":"Fiend Fire","floor":23},{"not_picked":["Clash","True Grit"],"picked":"Havoc+1","floor":24},{"not_picked":["Body Slam","Cleave"],"picked":"Spot Weakness","floor":27},{"not_picked":["Clash","Flex"],"picked":"Power Through+1","floor":28},{"not_picked":["Ghostly Armor","Iron Wave+1"],"picked":"Shrug It Off","floor":29},{"not_picked":["Combust","Armaments"],"picked":"Sentinel","floor":30},{"not_picked":["Bludgeon","Corruption"],"picked":"Barricade","floor":33},{"not_picked":["Perfected Strike+1","True Grit"],"picked":"Pommel Strike+1","floor":35},{"not_picked":["Cleave+1","Blood for Blood"],"picked":"Headbutt+1","floor":36},{"not_picked":["Dark Embrace","Warcry"],"picked":"Twin Strike+1","floor":37},{"not_picked":["Flex+1","Havoc"],"picked":"Dual Wield+1","floor":42},{"not_picked":["Body Slam","Iron Wave"],"picked":"Armaments+1","floor":44},{"not_picked":["Body Slam","Twin Strike+1"],"picked":"Clothesline+1","floor":47},{"not_picked":["Anger","Fire Breathing+1"],"picked":"Warcry+1","floor":48},{"not_picked":["Clothesline","Anger"],"picked":"Heavy Blade","floor":49},{"not_picked":["Double Tap","Perfected Strike"],"picked":"Metallicize","floor":52},{"not_picked":["Armaments+1","Wild Strike"],"picked":"Body Slam+1","floor":54}],"player_experience":669998,"relics_obtained":[{"floor":7,"key":"MawBank"},{"floor":9,"key":"Orichalcum"},{"floor":10,"key":"Red Skull"},{"floor":13,"key":"Bronze Scales"},{"floor":23,"key":"Happy Flower"},{"floor":27,"key":"WingedGreaves"},{"floor":29,"key":"Boot"},{"floor":30,"key":"Eternal Feather"},{"floor":42,"key":"Dream Catcher"},{"floor":43,"key":"Lantern"},{"floor":48,"key":"Sundial"},{"floor":54,"key":"Strawberry"}],"event_choices":[{"damage_healed":0,"gold_gain":0,"cards_transformed":["Strike_R"],"player_choice":"Change","damage_taken":0,"max_hp_gain":0,"max_hp_loss":0,"event_name":"Living Wall","floor":2,"gold_loss":0,"cards_obtained":["Rampage"]},{"damage_healed":0,"gold_gain":0,"player_choice":"1 cards matched","damage_taken":0,"max_hp_gain":0,"max_hp_loss":0,"event_name":"Match and Keep!","floor":5,"gold_loss":0,"cards_obtained":["Anger"]},{"damage_healed":0,"gold_gain":0,"player_choice":"Obtain J.A.X.","damage_taken":0,"max_hp_gain":0,"max_hp_loss":0,"event_name":"Drug Dealer","floor":19,"gold_loss":0,"cards_obtained":["J.A.X."]},{"cards_removed":["Strike_R"],"damage_healed":0,"gold_gain":0,"player_choice":"Elegance","damage_taken":0,"max_hp_gain":0,"max_hp_loss":0,"event_name":"Back to Basics","floor":20,"gold_loss":0},{"damage_healed":0,"gold_gain":0,"player_choice":"Bought 3 Potions","damage_taken":0,"max_hp_gain":0,"max_hp_loss":0,"event_name":"The Woman in Blue","floor":31,"gold_loss":0},{"cards_removed":["Apotheosis"],"damage_healed":0,"gold_gain":0,"player_choice":"Took Card","damage_taken":0,"max_hp_gain":0,"max_hp_loss":0,"event_name":"NoteForYourself","floor":38,"gold_loss":0,"cards_obtained":["Defend_G"]}],"is_beta":false,"boss_relics":[{"not_picked":["Tiny House","Black Star"],"picked":"Runic Dome"},{"not_picked":["Runic Cube","Empty Cage"],"picked":"Fusion Hammer"}],"items_purged_floors":[53],"is_endless":false,"potions_floor_spawned":[3,10,11,14,16,27,28,29,30,33,36,42],"killed_by":"The Heart","ascension_level":4}}