{"host":"p7j7o00jacnw7qzt","time":1608054090,"event":{"mods":["BaseMod","Colored Map","Colored Powertips","DeckTracker","Highlight Path","Minty Spire (QoL Compilation)","Relic Stats"],"gold_per_floor":[360,360,373,384,93,148,148,148,148,148,213,252,252,252,252,367,367,433,433,175,175,90,118,118,118,118,193,193,193,254,308,308,408,408,419,419,294,385,310,310,310,363,363,393,393,463,588,588,588,588],"floor_reached":49,"playtime":2092,"items_purged":["Strike_R","Bash","Strike_R"],"score":1160,"play_id":"2b240312-e131-429b-8cb5-4e83f6a200e3","local_time":"20201215124130","is_ascension_mode":true,"campfire_choices":[{"data":"HandOfGreed","floor":8.0,"key":"SMITH"},{"floor":10.0,"key":"REST"},{"data":"Inflame","floor":15.0,"key":"SMITH"},{"data":"Shockwave","floor":24.0,"key":"SMITH"},{"data":"Bloodletting","floor":32.0,"key":"SMITH"},{"floor":41.0,"key":"RECALL"},{"floor":45.0,"key":"REST"}],"circlet_count":0,"master_deck":["AscendersBane","Defend_R","Defend_R","Defend_R","Defend_R","Armaments+1","Inflame+1","Shockwave+1","Fiend Fire+1","Body Slam+1","Battle Trance+1","Bloodletting+1","Barricade","Enlightenment","Dark Embrace","Power Through"],"relics":["Burning Blood","StrikeDummy","Juzu Bracelet","Bloody Idol","Astrolabe","Enchiridion","MealTicket","Toy Ornithopter","Eternal Feather","Torii","Red Mask","Question Card","Ancient Tea Set","SacredBark","Singing Bowl","The Courier","Kunai","Thread and Needle","Unceasing Top"],"acts_visited":["Exordium","TheCity","TheBeyond"],"potions_floor_usage":[],"damage_taken":[{"damage":7.0,"enemies":"2 Louse","floor":1.0,"turns":4.0},{"damage":15.0,"enemies":"Small Slimes","floor":3.0,"turns":3.0},{"damage":7.0,"enemies":"Jaw Worm","floor":4.0,"turns":4.0},{"damage":27.0,"enemies":"Lagavulin","floor":6.0,"turns":5.0},{"damage":1.0,"enemies":"Exordium Wildlife","floor":11.0,"turns":5.0},{"damage":8.0,"enemies":"Blue Slaver","floor":12.0,"turns":6.0},{"damage":11.0,"enemies":"The Guardian","floor":16.0,"turns":12.0},{"damage":14.0,"enemies":"2 Thieves","floor":18.0,"turns":4.0},{"damage":24.0,"enemies":"Slavers","floor":23.0,"turns":3.0},{"damage":6.0,"enemies":"Masked Bandits","floor":27.0,"turns":3.0},{"damage":12.0,"enemies":"3 Byrds","floor":30.0,"turns":4.0},{"damage":10.0,"enemies":"Book of Stabbing","floor":31.0,"turns":5.0},{"damage":69.0,"enemies":"Champ","floor":33.0,"turns":9.0},{"damage":7.0,"enemies":"3 Darklings","floor":35.0,"turns":3.0},{"damage":6.0,"enemies":"3 Shapes","floor":38.0,"turns":9.0},{"damage":1.0,"enemies":"Reptomancer","floor":40.0,"turns":2.0},{"damage":26.0,"enemies":"Giant Head","floor":42.0,"turns":7.0},{"damage":64.0,"enemies":"Nemesis","floor":44.0,"turns":5.0},{"damage":9,"enemies":"Sphere and 2 Shapes","floor":46,"turns":6},{"damage":3,"enemies":"Mind Bloom Boss Battle","floor":47,"turns":6}],"seed_played":"-5613915582730890662","potions_obtained":[{"floor":12.0,"key":"EssenceOfSteel"},{"floor":16.0,"key":"SpeedPotion"},{"floor":30.0,"key":"Explosive Potion"},{"floor":31.0,"key":"AttackPotion"},{"floor":33.0,"key":"Fire Potion"},{"floor":35.0,"key":"SmokeBomb"},{"floor":42.0,"key":"Weak Potion"},{"floor":46,"key":"Dexterity Potion"}],"is_trial":false,"path_per_floor":["M","?","M","M","$","E","?","R","T","R","M","M","T","?","R","B",null,"M","?","$","?","?","E","R","?","T","?","T","?","M","E","R","B",null,"M","?","$","M","?","E","R","E","T","E","R","M","?","?","R"],"character_chosen":"IRONCLAD","items_purchased":["HandOfGreed","MealTicket"],"campfire_rested":2,"item_purchase_floors":[5,20],"current_hp_per_floor":[49,49,40,39,39,18,18,18,18,40,45,43,43,43,43,38,61,53,32,32,32,32,24,33,78,78,78,78,78,78,78,78,30,66,78,68,78,78,78,78,78,70,70,19,52,66,84,84,84,84],"gold":588,"neow_bonus":"TWO_FIFTY_GOLD","is_daily":false,"chose_seed":false,"campfire_upgraded":4,"win_rate":0.0,"timestamp":1608054090,"path_taken":["M","?","M","M","$","E","?","R","T","R","M","M","?","?","R","BOSS","BOSS","M","?","$","?","?","E","R","?","T","?","?","?","M","E","R","BOSS","M","?","$","M","?","E","R","E","T","E","R","M","?","?","R"],"items_purchased_type":["Card","Relic"],"build_version":"2020-12-13","purchased_purges":3,"victory":false,"max_hp_per_floor":[75,75,75,75,75,75,75,75,75,75,75,75,75,68,68,68,68,68,68,68,68,68,68,68,78,78,78,78,78,78,78,78,78,78,78,78,78,78,78,78,78,80,80,82,82,84,84,84,84,84],"relic_stats":{"Torii":62,"Singing Bowl":6,"counters":[20,105],"Astrolabe":["Fiend Fire","Body Slam","Battle Trance"],"Eternal Feather":18,"Juzu Bracelet":4,"Question Card":12,"Burning Blood":92,"Bloody Idol":95,"MealTicket":10,"Kunai":[0],"obtain_stats":[{"Torii":26,"Singing Bowl":39,"Golden Idol":14,"Astrolabe":17,"SacredBark":34,"Enchiridion":19,"Eternal Feather":23,"Thread and Needle":44,"The Courier":42,"Juzu Bracelet":9,"Question Card":28,"Ancient Tea Set":31,"Burning Blood":0,"Bloody Idol":21,"MealTicket":20,"Red Mask":27,"Kunai":43,"StrikeDummy":6,"Toy Ornithopter":22,"Unceasing Top":47},{"Torii":9,"Singing Bowl":15,"Golden Idol":6,"Astrolabe":7,"SacredBark":13,"Enchiridion":8,"Eternal Feather":9,"Thread and Needle":18,"The Courier":17,"Juzu Bracelet":4,"Question Card":10,"Ancient Tea Set":12,"Burning Blood":0,"Bloody Idol":8,"MealTicket":8,"Red Mask":10,"Kunai":17,"StrikeDummy":4,"Toy Ornithopter":8,"Unceasing Top":20},{"Torii":46,"Singing Bowl":79,"Golden Idol":27,"Astrolabe":39,"SacredBark":67,"Enchiridion":43,"Eternal Feather":46,"Thread and Needle":93,"The Courier":88,"Juzu Bracelet":16,"Question Card":49,"Ancient Tea Set":58,"Burning Blood":0,"Bloody Idol":43,"MealTicket":43,"Red Mask":49,"Kunai":88,"StrikeDummy":16,"Toy Ornithopter":43,"Unceasing Top":105}],"Toy Ornithopter":21,"Unceasing Top":[0]},"card_choices":[{"not_picked":["Wild Strike","Dual Wield"],"picked":"Armaments","floor":1.0},{"not_picked":["Headbutt","True Grit","Warcry"],"picked":"SKIP","floor":3.0},{"not_picked":["Wild Strike","Cleave","Sword Boomerang"],"picked":"SKIP","floor":4.0},{"not_picked":["Rupture","Perfected Strike"],"picked":"Inflame","floor":6.0},{"not_picked":["Feed","Pummel"],"picked":"Shockwave","floor":11.0},{"not_picked":["Perfected Strike","Thunderclap","Clothesline"],"picked":"SKIP","floor":12.0},{"not_picked":["Reaper","Exhume"],"picked":"Immolate","floor":16.0},{"not_picked":["Twin Strike","Shrug It Off"],"picked":"Bloodletting","floor":18.0},{"not_picked":["Body Slam","Clothesline+1","Heavy Blade"],"picked":"SKIP","floor":23.0},{"not_picked":["Ghostly Armor","Entrench","Perfected Strike","Warcry"],"picked":"SKIP","floor":30.0},{"not_picked":["Fire Breathing","Rage","Heavy Blade+1","Pummel"],"picked":"SKIP","floor":31.0},{"not_picked":["Juggernaut","Limit Break","Impervious"],"picked":"Barricade","floor":33.0},{"not_picked":["Anger+1","Fire Breathing","Cleave","Flex"],"picked":"SKIP","floor":35.0},{"not_picked":["Purity","Secret Weapon","Dark Shackles"],"picked":"Enlightenment","floor":36.0},{"not_picked":["True Grit","Armaments","Shrug It Off"],"picked":"Dark Embrace","floor":38.0},{"not_picked":["Anger","Pommel Strike","Infernal Blade","Armaments+1"],"picked":"Singing Bowl","floor":42.0},{"not_picked":["Rampage","Anger+1","Sentinel","Headbutt"],"picked":"Singing Bowl","floor":44.0},{"not_picked":["Dual Wield","Body Slam","Searing Blow+1","Shrug It Off"],"picked":"Singing Bowl","floor":46},{"not_picked":["Inflame+1","Twin Strike","Headbutt"],"picked":"Power Through","floor":47}],"player_experience":870476,"relics_obtained":[{"floor":6.0,"key":"StrikeDummy"},{"floor":9.0,"key":"Juzu Bracelet"},{"floor":19.0,"key":"Enchiridion"},{"floor":23.0,"key":"Eternal Feather"},{"floor":26.0,"key":"Torii"},{"floor":27.0,"key":"Red Mask"},{"floor":28.0,"key":"Question Card"},{"floor":31.0,"key":"Ancient Tea Set"},{"floor":42.0,"key":"The Courier"},{"floor":43.0,"key":"Kunai"},{"floor":44.0,"key":"Thread and Needle"},{"floor":47,"key":"Unceasing Top"}],"event_choices":[{"damage_healed":0.0,"max_hp_gain":0.0,"max_hp_loss":0.0,"gold_gain":0.0,"event_name":"Living Wall","player_choice":"Grow","floor":2.0,"gold_loss":0.0,"damage_taken":0.0,"cards_upgraded":["Armaments"]},{"damage_healed":0.0,"max_hp_gain":0.0,"max_hp_loss":0.0,"gold_gain":0.0,"event_name":"Liars Game","player_choice":"Ignored","floor":7.0,"gold_loss":0.0,"damage_taken":0.0},{"damage_healed":0.0,"max_hp_gain":0.0,"max_hp_loss":7.0,"gold_gain":0.0,"event_name":"Golden Idol","player_choice":"Lose Max HP","floor":14.0,"gold_loss":0.0,"damage_taken":0.0,"relics_obtained":["Golden Idol"]},{"damage_healed":0.0,"max_hp_gain":0.0,"max_hp_loss":0.0,"gold_gain":0.0,"event_name":"Cursed Tome","player_choice":"Obtained Book","floor":19.0,"gold_loss":0.0,"damage_taken":21.0},{"damage_healed":0.0,"max_hp_gain":0.0,"max_hp_loss":0.0,"gold_gain":0.0,"event_name":"Forgotten Altar","player_choice":"Gave Idol","floor":21.0,"relics_lost":["Golden Idol"],"gold_loss":0.0,"damage_taken":0.0,"relics_obtained":["Bloody Idol"]},{"damage_healed":0.0,"max_hp_gain":0.0,"max_hp_loss":0.0,"gold_gain":0.0,"event_name":"Addict","player_choice":"Obtained Relic","floor":22.0,"gold_loss":85.0,"damage_taken":0.0,"relics_obtained":["Toy Ornithopter"]},{"cards_removed":["Immolate"],"damage_healed":35.0,"max_hp_gain":10.0,"max_hp_loss":0.0,"gold_gain":0.0,"event_name":"Bonfire Elementals","player_choice":"Offered Rare","floor":25.0,"gold_loss":0.0,"damage_taken":0.0},{"damage_healed":0.0,"max_hp_gain":0.0,"max_hp_loss":0.0,"gold_gain":0.0,"event_name":"Masked Bandits","player_choice":"Fought Bandits","floor":27.0,"gold_loss":0.0,"damage_taken":0.0},{"damage_healed":0.0,"max_hp_gain":0.0,"max_hp_loss":0.0,"gold_gain":0.0,"event_name":"The Mausoleum","player_choice":"Ignored","floor":29.0,"gold_loss":0.0,"damage_taken":0.0},{"damage_healed":0.0,"max_hp_gain":0.0,"max_hp_loss":0.0,"gold_gain":0.0,"event_name":"SensoryStone","player_choice":"Memory 3","floor":36.0,"gold_loss":0.0,"damage_taken":10.0},{"damage_healed":0.0,"max_hp_gain":0.0,"max_hp_loss":0.0,"gold_gain":0.0,"event_name":"WeMeetAgain","player_choice":"Paid Gold","floor":39.0,"gold_loss":75.0,"damage_taken":0.0,"relics_obtained":["Singing Bowl"]},{"damage_healed":0,"gold_gain":0,"player_choice":"Fight","damage_taken":0,"max_hp_gain":0,"max_hp_loss":0,"event_name":"MindBloom","floor":47,"gold_loss":0},{"cards_removed":["HandOfGreed"],"damage_healed":0,"gold_gain":0,"player_choice":"Purged","damage_taken":0,"max_hp_gain":0,"max_hp_loss":0,"event_name":"Purifier","floor":48,"gold_loss":0}],"is_beta":false,"boss_relics":[{"not_picked":["Snecko Eye","Cursed Key"],"picked":"Astrolabe"},{"not_picked":["Mark of Pain","Velvet Choker"],"picked":"SacredBark"}],"items_purged_floors":[5,20,37],"is_endless":false,"potions_floor_spawned":[12,16,30,31,33,35,42,46],"ascension_level":20}}