{"host":"t8l92xzjkmihtain","time":1608006342,"event":{"mods":["AchievementEnabler","BaseMod","Colored Map","Minty Spire (QoL Compilation)","Rare Cards Sparkle","SuperFastMode","everything is the same but u backflip on backflip"],"gold_per_floor":[114,114,39,39,63,102,102,102,183,218,236,275,290,304,304,425,425,425,425,425,184,184,184,184,22,22,22,22,22,22,22,22,22,22,22,22,22,0,0,0,0,0,0,0,0,0,0,0,0,0],"floor_reached":51,"playtime":2144,"items_purged":["Bash"],"score":896,"play_id":"48eec911-00d5-4246-8340-424d5475a845","local_time":"20201215132542","is_ascension_mode":true,"campfire_choices":[{"data":"Flex","floor":7,"key":"SMITH"},{"data":"Limit Break","floor":15,"key":"SMITH"},{"data":"Offering","floor":23,"key":"SMITH"},{"data":"Reaper","floor":28,"key":"SMITH"},{"data":"Pummel","floor":32,"key":"SMITH"},{"data":"Demon Form","floor":40,"key":"SMITH"},{"data":"Pommel Strike","floor":42,"key":"SMITH"},{"data":"Reaper","floor":49,"key":"SMITH"}],"circlet_count":0,"master_deck":["Strike_R","Strike_R","Strike_R","Strike_R","Strike_R","Defend_R","Defend_R","Defend_R","Defend_R","Flex+1","Limit Break+1","Pummel+1","Offering+1","Necronomicurse","Reaper+1","Shame","Demon Form+1","Pommel Strike+1","Flex+1","Reaper+1","Flex+1"],"relics":["Burning Blood","NeowsBlessing","Golden Idol","Bronze Scales","SsserpentHead","HornCleat","Self Forming Clay","Torii","Ectoplasm","Necronomicon","Toxic Egg 2","MutagenicStrength","Anchor","Matryoshka","Potion Belt","Prayer Wheel","SacredBark","Red Mask","Bag of Preparation","Darkstone Periapt","Blood Vial","Red Skull","Thread and Needle"],"acts_visited":["Exordium","TheCity","TheBeyond"],"potions_floor_usage":[10,16,18,30,31,45,45,45,50],"damage_taken":[{"damage":0,"enemies":"Cultist","floor":1,"turns":1},{"damage":0,"enemies":"Jaw Worm","floor":5,"turns":1},{"damage":0,"enemies":"Lagavulin","floor":6,"turns":1},{"damage":6,"enemies":"Gremlin Nob","floor":10,"turns":4},{"damage":0,"enemies":"Small Slimes","floor":11,"turns":3},{"damage":18,"enemies":"3 Sentries","floor":12,"turns":6},{"damage":0,"enemies":"Red Slaver","floor":13,"turns":1},{"damage":6,"enemies":"3 Louse","floor":14,"turns":2},{"damage":68,"enemies":"Slime Boss","floor":16,"turns":14},{"damage":14,"enemies":"Chosen","floor":18,"turns":5},{"damage":7,"enemies":"Shell Parasite","floor":19,"turns":4},{"damage":6,"enemies":"Gremlin Leader","floor":27,"turns":3},{"damage":25,"enemies":"Centurion and Healer","floor":30,"turns":8},{"damage":6,"enemies":"Slavers","floor":31,"turns":2},{"damage":22,"enemies":"Collector","floor":33,"turns":5},{"damage":11,"enemies":"3 Shapes","floor":35,"turns":4},{"damage":0,"enemies":"Orb Walker","floor":37,"turns":2},{"damage":23,"enemies":"Reptomancer","floor":41,"turns":3},{"damage":54,"enemies":"Giant Head","floor":45,"turns":7},{"damage":18,"enemies":"Mind Bloom Boss Battle","floor":47,"turns":3},{"damage":6,"enemies":"3 Darklings","floor":48,"turns":4},{"damage":98,"enemies":"Awakened One","floor":50,"turns":9}],"seed_played":"-3751366306976996836","potions_obtained":[{"floor":6,"key":"DuplicationPotion"},{"floor":12,"key":"LiquidBronze"},{"floor":13,"key":"Energy Potion"},{"floor":14,"key":"Weak Potion"},{"floor":19,"key":"SpeedPotion"},{"floor":27,"key":"Fruit Juice"},{"floor":33,"key":"ColorlessPotion"},{"floor":37,"key":"SkillPotion"},{"floor":47,"key":"FearPotion"}],"is_trial":false,"path_per_floor":["M","?","$","?","M","E","R","?","T","E","M","E","M","M","R","B",null,"M","M","?","$","?","R","?","$","T","E","R","?","M","E","R","B",null,"M","?","M","?","?","R","E","R","T","?","E","$","?","M","R","B",null],"character_chosen":"IRONCLAD","items_purchased":["Toxic Egg 2","Reaper"],"campfire_rested":0,"item_purchase_floors":[21,25],"current_hp_per_floor":[80,60,60,65,71,77,77,77,77,77,83,71,77,77,77,15,85,77,76,60,60,60,60,60,60,60,85,85,85,71,90,90,80,90,90,90,90,90,90,90,73,73,73,73,53,53,90,90,90,19],"gold":0,"neow_bonus":"THREE_ENEMY_KILL","is_daily":false,"chose_seed":false,"campfire_upgraded":8,"win_rate":0.0,"timestamp":1608006342,"path_taken":["M","?","$","?","M","E","R","?","T","E","M","E","M","M","R","BOSS","M","M","?","$","?","R","?","?","T","E","R","?","M","E","R","BOSS","M","?","?","?","?","R","E","R","T","?","E","?","?","M","R","BOSS"],"items_purchased_type":["Relic","Card"],"build_version":"2020-12-13","purchased_purges":1,"victory":true,"max_hp_per_floor":[80,80,80,85,85,85,85,85,85,85,85,85,85,85,85,85,85,85,85,85,85,85,85,85,85,85,85,85,85,90,90,90,90,90,90,90,90,90,90,90,90,90,90,90,90,90,90,90,90,90],"card_choices":[{"not_picked":["Clash","Whirlwind","Flex"],"picked":"SKIP","floor":1},{"not_picked":["Heavy Blade","Pummel","Thunderclap"],"picked":"SKIP","floor":5},{"not_picked":["Blood for Blood","Havoc"],"picked":"Flex","floor":6},{"not_picked":["Power Through","Wild Strike"],"picked":"Limit Break","floor":10},{"not_picked":["Cleave","Uppercut","Thunderclap"],"picked":"SKIP","floor":11},{"not_picked":["Havoc","Exhume"],"picked":"Pummel","floor":12},{"not_picked":["Headbutt","Perfected Strike","Havoc"],"picked":"SKIP","floor":13},{"not_picked":["Rupture","Shockwave","Body Slam"],"picked":"SKIP","floor":14},{"not_picked":["Barricade","Juggernaut"],"picked":"Offering","floor":16},{"not_picked":["Clothesline","Hemokinesis+1","Anger"],"picked":"SKIP","floor":18},{"not_picked":["Clothesline+1","Cleave","Dual Wield+1"],"picked":"SKIP","floor":19},{"not_picked":["Shrug It Off+1","Fire Breathing","Iron Wave"],"picked":"SKIP","floor":27},{"not_picked":["Headbutt+1","Metallicize+1","Disarm+1"],"picked":"SKIP","floor":30},{"not_picked":["Headbutt+1","Cleave","Impervious+1"],"picked":"SKIP","floor":31},{"not_picked":["Impervious+1","Offering+1"],"picked":"Demon Form","floor":33},{"not_picked":["Rupture+1","Burning Pact+1"],"picked":"Pommel Strike","floor":35},{"not_picked":["Iron Wave+1","Dropkick+1","Rupture+1"],"picked":"SKIP","floor":35},{"not_picked":["Body Slam+1","Carnage","Iron Wave"],"picked":"SKIP","floor":37},{"not_picked":["Pommel Strike+1","Sword Boomerang","Power Through+1"],"picked":"SKIP","floor":37},{"not_picked":["Immolate","Cleave"],"picked":"Reaper","floor":41},{"not_picked":["True Grit+1","Rampage+1","Twin Strike"],"picked":"SKIP","floor":45},{"not_picked":["Cleave+1","Spot Weakness+1"],"picked":"Flex+1","floor":47},{"not_picked":["Fire Breathing","Rupture+1","Perfected Strike"],"picked":"SKIP","floor":48},{"not_picked":["Havoc+1","Clothesline","Flex+1"],"picked":"SKIP","floor":48}],"player_experience":20782,"relics_obtained":[{"floor":6,"key":"Bronze Scales"},{"floor":9,"key":"HornCleat"},{"floor":10,"key":"Self Forming Clay"},{"floor":12,"key":"Torii"},{"floor":20,"key":"Necronomicon"},{"floor":26,"key":"Anchor"},{"floor":27,"key":"Matryoshka"},{"floor":31,"key":"Prayer Wheel"},{"floor":41,"key":"Bag of Preparation"},{"floor":43,"key":"Darkstone Periapt"},{"floor":43,"key":"Blood Vial"},{"floor":45,"key":"Red Skull"},{"floor":47,"key":"Thread and Needle"}],"event_choices":[{"damage_healed":0,"gold_gain":0,"player_choice":"Take Damage","damage_taken":20,"relics_obtained":["Golden Idol"],"max_hp_gain":0,"max_hp_loss":0,"event_name":"Golden Idol","floor":2,"gold_loss":0},{"damage_healed":0,"gold_gain":0,"player_choice":"Donut","damage_taken":0,"max_hp_gain":5,"max_hp_loss":0,"event_name":"Big Fish","floor":4,"gold_loss":0},{"damage_healed":0,"gold_gain":0,"player_choice":"Trade","damage_taken":0,"relics_obtained":["SsserpentHead"],"max_hp_gain":0,"max_hp_loss":0,"event_name":"FaceTrader","floor":8,"gold_loss":0},{"damage_healed":0,"gold_gain":0,"player_choice":"Obtained Book","damage_taken":16,"max_hp_gain":0,"max_hp_loss":0,"event_name":"Cursed Tome","floor":20,"gold_loss":0},{"damage_healed":0,"gold_gain":0,"player_choice":"Inject Mutagens","damage_taken":0,"relics_obtained":["MutagenicStrength"],"max_hp_gain":0,"max_hp_loss":0,"event_name":"Drug Dealer","floor":22,"gold_loss":0},{"damage_healed":0,"gold_gain":99,"player_choice":"Stole From Cult","damage_taken":0,"max_hp_gain":0,"max_hp_loss":0,"event_name":"Nest","floor":24,"gold_loss":0},{"damage_healed":0,"gold_gain":0,"player_choice":"Stole Relic","damage_taken":0,"relics_obtained":["Potion Belt"],"max_hp_gain":0,"max_hp_loss":0,"event_name":"Addict","floor":29,"gold_loss":0,"cards_obtained":["Shame"]},{"damage_healed":0,"gold_gain":0,"player_choice":"Copied","damage_taken":0,"max_hp_gain":0,"max_hp_loss":0,"event_name":"Duplicator","floor":36,"gold_loss":0,"cards_obtained":["Flex"]},{"damage_healed":0,"gold_gain":0,"player_choice":"Paid","damage_taken":0,"relics_obtained":["Red Mask"],"max_hp_gain":0,"max_hp_loss":0,"event_name":"Tomb of Lord Red Mask","floor":38,"gold_loss":22},{"damage_healed":0,"gold_gain":0,"player_choice":"Ignored","damage_taken":0,"max_hp_gain":0,"max_hp_loss":0,"event_name":"The Moai Head","floor":39,"gold_loss":0},{"damage_healed":0,"gold_gain":0,"player_choice":"Ignored","damage_taken":0,"max_hp_gain":0,"max_hp_loss":0,"event_name":"Mysterious Sphere","floor":44,"gold_loss":0},{"damage_healed":0,"gold_gain":0,"player_choice":"Fight","damage_taken":0,"max_hp_gain":0,"max_hp_loss":0,"event_name":"MindBloom","floor":47,"gold_loss":0}],"is_beta":false,"boss_relics":[{"not_picked":["Mark of Pain","Busted Crown"],"picked":"Ectoplasm"},{"not_picked":["Astrolabe","Cursed Key"],"picked":"SacredBark"}],"items_purged_floors":[3],"is_endless":false,"potions_floor_spawned":[6,12,13,14,19,27,33,37,47],"ascension_level":1}}