{"host":"9z9bilz90zy1bfdt","time":1608018903,"event":{"mods":["BaseMod","Minty Spire (QoL Compilation)","StSLib","SuperFastMode"],"gold_per_floor":[12,60,78,78,93,93,118,118,118,118,131,146,156,81,81,177,177,190,190,204,0,0,0,25,25,48,48,66,66,91,101,101,201,201,218,118,131,83,99,126,126,126,126,150,182,67,67,67],"floor_reached":47,"playtime":1203,"items_purged":["Strike_R","Strike_R","Strike_R","Strike_R"],"score":849,"play_id":"e6ec004c-60c3-463b-b75b-eb70963a099f","local_time":"20201215165503","is_ascension_mode":true,"campfire_choices":[{"data":"Seeing Red","floor":6.0,"key":"SMITH"},{"floor":8.0,"key":"REST"},{"data":"Demon Form","floor":15.0,"key":"SMITH"},{"data":"Offering","floor":23.0,"key":"SMITH"},{"data":"Evolve","floor":25.0,"key":"SMITH"},{"floor":29.0,"key":"RECALL"},{"data":"Rage","floor":32.0,"key":"SMITH"},{"floor":41,"key":"REST"}],"circlet_count":0,"master_deck":["AscendersBane","Strike_R+1","Defend_R","Defend_R","Bash","Demon Form+1","Flame Barrier","Seeing Red+1","Rage+1","Wild Strike","Sword Boomerang","Offering+1","Disarm+1","Whirlwind+1","Evolve+1","Double Tap","Pommel Strike+1","Panacea"],"relics":["Burning Blood","Bag of Marbles","Lantern","TungstenRod","Busted Crown","PreservedInsect","Whetstone","CeramicFish","Centennial Puzzle","The Courier","Velvet Choker","Eternal Feather","Smiling Mask","Magic Flower"],"acts_visited":["Exordium","TheCity","TheBeyond"],"potions_floor_usage":[39,45,47,47],"damage_taken":[{"damage":1.0,"enemies":"Cultist","floor":1.0,"turns":4.0},{"damage":1.0,"enemies":"Jaw Worm","floor":3.0,"turns":5.0},{"damage":10.0,"enemies":"2 Louse","floor":5.0,"turns":4.0},{"damage":55.0,"enemies":"3 Sentries","floor":7.0,"turns":9.0},{"damage":6.0,"enemies":"Looter","floor":11.0,"turns":4.0},{"damage":7.0,"enemies":"Blue Slaver","floor":12.0,"turns":4.0},{"damage":7.0,"enemies":"Exordium Wildlife","floor":13.0,"turns":6.0},{"damage":23.0,"enemies":"The Guardian","floor":16.0,"turns":9.0},{"damage":6.0,"enemies":"Chosen","floor":18.0,"turns":2.0},{"damage":13.0,"enemies":"2 Thieves","floor":20.0,"turns":3.0},{"damage":6.0,"enemies":"Slavers","floor":24.0,"turns":4.0},{"damage":9.0,"enemies":"Chosen and Byrds","floor":28.0,"turns":2.0},{"damage":5.0,"enemies":"Gremlin Leader","floor":30.0,"turns":4.0},{"damage":0.0,"enemies":"3 Cultists","floor":31.0,"turns":1.0},{"damage":16.0,"enemies":"Champ","floor":33.0,"turns":9.0},{"damage":17,"enemies":"Orb Walker","floor":35,"turns":3},{"damage":30,"enemies":"3 Shapes","floor":37,"turns":4},{"damage":19,"enemies":"Spire Growth","floor":39,"turns":3},{"damage":8,"enemies":"Nemesis","floor":40,"turns":3},{"damage":18,"enemies":"3 Darklings","floor":44,"turns":2},{"damage":36,"enemies":"Reptomancer","floor":45,"turns":4},{"damage":34,"enemies":"Nemesis","floor":47,"turns":2}],"seed_played":"8405272630553145168","potions_obtained":[{"floor":1.0,"key":"DistilledChaos"},{"floor":5.0,"key":"ColorlessPotion"},{"floor":7.0,"key":"GamblersBrew"},{"floor":12.0,"key":"GamblersBrew"},{"floor":16.0,"key":"AttackPotion"},{"floor":28.0,"key":"AttackPotion"},{"floor":31.0,"key":"DistilledChaos"},{"floor":40,"key":"LiquidMemories"},{"floor":44,"key":"Dexterity Potion"},{"floor":45,"key":"Block Potion"}],"is_trial":false,"path_per_floor":["M","T","M","?","M","R","E","R","T","T","M","M","M","$","R","B",null,"M","?","M","$","T","R","E","R","T","?","M","R","E","M","R","B",null,"M","$","M","$","M","E","R","?","T","M","E","$","E"],"character_chosen":"IRONCLAD","items_purchased":["Whirlwind","Evolve","Double Tap","Panacea"],"campfire_rested":2,"item_purchase_floors":[21,21,38,46],"current_hp_per_floor":[77,77,80,73,69,69,20,44,44,44,44,43,42,42,42,25,66,66,66,59,59,59,59,59,59,59,59,56,56,57,63,63,53,73,62,62,38,38,25,23,56,56,56,44,14,14,0,0],"gold":67,"neow_bonus":"THREE_RARE_CARDS","is_daily":false,"chose_seed":false,"campfire_upgraded":5,"win_rate":0.0,"timestamp":1608018903,"path_taken":["M","?","?","?","M","R","E","R","T","?","M","M","M","$","R","BOSS","M","?","M","$","?","R","E","R","T","?","M","R","E","M","R","BOSS","M","$","?","$","M","E","R","?","T","M","E","$","E"],"items_purchased_type":["Card","Card","Card","Card"],"build_version":"2020-12-13","purchased_purges":4,"victory":false,"max_hp_per_floor":[80,80,80,80,80,80,80,80,80,80,80,80,80,80,80,80,80,80,80,80,80,80,80,80,80,80,80,80,80,80,80,80,80,80,80,80,80,80,80,80,80,80,80,80,80,80,80,80],"card_choices":[{"not_picked":["Reaper","Brutality"],"picked":"Demon Form","floor":0.0},{"not_picked":["Rupture","Body Slam"],"picked":"Flame Barrier","floor":1.0},{"not_picked":["Havoc","Body Slam","Brutality"],"picked":"SKIP","floor":3.0},{"not_picked":["Twin Strike","Clothesline"],"picked":"Seeing Red","floor":5.0},{"not_picked":["Rampage","Flex"],"picked":"Rage","floor":7.0},{"not_picked":["Spot Weakness","Clash"],"picked":"Wild Strike","floor":11.0},{"not_picked":["Heavy Blade","Dark Embrace"],"picked":"Sword Boomerang","floor":12.0},{"not_picked":["Perfected Strike","Thunderclap","Headbutt"],"picked":"SKIP","floor":13.0},{"not_picked":["Feed","Bludgeon"],"picked":"Offering","floor":16.0},{"not_picked":["Bloodletting+1"],"picked":"SKIP","floor":18.0},{"not_picked":[],"picked":"Disarm","floor":20.0},{"not_picked":["Reckless Charge+1"],"picked":"SKIP","floor":24.0},{"not_picked":["Whirlwind"],"picked":"SKIP","floor":28.0},{"not_picked":["Spot Weakness"],"picked":"SKIP","floor":30.0},{"not_picked":["Sever Soul"],"picked":"SKIP","floor":31.0},{"not_picked":["True Grit"],"picked":"SKIP","floor":35},{"not_picked":["Heavy Blade"],"picked":"SKIP","floor":37},{"not_picked":["Inflame"],"picked":"SKIP","floor":39},{"not_picked":["Warcry+1"],"picked":"SKIP","floor":40},{"not_picked":[],"picked":"Pommel Strike+1","floor":44},{"not_picked":["Bloodletting+1"],"picked":"SKIP","floor":45}],"player_experience":333049,"relics_obtained":[{"floor":7.0,"key":"Bag of Marbles"},{"floor":9.0,"key":"Lantern"},{"floor":10.0,"key":"TungstenRod"},{"floor":22.0,"key":"Whetstone"},{"floor":24.0,"key":"CeramicFish"},{"floor":26.0,"key":"Centennial Puzzle"},{"floor":30.0,"key":"The Courier"},{"floor":40,"key":"Eternal Feather"},{"floor":43,"key":"Smiling Mask"},{"floor":45,"key":"Magic Flower"}],"event_choices":[{"cards_removed":["Defend_R"],"damage_healed":0.0,"max_hp_gain":0.0,"max_hp_loss":0.0,"gold_gain":0.0,"event_name":"Golden Wing","player_choice":"Card Removal","floor":4.0,"gold_loss":0.0,"damage_taken":7.0},{"damage_healed":0.0,"max_hp_gain":0.0,"max_hp_loss":0.0,"gold_gain":0.0,"event_name":"WeMeetAgain","player_choice":"Gave Potion","floor":19.0,"gold_loss":0.0,"damage_taken":0.0,"relics_obtained":["PreservedInsect"]},{"damage_healed":0.0,"max_hp_gain":0.0,"max_hp_loss":0.0,"gold_gain":0.0,"event_name":"Upgrade Shrine","player_choice":"Upgraded","floor":27.0,"gold_loss":0.0,"damage_taken":0.0,"cards_upgraded":["Disarm"]},{"cards_removed":["Defend_R"],"damage_healed":0,"gold_gain":0,"player_choice":"Removed Skill","damage_taken":0,"max_hp_gain":0,"max_hp_loss":0,"event_name":"Falling","floor":42,"gold_loss":0}],"is_beta":false,"boss_relics":[{"not_picked":["Runic Dome","Calling Bell"],"picked":"Busted Crown"},{"not_picked":["Pandora\u0027s Box","Cursed Key"],"picked":"Velvet Choker"}],"items_purged_floors":[14,21,36,46],"is_endless":false,"potions_floor_spawned":[1,5,7,12,16,28,31,40,44,45],"killed_by":"Nemesis","ascension_level":11}}