{"host":"gzk4gkgy3zij1c51","time":1608044013,"event":{"mods":["BaseMod","Colored Map","Downfall","Highlight Path","Minty Spire (QoL Compilation)","Relic Stats","StSLib","everything is the same but u backflip on backflip"],"gold_per_floor":[99,99,111,127,145,176,223,44,44,73,90,102,17,34,54,54,54],"floor_reached":16,"playtime":1528,"items_purged":[],"score":145,"play_id":"96294c24-8e4b-4404-9bec-3f50edf84a16","local_time":"20201215145333","is_ascension_mode":true,"campfire_choices":[{"floor":1,"key":"RECALL"},{"data":"Apotheosis","floor":9,"key":"SMITH"}],"circlet_count":0,"master_deck":["champ:Strike","champ:Strike","champ:Strike","champ:Strike","champ:Defend","champ:Defend","champ:Defend","champ:Defend","champ:Execute","champ:Taunt+1","champ:GutPunch","champ:ArenaPreparation","champ:FlashCut","champ:FocusedGladiator","champ:AdrenalArmor","Apotheosis+1","champ:EndlessRage","champ:FanOfKnives","champ:StanceDance","champ:Lariat","champ:BerserkerStyle","champ:MurderStrike","champ:PreciseThrust"],"relics":["champ:ChampionCrown","MealTicket","Boot"],"acts_visited":["Exordium"],"potions_floor_usage":[6,6,12,16,16],"damage_taken":[{"damage":5,"enemies":"Jaw Worm","floor":3,"turns":3},{"damage":6,"enemies":"Cultist","floor":4,"turns":4},{"damage":19,"enemies":"Small Slimes","floor":5,"turns":2},{"damage":29,"enemies":"3 Sentries","floor":6,"turns":5},{"damage":10,"enemies":"downfall:FleeingMerchant","floor":8,"turns":4},{"damage":59,"enemies":"Gremlin Nob","floor":10,"turns":4},{"damage":28,"enemies":"Exordium Wildlife","floor":11,"turns":7},{"damage":21,"enemies":"Blue Slaver","floor":12,"turns":4},{"damage":16,"enemies":"downfall:FleeingMerchant","floor":13,"turns":4},{"damage":48,"enemies":"Exordium Thugs","floor":14,"turns":4},{"damage":15,"enemies":"Red Slaver","floor":15,"turns":4},{"damage":65,"enemies":"downfall:Silent","floor":16,"turns":6}],"seed_played":"8099064505488575579","potions_obtained":[{"floor":3,"key":"BlessingOfTheForge"},{"floor":5,"key":"ColorlessPotion"},{"floor":10,"key":"Block Potion"},{"floor":14,"key":"Ancient Potion"},{"floor":15,"key":"AttackPotion"}],"is_trial":false,"path_per_floor":["R","?","M","M","M","E","T","$","R","E","M","M","$","M","M","B"],"character_chosen":"THE_CHAMP","items_purchased":["Apotheosis","champ:BerserkerStyle"],"campfire_rested":0,"item_purchase_floors":[8,13],"current_hp_per_floor":[81,81,81,81,81,71,71,81,81,71,68,71,86,65,64,0,0],"gold":54,"neow_bonus":"TWENTY_PERCENT_HP_BONUS","is_daily":false,"chose_seed":false,"campfire_upgraded":1,"win_rate":0.0,"timestamp":1608044013,"path_taken":["R","?","M","M","M","E","T","$","R","E","?","M","$","M","M","BOSS"],"items_purchased_type":["Card","Card"],"build_version":"2020-12-13","purchased_purges":0,"victory":false,"max_hp_per_floor":[108,108,108,108,108,108,108,108,108,108,108,108,108,108,108,108,108],"relic_stats":{"counters":[12,51],"MealTicket":30,"Boot":[5],"obtain_stats":[{"champ:ChampionCrown":0,"MealTicket":6,"Boot":10},{"champ:ChampionCrown":0,"MealTicket":4,"Boot":6},{"champ:ChampionCrown":0,"MealTicket":14,"Boot":22}]},"card_choices":[{"not_picked":["champ:IronFortress","champ:DefensiveStyle"],"picked":"champ:GutPunch","floor":3},{"not_picked":["champ:DeathBlow","champ:Backstep"],"picked":"champ:ArenaPreparation","floor":4},{"not_picked":["champ:BringItOn","champ:Haymaker"],"picked":"champ:FlashCut","floor":5},{"not_picked":["champ:HeartStrike","champ:PerfectedStrike"],"picked":"champ:FocusedGladiator","floor":6},{"not_picked":["champ:GladiatorsShout","champ:EnragedBash"],"picked":"champ:AdrenalArmor","floor":8},{"not_picked":["champ:StanceDance","champ:BringItOn"],"picked":"champ:EndlessRage","floor":10},{"not_picked":["champ:EnGarde","champ:GladiatorsShout"],"picked":"champ:FanOfKnives","floor":11},{"not_picked":["champ:FocusedGladiator","champ:CrookedStrike"],"picked":"champ:StanceDance","floor":12},{"not_picked":["champ:RecklessLeap","champ:FlashCut"],"picked":"champ:Lariat","floor":13},{"not_picked":["champ:BringItOn","champ:StanceDance"],"picked":"champ:MurderStrike","floor":14},{"not_picked":["champ:BerserkersShout","champ:Haymaker"],"picked":"champ:PreciseThrust","floor":15}],"player_experience":921632,"relics_obtained":[{"floor":6,"key":"MealTicket"},{"floor":10,"key":"Boot"}],"event_choices":[{"damage_healed":0,"gold_gain":0,"player_choice":"Upgraded","damage_taken":0,"max_hp_gain":0,"max_hp_loss":0,"event_name":"Upgrade Shrine","floor":2,"gold_loss":0,"cards_upgraded":["champ:Taunt"]}],"is_beta":false,"boss_relics":[],"items_purged_floors":[],"is_endless":false,"potions_floor_spawned":[3,5,10,14,15],"killed_by":"downfall:Silent","ascension_level":1}}