{"host":"svab9sudlrudptws","time":1608068174,"event":{"mods":["BaseMod","Colored Powertips","Minty Spire (QoL Compilation)","Robot Space Explorer","Shade Mod","StSLib","The Blackbeard","The Mystic","The Necromancer","The Poker Player","The Servant 0.9.4"],"gold_per_floor":[112,132,143,143,143,143,168,194,248,277,292,321,212,231,231,328,328,344,324,423,423,55,86,97,132,170,195,218,250,262,289,301,415,427,452,739,458,476,491,524,524,542,542,393,405,434,444,477,477,477,477],"floor_reached":50,"playtime":6462,"items_purged":["Strike_S","Regret"],"score":955,"play_id":"b7eda620-2ad4-4948-b38f-9dd0693cf5ac","local_time":"20201215233614","is_ascension_mode":true,"campfire_choices":[{"floor":6,"key":"REST"},{"data":"Contraction","floor":15,"key":"SMITH"},{"floor":30,"key":"REST"},{"floor":32,"key":"REST"},{"floor":49,"key":"RECALL"}],"circlet_count":0,"master_deck":["Strike_S+1","Defend_S","Defend_S+1","Defend_S","Defend_S","KidneyShot","Exchange","DoubleEdge+1","Sabotage","ShatteredReality","ShatteredReality+1","LightFlow","Contraction+1","Contraction","Sabotage","Luminosity","BestPractice","Contraction","MurderousAura","Defy","Potential","SilverBlades","SoulSculpture","BestPractice","Solidify","StarChef","Moonlight","Defy","Solidify","Sabotage+1","Luminosity","WasteNot","FlawlessForm","Moonlight+1","Parasite"],"relics":["Uniform","Whetstone","Odd Mushroom","Mummified Hand","Bottled Lightning","Fusion Hammer","Nloth\u0027s Gift","Bag of Marbles","Akabeko","MealTicket","MawBank","SacredBark","Ancient Tea Set","Bronze Scales","Eternal Feather","Strawberry","Blood Vial","Ginger"],"acts_visited":["Exordium","TheCity","TheBeyond"],"potions_floor_usage":[10,11,12,23,28,29,47,50,50],"damage_taken":[{"damage":4,"enemies":"Jaw Worm","floor":1,"turns":4},{"damage":1,"enemies":"Small Slimes","floor":2,"turns":4},{"damage":6,"enemies":"2 Louse","floor":3,"turns":2},{"damage":27,"enemies":"3 Sentries","floor":7,"turns":7},{"damage":0,"enemies":"The Mushroom Lair","floor":8,"turns":2},{"damage":5,"enemies":"Lagavulin","floor":10,"turns":5},{"damage":0,"enemies":"Exordium Wildlife","floor":11,"turns":6},{"damage":0,"enemies":"3 Sentries","floor":12,"turns":8},{"damage":2,"enemies":"Lots of Slimes","floor":14,"turns":5},{"damage":0,"enemies":"The Guardian","floor":16,"turns":9},{"damage":0,"enemies":"3 Byrds","floor":18,"turns":5},{"damage":11,"enemies":"2 Thieves","floor":19,"turns":4},{"damage":14,"enemies":"Slavers","floor":23,"turns":6},{"damage":0,"enemies":"Snake Plant","floor":24,"turns":3},{"damage":7,"enemies":"Book of Stabbing","floor":25,"turns":4},{"damage":0,"enemies":"Snecko","floor":27,"turns":3},{"damage":15,"enemies":"Chosen and Byrds","floor":28,"turns":7},{"damage":0,"enemies":"Shelled Parasite and Fungi","floor":29,"turns":7},{"damage":0,"enemies":"Cultist and Chosen","floor":31,"turns":5},{"damage":36,"enemies":"Automaton","floor":33,"turns":9},{"damage":10,"enemies":"3 Darklings","floor":35,"turns":7},{"damage":0,"enemies":"Orb Walker","floor":38,"turns":4},{"damage":1,"enemies":"4 Shapes","floor":39,"turns":7},{"damage":6,"enemies":"Giant Head","floor":40,"turns":10},{"damage":11,"enemies":"3 Darklings","floor":42,"turns":7},{"damage":1,"enemies":"Sphere and 2 Shapes","floor":45,"turns":7},{"damage":51,"enemies":"Nemesis","floor":46,"turns":7},{"damage":10,"enemies":"Writhing Mass","floor":47,"turns":5},{"damage":0,"enemies":"Giant Head","floor":48,"turns":8},{"damage":35,"enemies":"Awakened One","floor":50,"turns":4}],"seed_played":"-354155965028361718","potions_obtained":[{"floor":1,"key":"Strength Potion"},{"floor":3,"key":"SpeedPotion"},{"floor":10,"key":"AttackPotion"},{"floor":14,"key":"DuplicationPotion"},{"floor":19,"key":"SkillPotion"},{"floor":23,"key":"GamblersBrew"},{"floor":25,"key":"Dexterity Potion"},{"floor":28,"key":"Dexterity Potion"},{"floor":33,"key":"Strength Potion"},{"floor":40,"key":"LiquidBronze"}],"is_trial":false,"path_per_floor":["M","M","M","?","?","R","E","?","T","E","M","E","$","M","R","B",null,"M","M","?","?","$","E","M","E","T","M","M","M","R","M","R","B",null,"M","?","$","M","M","E","?","M","T","$","M","E","M","E","R","B"],"character_chosen":"THE_SERVANT","items_purchased":["BestPractice","SilverBlades","Bag of Marbles","Akabeko","Luminosity","Ancient Tea Set","Strawberry"],"campfire_rested":3,"item_purchase_floors":[13,22,22,22,37,37,44],"current_hp_per_floor":[55,54,48,35,28,47,20,20,20,20,25,30,30,28,28,28,56,56,45,45,45,45,31,31,24,24,24,9,9,28,28,47,11,52,42,42,57,57,56,50,50,39,39,61,60,9,1,3,24,0,0],"gold":477,"neow_bonus":"TRANSFORM_CARD","is_daily":false,"chose_seed":false,"campfire_upgraded":1,"win_rate":0.0,"timestamp":1608068174,"path_taken":["M","M","M","?","?","R","E","?","T","E","M","E","$","?","R","BOSS","M","?","?","?","$","E","M","E","T","M","M","M","R","M","R","BOSS","M","?","$","?","M","E","?","M","T","$","M","E","?","E","R","BOSS"],"items_purchased_type":["Card","Card","Relic","Relic","Card","Relic","Relic"],"build_version":"2020-12-13","purchased_purges":2,"victory":false,"max_hp_per_floor":[65,65,65,65,65,65,65,65,65,65,65,65,65,65,65,65,65,65,65,65,65,65,65,65,65,65,65,65,65,65,65,65,65,65,65,65,65,65,65,65,65,65,65,72,72,72,72,72,72,72,72],"card_choices":[{"not_picked":["FanOfKnives","DoubleEdge"],"picked":"Sabotage","floor":1},{"not_picked":["Replace","TimeWarp"],"picked":"ShatteredReality","floor":2},{"not_picked":["Ricochet","Alleviate"],"picked":"ShatteredReality","floor":3},{"not_picked":["Unruled","Reset"],"picked":"LightFlow","floor":7},{"not_picked":["FastForward","Rewind"],"picked":"Contraction","floor":8},{"not_picked":["Potential","Rewind"],"picked":"Contraction","floor":10},{"not_picked":["Collapse","Rearm"],"picked":"Sabotage","floor":11},{"not_picked":["Rearm","Hightail"],"picked":"Luminosity","floor":12},{"not_picked":["TimeTheft","MoonPhase"],"picked":"Contraction","floor":14},{"not_picked":["Dilation","SoulSculpture"],"picked":"MurderousAura","floor":16},{"not_picked":["Revamp","Alleviate"],"picked":"Defy","floor":18},{"not_picked":["Comet","Starlight"],"picked":"Potential","floor":19},{"not_picked":["Advance+1","ShiftingGears+1"],"picked":"SoulSculpture","floor":23},{"not_picked":["FastForward+1","Contraction","InstantArmor"],"picked":"SKIP","floor":24},{"not_picked":["Gouge","Shuttle+1"],"picked":"BestPractice","floor":25},{"not_picked":["TimeWarp","BottledTime"],"picked":"Solidify","floor":27},{"not_picked":["Revamp+1","Rearm"],"picked":"StarChef","floor":28},{"not_picked":["Desolation","BottledTime"],"picked":"Moonlight","floor":29},{"not_picked":["Sabotage","Starlight+1"],"picked":"Defy","floor":31},{"not_picked":["TrueSight","KillingDoll"],"picked":"Solidify","floor":33},{"not_picked":["Manipulate+1","Orbit+1"],"picked":"Sabotage+1","floor":35},{"not_picked":["Defy","BottledTime"],"picked":"WasteNot","floor":38},{"not_picked":["Luminosity","ShatteredReality","Rewind+1"],"picked":"SKIP","floor":39},{"not_picked":["Luminosity","DancingSilver+1"],"picked":"FlawlessForm","floor":40},{"not_picked":["Revamp","Spin"],"picked":"Moonlight+1","floor":42},{"not_picked":["Gouge+1","Alleviate+1","WasteNot+1"],"picked":"SKIP","floor":45},{"not_picked":["Replace+1","Revamp","ShatteredReality"],"picked":"SKIP","floor":46},{"not_picked":["BestPractice","Gouge","Foresight+1"],"picked":"SKIP","floor":47},{"not_picked":["Deny","Manipulate","Alleviate+1"],"picked":"SKIP","floor":48}],"player_experience":1560363,"relics_obtained":[{"floor":7,"key":"Whetstone"},{"floor":8,"key":"Odd Mushroom"},{"floor":9,"key":"Toy Ornithopter"},{"floor":10,"key":"Mummified Hand"},{"floor":12,"key":"Bottled Lightning"},{"floor":23,"key":"MealTicket"},{"floor":25,"key":"MawBank"},{"floor":40,"key":"Bronze Scales"},{"floor":43,"key":"Eternal Feather"},{"floor":46,"key":"Blood Vial"},{"floor":48,"key":"Ginger"}],"event_choices":[{"damage_healed":0,"gold_gain":0,"player_choice":"Entered Light","damage_taken":13,"max_hp_gain":0,"max_hp_loss":0,"event_name":"Shining Light","floor":4,"gold_loss":0,"cards_upgraded":["Defend_S","Strike_S"]},{"cards_removed":["Strike_S"],"damage_healed":0,"gold_gain":0,"player_choice":"Card Removal","damage_taken":7,"max_hp_gain":0,"max_hp_loss":0,"event_name":"Golden Wing","floor":5,"gold_loss":0},{"damage_healed":0,"gold_gain":0,"player_choice":"Fought Mushrooms","damage_taken":0,"max_hp_gain":0,"max_hp_loss":0,"event_name":"Mushrooms","floor":8,"gold_loss":0},{"damage_healed":0,"gold_gain":99,"player_choice":"Stole From Cult","damage_taken":0,"max_hp_gain":0,"max_hp_loss":0,"event_name":"Nest","floor":20,"gold_loss":0},{"damage_healed":0,"gold_gain":0,"player_choice":"Traded Relic","damage_taken":0,"relics_obtained":["Nloth\u0027s Gift"],"max_hp_gain":0,"max_hp_loss":0,"event_name":"N\u0027loth","floor":21,"relics_lost":["Toy Ornithopter"],"gold_loss":0},{"damage_healed":0,"gold_gain":275,"player_choice":"Desecrate","damage_taken":0,"max_hp_gain":0,"max_hp_loss":0,"event_name":"Golden Shrine","floor":36,"gold_loss":0,"cards_obtained":["Regret"]},{"damage_healed":0,"gold_gain":0,"player_choice":"0 cards matched","damage_taken":0,"max_hp_gain":0,"max_hp_loss":0,"event_name":"Match and Keep!","floor":41,"gold_loss":0,"cards_obtained":[]}],"is_beta":false,"boss_relics":[{"not_picked":["Tiny House","MysterySword"],"picked":"Fusion Hammer"},{"not_picked":["Velvet Choker","Empty Cage"],"picked":"SacredBark"}],"items_purged_floors":[13,37],"is_endless":false,"potions_floor_spawned":[1,3,10,14,19,23,25,28,33,38,40,42],"killed_by":"Awakened One","ascension_level":6}}