{"host":"5w5nlj9te6rhm47m","time":1608046422,"event":{"mods":["BaseMod","Downfall","Hermit","Minty Spire (QoL Compilation)","Replay The Spire","Shop Mod","StSLib"],"gold_per_floor":[99,99,99,134,134,168,168,55,90,15,33,59,79,79,89,192,192,292,325,345,345,375,375,375,400,400,430,449,469,487,352,369,469,469,394,410,438,493,526,363,363,219,144,178,189,189,207,220,238,238,238,265,54,54,54],"floor_reached":56,"playtime":3380,"items_purged":["Regret"],"score":1588,"play_id":"bb8314d8-cf63-429e-a85e-10bff039f6c2","local_time":"20201215233341","is_ascension_mode":true,"campfire_choices":[{"floor":1,"key":"RECALL"},{"data":"Slimebound:Split","floor":3,"key":"SMITH"},{"data":"Slimebound:Schlurp","floor":10,"key":"SMITH"},{"data":"Replay:Hysterical Blindness","floor":21,"key":"PURGE"},{"data":"expansioncontent:ChargeUp","floor":23,"key":"PURGE"},{"data":"Slimebound:Tackle","floor":35,"key":"PURGE"},{"data":"Slimebound:Strike_Slimebound+1","floor":43,"key":"PURGE"},{"floor":54,"key":"DIG"}],"circlet_count":0,"master_deck":["Slimebound:Strike_Slimebound+1","Slimebound:Defend_Slimebound+1","Slimebound:Defend_Slimebound+1","Slimebound:Defend_Slimebound+1","Slimebound:Defend_Slimebound+1","Slimebound:Split+1","Slimebound:CorrosiveSpit","Slimebound:SplitMire+1","Slimebound:LivingWall","Slimebound:LeechLife","Slimebound:SplitAcid","Slimebound:Schlurp+1","Slimebound:SplitMire","Slimebound:ViciousTackle","Slimebound:SplitMire","Slimebound:GrowthPunch","Slimebound:SamplingLick","Slimebound:OneTwoCombo","Slimebound:Overexert","Slimebound:Grow","Slimebound:LeechEnergy","Slimebound:Split","Slimebound:RainOfGoop","Slimebound:Darklings","Slimebound:SlimeTap","Slimebound:ItLooksTasty","Slimebound:Dissolve","Slimebound:GrowthPunch","Slimebound:LeadByExample+1","Slimebound:WasteNot","Slimebound:Gluttony","Slimebound:SpikyOuterGoop","Slimebound:SplitBruiser","Slimebound:Schlurp","Slimebound:SelfFormingGoo","Slimebound:SplitBruiser","Slimebound:HauntingLick","Slimebound:SplitAcid","Slimebound:ViciousTackle+1","Slimebound:ItLooksTasty+1","Slimebound:MassRepurpose","Slimebound:FinishingTackle+1","Slimebound:HauntingLick+1","expansioncontent:Chronoboost+1","Slimebound:RejuvenatingLick+1","Slimebound:SplitSpecialist+1","Slimebound:LeadByExample+1","Slimebound:SamplingLick+1","Slimebound:MinionMaster+1"],"relics":["Slimebound:AbsorbEndCombat","downfall:HeartsMalice","Peace Pipe","Lantern","Iron Hammer","Mango","downfall:HeartBlessingGreen","Replay:Mystery Machine","Fusion Hammer","downfall:GremlinSack","ReplayFunnel","Pen Nib","Replay:Accelerometer","ReplayTheSpireMod:Lightbulb","Mirror","Honey Jar","downfall:HeartBlessingRed","ReplayTheSpireMod:Ninjato","Replay:Multitool","Frozen Egg 2","Slimebound:MaxSlimesRelic","Kunai","downfall:HeartBlessingBlue","Toxic Egg 2","HornCleat","Ornamental Fan"],"acts_visited":["Exordium","TheCity","TheBeyond","TheEnding"],"potions_floor_usage":[9,16,18,27,33,49,50,55,55,55],"damage_taken":[{"damage":0,"enemies":"Cultist","floor":2,"turns":1},{"damage":0,"enemies":"3 Sentries","floor":4,"turns":1},{"damage":0,"enemies":"Lagavulin","floor":6,"turns":1},{"damage":17,"enemies":"downfall:FleeingMerchant","floor":8,"turns":4},{"damage":30,"enemies":"Gremlin Nob","floor":9,"turns":3},{"damage":11,"enemies":"Jaw Worm","floor":11,"turns":2},{"damage":12,"enemies":"Small Slimes","floor":13,"turns":2},{"damage":8,"enemies":"3 Louse","floor":15,"turns":3},{"damage":46,"enemies":"downfall:Watcher","floor":16,"turns":6},{"damage":12,"enemies":"downfall:Watcher","floor":18,"turns":2},{"damage":41,"enemies":"Book of Stabbing","floor":19,"turns":4},{"damage":16,"enemies":"3 Byrds","floor":20,"turns":2},{"damage":59,"enemies":"Replay:Snechameleon","floor":22,"turns":3},{"damage":39,"enemies":"Book of Stabbing","floor":25,"turns":3},{"damage":55,"enemies":"Gremlin Leader","floor":27,"turns":4},{"damage":15,"enemies":"Sentry and Sphere","floor":28,"turns":2},{"damage":17,"enemies":"Snecko","floor":29,"turns":4},{"damage":0,"enemies":"Snake Plant","floor":30,"turns":1},{"damage":47,"enemies":"downfall:FleeingMerchant","floor":31,"turns":4},{"damage":33,"enemies":"Centurion and Healer","floor":32,"turns":4},{"damage":36,"enemies":"downfall:Defect","floor":33,"turns":4},{"damage":24,"enemies":"Orb Walker","floor":36,"turns":2},{"damage":57,"enemies":"Nemesis","floor":37,"turns":3},{"damage":42,"enemies":"2 Orb Walkers","floor":38,"turns":2},{"damage":50,"enemies":"Reptomancer","floor":39,"turns":4},{"damage":15,"enemies":"downfall:FleeingMerchant","floor":40,"turns":3},{"damage":46,"enemies":"Giant Head","floor":44,"turns":5},{"damage":40,"enemies":"3 Darklings","floor":45,"turns":2},{"damage":24,"enemies":"Sphere and 2 Shapes","floor":47,"turns":2},{"damage":62,"enemies":"Transient","floor":48,"turns":5},{"damage":38,"enemies":"Writhing Mass","floor":49,"turns":3},{"damage":86,"enemies":"downfall:Silent","floor":50,"turns":4},{"damage":85,"enemies":"downfall:CharBossMerchant","floor":52,"turns":4},{"damage":135,"enemies":"downfall:NeowBoss","floor":55,"turns":16}],"seed_played":"2479400552058405681","potions_obtained":[{"floor":4,"key":"DuplicationPotion"},{"floor":6,"key":"Guardian:BlockOnCardUsePotion"},{"floor":9,"key":"champ:CounterPotion"},{"floor":15,"key":"Reflective Coating"},{"floor":16,"key":"SkillPotion"},{"floor":20,"key":"EntropicBrew"},{"floor":27,"key":"Block Potion"},{"floor":33,"key":"LiquidBronze"},{"floor":37,"key":"SpeedPotion"},{"floor":38,"key":"Fire Potion"},{"floor":39,"key":"Regen Potion"},{"floor":45,"key":"AttackPotion"},{"floor":47,"key":"PowerPotion"},{"floor":52,"key":"SteroidPotion"}],"is_trial":false,"path_per_floor":["R","M","R","E","?","E","T","$","E","R","M","T","M","?","M","B",null,"R","E","M","R","E","R","T","E","?","E","M","M","M","$","M","B",null,"R","M","E","?","E","$","T","$","R","E","M","?","M","M","M","B",null,"E","$","R","B",null],"character_chosen":"SLIMEBOUND","items_purchased":["Slimebound:Schlurp","Slimebound:SpikyOuterGoop","Slimebound:SplitBruiser","Slimebound:MaxSlimesRelic","Kunai","Slimebound:MassRepurpose","Slimebound:MinionMaster+1","LiquidMemories"],"campfire_rested":0,"item_purchase_floors":[8,31,31,40,40,42,53,53],"current_hp_per_floor":[60,60,60,60,60,60,60,60,60,60,67,67,71,71,74,74,74,74,66,74,74,47,47,47,60,60,65,74,66,70,74,68,74,74,74,74,69,63,67,74,74,74,84,80,84,84,80,77,84,79,84,79,79,79,63],"gold":54,"neow_bonus":"THREE_ENEMY_KILL","is_daily":false,"chose_seed":false,"campfire_upgraded":2,"win_rate":0.0,"timestamp":1608046421,"path_taken":["R","M","R","E","?","E","T","$","E","R","M","?","M","?","M","BOSS","R","E","M","R","E","R","T","E","?","E","M","M","M","$","M","BOSS","R","M","E","?","E","$","T","$","R","E","M","?","M","M","M","BOSS","E","$","R","BOSS"],"items_purchased_type":["Card","Card","Card","Relic","Relic","Card","Card","Potion"],"build_version":"2020-12-13","purchased_purges":1,"victory":true,"max_hp_per_floor":[60,60,60,60,60,60,60,60,74,74,74,74,74,74,74,74,74,74,74,74,74,74,74,74,74,74,74,74,74,74,74,74,74,74,74,74,74,74,74,74,74,74,84,84,84,84,84,84,84,84,84,84,84,84,84],"card_choices":[{"not_picked":["Slimebound:PressTheAttack","Slimebound:FormOfPuddle"],"picked":"Slimebound:SplitMire","floor":2},{"not_picked":["Slimebound:Repurpose","Slimebound:DivideAndConquer"],"picked":"Slimebound:LivingWall","floor":4},{"not_picked":["Slimebound:SamplingLick","Slimebound:LevelUp"],"picked":"Slimebound:LeechLife","floor":6},{"not_picked":["Slimebound:SplitMire","Slimebound:SamplingLick"],"picked":"Slimebound:SplitAcid","floor":8},{"not_picked":["Slimebound:LeechEnergy","Slimebound:MassFeed"],"picked":"Slimebound:SplitMire","floor":9},{"not_picked":["Slimebound:Grow","Slimebound:PressTheAttack"],"picked":"Slimebound:ViciousTackle","floor":11},{"not_picked":["Slimebound:SplitAcid","Slimebound:RejuvenatingLick"],"picked":"Slimebound:SplitMire","floor":13},{"not_picked":["Slimebound:RollThrough","Slimebound:Dissolve"],"picked":"Slimebound:SamplingLick","floor":15},{"not_picked":["Slimebound:MassFeed","Slimebound:MinionMaster"],"picked":"Slimebound:OneTwoCombo","floor":16},{"not_picked":["Slimebound:FlameTackle","Slimebound:ViciousTackle+1"],"picked":"Slimebound:RainOfGoop","floor":18},{"not_picked":["Slimebound:SplitSpecialist","Slimebound:ComboTackle"],"picked":"Slimebound:Darklings","floor":19},{"not_picked":["Slimebound:SplitLeeching","Slimebound:SlimeSpikes","Slimebound:ServeAndProtect"],"picked":"SKIP","floor":20},{"not_picked":["Slimebound:Teamwork","Slimebound:LeechLife"],"picked":"Slimebound:SlimeTap","floor":22},{"not_picked":["Slimebound:LeechEnergy","Slimebound:LivingWall"],"picked":"Slimebound:ItLooksTasty","floor":25},{"not_picked":["Slimebound:LeechEnergy","Slimebound:SlimeSpikes"],"picked":"Slimebound:Dissolve","floor":27},{"not_picked":["Slimebound:ViciousTackle","Slimebound:SlimeBarrage"],"picked":"Slimebound:GrowthPunch","floor":28},{"not_picked":["Slimebound:ComboTackle","Slimebound:RollThrough+1"],"picked":"Slimebound:LeadByExample+1","floor":29},{"not_picked":["Slimebound:SplitMire+1","Slimebound:SplitLeeching"],"picked":"Slimebound:WasteNot","floor":30},{"not_picked":["Slimebound:GoopTackle","Slimebound:LeechLife"],"picked":"Slimebound:Gluttony","floor":31},{"not_picked":["Slimebound:SplitAcid+1","Slimebound:DisruptingSlam"],"picked":"Slimebound:Schlurp","floor":32},{"not_picked":["Slimebound:MassFeed","Slimebound:DouseInSlime"],"picked":"Slimebound:SelfFormingGoo","floor":33},{"not_picked":["Slimebound:SlimeSpikes","Slimebound:LevelUp","Slimebound:PressTheAttack"],"picked":"Slimebound:SplitBruiser","floor":36},{"not_picked":["Slimebound:SpikyOuterGoop","Slimebound:Schlurp","Slimebound:GoopTackle"],"picked":"Slimebound:HauntingLick","floor":37},{"not_picked":["Slimebound:SlimeBarrage+1","Slimebound:LeechEnergy+1","Slimebound:ServeAndProtect+1"],"picked":"Slimebound:SplitAcid","floor":38},{"not_picked":["Slimebound:SplitMire+1","Slimebound:TongueLash","Slimebound:SamplingLick"],"picked":"Slimebound:ViciousTackle+1","floor":39},{"not_picked":["Slimebound:SplitAcid+1","Slimebound:ServeAndProtect","Slimebound:LeechEnergy"],"picked":"Slimebound:ItLooksTasty+1","floor":40},{"not_picked":["Slimebound:DisruptingSlam+1","Slimebound:MassFeed","Slimebound:ViciousTackle"],"picked":"Slimebound:FinishingTackle+1","floor":44},{"not_picked":["Slimebound:SplitBruiser+1","Slimebound:GoopSpray+1","Slimebound:SplitLeeching+1"],"picked":"Slimebound:HauntingLick+1","floor":45},{"not_picked":["expansioncontent:Hexaburn","expansioncontent:FaceSlap","expansioncontent:Torchfire"],"picked":"expansioncontent:Chronoboost+1","floor":46},{"not_picked":["Slimebound:Repurpose+1","Slimebound:SplitLeeching+1","Slimebound:GrowthPunch"],"picked":"Slimebound:RejuvenatingLick+1","floor":47},{"not_picked":["Slimebound:FinishingTackle+1","Slimebound:Gluttony+1","Slimebound:Schlurp+1"],"picked":"Slimebound:SplitSpecialist+1","floor":48},{"not_picked":["Slimebound:SpikyOuterGoop+1","Slimebound:TagTeam","Slimebound:Chomp+1"],"picked":"Slimebound:LeadByExample+1","floor":49},{"not_picked":["Slimebound:MassRepurpose+1","Slimebound:LeadByExample+1","Slimebound:SpikyOuterGoop+1"],"picked":"Slimebound:SamplingLick+1","floor":52}],"player_experience":156320,"relics_obtained":[{"floor":4,"key":"Peace Pipe"},{"floor":6,"key":"Lantern"},{"floor":7,"key":"Iron Hammer"},{"floor":9,"key":"Mango"},{"floor":12,"key":"Replay:Mystery Machine"},{"floor":18,"key":"downfall:GremlinSack"},{"floor":19,"key":"ReplayFunnel"},{"floor":22,"key":"Pen Nib"},{"floor":24,"key":"Replay:Accelerometer"},{"floor":25,"key":"ReplayTheSpireMod:Lightbulb"},{"floor":27,"key":"Mirror"},{"floor":37,"key":"ReplayTheSpireMod:Ninjato"},{"floor":38,"key":"Replay:Multitool"},{"floor":39,"key":"Frozen Egg 2"},{"floor":44,"key":"Toxic Egg 2"},{"floor":52,"key":"HornCleat"},{"floor":54,"key":"Ornamental Fan"}],"event_choices":[{"damage_healed":0,"gold_gain":0,"cards_transformed":["Slimebound:Strike_Slimebound"],"player_choice":"Transformed","damage_taken":0,"max_hp_gain":0,"max_hp_loss":0,"event_name":"Transmorgrifier","floor":14,"gold_loss":0,"cards_obtained":["Slimebound:GrowthPunch"]},{"damage_healed":0,"gold_gain":0,"player_choice":"Simplicity","damage_taken":0,"max_hp_gain":0,"max_hp_loss":0,"event_name":"Back to Basics","floor":26,"gold_loss":0,"cards_upgraded":["Slimebound:Strike_Slimebound","Slimebound:Defend_Slimebound","Slimebound:Defend_Slimebound","Slimebound:Defend_Slimebound"]},{"damage_healed":0,"gold_gain":0,"player_choice":"Fight","damage_taken":0,"max_hp_gain":0,"max_hp_loss":0,"event_name":"Mysterious Sphere","floor":38,"gold_loss":0}],"is_beta":false,"boss_relics":[{"not_picked":["Replay:Wanted Poster","Astrolabe"],"picked":"Fusion Hammer"},{"not_picked":["Slimebound:AbsorbEndCombatUpgraded","Runic Pyramid"],"picked":"Honey Jar"}],"items_purged_floors":[8],"is_endless":false,"potions_floor_spawned":[4,6,9,15,16,20,27,28,30,33,37,38,39,45,47,52],"ascension_level":1}}