{"host":"i2t4fe19cfrsgpgl","time":1608018670,"event":{"mods":["BaseMod","CapriCore","Dio Mod","Ekko","GungeonMod","Hermit","Hero for Fun","HololiveMod","Hubris","Jorbs\u0027s Wanderer Trilogy","Marisa????????","Minty Spire (QoL Compilation)","Shade Mod","Shop Mod","Somnambulant","StSLib","Td1madao Mod","The Animator","The Death Knight","The Dragon Tamer","The Forsaken","The Hayseed","The Immortal","The Kombatant","The Runesmith","TheArtist","TheSwordswoman","WarShipGirlsR/????R mod"],"gold_per_floor":[111,130,144,75,75,75,89,89,89,89,89,115,125,125,125,223,223,223,223,223],"floor_reached":18,"playtime":670,"items_purged":[],"score":150,"play_id":"3380c1ff-71d3-4535-a93c-2365a2848509","local_time":"20201215025110","is_ascension_mode":false,"metric_token":1811,"campfire_choices":[{"data":"DTMod:ForkedFire","floor":6.0,"key":"SMITH"},{"data":"DTMod:DarkBreath","floor":8.0,"key":"SMITH"},{"data":"DTMod:QuickFly","floor":11.0,"key":"SMITH"},{"floor":15.0,"key":"REST"}],"dtmod_dragon_data":[50,50,1,-1,8,0],"circlet_count":0,"master_deck":["DTMod:Strike","DTMod:Strike","DTMod:Strike","DTMod:Strike","DTMod:DoubleHit","DTMod:TargetDefense","DTMod:TargetDefense","DTMod:TargetDefense+1","DTMod:TargetDefense","DTMod:SwitchingTactic+1","DTMod:QuickFly+1","DTMod:DarkBreath+1","DTMod:ForkedFire+1","DTMod:Threaten","DTMod:Punisher","DTMod:FierySynthesis"],"relics":["DTMod:PactStone","NeowsBlessing","Kunai","Ancient Tea Set","Hololive_ChaosS"],"acts_visited":["Exordium","TheCity"],"potions_floor_usage":[],"damage_taken":[{"damage":0.0,"enemies":"Cultist","floor":1.0,"turns":1.0},{"damage":0.0,"enemies":"Small Slimes","floor":2.0,"turns":1.0},{"damage":0.0,"enemies":"2 Louse","floor":3.0,"turns":1.0},{"damage":0.0,"enemies":"2 Fungi Beasts","floor":7.0,"turns":3.0},{"damage":6.0,"enemies":"Large Slime","floor":13.0,"turns":2.0},{"damage":1.0,"enemies":"Hexaghost","floor":16.0,"turns":9.0},{"damage":0,"enemies":"Spheric Guardian","floor":18,"turns":1}],"seed_played":"27603029458781253","potions_obtained":[{"floor":2.0,"key":"PowerPotion"},{"floor":3.0,"key":"AttackPotion"},{"floor":16.0,"key":"LiquidBronze"}],"is_trial":false,"path_per_floor":["M","M","M","$","?","R","M","R","T","?","R","T","M","?","R","B",null,"M"],"character_chosen":"THE_DT","items_purchased":["DTMod:ForkedFire"],"campfire_rested":1,"item_purchase_floors":[4],"current_hp_per_floor":[45,45,45,45,36,36,36,36,36,36,36,36,30,30,43,42,45,45,45,45],"gold":223,"neow_bonus":"THREE_ENEMY_KILL","is_daily":false,"chose_seed":false,"campfire_upgraded":3,"win_rate":0.0,"timestamp":1608018670,"path_taken":["M","?","M","?","?","R","M","R","T","?","R","?","M","?","R","BOSS","M"],"items_purchased_type":["Card"],"build_version":"2020-12-13","purchased_purges":0,"victory":false,"max_hp_per_floor":[45,45,45,45,45,45,45,45,45,45,45,45,45,45,45,45,45,45,45,45],"card_choices":[{"not_picked":["DTMod:BurningEnergy","DTMod:Hide"],"picked":"DTMod:QuickFly","floor":1.0},{"not_picked":["DTMod:BlazingStrike","DTMod:BurningEnergy","DTMod:BurningForce"],"picked":"SKIP","floor":2.0},{"not_picked":["DTMod:Cover","DTMod:Coolant"],"picked":"DTMod:DarkBreath","floor":3.0},{"not_picked":["DTMod:TagTeam","DTMod:Cover"],"picked":"DTMod:Threaten","floor":7.0},{"not_picked":["DTMod:QuickFly","DTMod:CalculatedDefense"],"picked":"DTMod:Punisher","floor":13.0},{"not_picked":["DTMod:ResonanceForm","DTMod:EchoTactic"],"picked":"DTMod:FierySynthesis","floor":16.0}],"player_experience":469069,"relics_obtained":[{"floor":9.0,"key":"Kunai"},{"floor":12.0,"key":"Ancient Tea Set"}],"event_choices":[{"damage_healed":0.0,"max_hp_gain":0.0,"max_hp_loss":0.0,"gold_gain":0.0,"event_name":"Shining Light","player_choice":"Entered Light","floor":5.0,"gold_loss":0.0,"damage_taken":9.0,"cards_upgraded":["DTMod:TargetDefense","DTMod:SwitchingTactic"]},{"damage_healed":0.0,"max_hp_gain":0.0,"max_hp_loss":0.0,"gold_gain":0.0,"event_name":"Golden Wing","player_choice":"Ignored","floor":10.0,"gold_loss":0.0,"damage_taken":0.0},{"damage_healed":0.0,"max_hp_gain":0.0,"max_hp_loss":0.0,"gold_gain":0.0,"event_name":"Dead Adventurer","player_choice":"Searched \u00270\u0027 times","floor":14.0,"gold_loss":0.0,"damage_taken":0.0}],"is_beta":false,"boss_relics":[{"not_picked":["Empty Cage","Hololive_Finger"],"picked":"Hololive_ChaosS"}],"items_purged_floors":[],"is_endless":false,"potions_floor_spawned":[2,3,16],"killed_by":"Spheric Guardian","ascension_level":0}}