{"host":"jzzkeuxhtt2dt5zj","time":1608074625,"event":{"mods":["BaseMod","Better Third Choice","Dota2Spire","Googly Eyes","Hubris","Infinite Spire","Minty Spire (QoL Compilation)","Replay The Spire","Shade Mod","Spicy Shops","StSLib","The Cursed"],"gold_per_floor":[116,116,42,56,56,87,87,117,117,117,137,137,149,159,159,260,260,245,245,245,256,266,295,295,330,356,373,373,3,18,33,33,134,134,150,200,200,200,40,69,69,69,69],"floor_reached":42,"playtime":1955,"items_purged":["Defend_B","Pride"],"score":680,"play_id":"d6355900-6ba6-4fa9-9f14-770bd7d948ed","local_time":"20201215182345","is_ascension_mode":true,"campfire_choices":[{"data":"Sunder","floor":7,"key":"SMITH"},{"data":"Dualcast","floor":10,"key":"SMITH"},{"data":"Zap","floor":12,"key":"SMITH"},{"data":"Loop","floor":15,"key":"SMITH"},{"floor":24,"key":"REST"},{"floor":28,"key":"REST"},{"floor":32,"key":"REST"},{"floor":41,"key":"REST"}],"circlet_count":0,"master_deck":["Strike_B","Strike_B","Defend_B","Defend_B","Defend_B","Zap+1","Dualcast+1","Defragment","Sunder+1","Static Discharge","Loop","Loop+1","Rebound","hubris:Ukulele","ReplayRNGCard","Barrage","Loop+1","infinitespire:Collect","Conserve Battery","Crystallizer+1","Amplify","ReplaySolidLightProjector+1","Force Field","Ball Lightning","infinitespire:Starlight","Crystallizer+1"],"relics":["Cracked Core","NeowsBlessing","infinitespire:Freezer","hubris:MedicalManual","Gremlin Horn","Inserter","hubris:Spice","Bronze Scales","Unceasing Top","Busted Crown","hubris:BundleOfHerbs","Medical Kit","Dota2Spire:PhaseBoots"],"acts_visited":["Exordium","TheCity","TheBeyond"],"potions_floor_usage":[8,16,16,22,25,30,33,40],"damage_taken":[{"damage":0,"enemies":"Jaw Worm","floor":1,"turns":1},{"damage":0,"enemies":"Cultist","floor":4,"turns":1},{"damage":0,"enemies":"3 Sentries","floor":6,"turns":1},{"damage":0,"enemies":"Gremlin Nob","floor":8,"turns":2},{"damage":0,"enemies":"infinitespire:Voidling","floor":11,"turns":3},{"damage":5,"enemies":"Blue Slaver","floor":13,"turns":3},{"damage":0,"enemies":"Exordium Wildlife","floor":14,"turns":1},{"damage":5,"enemies":"Slime Boss","floor":16,"turns":7},{"damage":29,"enemies":"2 Thieves","floor":18,"turns":4},{"damage":0,"enemies":"Spheric Guardian","floor":21,"turns":3},{"damage":9,"enemies":"Shelled Parasite and Fungi","floor":22,"turns":2},{"damage":26,"enemies":"Replay:Snechameleon","floor":23,"turns":5},{"damage":24,"enemies":"Gremlin Leader","floor":25,"turns":3},{"damage":3,"enemies":"Cultist and Chosen","floor":27,"turns":4},{"damage":14,"enemies":"Snake Plant","floor":30,"turns":4},{"damage":5,"enemies":"Shelled Parasite and Fungi","floor":31,"turns":3},{"damage":44,"enemies":"Champ","floor":33,"turns":8},{"damage":3,"enemies":"Orb Walker","floor":35,"turns":2},{"damage":0,"enemies":"Mind Bloom Boss Battle","floor":36,"turns":6},{"damage":47,"enemies":"Nemesis","floor":40,"turns":5},{"damage":49,"enemies":"3 Darklings","floor":42,"turns":2}],"seed_played":"-3639013698093631471","potions_obtained":[{"floor":6,"key":"Energy Potion"},{"floor":8,"key":"Adrenaline Potion"},{"floor":14,"key":"Explosive Potion"},{"floor":16,"key":"Fire Potion"},{"floor":21,"key":"Dota2Spire:HealingSalve"},{"floor":22,"key":"Elixir"},{"floor":23,"key":"Strength Potion"},{"floor":25,"key":"Dota2Spire:HealingSalve"},{"floor":36,"key":"infinitespire:BlackPotion"}],"is_trial":false,"path_per_floor":["M","?","$","M","$","E","R","E","T","R","M","R","M","M","R","B",null,"M","?","AVR","M","M","E","R","E","T","M","R","$","M","M","R","B",null,"M","?","?","?","$","E","R","M"],"character_chosen":"DEFECT","items_purchased":["Sunder","Unceasing Top","Medical Kit"],"campfire_rested":4,"item_purchase_floors":[3,29,39],"current_hp_per_floor":[75,75,75,75,75,75,75,75,75,75,75,75,70,70,70,65,73,44,44,52,52,46,28,55,31,31,28,55,55,53,48,75,31,76,73,73,50,50,50,13,40,0,0],"gold":69,"neow_bonus":"THREE_ENEMY_KILL","is_daily":false,"chose_seed":false,"campfire_upgraded":4,"win_rate":0.0,"timestamp":1608074625,"path_taken":["M","?","$","?","$","E","R","E","T","R","M","R","M","M","R","BOSS","M","?","AVR","M","?","E","R","E","T","M","R","$","M","M","R","BOSS","M","?","?","?","$","E","R","M"],"items_purchased_type":["Card","Relic","Relic"],"build_version":"2020-12-13","purchased_purges":2,"victory":false,"max_hp_per_floor":[75,75,75,75,75,75,75,75,75,75,75,75,75,75,75,75,75,75,75,83,83,83,91,91,91,91,91,91,91,91,91,91,91,91,91,91,91,91,91,91,91,91,91],"card_choices":[{"not_picked":["Turbo","Leap"],"picked":"Defragment","floor":1},{"not_picked":["FTL","Go for the Eyes"],"picked":"Static Discharge","floor":4},{"not_picked":["Biased Cognition","Barrage"],"picked":"Loop","floor":6},{"not_picked":["Rebound","ReplayTheSpireMod:Repulse"],"picked":"Loop","floor":8},{"not_picked":["ReplayGash","Sweeping Beam"],"picked":"Rebound","floor":11},{"not_picked":["Coolheaded","Darkness","Hologram"],"picked":"SKIP","floor":13},{"not_picked":["Steam","Panic Button"],"picked":"hubris:Ukulele","floor":14},{"not_picked":["hubris:SpecializedCircuitry","Hyperbeam"],"picked":"ReplayRNGCard","floor":16},{"not_picked":["Hello World+1","Go for the Eyes+1"],"picked":"Barrage","floor":18},{"not_picked":["Ball Lightning","Compile Driver+1"],"picked":"Conserve Battery","floor":21},{"not_picked":["Conserve Battery","Lockon"],"picked":"Crystallizer+1","floor":22},{"not_picked":["Rebound","Skim"],"picked":"Amplify","floor":23},{"not_picked":["Sweeping Beam+1","Seek"],"picked":"ReplaySolidLightProjector+1","floor":25},{"not_picked":["FTL","Storm"],"picked":"Force Field","floor":27},{"not_picked":["Skim+1","Sunder"],"picked":"Ball Lightning","floor":30},{"not_picked":["Stack","hubris:SpiceAddiction","Reprogram"],"picked":"SKIP","floor":31},{"not_picked":["BasicCrystalCard"],"picked":"SKIP","floor":35},{"not_picked":["infinitespire:FinalStrike","infinitespire:Fortify"],"picked":"infinitespire:Starlight","floor":37},{"not_picked":[],"picked":"Crystallizer+1","floor":40}],"player_experience":423979,"relics_obtained":[{"floor":6,"key":"infinitespire:Freezer"},{"floor":8,"key":"hubris:MedicalManual"},{"floor":9,"key":"Gremlin Horn"},{"floor":23,"key":"hubris:Spice"},{"floor":25,"key":"Bronze Scales"},{"floor":36,"key":"hubris:BundleOfHerbs"},{"floor":40,"key":"Dota2Spire:PhaseBoots"}],"event_choices":[{"cards_removed":["Strike_B"],"damage_healed":0,"gold_gain":0,"player_choice":"Purged","damage_taken":0,"max_hp_gain":0,"max_hp_loss":0,"event_name":"Purifier","floor":2,"gold_loss":0},{"damage_healed":0,"gold_gain":0,"player_choice":"Copied","damage_taken":0,"max_hp_gain":0,"max_hp_loss":0,"event_name":"Duplicator","floor":19,"gold_loss":0,"cards_obtained":["Loop"]},{"damage_healed":0,"gold_gain":0,"player_choice":"Fight","damage_taken":0,"max_hp_gain":0,"max_hp_loss":0,"event_name":"MindBloom","floor":36,"gold_loss":0},{"cards_removed":["Strike_B"],"damage_healed":0,"gold_gain":0,"player_choice":"Removed Attack","damage_taken":0,"max_hp_gain":0,"max_hp_loss":0,"event_name":"Falling","floor":38,"gold_loss":0}],"is_beta":false,"boss_relics":[{"not_picked":["Runic Pyramid","hubris:RunicObelisk"],"picked":"Inserter"},{"not_picked":["Cursed Key","hubris:Spice"],"picked":"Busted Crown"}],"items_purged_floors":[29,39],"is_endless":false,"potions_floor_spawned":[6,8,14,16,21,22,23,25,36],"killed_by":"3 Darklings","ascension_level":5}}