{"host":"6bsan6hkua32tfq7","time":1608034400,"event":{"mods":["BaseMod","Better Third Choice","Colored Map","Highlight Path","Minty Spire (QoL Compilation)","StSLib"],"gold_per_floor":[118,7,26,0,0,0,14,14,14,46,46,65,81,92,92,171,171,190,202,218,233,250,250,275,275,275],"floor_reached":25,"playtime":820,"items_purged":["Defend_G"],"score":454,"play_id":"98cff124-29e5-47aa-ac57-9d7a3cee4e55","local_time":"20201215131320","is_ascension_mode":true,"campfire_choices":[{"data":"Neutralize","floor":6.0,"key":"SMITH"},{"floor":8.0,"key":"REST"},{"data":"Crippling Poison","floor":11.0,"key":"SMITH"},{"data":"Heel Hook","floor":15,"key":"SMITH"},{"floor":23,"key":"REST"}],"circlet_count":0,"master_deck":["AscendersBane","Strike_G","Strike_G","Strike_G","Strike_G","Strike_G","Defend_G","Defend_G","Defend_G","Defend_G","Survivor","Neutralize+1","Slice","Infinite Blades","Crippling Poison+1","Crippling Poison+1","Predator","Heel Hook+1","Leg Sweep","Burst","Deadly Poison","Tools of the Trade","Flying Knee+1","Wraith Form v2"],"relics":["Ring of the Snake","Art of War","betterThird:SlimedRelic","Blood Vial","Snake Skull","SlaversCollar","Ancient Tea Set"],"acts_visited":["Exordium","TheCity"],"potions_floor_usage":[16,20,22,22],"damage_taken":[{"damage":4.0,"enemies":"Cultist","floor":1.0,"turns":4.0},{"damage":1.0,"enemies":"2 Louse","floor":3.0,"turns":3.0},{"damage":0.0,"enemies":"Small Slimes","floor":7.0,"turns":2.0},{"damage":16.0,"enemies":"3 Sentries","floor":10.0,"turns":12.0},{"damage":4.0,"enemies":"Exordium Wildlife","floor":12.0,"turns":2.0},{"damage":0.0,"enemies":"2 Fungi Beasts","floor":13.0,"turns":3.0},{"damage":0.0,"enemies":"3 Louse","floor":14.0,"turns":2.0},{"damage":41,"enemies":"Slime Boss","floor":16,"turns":11},{"damage":18,"enemies":"Spheric Guardian","floor":18,"turns":5},{"damage":3,"enemies":"Shell Parasite","floor":19,"turns":6},{"damage":11,"enemies":"3 Cultists","floor":20,"turns":4},{"damage":15,"enemies":"Snake Plant","floor":21,"turns":6},{"damage":14,"enemies":"Cultist and Chosen","floor":22,"turns":7},{"damage":16,"enemies":"Book of Stabbing","floor":24,"turns":6},{"damage":13,"enemies":"Shelled Parasite and Fungi","floor":25,"turns":2}],"seed_played":"-8808125763263995643","potions_obtained":[{"floor":7.0,"key":"EssenceOfSteel"},{"floor":12.0,"key":"Explosive Potion"},{"floor":13.0,"key":"BlessingOfTheForge"},{"floor":18,"key":"CunningPotion"},{"floor":20,"key":"GhostInAJar"}],"is_trial":false,"path_per_floor":["M","$","M","?","?","R","M","R","T","E","R","M","M","M","R","B",null,"M","M","M","M","M","R","E","M"],"character_chosen":"THE_SILENT","items_purchased":["Infinite Blades"],"campfire_rested":2,"item_purchase_floors":[2],"current_hp_per_floor":[55,55,54,43,43,43,43,62,62,48,48,46,48,50,50,11,52,36,35,26,13,1,20,6,0,0],"gold":275,"neow_bonus":"RANDOM_COMMON_RELIC","is_daily":false,"chose_seed":false,"campfire_upgraded":3,"win_rate":0.0,"timestamp":1608034400,"path_taken":["M","?","M","?","?","R","M","R","T","E","R","M","M","M","R","BOSS","M","?","?","M","M","R","E","M"],"items_purchased_type":["Card"],"build_version":"2020-12-13","purchased_purges":1,"victory":false,"max_hp_per_floor":[66,66,66,66,66,66,66,66,66,66,66,66,66,66,66,66,66,66,66,66,66,66,66,66,66,66],"card_choices":[{"not_picked":["Finisher","PiercingWail"],"picked":"Slice","floor":1.0},{"not_picked":["Noxious Fumes","Dash"],"picked":"Crippling Poison","floor":3.0},{"not_picked":["Deflect","Tactician","Riddle With Holes"],"picked":"SKIP","floor":7.0},{"not_picked":["Heel Hook","Quick Slash"],"picked":"Crippling Poison","floor":10.0},{"not_picked":["Cloak And Dagger","Caltrops"],"picked":"Predator","floor":12.0},{"not_picked":["PiercingWail","Tactician"],"picked":"Heel Hook","floor":13.0},{"not_picked":["Poisoned Stab","Blade Dance"],"picked":"Leg Sweep","floor":14},{"not_picked":["Storm of Steel","Bullet Time"],"picked":"Burst","floor":16},{"not_picked":["Outmaneuver","Choke"],"picked":"Deadly Poison","floor":18},{"not_picked":["Dagger Spray","Deadly Poison"],"picked":"Tools of the Trade","floor":19},{"not_picked":["Bane","Reflex"],"picked":"Flying Knee+1","floor":20},{"not_picked":["Poisoned Stab+1","Dagger Throw","Bane"],"picked":"SKIP","floor":21},{"not_picked":["Leg Sweep","Blade Dance"],"picked":"Wraith Form v2","floor":22},{"not_picked":["Blur","Bane","Backflip"],"picked":"SKIP","floor":24}],"player_experience":5158589,"relics_obtained":[{"floor":9.0,"key":"Blood Vial"},{"floor":10.0,"key":"Snake Skull"},{"floor":24,"key":"Ancient Tea Set"}],"event_choices":[{"damage_healed":0.0,"max_hp_gain":0.0,"max_hp_loss":0.0,"gold_gain":0.0,"event_name":"betterThird:BetterGoop","player_choice":"Slimed","floor":4.0,"gold_loss":26.0,"damage_taken":11.0},{"damage_healed":0.0,"max_hp_gain":0.0,"max_hp_loss":0.0,"gold_gain":0.0,"event_name":"Upgrade Shrine","player_choice":"Upgraded","floor":5.0,"gold_loss":0.0,"damage_taken":0.0,"cards_upgraded":["Crippling Poison"]}],"is_beta":false,"boss_relics":[{"not_picked":["Cursed Key","Astrolabe"],"picked":"SlaversCollar"}],"items_purged_floors":[2],"is_endless":false,"potions_floor_spawned":[7,12,13,14,18,20],"killed_by":"Shelled Parasite and Fungi","ascension_level":20}}