{"host":"nh1tx9wty0m9wedw","time":1608003825,"event":{"mods":["BaseMod","Colored Map","Colored Powertips","Minty Spire (QoL Compilation)"],"gold_per_floor":[113,132,33,33,57,97,97,111,111,61,82,82,126,145,145,274,337,353,374,374,374],"floor_reached":20,"playtime":1324,"items_purged":["Strike_R"],"score":230,"play_id":"54eb8fb7-f716-4952-96bb-6afa260a88f8","local_time":"20201215044345","is_ascension_mode":true,"campfire_choices":[{"data":"Armaments","floor":7,"key":"SMITH"},{"data":"Inflame","floor":12,"key":"SMITH"},{"data":"Demon Form","floor":15,"key":"SMITH"}],"circlet_count":0,"master_deck":["Strike_R","Strike_R","Strike_R+1","Defend_R","Defend_R","Defend_R","Defend_R","Bash","Wild Strike","Wild Strike","Injury","Armaments+1","Feed","Inflame+1","Demon Form+1","Seeing Red","Limit Break","Armaments","Headbutt"],"relics":["Burning Blood","NeowsBlessing","Golden Idol","Bird Faced Urn","Charon\u0027s Ashes","Gambling Chip","Tiny House"],"acts_visited":["Exordium","TheCity"],"potions_floor_usage":[6,14,16,16,18,19],"damage_taken":[{"damage":0,"enemies":"Jaw Worm","floor":1,"turns":1},{"damage":0,"enemies":"2 Louse","floor":2,"turns":1},{"damage":0,"enemies":"Small Slimes","floor":5,"turns":1},{"damage":8,"enemies":"3 Sentries","floor":6,"turns":11},{"damage":6,"enemies":"Looter","floor":8,"turns":3},{"damage":8,"enemies":"Large Slime","floor":11,"turns":5},{"damage":28,"enemies":"Gremlin Nob","floor":13,"turns":4},{"damage":7,"enemies":"3 Louse","floor":14,"turns":3},{"damage":29,"enemies":"Slime Boss","floor":16,"turns":7},{"damage":53,"enemies":"3 Byrds","floor":18,"turns":6},{"damage":40,"enemies":"2 Thieves","floor":19,"turns":4},{"damage":31,"enemies":"Cultist and Chosen","floor":20,"turns":4}],"seed_played":"4338530084586937698","potions_obtained":[{"floor":1,"key":"EssenceOfSteel"},{"floor":6,"key":"Regen Potion"},{"floor":11,"key":"Dexterity Potion"},{"floor":13,"key":"Swift Potion"},{"floor":17,"key":"Energy Potion"},{"floor":18,"key":"Ancient Potion"}],"is_trial":false,"path_per_floor":["M","M","$","?","M","E","R","M","T","?","M","R","E","M","R","B",null,"M","M","M"],"character_chosen":"IRONCLAD","items_purchased":["Wild Strike"],"campfire_rested":0,"item_purchase_floors":[3],"current_hp_per_floor":[80,80,80,80,80,78,78,81,81,81,85,85,65,79,79,60,96,54,25,0,0],"gold":374,"neow_bonus":"THREE_ENEMY_KILL","is_daily":false,"chose_seed":false,"campfire_upgraded":3,"win_rate":0.0,"timestamp":1608003825,"path_taken":["M","M","$","?","M","E","R","M","T","?","M","R","E","?","R","BOSS","M","M","M"],"items_purchased_type":["Card"],"build_version":"2020-12-13","purchased_purges":1,"victory":false,"max_hp_per_floor":[80,80,80,80,80,80,80,83,83,83,87,87,87,91,91,91,96,99,102,102,102],"card_choices":[{"not_picked":["Flex","Twin Strike"],"picked":"Wild Strike","floor":1},{"not_picked":["Flex","Hemokinesis","Battle Trance"],"picked":"SKIP","floor":2},{"not_picked":["Clothesline","Spot Weakness"],"picked":"Armaments","floor":5},{"not_picked":["Spot Weakness","Clothesline"],"picked":"Feed","floor":6},{"not_picked":["Wild Strike","Perfected Strike"],"picked":"Inflame","floor":8},{"not_picked":["Entrench","Warcry","True Grit"],"picked":"SKIP","floor":11},{"not_picked":["Clash","Body Slam"],"picked":"Demon Form","floor":13},{"not_picked":["Flex","Battle Trance"],"picked":"Seeing Red","floor":14},{"not_picked":["Juggernaut","Double Tap"],"picked":"Limit Break","floor":16},{"not_picked":["True Grit","Shockwave"],"picked":"Armaments","floor":17},{"not_picked":["Burning Pact","Dropkick","True Grit+1"],"picked":"SKIP","floor":18},{"not_picked":["Iron Wave","Clothesline"],"picked":"Headbutt","floor":19}],"player_experience":546399,"relics_obtained":[{"floor":6,"key":"Bird Faced Urn"},{"floor":9,"key":"Charon\u0027s Ashes"},{"floor":13,"key":"Gambling Chip"}],"event_choices":[{"damage_healed":0,"gold_gain":0,"player_choice":"Take Wound","damage_taken":0,"relics_obtained":["Golden Idol"],"max_hp_gain":0,"max_hp_loss":0,"event_name":"Golden Idol","floor":4,"gold_loss":0,"cards_obtained":["Injury"]},{"cards_removed":["Strike_R"],"damage_healed":0,"gold_gain":0,"player_choice":"Card Removal","damage_taken":0,"max_hp_gain":0,"max_hp_loss":0,"event_name":"The Cleric","floor":10,"gold_loss":50}],"is_beta":false,"boss_relics":[{"not_picked":["Pandora\u0027s Box","Fusion Hammer"],"picked":"Tiny House"}],"items_purged_floors":[3],"is_endless":false,"potions_floor_spawned":[1,6,11,13,18],"killed_by":"Cultist and Chosen","ascension_level":2}}