{"host":"1","time":1608054387,"event":{"mods":["Act Like it!","BaseMod","Better Third Choice","Hubris","Jorbs\u0027s Wanderer Trilogy","Minty Spire (QoL Compilation)","Replay The Spire","Shade Mod","StSLib","The Cursed","The Mystic","Wandering Minibosses"],"gold_per_floor":[111,111,0,0,14,43,43,57,84,98,98,113,139,26,26,157,157,180,180,180,144,144,169,169,169,169,210,210,231,231,171,171,171,171],"floor_reached":33,"playtime":891,"items_purged":[],"score":302,"play_id":"16fa3e1d-2843-499b-8f6e-6317e9ae3515","local_time":"20201215204627","is_ascension_mode":true,"campfire_choices":[{"floor":7,"key":"RECALL"},{"floor":24,"key":"REST"},{"floor":28,"key":"REST"},{"floor":32,"key":"DIG"}],"circlet_count":0,"master_deck":["Strike_B","Strike_B","Defend_B","Defend_B","Defend_B","Defend_B","Zap+1","Dualcast","Sweeping Beam","Enlightenment","FTL","Beam Cell","Streamline","Scrape+1","Storm","Reboot","Conserve Battery","ReplayTheSpireMod:Calculation Training","Aggregate","Gash","Echo Form","Fusion","Regret","Genetic Algorithm"],"relics":["Cracked Core","Oddly Smooth Stone","Golden Idol","ReplayTheSpireMod:TigerMarble","Cursed Key","Gremlin Horn","TungstenRod","Bag of Preparation"],"acts_visited":["Exordium","TheCity"],"potions_floor_usage":[12,21,23,33],"damage_taken":[{"damage":0,"enemies":"Cultist","floor":1,"turns":1},{"damage":0,"enemies":"Jaw Worm","floor":5,"turns":1},{"damage":0,"enemies":"Replay:BlueRogue","floor":6,"turns":1},{"damage":9,"enemies":"Small Slimes","floor":8,"turns":2},{"damage":6,"enemies":"3 Louse","floor":10,"turns":2},{"damage":5,"enemies":"Large Slime","floor":12,"turns":3},{"damage":56,"enemies":"Hexaghost","floor":16,"turns":9},{"damage":4,"enemies":"Chosen","floor":18,"turns":4},{"damage":6,"enemies":"Shell Parasite","floor":21,"turns":7},{"damage":23,"enemies":"Cultist and Chosen","floor":23,"turns":5},{"damage":63,"enemies":"Slavers","floor":27,"turns":7},{"damage":19,"enemies":"Sentry and Sphere","floor":29,"turns":5},{"damage":14,"enemies":"hubris:MusketHawk","floor":33,"turns":3}],"seed_played":"-1863407614781706309","potions_obtained":[{"floor":6,"key":"Fire Potion"},{"floor":8,"key":"PowerPotion"},{"floor":16,"key":"Ancient Potion"},{"floor":21,"key":"Milkshake"},{"floor":23,"key":"Fire Potion"}],"is_trial":false,"path_per_floor":["M","?","?","?","M","E","R","M","T","M","?","M","T","$","R","B",null,"M","?","?","M","$","M","R","?","T","E","R","M","?","?","R","B"],"character_chosen":"DEFECT","items_purchased":["Scrape","Storm"],"campfire_rested":2,"item_purchase_floors":[14,14],"current_hp_per_floor":[75,75,81,81,81,81,81,72,72,66,46,41,41,41,65,9,81,77,77,77,71,71,48,72,72,72,9,33,14,14,14,14,0,0],"gold":171,"neow_bonus":"THREE_ENEMY_KILL","is_daily":false,"chose_seed":false,"campfire_upgraded":0,"win_rate":0.0,"timestamp":1608054387,"path_taken":["M","?","?","?","M","E","R","M","T","M","?","M","?","$","R","BOSS","M","?","?","M","$","?","R","?","T","E","R","M","?","?","R","BOSS"],"items_purchased_type":["Card","Card"],"build_version":"2020-11-17","purchased_purges":0,"victory":false,"max_hp_per_floor":[75,75,81,81,81,81,81,81,81,81,81,81,81,81,81,81,81,81,81,81,81,81,81,81,81,81,81,81,81,81,81,81,81,81],"card_choices":[{"not_picked":["Steam","Rebound"],"picked":"Sweeping Beam","floor":1},{"not_picked":["Coolheaded","Barrage","Chaos"],"picked":"SKIP","floor":5},{"not_picked":["Lockon","Ball Lightning"],"picked":"Beam Cell","floor":6},{"not_picked":["Panic Button","Steam","Fission"],"picked":"SKIP","floor":8},{"not_picked":["Beam Cell","Consume"],"picked":"Streamline","floor":10},{"not_picked":["Leap","Stack","Hologram"],"picked":"SKIP","floor":12},{"not_picked":["Meteor Strike","Biased Cognition"],"picked":"Reboot","floor":16},{"not_picked":["Hologram+1","Double Energy"],"picked":"Conserve Battery","floor":18},{"not_picked":["Redo","Stack"],"picked":"ReplayTheSpireMod:Calculation Training","floor":21},{"not_picked":["Hologram","Chill"],"picked":"Aggregate","floor":23},{"not_picked":["Amplify","Tempest+1"],"picked":"Echo Form","floor":27},{"not_picked":["Rebound+1","Beam Cell"],"picked":"Fusion","floor":29}],"player_experience":77950,"relics_obtained":[{"floor":6,"key":"Oddly Smooth Stone"},{"floor":13,"key":"ReplayTheSpireMod:TigerMarble"},{"floor":26,"key":"Gremlin Horn"},{"floor":27,"key":"TungstenRod"},{"floor":32,"key":"Bag of Preparation"}],"event_choices":[{"damage_healed":0,"gold_gain":0,"player_choice":"RENOUNCE","damage_taken":111,"max_hp_gain":0,"max_hp_loss":0,"event_name":"betterThird:BetterSerpent","floor":3,"gold_loss":111,"cards_obtained":["Enlightenment"]},{"damage_healed":0,"gold_gain":0,"player_choice":"Take Damage","damage_taken":20,"relics_obtained":["Golden Idol"],"max_hp_gain":0,"max_hp_loss":0,"event_name":"Golden Idol","floor":11,"gold_loss":0},{"damage_healed":0,"gold_gain":0,"player_choice":"Upgraded","damage_taken":0,"max_hp_gain":0,"max_hp_loss":0,"event_name":"Upgrade Shrine","floor":20,"gold_loss":0,"cards_upgraded":["Zap"]},{"damage_healed":0,"gold_gain":0,"player_choice":"Read","damage_taken":0,"max_hp_gain":0,"max_hp_loss":0,"event_name":"The Library","floor":25,"gold_loss":0,"cards_obtained":["Gash"]},{"damage_healed":0,"gold_gain":0,"cards_transformed":["hubris:Disease","Strike_B"],"player_choice":"Became Test Subject","damage_taken":0,"max_hp_gain":0,"max_hp_loss":0,"event_name":"Drug Dealer","floor":30,"gold_loss":0,"cards_obtained":["Regret","Genetic Algorithm"]}],"is_beta":true,"boss_relics":[{"not_picked":["Velvet Choker","Coffee Dripper"],"picked":"Cursed Key"}],"items_purged_floors":[],"is_endless":false,"potions_floor_spawned":[6,8,16,21,23],"killed_by":"hubris:MusketHawk","ascension_level":1}}