{"host":"detovitglhtzaqdj","time":1608003136,"event":{"mods":["2.2 Compatiblity","AchievementEnabler","Aspiration","BaseMod","Better Altar","Better Match","Better Note","Better Sensory Stone","Better Skull","Better Third Choice","Card Filter","Colored Map","Colored Powertips","Current Relic Mod","Curses Come First","Custom Start","Downfall","Emptier Cage","Friendly Minions","Highlight Path","Minty Spire (QoL Compilation)","Quick Restart","Red Circlet Mod","Relic Filter","Relic Stats","Remove Card Discount Mod","Replay The Spire","Shop Mod","Somnambulant","StSLib","The Exordian Avenger","The Jungle","TheHeartMod","Thieving Mod","Transform Curses","Virulent Crown"],"gold_per_floor":[109,109,184,200,216,216,216,233,260,81,70,70,84,49,49,153,153,169,185,95,106,122,122,135,146,226,226,226],"floor_reached":27,"playtime":1305,"items_purged":["Doubt"],"score":357,"play_id":"7262a5cb-8462-433d-8590-05e2511c32f9","local_time":"20201215143216","is_ascension_mode":false,"campfire_choices":[{"floor":7.0,"key":"REST"},{"floor":12.0,"key":"REST"},{"data":"Apotheosis","floor":15.0,"key":"SMITH"},{"floor":23.0,"key":"REST"}],"circlet_count":0,"master_deck":["Apotheosis+1","Mayhem","Mayhem","Mayhem","Mayhem","Mayhem","Mayhem","Mayhem","Mayhem+1","Mayhem","Mayhem","Good Instincts","Good Instincts","Atom Bomb","Atom Bomb","Atom Bomb","Double Energy","Double Energy","Double Energy","Double Energy","Double Energy","Endless Agony","Bane","Concentrate","Backstab","Backstab","Sucker Punch","PiercingWail","Fluid Movement","Sadistic Nature","Panacea","expansioncontent:QuickStudy","Deadly Poison+1","Adrenaline","Deflect+1","expansioncontent:Corrupt+1","Night Terror+1","ReplayTheSpireMod:Scrap Shanks+1","Adrenaline","Slice","Concentrate","Deadly Poison","Riddle With Holes+1"],"relics":["Ring of the Snake","Unceasing Top","Ice Cream","Membership Card","Blue Doll","Bottled Lightning","Bottled Tornado","Guardian:BottledStasis","Bottled Flame","aspiration:FrozenJewel","Frozen Eye","PreservedInsect","MerchantsRug","Toy Ornithopter","Guardian:GemstoneGun","ReplayTheSpireMod:ShopPack","Astrolabe","Blue Candle"],"acts_visited":["Exordium","TheCity"],"potions_floor_usage":[],"damage_taken":[{"damage":0.0,"enemies":"2 Louse","floor":1.0,"turns":3.0},{"damage":0.0,"enemies":"Jaw Worm","floor":4.0,"turns":1.0},{"damage":8.0,"enemies":"Small Slimes","floor":5.0,"turns":3.0},{"damage":8.0,"enemies":"Looter","floor":8.0,"turns":2.0},{"damage":0.0,"enemies":"3 Louse","floor":13.0,"turns":2.0},{"damage":0.0,"enemies":"Slime Boss","floor":16.0,"turns":3.0},{"damage":4.0,"enemies":"3 Byrds","floor":18.0,"turns":3.0},{"damage":5.0,"enemies":"Shell Parasite","floor":19.0,"turns":4.0},{"damage":4.0,"enemies":"Centurion and Healer","floor":21.0,"turns":2.0},{"damage":23.0,"enemies":"Cultist and Chosen","floor":22.0,"turns":6.0},{"damage":0,"enemies":"Snake Plant","floor":24,"turns":1},{"damage":4,"enemies":"3 Cultists","floor":25,"turns":3},{"damage":0,"enemies":"Cultist and Chosen","floor":27,"turns":3}],"seed_played":"225127616263156353","potions_obtained":[{"floor":4.0,"key":"Weak Potion"},{"floor":5.0,"key":"Elixir"},{"floor":8.0,"key":"AttackPotion"}],"is_trial":true,"path_per_floor":["M","?","?","M","M","?","R","M","T","$","$","R","M","?","R","B",null,"M","M","?","M","M","R","M","M","T","M"],"character_chosen":"THE_SILENT","items_purchased":["MerchantsRug","BargainBundle","Toy Ornithopter","Guardian:GemstoneGun","Backstab","LifebloodPotion","Fire Potion","SkillPotion","Mayhem","expansioncontent:DonusPower+1","Sucker Punch","ReplayTheSpireMod:Shiv Toss","PiercingWail","Fluid Movement","ReplayTheSpireMod:ShopPack"],"campfire_rested":3,"item_purchase_floors":[10,10,10,10,10,10,10,10,10,10,10,10,10,10,11],"current_hp_per_floor":[70,70,59,59,51,51,70,62,62,62,62,70,70,70,70,70,70,66,61,61,57,34,55,55,51,51,51,51],"gold":226,"neow_bonus":"","is_daily":false,"chose_seed":false,"campfire_upgraded":1,"win_rate":0.0,"timestamp":1608003136,"path_taken":["M","?","?","M","M","?","R","M","T","?","$","R","M","?","R","BOSS","M","M","?","?","M","R","M","M","T","M"],"items_purchased_type":["Relic","Relic","Relic","Relic","Card","Potion","Potion","Potion","Card","Card","Card","Card","Card","Card","Relic"],"build_version":"2020-12-13","purchased_purges":1,"victory":false,"max_hp_per_floor":[70,70,70,70,70,70,70,70,70,70,70,70,70,70,70,70,70,70,70,70,70,70,70,70,70,70,70,70],"relic_stats":{"counters":[13,36],"Astrolabe":["Deflect","expansioncontent:Corrupt","Night Terror"],"Blue Candle":[0],"PreservedInsect":0,"obtain_stats":[{"Ice Cream":0,"Guardian:BottledStasis":0,"MerchantsRug":10,"BargainBundle":10,"Guardian:GemstoneGun":10,"Astrolabe":17,"Blue Candle":26,"Blue Doll":0,"PreservedInsect":9,"Bottled Tornado":0,"aspiration:FrozenJewel":0,"Frozen Eye":0,"Bottled Flame":0,"Membership Card":0,"Bottled Lightning":0,"Unceasing Top":0,"Toy Ornithopter":10,"Ring of the Snake":0,"ReplayTheSpireMod:ShopPack":11},{"Ice Cream":0,"Guardian:BottledStasis":0,"MerchantsRug":4,"BargainBundle":4,"Guardian:GemstoneGun":4,"Astrolabe":6,"Blue Candle":12,"Blue Doll":0,"PreservedInsect":4,"Bottled Tornado":0,"aspiration:FrozenJewel":0,"Frozen Eye":0,"Bottled Flame":0,"Membership Card":0,"Bottled Lightning":0,"Unceasing Top":0,"Toy Ornithopter":4,"Ring of the Snake":0,"ReplayTheSpireMod:ShopPack":4},{"Ice Cream":0,"Guardian:BottledStasis":0,"MerchantsRug":9,"BargainBundle":9,"Guardian:GemstoneGun":9,"Astrolabe":14,"Blue Candle":33,"Blue Doll":0,"PreservedInsect":9,"Bottled Tornado":0,"aspiration:FrozenJewel":0,"Frozen Eye":0,"Bottled Flame":0,"Membership Card":0,"Bottled Lightning":0,"Unceasing Top":0,"Toy Ornithopter":9,"Ring of the Snake":0,"ReplayTheSpireMod:ShopPack":9}],"Unceasing Top":[53],"Toy Ornithopter":0,"Ring of the Snake":[29]},"card_choices":[{"not_picked":["Poisoned Stab","Heel Hook"],"picked":"Endless Agony","floor":1.0},{"not_picked":["Prepared","Distraction"],"picked":"Bane","floor":4.0},{"not_picked":["Well Laid Plans","Deflect"],"picked":"Calculated Gamble","floor":5.0},{"not_picked":["Flying Knee","Leg Sweep"],"picked":"Concentrate","floor":8.0},{"not_picked":["ReplayTheSpireMod:Brewmster","expansioncontent:StudyTheSpire"],"picked":"Sadistic Nature","floor":11.0},{"not_picked":["expansioncontent:TimeRipple","Discovery"],"picked":"Panacea","floor":11.0},{"not_picked":["expansioncontent:ChargeUp","Replay:SS_hec_2"],"picked":"expansioncontent:QuickStudy","floor":11.0},{"not_picked":["Distraction","Flying Knee"],"picked":"Deadly Poison","floor":13.0},{"not_picked":["Corpse Explosion","Bullet Time"],"picked":"Adrenaline","floor":16.0},{"not_picked":["Poisoned Stab","Dagger Spray"],"picked":"ReplayTheSpireMod:Scrap Shanks+1","floor":18.0},{"not_picked":["Cloak And Dagger","Flying Knee"],"picked":"Adrenaline","floor":19.0},{"not_picked":["Deflect","Cloak And Dagger"],"picked":"Slice","floor":21.0},{"not_picked":["PiercingWail","Sneak Up"],"picked":"Concentrate","floor":22.0},{"not_picked":["Blade Dance+1","Sucker Punch"],"picked":"Deadly Poison","floor":24},{"not_picked":["Fluid Movement","Flying Knee"],"picked":"Riddle With Holes+1","floor":25}],"player_experience":38124,"relics_obtained":[{"floor":9.0,"key":"PreservedInsect"},{"floor":26,"key":"Blue Candle"}],"event_choices":[{"damage_healed":0.0,"max_hp_gain":0.0,"max_hp_loss":0.0,"gold_gain":75.0,"event_name":"betterThird:BetterGoop","player_choice":"Gold","floor":3.0,"gold_loss":0.0,"damage_taken":11.0},{"damage_healed":17.0,"max_hp_gain":0.0,"max_hp_loss":0.0,"gold_gain":0.0,"event_name":"The Cleric","player_choice":"Healed","floor":14.0,"gold_loss":35.0,"damage_taken":0.0},{"cards_removed":["Mayhem"],"damage_healed":0.0,"max_hp_gain":0.0,"max_hp_loss":0.0,"gold_gain":0.0,"event_name":"Designer","player_choice":"Upgrade and Remove","floor":20.0,"gold_loss":90.0,"damage_taken":0.0,"cards_upgraded":["Deadly Poison"]}],"is_beta":false,"boss_relics":[{"not_picked":["Sozu","Coffee Dripper"],"picked":"Astrolabe"}],"items_purged_floors":[11],"is_endless":false,"potions_floor_spawned":[4,5,8,19,25],"killed_by":"Cultist and Chosen","ascension_level":0}}