{"host":"i41n6wh529970c2c","time":1608053610,"event":{"mods":["Act Like it!","BaseMod","BetterRewards","Friendly Minions","Gold Saver","Hermit","Minty Spire (QoL Compilation)","Replay The Spire","Shop Mod","StSLib"],"gold_per_floor":[428,428,503,520,520,520,555,574,574,244,257,257,284,376,376,376,376],"floor_reached":16,"playtime":962,"items_purged":["Defend_R"],"score":200,"play_id":"6d30b1e6-6879-47b1-88e6-612e5d39a0dd","local_time":"20201215123330","is_ascension_mode":true,"campfire_choices":[{"data":"Rupture","floor":6.0,"key":"SMITH"},{"data":"Berserk","floor":12.0,"key":"SMITH"},{"floor":15.0,"key":"REST"}],"circlet_count":0,"master_deck":["AscendersBane","Strike_R","Strike_R","Strike_R","Strike_R","Defend_R","Defend_R","Defend_R","Bash","Rupture+1","Bloodletting","Regret","Spot Weakness","Berserk+1","ReplayTheSpireMod:Splinters","Pot Of Greed","Pot Of Greed","Life Link"],"relics":["Burning Blood","NeowsBlessing","Counterbalance","Juzu Bracelet","FossilizedHelix","Bottled Lightning","Pet Ghost","Grinning Jar"],"acts_visited":["Exordium"],"potions_floor_usage":[],"damage_taken":[{"damage":0.0,"enemies":"Small Slimes","floor":1.0,"turns":1.0},{"damage":0.0,"enemies":"2 Louse","floor":4.0,"turns":1.0},{"damage":3.0,"enemies":"3 Sentries","floor":7.0,"turns":2.0},{"damage":10.0,"enemies":"Jaw Worm","floor":8.0,"turns":5.0},{"damage":32.0,"enemies":"Large Slime","floor":11.0,"turns":8.0},{"damage":34.0,"enemies":"Gremlin Nob","floor":13.0,"turns":4.0},{"damage":0,"enemies":"Fading Forest","floor":16,"turns":1}],"seed_played":"-1761027757802678782","potions_obtained":[{"floor":7.0,"key":"Energy Potion"},{"floor":8.0,"key":"Dexterity Potion"},{"floor":13.0,"key":"Toxic Potion"}],"is_trial":false,"path_per_floor":["M","?","?","M","?","R","E","M","T","$","M","R","E","?","R","B"],"character_chosen":"IRONCLAD","items_purchased":["Bottled Lightning"],"campfire_rested":1,"item_purchase_floors":[10],"current_hp_per_floor":[78,78,67,73,73,73,76,72,72,72,46,46,18,18,42,42,42],"gold":376,"neow_bonus":"THREE_ENEMY_KILL","is_daily":false,"chose_seed":false,"campfire_upgraded":2,"win_rate":0.0,"timestamp":1608053610,"path_taken":["M","?","?","M","?","R","E","M","T","?","M","R","E","?","R","BOSS"],"items_purchased_type":["Relic"],"build_version":"2020-12-13","purchased_purges":1,"victory":false,"max_hp_per_floor":[80,80,80,80,80,80,80,80,80,80,80,80,80,80,80,80,80],"card_choices":[{"not_picked":["Replay:Undeath\u0027s Touch","Wild Strike","True Grit"],"picked":"SKIP","floor":1.0},{"not_picked":["Clash","Shrug It Off"],"picked":"Bloodletting","floor":4.0},{"not_picked":["True Grit","Perfected Strike","Run Through"],"picked":"SKIP","floor":7.0},{"not_picked":["Replay:Undeath\u0027s Touch","Twin Strike"],"picked":"Spot Weakness","floor":8.0},{"not_picked":["Thunderclap","True Grit"],"picked":"Berserk","floor":11.0},{"not_picked":["Havoc","Clash","Dual Wield"],"picked":"SKIP","floor":13.0},{"not_picked":["True Grit","Sword Boomerang"],"picked":"Life Link","floor":14.0}],"player_experience":752484,"relics_obtained":[{"floor":7.0,"key":"Juzu Bracelet"},{"floor":9.0,"key":"FossilizedHelix"},{"floor":13.0,"key":"Pet Ghost"},{"floor":14.0,"key":"Grinning Jar"}],"event_choices":[{"damage_healed":0.0,"max_hp_gain":0.0,"max_hp_loss":0.0,"gold_gain":0.0,"cards_transformed":["Strike_R"],"event_name":"Living Wall","player_choice":"Change","floor":2.0,"gold_loss":0.0,"damage_taken":0.0,"cards_obtained":["Rupture"]},{"damage_healed":0.0,"max_hp_gain":0.0,"max_hp_loss":0.0,"gold_gain":75.0,"event_name":"World of Goop","player_choice":"Gather Gold","floor":3.0,"gold_loss":0.0,"damage_taken":11.0},{"damage_healed":0.0,"max_hp_gain":0.0,"max_hp_loss":0.0,"gold_gain":0.0,"event_name":"Big Fish","player_choice":"Box","floor":5.0,"gold_loss":0.0,"damage_taken":0.0,"relics_obtained":["Counterbalance"],"cards_obtained":["Regret"]}],"is_beta":false,"boss_relics":[],"items_purged_floors":[10],"is_endless":false,"potions_floor_spawned":[7,8,13],"killed_by":"Fading Forest","ascension_level":10}}