{"host":"nox","time":1608004177,"event":{"mods":["BaseMod","Colored Powertips","Minty Spire (QoL Compilation)","Quick Restart","Replay The Spire","StSLib"],"gold_per_floor":[118,43,57,74,74,74,93,93,93,104,124,124,139,139,139],"floor_reached":14,"playtime":424,"items_purged":["Strike_B"],"score":101,"play_id":"2a65117b-4503-4ba1-a1f4-76b6a9a0a04c","local_time":"20201215104937","is_ascension_mode":true,"campfire_choices":[{"data":"Chaos","floor":6,"key":"SMITH"},{"data":"Time Bomb","floor":8,"key":"SMITH"},{"floor":12,"key":"REST"}],"circlet_count":0,"master_deck":["Strike_B","Strike_B","Strike_B","Defend_B","Defend_B","Defend_B","Defend_B","Zap","Dualcast","Chaos+1","Gash","BasicCrystalCard+1","Time Bomb+1","Gash","Static Discharge","Creative AI"],"relics":["Sozu","The Courier"],"acts_visited":["Exordium"],"potions_floor_usage":[],"damage_taken":[{"damage":0,"enemies":"2 Louse","floor":1,"turns":2},{"damage":1,"enemies":"Cultist","floor":3,"turns":4},{"damage":7,"enemies":"Small Slimes","floor":4,"turns":3},{"damage":20,"enemies":"Gremlin Gang","floor":7,"turns":5},{"damage":2,"enemies":"Looter","floor":10,"turns":3},{"damage":11,"enemies":"2 Fungi Beasts","floor":11,"turns":3},{"damage":6,"enemies":"Exordium Thugs","floor":13,"turns":4},{"damage":54,"enemies":"3 Sentries","floor":14,"turns":8}],"seed_played":"-991116282690093287","potions_obtained":[],"is_trial":false,"path_per_floor":["M","$","M","M","?","R","M","R","T","M","M","R","M","E"],"character_chosen":"DEFECT","items_purchased":[],"campfire_rested":1,"item_purchase_floors":[],"current_hp_per_floor":[75,75,74,67,67,67,47,47,47,45,34,56,50,0,0],"gold":139,"neow_bonus":"BOSS_RELIC","is_daily":false,"chose_seed":false,"campfire_upgraded":2,"win_rate":0.0,"timestamp":1608004177,"path_taken":["M","$","M","M","?","R","M","R","T","?","M","R","M","E"],"items_purchased_type":[],"build_version":"2020-11-17","purchased_purges":1,"victory":false,"max_hp_per_floor":[75,75,75,75,75,75,75,75,75,75,75,75,75,75,75],"card_choices":[{"not_picked":["Double Energy","Crystallizer"],"picked":"Chaos","floor":1},{"not_picked":["Turbo","Sunder"],"picked":"Gash","floor":3},{"not_picked":["Steam Power","Compile Driver"],"picked":"BasicCrystalCard","floor":4},{"not_picked":["Leap","Go for the Eyes"],"picked":"Time Bomb","floor":7},{"not_picked":["BasicCrystalCard","Redo"],"picked":"Gash","floor":10},{"not_picked":["Rebound","Conserve Battery"],"picked":"Static Discharge","floor":11},{"not_picked":["Conserve Battery","Barrage"],"picked":"Creative AI","floor":13}],"player_experience":107194,"relics_obtained":[{"floor":9,"key":"The Courier"}],"event_choices":[{"damage_healed":0,"gold_gain":0,"player_choice":"Upgraded","damage_taken":0,"max_hp_gain":0,"max_hp_loss":0,"event_name":"Upgrade Shrine","floor":5,"gold_loss":0,"cards_upgraded":["BasicCrystalCard"]}],"is_beta":true,"boss_relics":[],"items_purged_floors":[2],"is_endless":false,"potions_floor_spawned":[1,4,7,10,11],"killed_by":"3 Sentries","ascension_level":4}}