{"host":"fhq3k2nq5elnbks3","time":1608027929,"event":{"mods":["2.2 Compatiblity","AchievementEnabler","Act Like it!","AlwaysNeverKeys","Aspiration","Astrologer","Bard","Bartender","BaseMod","Better Altar","Better Skull","Better Vampires","Better-Laid Plans","Block Reminder","CCEM","CapriCore","Card Filter","CatGirl Mod","Chen","Colored Powertips","Displayed Cursed Tome","Dota2Spire","Ekko","Eldritch Tears","Elementarium","Fiend Mod","Fireblade Mod","Friendly Minions","FutureSeer","Gensokyo","GifTheSpireLib","Gremlin Mod","Gremlin Skip","Halation","Hallownest","Hermit","HololiveMod","Hunter ??","JesterMod","Jorbs\u0027s Wanderer Trilogy","Koishi","Mad Scientist","Magitek Elite","Marisa????????","Mathemortician","Menagerie","Minty Spire (QoL Compilation)","Nova Terra(??·??)","Onozuka Komachi Mod","Pale of the Ancients","Permanent Neow","Potionbrewer","Prisma Mod","QueenMod","Quick Restart","READ ME - Guardian Mod","Reimu??????","Relic Filter","Remilia_Scarlet Moed?????·?????3.3.5","Remilia??????","Robot Space Explorer","Ruin Mod","SOS???????","Shop Mod","Somnambulant","Spikes Relics","StSLib","SuperFastMode","Td1madao Mod","The Animator","The Blackbeard","The Bug Knight","The Cursed","The Exordian Avenger","The Forsaken","The Gatherer","The Hierophant","The Immortal","The Necromancer","The Runesmith","The Servant 0.9.4","The Trickster","The Wild Card","TheBandit","TheFirefly","Thrall Mod","Transform Curses","Uncapped","Unknown Chances","Virulent Crown","WarShipGirlsR/????R mod","Yohane!","Yuri Mod","themimic","thorton","vexMod"],"gold_per_floor":[119,119,136,148,110,143,143,160,160,160,160,170,170,185,185,285,285,285],"floor_reached":17,"playtime":914,"items_purged":[],"score":182,"play_id":"3cbea147-08c8-4ccf-949a-e73e904fead0","local_time":"20201215042529","is_ascension_mode":false,"campfire_choices":[{"data":"rmod:diaomin","floor":7,"key":"SMITH"},{"data":"rmod:basicallowance","floor":11,"key":"SMITH"},{"data":"rmod:aluminumsupply","floor":13,"key":"SMITH"},{"data":"rmod:acesubmarine","floor":15,"key":"SMITH"}],"circlet_count":0,"master_deck":["rmod:strick","rmod:strick","rmod:strick","rmod:defend","rmod:defend","rmod:defend","rmod:defend","rmod:basicallowance+1","rmod:maingunfire","rmod:diaomin+1","rmod:luckystar","rmod:firesupport","rmod:acesubmarine+1","rmod:heivgo+1","rmod:tearstotiara+1","rmod:ammunitionsupply+1"],"relics":["rmod:firstchargereward","MerchantsRug","halation:KoshaPiece","SnailShell","Astrolabe"],"acts_visited":["Exordium","TheCity"],"potions_floor_usage":[],"damage_taken":[{"damage":0,"enemies":"2 Louse","floor":1,"turns":3},{"damage":0,"enemies":"Cultist","floor":3,"turns":4},{"damage":0,"enemies":"Small Slimes","floor":4,"turns":4},{"damage":0,"enemies":"Lagavulin","floor":6,"turns":7},{"damage":9,"enemies":"Red Slaver","floor":8,"turns":4},{"damage":7,"enemies":"3 Louse","floor":12,"turns":3},{"damage":0,"enemies":"Large Slime","floor":14,"turns":5},{"damage":24,"enemies":"Hexaghost","floor":16,"turns":7}],"seed_played":"-8460289060453178422","potions_obtained":[{"floor":6,"key":"potionbrewer:DiscountPotion"},{"floor":8,"key":"potionbrewer:CleansingPotion"},{"floor":12,"key":"potionbrewer:FreezingPotion"}],"is_trial":false,"path_per_floor":["M","?","M","M","$","E","R","M","T","?","R","M","R","M","R","B",null],"character_chosen":"PRAEFECT","items_purchased":["MerchantsRug"],"campfire_rested":0,"item_purchase_floors":[5],"current_hp_per_floor":[75,75,75,75,75,75,75,66,66,66,66,59,59,59,59,35,75,75],"gold":285,"neow_bonus":"NOSTALGIA","is_daily":false,"chose_seed":false,"campfire_upgraded":4,"win_rate":0.0,"timestamp":1608027929,"path_taken":["M","?","M","M","$","E","R","?","T","?","R","M","R","M","R","BOSS"],"items_purchased_type":["Relic"],"build_version":"2020-12-13","purchased_purges":0,"victory":false,"max_hp_per_floor":[75,75,75,75,75,75,75,75,75,75,75,75,75,75,75,75,75,75],"card_choices":[{"not_picked":["rmod:tearstotiara","rmod:slowdown"],"picked":"rmod:intelligenceanalysis","floor":1},{"not_picked":["rmod:garrisonisland","rmod:slowdown"],"picked":"rmod:diaomin","floor":3},{"not_picked":["rmod:diaomin","rmod:punchline"],"picked":"rmod:luckystar","floor":4},{"not_picked":["rmod:victimresponsibility","rmod:supportescort"],"picked":"rmod:firesupport","floor":6},{"not_picked":["rmod:steelsupply","rmod:fuelsupply","rmod:diaomin"],"picked":"SKIP","floor":8},{"not_picked":["rmod:expedition","rmod:garrisonisland"],"picked":"rmod:aluminumsupply","floor":12},{"not_picked":["rmod:gendarmerie","rmod:advancebysurprise"],"picked":"rmod:acesubmarine","floor":14},{"not_picked":["rmod:stealaluminum","rmod:seals"],"picked":"rmod:expeditionaryescort","floor":16}],"player_experience":574344,"relics_obtained":[{"floor":6,"key":"halation:KoshaPiece"},{"floor":9,"key":"SnailShell"}],"event_choices":[{"cards_removed":["rmod:intelligenceanalysis"],"damage_healed":5,"gold_gain":0,"player_choice":"Offered Common","damage_taken":0,"max_hp_gain":0,"max_hp_loss":0,"event_name":"Bonfire Elementals","floor":2,"gold_loss":0},{"cards_removed":["rmod:intelligenceanalysis"],"damage_healed":5,"gold_gain":0,"player_choice":"Offered Special","damage_taken":0,"max_hp_gain":0,"max_hp_loss":0,"event_name":"Bonfire Elementals","floor":2,"gold_loss":0},{"damage_healed":0,"gold_gain":0,"player_choice":"Ignored","damage_taken":0,"max_hp_gain":0,"max_hp_loss":0,"event_name":"Purifier","floor":10,"gold_loss":0}],"is_beta":false,"boss_relics":[{"not_picked":["vexMod:EndlessSickness","Runesmith:UraniumAnvil"],"picked":"Astrolabe"}],"items_purged_floors":[],"is_endless":false,"potions_floor_spawned":[6,8,12],"ascension_level":0}}