{"host":"gzp6u3z29civwxj4","time":1608001283,"event":{"mods":["Act Like it!","Aspiration","Bartender","BaseMod","Better Match","Better Note","Better Skull","Better Third Choice","BetterRewards","Colored Map","Colored Powertips","Friendly Minions","GungeonMod","Hermit","HololiveMod","Hubris","KinomotoSakuraMod(????)","Luminous","Marked Mod","Melee Mod","Minty Spire (QoL Compilation)","Potionbrewer","Replay The Spire","Shop Mod","Spicy Shops","StSLib","SuperFastMode","The Animator","The Edgeheg","The Jungle","The Servant 0.9.4","The Wild Card"],"gold_per_floor":[119,119,441,460,478,478,505,521,521,548,568,568,602,614,614,715,715,732,751,751,767,767,767,787,813,813,20,20,20,37,53,53,450,450,468,567,567,567,582,582,37,37,113,140,140,140,155,170,170,170,170,170,19,52,52,52],"floor_reached":55,"playtime":2946,"items_purged":["Regret","Hololive_CallManoAloe"],"score":850,"play_id":"4b1ee154-fd66-462f-91ec-375bf5b0dfcb","local_time":"20201214190123","is_ascension_mode":true,"campfire_choices":[{"floor":6,"key":"REST"},{"floor":12,"key":"REST"},{"floor":15,"key":"REST"},{"floor":23,"key":"REST"},{"floor":32,"key":"REST"},{"floor":40,"key":"REST"},{"floor":42,"key":"REST"},{"floor":45,"key":"RECALL"},{"data":"meleeMod_AmsahTech","floor":49,"key":"SMITH"},{"data":"meleeMod_UpSmash","floor":52,"key":"SMITH"}],"circlet_count":0,"master_deck":["meleeMod_Jab","meleeMod_Shield","meleeMod_Shield","meleeMod_Shield","meleeMod_Shield","meleeMod_NeutralAir","meleeMod_BackAir","meleeMod_RaptorBoost","meleeMod_RaptorBoost","meleeMod_BackAir","meleeMod_RaptorBoost","meleeMod_GetUpAttack","meleeMod_AmsahTech+1","meleeMod_Randall","meleeMod_BabActivated","meleeMod_BabActivated","meleeMod_LoseStock","meleeMod_Fishing+1","meleeMod_BabActivated+1","meleeMod_PhantomHit+1","meleeMod_NoDI","meleeMod_SuperMushroom","meleeMod_AmsahTech","meleeMod_SomebodyClipThat","meleeMod_Grab+1","meleeMod_BlueFalcon","meleeMod_BlueFalcon","meleeMod_UpSmash+1","meleeMod_PowerShield","Hololive_Sequa","meleeMod_Gentleman","meleeMod_DownTilt+1","meleeMod_Gentleman","meleeMod_EdgeGuard","Panache","Good Instincts","meleeMod_DIMixUp","meleeMod_Roll","meleeMod_Pause","Hololive_Rebound","meleeMod_NeutralAir+1"],"relics":["meleeMod_LosersMang0","NeowsBlessing","potionbrewer:RamsHorn","Old Coin","Pen Nib","Orichalcum","DemoMod:DecoyRelic","hubris:Spice","Astrolabe","hubris:DisguiseKit","Ornamental Fan","DemoMod:PoisonVial","Sundial","hubris:Towel","potionbrewer:Keyblade","hubris:Icosahedron","aspiration:FrozenJewel","DemoMod:GundromedaStrain","meleeMod_AirWobbling","aspiration:StickyExplosives_weak"],"acts_visited":["Exordium","TheCity","TheBeyond","TheEnding"],"potions_floor_usage":[7,13,16,16,24,30,33,55,55],"damage_taken":[{"damage":0,"enemies":"Cultist","floor":1,"turns":1},{"damage":0,"enemies":"Small Slimes","floor":4,"turns":1},{"damage":0,"enemies":"2 Louse","floor":5,"turns":1},{"damage":9,"enemies":"Replay:BlueRogue","floor":7,"turns":3},{"damage":0,"enemies":"Red Slaver","floor":8,"turns":2},{"damage":11,"enemies":"Gremlin Nob","floor":10,"turns":3},{"damage":10,"enemies":"Exordium Thugs","floor":11,"turns":4},{"damage":3,"enemies":"3 Sentries","floor":13,"turns":6},{"damage":0,"enemies":"Large Slime","floor":14,"turns":1},{"damage":62,"enemies":"Hexaghost","floor":16,"turns":5},{"damage":21,"enemies":"2 Thieves","floor":18,"turns":4},{"damage":4,"enemies":"Chosen","floor":19,"turns":4},{"damage":26,"enemies":"3 Cultists","floor":21,"turns":4},{"damage":38,"enemies":"Centurion and Healer","floor":24,"turns":4},{"damage":1,"enemies":"Gremlin Leader","floor":25,"turns":5},{"damage":9,"enemies":"Snake Plant","floor":30,"turns":2},{"damage":0,"enemies":"Sentry and Sphere","floor":31,"turns":3},{"damage":27,"enemies":"Pondfish","floor":33,"turns":8},{"damage":20,"enemies":"3 Darklings","floor":35,"turns":3},{"damage":6,"enemies":"3 Shapes","floor":39,"turns":1},{"damage":0,"enemies":"Giant Head","floor":44,"turns":4},{"damage":0,"enemies":"Maw","floor":47,"turns":3},{"damage":0,"enemies":"Transient","floor":48,"turns":5},{"damage":18,"enemies":"Replay:Hell Engine","floor":50,"turns":3},{"damage":20,"enemies":"Shield and Spear","floor":54,"turns":3},{"damage":28,"enemies":"The Heart","floor":55,"turns":3}],"seed_played":"-23898208492290837","potions_obtained":[{"floor":1,"key":"potionbrewer:DiscountPotion"},{"floor":4,"key":"AttackPotion"},{"floor":8,"key":"Fire Potion"},{"floor":10,"key":"Fire Potion"},{"floor":14,"key":"Strength Potion"},{"floor":16,"key":"LiquidMemories"},{"floor":18,"key":"Milkshake"},{"floor":19,"key":"potionbrewer:InfectionPotion"},{"floor":31,"key":"PowerPotion"},{"floor":33,"key":"potionbrewer:AcidPotion"},{"floor":35,"key":"Reflective Coating"},{"floor":48,"key":"potionbrewer:CleansingPotion"}],"is_trial":false,"path_per_floor":["M","?","?","M","M","R","E","M","T","E","M","R","E","M","R","B",null,"M","M","?","M","T","R","M","E","T","$","?","$","M","M","R","B",null,"M","?","?","?","M","R","$","R","T","E","R","?","M","M","R","B",null,"R","$","E","B"],"character_chosen":"FALCON","items_purchased":["meleeMod_BlueFalcon","meleeMod_UpSmash","DemoMod:PoisonVial","Sundial","hubris:Spice","potionbrewer:Keyblade","Panache","Good Instincts","meleeMod_DIMixUp","meleeMod_AirWobbling"],"campfire_rested":7,"item_purchase_floors":[27,27,27,27,27,29,41,41,41,53],"current_hp_per_floor":[85,85,18,18,18,43,34,34,34,23,13,38,43,43,70,8,93,72,68,68,42,42,69,31,38,38,38,38,28,19,19,44,17,45,25,14,19,19,13,26,26,39,39,39,39,42,42,42,42,24,48,48,48,28,0,0],"gold":52,"neow_bonus":"THREE_ENEMY_KILL","is_daily":false,"chose_seed":false,"campfire_upgraded":2,"win_rate":0.0,"timestamp":1608001283,"path_taken":["M","?","?","?","M","R","E","M","T","E","?","R","E","M","R","BOSS","M","M","?","?","?","R","M","E","T","$","?","?","M","M","R","BOSS","M","?","?","?","M","R","$","R","T","E","R","?","?","M","R","BOSS","R","$","E","BOSS"],"items_purchased_type":["Card","Card","Relic","Relic","Relic","Relic","Card","Card","Card","Relic"],"build_version":"2020-12-13","purchased_purges":2,"victory":false,"max_hp_per_floor":[85,85,85,85,85,85,85,85,85,85,85,85,93,93,93,93,93,93,93,93,93,93,93,93,101,101,93,93,93,85,85,85,53,45,45,45,45,45,45,45,45,45,45,45,45,48,48,48,48,48,48,48,48,48,48,48],"card_choices":[{"not_picked":["meleeMod_FalconKick","meleeMod_NoDI"],"picked":"meleeMod_RaptorBoost","floor":1},{"not_picked":["meleeMod_ForwardTilt","meleeMod_FireFlower"],"picked":"meleeMod_RaptorBoost","floor":4},{"not_picked":["meleeMod_FalconKick","meleeMod_UpAir"],"picked":"meleeMod_BackAir","floor":5},{"not_picked":["meleeMod_FalconKick","meleeMod_DashDance"],"picked":"meleeMod_RaptorBoost","floor":7},{"not_picked":["meleeMod_WallJump","meleeMod_FalconDive"],"picked":"meleeMod_GetUpAttack","floor":8},{"not_picked":["meleeMod_SuperMushroom","meleeMod_CommandGrab"],"picked":"meleeMod_AmsahTech","floor":10},{"not_picked":["meleeMod_FireFlower","meleeMod_Moonwalking"],"picked":"meleeMod_Randall","floor":11},{"not_picked":["meleeMod_Randall","meleeMod_DashDance"],"picked":"meleeMod_BabActivated","floor":13},{"not_picked":["meleeMod_NoDI","meleeMod_AirDodge"],"picked":"meleeMod_BabActivated","floor":14},{"not_picked":["meleeMod_SDRemix","meleeMod_MindReader"],"picked":"meleeMod_LoseStock","floor":16},{"not_picked":["meleeMod_DashDance","meleeMod_WallJump"],"picked":"meleeMod_NoDI","floor":18},{"not_picked":["meleeMod_UnclePunch","meleeMod_SweetSpot+1"],"picked":"meleeMod_SuperMushroom","floor":19},{"not_picked":["meleeMod_AirDodge","meleeMod_HaxDash"],"picked":"meleeMod_SomebodyClipThat","floor":21},{"not_picked":["meleeMod_BMoveSpecialist","meleeMod_FalconPunch","Hololive_CocoNews"],"picked":"meleeMod_Grab+1","floor":24},{"not_picked":["meleeMod_RaptorBoost","meleeMod_ForwardTilt","meleeMod_Wildfire"],"picked":"Hololive_CallManoAloe","floor":25},{"not_picked":["meleeMod_Gentleman+1","meleeMod_SuperMushroom","Hololive_CocoNews"],"picked":"hubris:SpiceAddiction","floor":30},{"not_picked":["meleeMod_DashDance","meleeMod_WaveDash","Hololive_Drill"],"picked":"meleeMod_PowerShield","floor":31},{"not_picked":["meleeMod_LoseStock","meleeMod_BlueFalcon","Hololive_MaximGun"],"picked":"hubris:SpiceAddiction","floor":33},{"not_picked":["meleeMod_RockCrock+1","meleeMod_CommandGrab","meleeMod_NoDI"],"picked":"Hololive_Sequa","floor":35},{"not_picked":["meleeMod_RockCrock","meleeMod_Randall+1","Hololive_RevenueBasedLive"],"picked":"meleeMod_Gentleman","floor":36},{"not_picked":["meleeMod_PowerShield+1","meleeMod_FalconKick","Hololive_StrengthChampion"],"picked":"meleeMod_DownTilt+1","floor":36},{"not_picked":["meleeMod_WaveDash","hubris:SpiceAddiction","Hololive_Spy"],"picked":"meleeMod_Gentleman","floor":36},{"not_picked":["meleeMod_Cautious","meleeMod_DownSmash","Hololive_OvertimeWork"],"picked":"meleeMod_EdgeGuard","floor":39},{"not_picked":["hubris:SpiceAddiction","meleeMod_DownTilt+1","Hololive_ScarfAndHalo"],"picked":"meleeMod_Roll","floor":44},{"not_picked":["hubris:SpiceAddiction","hubris:SpiceAddiction","Hololive_CallRoboco"],"picked":"meleeMod_Pause","floor":47},{"not_picked":["meleeMod_Randall","meleeMod_RaptorBoost","meleeMod_CommandGrab"],"picked":"Hololive_Rebound","floor":48},{"not_picked":["meleeMod_RockCrock","meleeMod_DropZone+1","Hololive_RevenueBasedLive"],"picked":"meleeMod_NeutralAir+1","floor":54}],"player_experience":251570,"relics_obtained":[{"floor":7,"key":"Orichalcum"},{"floor":10,"key":"DemoMod:DecoyRelic"},{"floor":13,"key":"hubris:Spice"},{"floor":22,"key":"hubris:DisguiseKit"},{"floor":25,"key":"hubris:Spice"},{"floor":26,"key":"Ornamental Fan"},{"floor":43,"key":"aspiration:FrozenJewel"},{"floor":44,"key":"DemoMod:GundromedaStrain"},{"floor":54,"key":"aspiration:StickyExplosives_weak"}],"event_choices":[{"damage_healed":0,"gold_gain":0,"player_choice":"Box","damage_taken":0,"relics_obtained":["potionbrewer:RamsHorn"],"max_hp_gain":0,"max_hp_loss":0,"event_name":"Big Fish","floor":2,"gold_loss":0,"cards_obtained":["Regret"]},{"damage_healed":0,"gold_gain":322,"player_choice":"RE GO GO RE GO ","damage_taken":74,"relics_obtained":["DemoMod:WeirdEgg","Pen Nib"],"max_hp_gain":0,"max_hp_loss":0,"event_name":"betterSkull:BetterSkull","floor":3,"gold_loss":0,"cards_upgraded":[]},{"damage_healed":0,"gold_gain":0,"player_choice":"Copied","damage_taken":0,"max_hp_gain":0,"max_hp_loss":0,"event_name":"Duplicator","floor":20,"gold_loss":0,"cards_obtained":["meleeMod_AmsahTech"]}],"is_beta":false,"boss_relics":[{"not_picked":["Runic Dome","Empty Cage"],"picked":"Astrolabe"},{"not_picked":["aspiration:SilentSkillbook","hubris:Spice"],"picked":"hubris:Spice"}],"items_purged_floors":[27,41],"is_endless":false,"potions_floor_spawned":[1,4,8,10,14,16,18,19,31,33,35,48],"killed_by":"The Heart","ascension_level":1}}