{"host":"cr9rpoy6dx9riis3","time":1608069941,"event":{"mods":["AchievementEnabler","BaseMod","Better Altar","Better Note","Better Sensory Stone","Better Skull","Better Third Choice","Better-Laid Plans","BetterRewards","Block Reminder","Curses Come First","Displayed Cursed Tome","Emptier Cage","Marked Mod","Minty Spire (QoL Compilation)","Permanent Neow","Relic Sorter","StSLib","The Blue Laboratory","Transform Curses"],"gold_per_floor":[117,132,207,207,225,225,238,238,265,288,322,332,349,126,126,126,126],"floor_reached":16,"playtime":469,"items_purged":["Strike_R"],"score":175,"play_id":"284f110d-74d4-4c82-b2c9-251113e98a87","local_time":"20201215230541","is_ascension_mode":true,"campfire_choices":[{"data":"Ghostly Armor","floor":6,"key":"SMITH"},{"data":"Metallicize","floor":8,"key":"SMITH"},{"data":"Dark Embrace","floor":15,"key":"SMITH"}],"circlet_count":0,"master_deck":["Strike_R+1","Strike_R","Strike_R","Strike_R","Defend_R","Defend_R","Defend_R","Defend_R","Bash","Metallicize+1","Rampage+1","Ghostly Armor+1","Reckless Charge","Immolate","Dark Embrace+1","Reckless Charge"],"relics":["Burning Blood","Regal Pillow","Oddly Smooth Stone","Art of War"],"acts_visited":["Exordium"],"potions_floor_usage":[16,16,16],"damage_taken":[{"damage":13,"enemies":"Jaw Worm","floor":1,"turns":4},{"damage":0,"enemies":"2 Louse","floor":2,"turns":5},{"damage":0,"enemies":"Small Slimes","floor":5,"turns":4},{"damage":0,"enemies":"2 Fungi Beasts","floor":7,"turns":4},{"damage":14,"enemies":"Gremlin Nob","floor":11,"turns":5},{"damage":16,"enemies":"Blue Slaver","floor":12,"turns":3},{"damage":1,"enemies":"Looter","floor":13,"turns":3},{"damage":52,"enemies":"The Guardian","floor":16,"turns":10}],"seed_played":"7667583525667858396","potions_obtained":[{"floor":1,"key":"blueLaboratory:PhilterOfMotion"},{"floor":7,"key":"blueLaboratory:BubblePotion"},{"floor":11,"key":"Swift Potion"}],"is_trial":false,"path_per_floor":["M","M","?","?","M","R","M","R","T","T","E","M","M","$","R","B"],"character_chosen":"IRONCLAD","items_purchased":["Oddly Smooth Stone","Dark Embrace","Reckless Charge"],"campfire_rested":0,"item_purchase_floors":[0,14,14],"current_hp_per_floor":[73,79,68,52,58,58,64,64,64,64,56,46,51,51,51,0,0],"gold":126,"neow_bonus":"","is_daily":false,"chose_seed":false,"campfire_upgraded":3,"win_rate":0.0,"timestamp":1608069941,"path_taken":["M","M","?","?","M","R","M","R","T","?","E","M","M","$","R","BOSS"],"items_purchased_type":["Relic","Card","Card"],"build_version":"2020-12-13","purchased_purges":1,"victory":false,"max_hp_per_floor":[80,80,80,80,80,80,80,80,80,80,80,80,80,80,80,80,80],"card_choices":[{"not_picked":["Twin Strike","Entrench"],"picked":"Metallicize","floor":1},{"not_picked":["Warcry","Whirlwind"],"picked":"Rampage","floor":2},{"not_picked":["Dual Wield","Sentinel"],"picked":"Ghostly Armor","floor":5},{"not_picked":["Thunderclap","Clash"],"picked":"Reckless Charge","floor":7},{"not_picked":["Carnage","Seeing Red"],"picked":"Immolate","floor":11},{"not_picked":["Heavy Blade","Shrug It Off","Body Slam"],"picked":"SKIP","floor":12},{"not_picked":["Iron Wave","Pommel Strike","Shrug It Off"],"picked":"SKIP","floor":13}],"player_experience":704971,"relics_obtained":[{"floor":9,"key":"Regal Pillow"},{"floor":11,"key":"Art of War"}],"event_choices":[{"damage_healed":0,"gold_gain":75,"player_choice":"Gold","damage_taken":11,"max_hp_gain":0,"max_hp_loss":0,"event_name":"betterThird:BetterGoop","floor":3,"gold_loss":0},{"damage_healed":68,"gold_gain":0,"player_choice":"Upgrade","damage_taken":16,"max_hp_gain":0,"max_hp_loss":80,"event_name":"betterThird:BetterShining","floor":4,"gold_loss":0,"cards_upgraded":["Strike_R","Rampage"]}],"is_beta":false,"boss_relics":[],"items_purged_floors":[14],"is_endless":false,"potions_floor_spawned":[1,7,11,13],"killed_by":"The Guardian","ascension_level":3}}