{"host":"nox","time":1608043719,"event":{"mods":["BaseMod","Colored Powertips","Minty Spire (QoL Compilation)","Quick Restart","Replay The Spire","StSLib"],"gold_per_floor":[116,134,134,148,165,195,195,224,277,287,319,334,346,346,346,442,442,456,69,144,157,171,204,204,7,30,47,47,58,77,109,109,205,205,224,30,44,44,44,376,386,386,386,406,361,376,376,376,376,376,376],"floor_reached":50,"playtime":2188,"items_purged":[],"score":747,"play_id":"0e46a58f-2547-405d-bcd1-d2634734f19f","local_time":"20201215214839","is_ascension_mode":true,"campfire_choices":[{"floor":7.0,"key":"REST"},{"floor":15.0,"key":"REST"},{"floor":24.0,"key":"REST"},{"floor":28.0,"key":"REST"},{"floor":32.0,"key":"REST"},{"floor":42.0,"key":"REST"},{"floor":47.0,"key":"RECALL"},{"data":"Defend_R","floor":49.0,"key":"SMITH"}],"circlet_count":0,"master_deck":["Strike_R","Strike_R","Strike_R+1","Strike_R","Strike_R","Defend_R","Defend_R","Defend_R+1","Bash+1","Armaments+1","Perfected Strike","Twin Strike","Pommel Strike","Infernal Blade","Dual Wield","Berserk","Twin Strike+1","Clash","Perfected Strike","ReplayTheSpireMod:Muscle Training+1","Blind","Blind","Wild Strike","Wild Strike","Rupture","Iron Wave","Double Tap","Headbutt+1","Panache","Replay:Sssssssssshield","Shrug It Off+1","Madness","Madness","Bloodletting+1","Disarm+1","Metallicize+1"],"relics":["Burning Blood","Potion Belt","Quantum Egg","King of Hearts","Omamori","ChewingGum","Shuriken","Toolbox","Blue Doll","Membership Card","Kunai","Black Star","ReplayTheSpireMod:ShopPack","Replay:WaspNest","Iron Hammer","Old Coin","Garlic","ReplayTheSpireMod:CursedCoin","ReplayTheSpireMod:TigerMarble","Red Skull"],"acts_visited":["Exordium","TheCity","TheBeyond"],"potions_floor_usage":[50],"damage_taken":[{"damage":10.0,"enemies":"Small Slimes","floor":1.0,"turns":5.0},{"damage":5.0,"enemies":"2 Louse","floor":2.0,"turns":3.0},{"damage":1.0,"enemies":"Cultist","floor":4.0,"turns":3.0},{"damage":24.0,"enemies":"Large Slime","floor":5.0,"turns":5.0},{"damage":34.0,"enemies":"Gremlin Nob","floor":6.0,"turns":5.0},{"damage":22.0,"enemies":"Lagavulin","floor":8.0,"turns":5.0},{"damage":13.0,"enemies":"Red Slaver","floor":10.0,"turns":5.0},{"damage":25.0,"enemies":"3 Sentries","floor":11.0,"turns":9.0},{"damage":6.0,"enemies":"3 Louse","floor":12.0,"turns":2.0},{"damage":5.0,"enemies":"Gremlin Gang","floor":13.0,"turns":3.0},{"damage":37.0,"enemies":"Slime Boss","floor":16.0,"turns":9.0},{"damage":8.0,"enemies":"Spheric Guardian","floor":18.0,"turns":4.0},{"damage":9.0,"enemies":"3 Byrds","floor":21.0,"turns":3.0},{"damage":11.0,"enemies":"Shelled Parasite and Fungi","floor":22.0,"turns":2.0},{"damage":31.0,"enemies":"Book of Stabbing","floor":23.0,"turns":4.0},{"damage":29.0,"enemies":"Snake Plant","floor":27.0,"turns":3.0},{"damage":37.0,"enemies":"Centurion and Healer","floor":29.0,"turns":4.0},{"damage":0.0,"enemies":"Sentry and Sphere","floor":30.0,"turns":2.0},{"damage":17.0,"enemies":"Slavers","floor":31.0,"turns":4.0},{"damage":50.0,"enemies":"Champ","floor":33.0,"turns":9.0},{"damage":23.0,"enemies":"3 Shapes","floor":35.0,"turns":5.0},{"damage":14.0,"enemies":"Orb Walker","floor":37.0,"turns":4.0},{"damage":31.0,"enemies":"R_Hoarder","floor":40.0,"turns":7.0},{"damage":4.0,"enemies":"3 Darklings","floor":41.0,"turns":2.0},{"damage":11.0,"enemies":"Writhing Mass","floor":44.0,"turns":5.0},{"damage":9.0,"enemies":"Sphere and 2 Shapes","floor":46.0,"turns":1.0},{"damage":83,"enemies":"Awakened One","floor":50,"turns":5}],"seed_played":"-7350583320046221080","potions_obtained":[{"floor":6.0,"key":"BlessingOfTheForge"},{"floor":10.0,"key":"Adrenaline Potion"},{"floor":12.0,"key":"Fire Potion"},{"floor":13.0,"key":"BloodPotion"},{"floor":16.0,"key":"Block Potion"},{"floor":18.0,"key":"Toxic Potion"},{"floor":21.0,"key":"Explosive Potion"},{"floor":23.0,"key":"BloodPotion"},{"floor":27.0,"key":"Toxic Potion"},{"floor":31.0,"key":"FearPotion"},{"floor":35.0,"key":"ColorlessPotion"},{"floor":46.0,"key":"Ancient Potion"}],"is_trial":false,"path_per_floor":["M","M","?","M","M","E","R","E","T","M","E","M","M","?","R","B",null,"M","$","?","M","M","E","R","$","T","M","R","M","M","E","R","B",null,"M","$","M","?","?","E","M","R","T","M","$","M","R","?","R","B"],"character_chosen":"IRONCLAD","items_purchased":["Shuriken","Toolbox","Membership Card","ReplayTheSpireMod:Muscle Training+1","Blind","ReplayTheSpireMod:ShopPack","Replay:WaspNest","ReplayTheSpireMod:CursedCoin","ReplayTheSpireMod:TigerMarble","Red Skull","Doom Potion"],"campfire_rested":6,"item_purchase_floors":[19,19,25,25,25,36,36,45,45,45,45],"current_hp_per_floor":[76,77,77,82,64,36,62,46,46,39,20,20,21,3,29,15,70,68,68,60,57,52,27,53,53,53,30,56,42,48,37,63,19,71,54,54,46,35,35,10,12,38,38,33,33,30,30,77,77,0,0],"gold":376,"neow_bonus":"TEN_PERCENT_HP_BONUS","is_daily":false,"chose_seed":false,"campfire_upgraded":1,"win_rate":0.0,"timestamp":1608043719,"path_taken":["M","M","?","M","M","E","R","E","T","M","E","M","M","?","R","BOSS","M","$","?","M","M","E","R","$","T","M","R","M","M","E","R","BOSS","M","$","M","?","?","E","M","R","T","?","$","M","R","?","R","BOSS"],"items_purchased_type":["Relic","Relic","Relic","Card","Card","Relic","Relic","Relic","Relic","Relic","Potion"],"build_version":"2020-11-17","purchased_purges":0,"victory":false,"max_hp_per_floor":[88,88,88,88,88,88,88,88,88,88,88,88,88,88,88,88,88,88,88,88,88,88,88,88,88,88,88,88,88,88,88,88,88,88,88,88,88,88,88,88,88,88,88,88,88,88,88,77,77,77,77],"card_choices":[{"not_picked":["Thunderclap","Second Wind"],"picked":"Armaments","floor":1.0},{"not_picked":["Run Through","Headbutt"],"picked":"Perfected Strike","floor":2.0},{"not_picked":["Infernal Blade","True Grit","Impervious"],"picked":"SKIP","floor":4.0},{"not_picked":["Havoc","ReplayTheSpireMod:Strike From Hell"],"picked":"Twin Strike","floor":5.0},{"not_picked":["Armaments","Clothesline"],"picked":"Pommel Strike","floor":6.0},{"not_picked":["Replay:Undeath\u0027s Touch","Evolve","Blood for Blood"],"picked":"SKIP","floor":8.0},{"not_picked":["Thunderclap","True Grit","Armaments"],"picked":"SKIP","floor":10.0},{"not_picked":["Corruption","Clothesline"],"picked":"Infernal Blade","floor":11.0},{"not_picked":["Battle Trance","Flame Barrier","Burning Pact"],"picked":"SKIP","floor":12.0},{"not_picked":["Havoc","Metallicize"],"picked":"Dual Wield","floor":13.0},{"not_picked":["Exhume","Reaper"],"picked":"Berserk","floor":16.0},{"not_picked":["Warcry","Body Slam"],"picked":"Twin Strike+1","floor":18.0},{"not_picked":["Pummel","Rupture+1"],"picked":"Clash","floor":21.0},{"not_picked":["Replay:Undeath\u0027s Touch","Run Through","Shockwave"],"picked":"SKIP","floor":22.0},{"not_picked":["Body Slam+1","Immolate"],"picked":"Perfected Strike","floor":23.0},{"not_picked":["Blood for Blood","Sword Boomerang"],"picked":"Wild Strike","floor":27.0},{"not_picked":["Rupture","Inflame"],"picked":"Wild Strike","floor":29.0},{"not_picked":["Run Through+1","Sword Boomerang"],"picked":"Rupture","floor":30.0},{"not_picked":["Metallicize","Flex"],"picked":"Iron Wave","floor":31.0},{"not_picked":["Replay:Many Hands","Corruption"],"picked":"Double Tap","floor":33.0},{"not_picked":["True Grit","Sword Boomerang+1"],"picked":"Headbutt+1","floor":35.0},{"not_picked":["Secret Technique","Mayhem"],"picked":"Panache","floor":36.0},{"not_picked":["Replay:Sssssssssstrike","Bandage Up"],"picked":"Replay:Sssssssssshield","floor":36.0},{"not_picked":["Sentinel","Clash+1"],"picked":"Shrug It Off+1","floor":37.0},{"not_picked":["Sever Soul","Thunderclap"],"picked":"Bloodletting+1","floor":40.0},{"not_picked":["Seeing Red+1","Flex"],"picked":"Disarm+1","floor":41.0},{"not_picked":["Hemokinesis","Flex","Iron Wave"],"picked":"SKIP","floor":44.0},{"not_picked":["Bloodletting","Shrug It Off+1"],"picked":"Metallicize+1","floor":46.0}],"player_experience":112181,"relics_obtained":[{"floor":6.0,"key":"Potion Belt"},{"floor":8.0,"key":"Quantum Egg"},{"floor":9.0,"key":"King of Hearts"},{"floor":11.0,"key":"Omamori"},{"floor":23.0,"key":"Blue Doll"},{"floor":31.0,"key":"Kunai"},{"floor":40.0,"key":"Iron Hammer"},{"floor":40.0,"key":"Old Coin"},{"floor":43.0,"key":"Garlic"}],"event_choices":[{"damage_healed":0.0,"max_hp_gain":0.0,"max_hp_loss":0.0,"gold_gain":0.0,"event_name":"Living Wall","player_choice":"Grow","floor":3.0,"gold_loss":0.0,"damage_taken":0.0,"cards_upgraded":["Armaments"]},{"damage_healed":0.0,"max_hp_gain":0.0,"max_hp_loss":0.0,"gold_gain":0.0,"event_name":"Shining Light","player_choice":"Entered Light","floor":14.0,"gold_loss":0.0,"damage_taken":18.0,"cards_upgraded":["Strike_R","Bash"]},{"damage_healed":0.0,"max_hp_gain":0.0,"max_hp_loss":0.0,"gold_gain":75.0,"event_name":"FaceTrader","player_choice":"Touch","floor":20.0,"gold_loss":0.0,"damage_taken":8.0},{"damage_healed":0.0,"max_hp_gain":0.0,"max_hp_loss":0.0,"gold_gain":0.0,"event_name":"Winding Halls","player_choice":"Embrace Madness","floor":38.0,"gold_loss":0.0,"damage_taken":11.0,"cards_obtained":["Madness","Madness"]},{"cards_removed":["Defend_R"],"damage_healed":0.0,"max_hp_gain":0.0,"max_hp_loss":0.0,"gold_gain":0.0,"event_name":"Purifier","player_choice":"Purged","floor":39.0,"gold_loss":0.0,"damage_taken":0.0},{"damage_healed":77.0,"max_hp_gain":0.0,"max_hp_loss":11.0,"gold_gain":0.0,"event_name":"The Moai Head","player_choice":"Heal","floor":48.0,"gold_loss":0.0,"damage_taken":0.0}],"is_beta":true,"boss_relics":[{"not_picked":["Empty Cage","Runic Pyramid"],"picked":"ChewingGum"},{"not_picked":["Philosopher\u0027s Stone","Replay:Drink Me"],"picked":"Black Star"}],"items_purged_floors":[],"is_endless":false,"potions_floor_spawned":[6,10,12,13,16,18,21,23,27,31,35,46],"killed_by":"Awakened One","ascension_level":6}}