{"host":"a5lz0e76zb3fcwkm","time":1608048353,"event":{"mods":["AchievementEnabler","BaseMod","Colored Map","Colored Powertips","Minty Spire (QoL Compilation)","StSLib","SuperFastMode"],"gold_per_floor":[115,115,390,403,112,152,152,190,272,307,159,173,244,277,277,367,367,392,442,442,171,171,171,186,205,229,244,263,463,482,499,499,575,575,595,605,623,641,652,683,699,728,806,818,853,195,195,195,195,195,195,195,195,10,42,42],"floor_reached":57,"playtime":1869,"items_purged":["Regret","Strike_R","Strike_R","Strike_R","Bash"],"score":3373,"play_id":"ba01b540-58ad-495d-982e-e3a3af5545f5","local_time":"20201216010553","is_ascension_mode":true,"campfire_choices":[{"data":"Apotheosis","floor":7.0,"key":"SMITH"},{"floor":15.0,"key":"REST"},{"floor":23.0,"key":"RECALL"},{"floor":32.0,"key":"REST"},{"floor":47.0,"key":"REST"},{"floor":49.0,"key":"REST"},{"floor":53,"key":"REST"}],"circlet_count":0,"master_deck":["AscendersBane","Defend_R","Defend_R","Defend_R","Defend_R","Pommel Strike","Entrench","Apotheosis+1","Immolate","Shrug It Off","Evolve","Fire Breathing","Barricade","Body Slam","Feel No Pain","Battle Trance","Offering","Entrench","Impervious","Secret Technique"],"relics":["Burning Blood","NeowsBlessing","Bloody Idol","Bag of Preparation","Lantern","The Courier","Question Card","Bottled Flame","Gremlin Horn","Fusion Hammer","Oddly Smooth Stone","Velvet Choker","Smiling Mask","Anchor","Blue Candle","Darkstone Periapt","Turnip","ClockworkSouvenir","Vajra"],"acts_visited":["Exordium","TheCity","TheBeyond","TheEnding"],"potions_floor_usage":[56,56],"damage_taken":[{"damage":0.0,"enemies":"2 Louse","floor":1.0,"turns":1.0},{"damage":0.0,"enemies":"Small Slimes","floor":4.0,"turns":1.0},{"damage":0.0,"enemies":"3 Sentries","floor":6.0,"turns":1.0},{"damage":18.0,"enemies":"Lagavulin","floor":8.0,"turns":7.0},{"damage":6.0,"enemies":"3 Sentries","floor":10.0,"turns":4.0},{"damage":0.0,"enemies":"Cultist","floor":12.0,"turns":3.0},{"damage":30.0,"enemies":"Gremlin Nob","floor":13.0,"turns":4.0},{"damage":17.0,"enemies":"Gremlin Nob","floor":14.0,"turns":3.0},{"damage":32.0,"enemies":"The Guardian","floor":16.0,"turns":12.0},{"damage":13.0,"enemies":"Spheric Guardian","floor":18.0,"turns":4.0},{"damage":0.0,"enemies":"Chosen","floor":24.0,"turns":3.0},{"damage":15.0,"enemies":"Snake Plant","floor":25.0,"turns":5.0},{"damage":30.0,"enemies":"Shelled Parasite and Fungi","floor":27.0,"turns":4.0},{"damage":0.0,"enemies":"Cultist and Chosen","floor":28.0,"turns":4.0},{"damage":39.0,"enemies":"Snake Plant","floor":30.0,"turns":7.0},{"damage":0.0,"enemies":"3 Cultists","floor":31.0,"turns":4.0},{"damage":0.0,"enemies":"Automaton","floor":33.0,"turns":7.0},{"damage":6.0,"enemies":"Orb Walker","floor":35.0,"turns":4.0},{"damage":31.0,"enemies":"3 Darklings","floor":36.0,"turns":5.0},{"damage":18.0,"enemies":"Maw","floor":37.0,"turns":6.0},{"damage":30.0,"enemies":"Jaw Worm Horde","floor":38.0,"turns":7.0},{"damage":10.0,"enemies":"Writhing Mass","floor":39.0,"turns":7.0},{"damage":6.0,"enemies":"Nemesis","floor":40.0,"turns":7.0},{"damage":6.0,"enemies":"Spire Growth","floor":41.0,"turns":4.0},{"damage":6.0,"enemies":"Giant Head","floor":42.0,"turns":5.0},{"damage":4.0,"enemies":"4 Shapes","floor":44.0,"turns":4.0},{"damage":6.0,"enemies":"Nemesis","floor":45.0,"turns":7.0},{"damage":6,"enemies":"Time Eater","floor":50,"turns":7},{"damage":0,"enemies":"Donu and Deca","floor":51,"turns":6},{"damage":9,"enemies":"Shield and Spear","floor":55,"turns":6},{"damage":6,"enemies":"The Heart","floor":56,"turns":8}],"seed_played":"7443315043054075946","potions_obtained":[{"floor":8.0,"key":"SkillPotion"},{"floor":13.0,"key":"SkillPotion"},{"floor":14.0,"key":"Dexterity Potion"},{"floor":16.0,"key":"FearPotion"},{"floor":18.0,"key":"LiquidMemories"},{"floor":27.0,"key":"Swift Potion"},{"floor":30.0,"key":"Energy Potion"},{"floor":31.0,"key":"Strength Potion"},{"floor":33.0,"key":"ColorlessPotion"},{"floor":35.0,"key":"SpeedPotion"},{"floor":40.0,"key":"Explosive Potion"},{"floor":44.0,"key":"Swift Potion"}],"is_trial":false,"path_per_floor":["M","?","?","M","$","E","R","E","T","E","$","M","?","E","R","B",null,"M","?","?","$","?","R","M","M","T","M","M","?","M","M","R","B",null,"M","M","M","M","M","E","M","E","T","M","E","$","R","?","R","B","B",null,"R","$","E","B",null],"character_chosen":"IRONCLAD","items_purchased":["Apotheosis","Evolve","Body Slam","Oddly Smooth Stone","Impervious","Turnip","Secret Technique","Block Potion","ClockworkSouvenir"],"campfire_rested":5,"item_purchase_floors":[5,11,21,21,46,46,46,46,54],"current_hp_per_floor":[74,48,48,54,54,60,60,48,48,48,48,54,30,19,41,15,60,53,53,53,53,53,53,64,60,65,46,57,62,34,45,67,75,75,75,55,48,29,30,35,40,45,50,57,62,62,75,75,75,75,75,75,75,75,75,75],"gold":42,"neow_bonus":"THREE_ENEMY_KILL","is_daily":false,"chose_seed":false,"campfire_upgraded":1,"win_rate":0.0,"timestamp":1608048353,"path_taken":["M","?","?","?","$","E","R","E","T","E","?","M","?","E","R","BOSS","M","?","?","$","?","R","M","?","T","M","M","?","M","M","R","BOSS","M","?","M","M","M","E","M","E","T","M","E","$","R","?","R","BOSS","BOSS","R","$","E","BOSS"],"items_purchased_type":["Card","Card","Card","Relic","Card","Relic","Card","Potion","Relic"],"build_version":"2020-12-13","purchased_purges":5,"victory":true,"max_hp_per_floor":[75,75,75,75,75,75,75,75,75,75,75,75,75,75,75,75,75,75,75,75,75,75,75,75,75,75,75,75,75,75,75,75,75,75,75,75,75,75,75,75,75,75,75,75,75,75,75,75,75,75,75,75,75,75,75,75],"card_choices":[{"not_picked":["Flex","Cleave"],"picked":"Pommel Strike","floor":1.0},{"not_picked":["Thunderclap","Seeing Red"],"picked":"Entrench","floor":4.0},{"not_picked":["Uppercut","Perfected Strike"],"picked":"Immolate","floor":6.0},{"not_picked":["Heavy Blade","Wild Strike","Sword Boomerang"],"picked":"SKIP","floor":8.0},{"not_picked":["Limit Break","Thunderclap"],"picked":"Shrug It Off","floor":10.0},{"not_picked":["Headbutt","Spot Weakness","Pummel","Entrench"],"picked":"SKIP","floor":12.0},{"not_picked":["Feel No Pain","Spot Weakness","Havoc"],"picked":"Fire Breathing","floor":13.0},{"not_picked":["Iron Wave","True Grit","Heavy Blade","Hemokinesis"],"picked":"SKIP","floor":14.0},{"not_picked":["Limit Break","Corruption","Offering"],"picked":"Barricade","floor":16.0},{"not_picked":["Warcry","Burning Pact+1","Sword Boomerang+1","Havoc+1"],"picked":"SKIP","floor":18.0},{"not_picked":["Headbutt","Pommel Strike","Clothesline","Intimidate"],"picked":"SKIP","floor":24.0},{"not_picked":["Headbutt+1","Infernal Blade","Clothesline"],"picked":"Feel No Pain","floor":25.0},{"not_picked":["Dual Wield","Clothesline","Anger","Cleave"],"picked":"SKIP","floor":27.0},{"not_picked":["Searing Blow+1","Wild Strike","Armaments","Iron Wave"],"picked":"SKIP","floor":28.0},{"not_picked":["Anger+1","Cleave","Thunderclap+1","True Grit"],"picked":"SKIP","floor":30.0},{"not_picked":["Anger+1","Cleave","Thunderclap+1","True Grit"],"picked":"SKIP","floor":30.0},{"not_picked":["Feed","Evolve","Heavy Blade+1"],"picked":"Battle Trance","floor":31.0},{"not_picked":["Fiend Fire","Feed","Berserk"],"picked":"Offering","floor":33.0},{"not_picked":["Clash+1","Armaments","Rupture","Bloodletting"],"picked":"SKIP","floor":35.0},{"not_picked":["Clothesline+1","Cleave","Armaments"],"picked":"Entrench","floor":36.0},{"not_picked":["Wild Strike","Anger+1","Heavy Blade","Inflame"],"picked":"SKIP","floor":37.0},{"not_picked":["Havoc","Ghostly Armor","Dual Wield","Disarm"],"picked":"SKIP","floor":38.0},{"not_picked":["Anger","Wild Strike","Juggernaut","Fire Breathing"],"picked":"SKIP","floor":39.0},{"not_picked":["Rupture","Carnage","Iron Wave","Blood for Blood"],"picked":"SKIP","floor":40.0},{"not_picked":["True Grit","Dropkick","Thunderclap","Power Through"],"picked":"SKIP","floor":41.0},{"not_picked":["Iron Wave","Body Slam","Limit Break","Warcry+1"],"picked":"SKIP","floor":42.0},{"not_picked":["Thunderclap+1","Spot Weakness","Infernal Blade","Body Slam"],"picked":"SKIP","floor":44.0},{"not_picked":["Battle Trance+1","Flame Barrier+1","Shockwave","Power Through"],"picked":"SKIP","floor":45.0},{"not_picked":["Clothesline","Shockwave","Havoc","Headbutt+1"],"picked":"SKIP","floor":55}],"player_experience":1606500,"relics_obtained":[{"floor":6.0,"key":"Bag of Preparation"},{"floor":8.0,"key":"Lantern"},{"floor":9.0,"key":"The Courier"},{"floor":10.0,"key":"Question Card"},{"floor":13.0,"key":"Bottled Flame"},{"floor":14.0,"key":"Gremlin Horn"},{"floor":40.0,"key":"Smiling Mask"},{"floor":42.0,"key":"Anchor"},{"floor":43.0,"key":"Blue Candle"},{"floor":45.0,"key":"Darkstone Periapt"},{"floor":55,"key":"Vajra"}],"event_choices":[{"damage_healed":0.0,"max_hp_gain":0.0,"max_hp_loss":0.0,"gold_gain":0.0,"event_name":"Golden Idol","player_choice":"Take Damage","floor":2.0,"gold_loss":0.0,"damage_taken":26.0,"relics_obtained":["Golden Idol"]},{"damage_healed":0.0,"max_hp_gain":0.0,"max_hp_loss":0.0,"gold_gain":275.0,"event_name":"Golden Shrine","player_choice":"Desecrate","floor":3.0,"gold_loss":0.0,"damage_taken":0.0,"cards_obtained":["Regret"]},{"damage_healed":0.0,"max_hp_gain":0.0,"max_hp_loss":0.0,"gold_gain":0.0,"event_name":"Dead Adventurer","player_choice":"Searched \u00271\u0027 times","floor":13.0,"gold_loss":0.0,"damage_taken":0.0},{"damage_healed":0.0,"max_hp_gain":0.0,"max_hp_loss":0.0,"gold_gain":50.0,"event_name":"Nest","player_choice":"Stole From Cult","floor":19.0,"gold_loss":0.0,"damage_taken":0.0},{"cards_removed":["Strike_R"],"damage_healed":0.0,"max_hp_gain":0.0,"max_hp_loss":0.0,"gold_gain":0.0,"event_name":"Back to Basics","player_choice":"Elegance","floor":20.0,"gold_loss":0.0,"damage_taken":0.0},{"damage_healed":0.0,"max_hp_gain":0.0,"max_hp_loss":0.0,"gold_gain":0.0,"event_name":"Forgotten Altar","player_choice":"Gave Idol","floor":22.0,"relics_lost":["Golden Idol"],"gold_loss":0.0,"damage_taken":0.0,"relics_obtained":["Bloody Idol"]},{"damage_healed":0.0,"max_hp_gain":0.0,"max_hp_loss":0.0,"gold_gain":200.0,"event_name":"Wheel of Change","player_choice":"Gold","floor":29.0,"gold_loss":0.0,"damage_taken":0.0},{"cards_removed":["Strike_R"],"damage_healed":0.0,"max_hp_gain":0.0,"max_hp_loss":0.0,"gold_gain":0.0,"event_name":"Purifier","player_choice":"Purged","floor":48.0,"gold_loss":0.0,"damage_taken":0.0}],"is_beta":false,"boss_relics":[{"not_picked":["Runic Cube","Black Blood"],"picked":"Fusion Hammer"},{"not_picked":["Calling Bell","Black Star"],"picked":"Velvet Choker"}],"items_purged_floors":[5,11,21,46,54],"is_endless":false,"potions_floor_spawned":[8,13,14,16,18,27,30,31,33,35,38,40,44,45,55],"ascension_level":20}}