{"host":"bu234n9ajr1ztkwd","time":1608048492,"event":{"mods":["2.2 Compatiblity","BaseMod","Better Note","BetterRewards","Colored Powertips","GifTheSpireLib","Minty Spire (QoL Compilation)","Quick Restart","Shop Mod","StSLib","The Bug Knight","The Senshi"],"gold_per_floor":[117,67,27,40,51,80,80,5,5,24,36,46,46,21,21,119,119,137,47,47,64,76,76,92,109,136,136,36,53,66,81,81,81,81],"floor_reached":33,"playtime":3696,"items_purged":["HollowMod:NailStrikeStart","HollowMod:QuickDashStart"],"score":253,"play_id":"f5091a1d-75b8-45dd-a0c0-c5a0585f270f","local_time":"20201215170812","is_ascension_mode":false,"campfire_choices":[{"data":"HollowMod:SoulMaster","floor":7.0,"key":"SMITH"},{"data":"HollowMod:VengefulSpirit","floor":13.0,"key":"SMITH"},{"floor":15.0,"key":"REST"},{"data":"HollowMod:DashSlash","floor":23.0,"key":"SMITH"},{"floor":32.0,"key":"REST"}],"circlet_count":0,"master_deck":["HollowMod:QuickDashStart","HollowMod:QuickDashStart","HollowMod:FocusHealStart","HollowMod:PogoStrike","HollowMod:DashSlash+1","HollowMod:SoulStrike+1","HollowMod:RecoilStrike","HollowMod:SoulMaster+1","HollowMod:QuirrelsAssistance+1","HollowMod:VengefulSpirit+1","HollowMod:SharpenedNail","HollowMod:ZotesMagnificence","HollowMod:DesolateDive","HollowMod:DoubleDash","HollowMod:SoulSplash","HollowMod:FastStrike+1","HollowMod:DoubleDash","HollowMod:InfectionAssault","HollowMod:DoubleDash","HollowMod:GoodIntentions"],"relics":["HollowMod:VesselMask","Ancient Tea Set","Ornamental Fan","Empty Cage","Toy Ornithopter"],"acts_visited":[],"potions_floor_usage":[33],"damage_taken":[{"damage":2.0,"enemies":"Jaw Worm","floor":1.0,"turns":6.0},{"damage":0.0,"enemies":"Small Slimes","floor":4.0,"turns":3.0},{"damage":0.0,"enemies":"Cultist","floor":5.0,"turns":4.0},{"damage":55.0,"enemies":"Lagavulin","floor":6.0,"turns":7.0},{"damage":5.0,"enemies":"Red Slaver","floor":10.0,"turns":4.0},{"damage":4.0,"enemies":"Lots of Slimes","floor":11.0,"turns":4.0},{"damage":4.0,"enemies":"Exordium Thugs","floor":12.0,"turns":6.0},{"damage":49.0,"enemies":"HollowMod:FalseKnight","floor":16.0,"turns":10.0},{"damage":31.0,"enemies":"Shell Parasite","floor":18.0,"turns":5.0},{"damage":32.0,"enemies":"2 Thieves","floor":21.0,"turns":4.0},{"damage":2.0,"enemies":"Snecko","floor":22.0,"turns":4.0},{"damage":27.0,"enemies":"Snake Plant","floor":24.0,"turns":3.0},{"damage":8.0,"enemies":"3 Cultists","floor":25.0,"turns":5.0},{"damage":0.0,"enemies":"Snecko","floor":29.0,"turns":5.0},{"damage":13.0,"enemies":"Shelled Parasite and Fungi","floor":30.0,"turns":5.0},{"damage":23.0,"enemies":"Snake Plant","floor":31.0,"turns":5.0},{"damage":62,"enemies":"Champ","floor":33,"turns":14}],"seed_played":"4848801149431365184","potions_obtained":[{"floor":3.0,"key":"SkillPotion"},{"floor":3.0,"key":"FairyPotion"},{"floor":3.0,"key":"Energy Potion"},{"floor":6.0,"key":"Energy Potion"},{"floor":11.0,"key":"Regen Potion"},{"floor":12.0,"key":"FairyPotion"},{"floor":22.0,"key":"Strength Potion"},{"floor":25.0,"key":"SkillPotion"},{"floor":31.0,"key":"Block Potion"}],"is_trial":false,"path_per_floor":["M","?","?","M","M","E","R","$","T","M","M","M","R","$","R","B",null,"M","?","?","M","M","R","M","M","T","?","$","M","M","M","R","B"],"character_chosen":"THE_BUGKNIGHT","items_purchased":["HollowMod:SharpenedNail"],"campfire_rested":2,"item_purchase_floors":[14],"current_hp_per_floor":[80,80,80,80,80,46,46,46,46,47,49,63,63,63,82,39,82,57,57,57,31,35,35,8,24,24,24,24,29,16,17,41,0,0],"gold":81,"neow_bonus":"TEN_PERCENT_HP_BONUS","is_daily":false,"chose_seed":false,"campfire_upgraded":3,"win_rate":0.0,"timestamp":1608048492,"path_taken":["M","?","?","M","?","E","R","?","T","M","?","M","R","$","R","BOSS","M","?","?","M","M","R","M","M","T","?","$","M","M","M","R","BOSS"],"items_purchased_type":["Card"],"build_version":"2020-12-13","purchased_purges":2,"victory":false,"max_hp_per_floor":[82,82,82,82,82,82,82,82,82,82,82,82,82,82,82,82,82,82,82,82,82,82,82,82,82,82,82,82,82,82,82,82,82,82],"card_choices":[{"not_picked":["HollowMod:NewLittleFool","HollowMod:CrystalDash"],"picked":"HollowMod:DashSlash","floor":1.0},{"not_picked":["HollowMod:HuntersJournal","HollowMod:DoubleDash"],"picked":"HollowMod:SoulStrike","floor":4.0},{"not_picked":["HollowMod:SharpenedNail","HollowMod:ChannelNail"],"picked":"HollowMod:RecoilStrike","floor":5.0},{"not_picked":["HollowMod:DungDefenderAura","HollowMod:NewGlowingWomb"],"picked":"HollowMod:SoulMaster","floor":6.0},{"not_picked":["HollowMod:ShadowDash","HollowMod:CycloneSlash","HollowMod:CrystalDash"],"picked":"SKIP","floor":10.0},{"not_picked":["HollowMod:BaldurShell","HollowMod:HuntersJournal"],"picked":"HollowMod:QuirrelsAssistance","floor":11.0},{"not_picked":["HollowMod:SoulVessel","HollowMod:ShadowDash"],"picked":"HollowMod:VengefulSpirit","floor":12.0},{"not_picked":["HollowMod:NewInfectedGuardian","HollowMod:MidwifesHunger"],"picked":"HollowMod:ZotesMagnificence","floor":16.0},{"not_picked":["HollowMod:DescendingDark","HollowMod:HeavyBlow"],"picked":"HollowMod:DesolateDive","floor":18.0},{"not_picked":["HollowMod:ShadowDash+1","HollowMod:FastStrike"],"picked":"HollowMod:DoubleDash","floor":21.0},{"not_picked":["HollowMod:WraithStrike","HollowMod:CycloneSlash"],"picked":"HollowMod:SoulSplash","floor":22.0},{"not_picked":["HollowMod:SharpenedNail","HollowMod:WraithStrike"],"picked":"HollowMod:FastStrike+1","floor":24.0},{"not_picked":["HollowMod:HeavyBlow","HollowMod:NewJinnsSoul+1"],"picked":"HollowMod:DoubleDash","floor":25.0},{"not_picked":["HollowMod:LifebloodCore","HollowMod:LifebloodCocoon"],"picked":"HollowMod:InfectionAssault","floor":29.0},{"not_picked":["HollowMod:SharpenedNail","HollowMod:SharpenedShadows+1"],"picked":"HollowMod:DoubleDash","floor":30.0},{"not_picked":["HollowMod:VengefulVoid","HollowMod:SoulSplash"],"picked":"HollowMod:GoodIntentions","floor":31.0}],"player_experience":96611,"relics_obtained":[{"floor":6.0,"key":"Ancient Tea Set"},{"floor":9.0,"key":"Ornamental Fan"},{"floor":26.0,"key":"Toy Ornithopter"}],"event_choices":[{"cards_removed":["HollowMod:NailStrikeStart"],"damage_healed":0.0,"max_hp_gain":0.0,"max_hp_loss":0.0,"gold_gain":0.0,"event_name":"The Cleric","player_choice":"Card Removal","floor":2.0,"gold_loss":50.0,"damage_taken":0.0},{"damage_healed":0.0,"max_hp_gain":0.0,"max_hp_loss":0.0,"gold_gain":0.0,"event_name":"The Woman in Blue","player_choice":"Bought 3 Potions","floor":3.0,"gold_loss":0.0,"damage_taken":0.0},{"cards_removed":["HollowMod:QuickDashStart"],"damage_healed":0.0,"max_hp_gain":0.0,"max_hp_loss":0.0,"gold_gain":0.0,"event_name":"Designer","player_choice":"Upgrade and Remove","floor":19.0,"gold_loss":90.0,"damage_taken":0.0,"cards_upgraded":["HollowMod:SoulStrike"]},{"damage_healed":0.0,"max_hp_gain":0.0,"max_hp_loss":0.0,"gold_gain":0.0,"event_name":"Upgrade Shrine","player_choice":"Upgraded","floor":20.0,"gold_loss":0.0,"damage_taken":0.0,"cards_upgraded":["HollowMod:QuirrelsAssistance"]},{"cards_removed":["HollowMod:VengefulSpirit"],"damage_healed":0.0,"max_hp_gain":0.0,"max_hp_loss":0.0,"gold_gain":0.0,"event_name":"betterNote:BetterNote","player_choice":"Give","floor":27.0,"gold_loss":0.0,"damage_taken":0.0,"cards_obtained":["Defend_G"]}],"is_beta":false,"boss_relics":[{"not_picked":["Busted Crown","Calling Bell"],"picked":"Empty Cage"}],"items_purged_floors":[8,28],"is_endless":false,"potions_floor_spawned":[5,6,11,12,22,25,31],"killed_by":"Champ","ascension_level":0}}