{"host":"jm9833yuloeli2yd","time":1608005730,"event":{"mods":["AchievementEnabler","BaseMod","Better Altar","Better Match","Better Note","Better Sensory Stone","Better Skull","Better Vampires","Colored Map","Colored Powertips","DeckTracker","Minty Spire (QoL Compilation)","Permanent Neow","Quick Restart","Replay The Spire","StSLib","SuperFastMode"],"gold_per_floor":[116,128,128,139,139,139,13,38,38,55,83,96,126,144,144,216,216,233,233,77,77,77,77,91,91,116,32,44,56,87,101,101,176,176,188,198,25,40,40,72,72,72,72],"floor_reached":42,"playtime":2464,"items_purged":["Strike_G"],"score":1011,"play_id":"b78dbb50-1646-4227-949b-8c6db9ba3b4d","local_time":"20201214231530","is_ascension_mode":true,"campfire_choices":[{"data":"Slice","floor":6.0,"key":"SMITH"},{"floor":15.0,"key":"REST"},{"data":"A Thousand Cuts","floor":23.0,"key":"SMITH"},{"data":"Footwork","floor":32,"key":"SMITH"},{"data":"Envenom","floor":41,"key":"SMITH"}],"circlet_count":0,"master_deck":["AscendersBane","Defend_G","Defend_G","Defend_G","Survivor+1","Neutralize+1","Slice+1","Crippling Poison","Dodge and Roll+1","Sucker Punch","Footwork","Dash","After Image","Backflip","Blade Dance+1","Cloak And Dagger","Blade Dance","A Thousand Cuts+1","Escape Plan","Noxious Fumes","Bite","Bite","Bite","Bite","Footwork+1","Accuracy","Heel Hook","Replay:Poison Smokescreen","Outmaneuver+1","Corpse Explosion","All Out Attack","Footwork","Dodge and Roll","Envenom+1"],"relics":["Ring of the Snake","Torii","Ninja Scroll","ReplayTheSpireMod:Shallot","Du-Vu Doll","Runic Pyramid","Ring of Peace","ReplayTheSpireMod:TigerMarble","Snake Skull","ReplayTheSpireMod:DimensionalGlitch","Lantern","War Paint"],"acts_visited":["Exordium","TheCity","TheBeyond"],"potions_floor_usage":[30,30,33],"damage_taken":[{"damage":1.0,"enemies":"2 Louse","floor":1.0,"turns":3.0},{"damage":3.0,"enemies":"Cultist","floor":2.0,"turns":4.0},{"damage":1.0,"enemies":"Jaw Worm","floor":4.0,"turns":5.0},{"damage":21.0,"enemies":"Lagavulin","floor":8.0,"turns":13.0},{"damage":0.0,"enemies":"Blue Slaver","floor":10.0,"turns":4.0},{"damage":20.0,"enemies":"Replay:BlueRogue","floor":11.0,"turns":10.0},{"damage":2.0,"enemies":"Exordium Thugs","floor":12.0,"turns":6.0},{"damage":2.0,"enemies":"Lagavulin","floor":13.0,"turns":9.0},{"damage":0.0,"enemies":"3 Louse","floor":14.0,"turns":3.0},{"damage":7.0,"enemies":"Hexaghost","floor":16.0,"turns":13.0},{"damage":12.0,"enemies":"2 Thieves","floor":18.0,"turns":5.0},{"damage":0.0,"enemies":"3 Byrds","floor":24.0,"turns":4.0},{"damage":1.0,"enemies":"Cultist and Chosen","floor":28.0,"turns":8.0},{"damage":0.0,"enemies":"Centurion and Healer","floor":29.0,"turns":7.0},{"damage":33,"enemies":"Slavers","floor":30,"turns":10},{"damage":0,"enemies":"Snake Plant","floor":31,"turns":6},{"damage":47,"enemies":"Champ","floor":33,"turns":11},{"damage":0,"enemies":"3 Darklings","floor":35,"turns":4},{"damage":8,"enemies":"3 Shapes","floor":36,"turns":6},{"damage":0,"enemies":"3 Darklings","floor":38,"turns":6},{"damage":0,"enemies":"Nemesis","floor":40,"turns":9},{"damage":62,"enemies":"Spire Growth","floor":42,"turns":6}],"seed_played":"-4555766148359081875","potions_obtained":[{"floor":2.0,"key":"DistilledChaos"},{"floor":4.0,"key":"Fruit Juice"},{"floor":5.0,"key":"Fruit Juice"},{"floor":5.0,"key":"EssenceOfSteel"},{"floor":10.0,"key":"Fire Potion"},{"floor":16.0,"key":"SpeedPotion"},{"floor":18.0,"key":"Block Potion"},{"floor":31,"key":"Adrenaline Potion"},{"floor":33,"key":"LiquidMemories"},{"floor":36,"key":"Swift Potion"}],"is_trial":false,"path_per_floor":["M","M","?","M","?","R","$","E","T","M","E","M","E","M","R","B",null,"M","?","$","?","?","R","M","?","T","$","M","M","E","M","R","B",null,"M","M","$","M","?","E","R","M"],"character_chosen":"THE_SILENT","items_purchased":["Footwork","Dash","Noxious Fumes","Accuracy","Lantern"],"campfire_rested":1,"item_purchase_floors":[7,7,20,27,37],"current_hp_per_floor":[58,55,55,54,64,64,64,43,43,43,23,21,19,19,41,34,66,54,54,54,54,54,54,57,57,57,57,57,57,30,38,38,5,44,46,40,40,42,42,46,46,0,0],"gold":72,"neow_bonus":"UPGRADE_CARD","is_daily":false,"chose_seed":false,"campfire_upgraded":4,"win_rate":0.0,"timestamp":1608005730,"path_taken":["M","M","?","M","?","R","$","E","T","M","E","M","E","?","R","BOSS","M","?","$","?","?","R","?","?","T","?","?","M","E","M","R","BOSS","M","?","$","M","?","E","R","?"],"items_purchased_type":["Card","Card","Card","Card","Relic"],"build_version":"2020-12-13","purchased_purges":1,"victory":false,"max_hp_per_floor":[66,66,66,66,76,76,76,76,76,76,76,76,76,76,76,76,76,76,76,76,57,57,57,57,57,57,57,57,57,57,57,57,57,57,57,57,57,57,57,57,57,57,57],"card_choices":[{"not_picked":["Blade Dance","Sneak Up"],"picked":"Slice","floor":1.0},{"not_picked":["Endless Agony","Draining Mist"],"picked":"Crippling Poison","floor":2.0},{"not_picked":["Deflect","Concentrate"],"picked":"Sucker Punch","floor":4.0},{"not_picked":["Blade Dance","Underhanded Strike"],"picked":"After Image","floor":8.0},{"not_picked":["ReplayTheSpireMod:The Works","Flying Knee"],"picked":"Backflip","floor":10.0},{"not_picked":["Dash","Concentrate","Flechettes"],"picked":"SKIP","floor":11.0},{"not_picked":["Bane","Dodge and Roll"],"picked":"Blade Dance","floor":12.0},{"not_picked":["Dagger Throw","Slice"],"picked":"Cloak And Dagger","floor":13.0},{"not_picked":["Toxin Wave","Slice"],"picked":"Blade Dance","floor":14.0},{"not_picked":["Unload","Burst"],"picked":"A Thousand Cuts","floor":16.0},{"not_picked":["Cloak And Dagger","Bane"],"picked":"Escape Plan","floor":18.0},{"not_picked":["Cloak And Dagger","Expertise","Noxious Fumes"],"picked":"SKIP","floor":24.0},{"not_picked":["Acrobatics+1","Choke"],"picked":"Heel Hook","floor":28.0},{"not_picked":["Backflip","Cloak And Dagger+1","Noxious Fumes"],"picked":"SKIP","floor":29.0},{"not_picked":["Catalyst","Poisoned Stab"],"picked":"Replay:Poison Smokescreen","floor":30},{"not_picked":["Atom Bomb","Bouncing Flask"],"picked":"Outmaneuver+1","floor":31},{"not_picked":["Replay:Bag of Tricks","Die Die Die"],"picked":"Corpse Explosion","floor":33},{"not_picked":["Cloak And Dagger","Deadly Poison+1"],"picked":"All Out Attack","floor":35},{"not_picked":["Flying Knee","Blade Dance"],"picked":"Well Laid Plans","floor":36},{"not_picked":["Slice","Quick Slash+1"],"picked":"Footwork","floor":38},{"not_picked":["Reflex+1","ReplayTheSpireMod:Exploit Weakness"],"picked":"Envenom","floor":40}],"player_experience":1081011,"relics_obtained":[{"floor":8.0,"key":"Torii"},{"floor":9.0,"key":"Ninja Scroll"},{"floor":11.0,"key":"ReplayTheSpireMod:Shallot"},{"floor":13.0,"key":"Du-Vu Doll"},{"floor":19.0,"key":"Ring of Peace"},{"floor":26.0,"key":"ReplayTheSpireMod:TigerMarble"},{"floor":30,"key":"Snake Skull"},{"floor":40,"key":"War Paint"}],"event_choices":[{"damage_healed":0.0,"max_hp_gain":0.0,"max_hp_loss":0.0,"gold_gain":0.0,"event_name":"Lab","player_choice":"Got Potions","floor":5.0,"gold_loss":0.0,"damage_taken":0.0},{"damage_healed":0.0,"max_hp_gain":0.0,"max_hp_loss":19.0,"gold_gain":0.0,"event_name":"Vampires","player_choice":"Became a vampire","floor":21.0,"gold_loss":0.0,"damage_taken":0.0,"cards_obtained":["Bite","Bite","Bite","Bite"]},{"damage_healed":0.0,"max_hp_gain":0.0,"max_hp_loss":0.0,"gold_gain":0.0,"event_name":"Duplicator","player_choice":"Copied","floor":22.0,"gold_loss":0.0,"damage_taken":0.0,"cards_obtained":["Footwork"]},{"cards_removed":["Defend_G"],"damage_healed":0.0,"max_hp_gain":0.0,"max_hp_loss":0.0,"gold_gain":0.0,"event_name":"Wheel of Change","player_choice":"Card Removal","floor":25.0,"gold_loss":0.0,"damage_taken":0.0},{"damage_healed":0,"gold_gain":0,"cards_transformed":["Well Laid Plans"],"player_choice":"Transformed","damage_taken":0,"max_hp_gain":0,"max_hp_loss":0,"event_name":"Transmorgrifier","floor":39,"gold_loss":0,"cards_obtained":["Dodge and Roll"]}],"is_beta":false,"boss_relics":[{"not_picked":["Honey Jar","Fusion Hammer"],"picked":"Runic Pyramid"},{"not_picked":["Busted Crown","Ring of Chaos"],"picked":"ReplayTheSpireMod:DimensionalGlitch"}],"items_purged_floors":[20],"is_endless":false,"potions_floor_spawned":[2,4,10,14,16,18,31,33,36,38],"killed_by":"Spire Growth","ascension_level":20}}