{"host":"y30n8hbqlqxhztg8","time":1608062301,"event":{"mods":["A Magickal Journey","AchievementEnabler","BaseMod","BetterRewards","Block Reminder","Colored Map","Conspire","Downfall","GifTheSpireLib","Glutton Mod","Hubris","Infinite Spire","Koishi","Lobotomy","LobotomyExtend","Marisa????????","Minty Spire (QoL Compilation)","Prisma Mod","Replay The Spire","Shop Mod","Somnambulant","StSLib","Stuff the Spire","The Factory","The Forsaken","The Jungle","[IsaacMod]????"],"gold_per_floor":[213,213,213,225,240,240,265,265,290,244,244,352,352,427,427,524,624,639,655,655,415,430,136,136,156,176,176,176,288,288,298,311,311,415,415,425,425,425,438,438,438,458,476,503,522,522,297,352,364,364,466,466,481,481,492,507,507,507,426,426,426,538,538,538,554,572,572,572],"floor_reached":51,"playtime":2110,"items_purged":[],"score":1132,"play_id":"fd29293e-d717-41bb-b4ae-630895db8ee3","local_time":"20201215115821","is_ascension_mode":false,"campfire_choices":[{"data":"Perfected Strike","floor":6,"key":"SMITH"},{"data":"Uppercut","floor":8,"key":"SMITH"},{"floor":13,"key":"REST"},{"floor":15,"key":"REST"},{"data":"Strike_R","floor":6,"key":"SMITH"},{"data":"Iron Wave","floor":10,"key":"SMITH"},{"data":"Searing Blow","floor":15,"key":"SMITH"},{"data":"Searing Blow+1","floor":23,"key":"SMITH"},{"data":"Searing Blow+2","floor":28,"key":"SMITH"},{"data":"Searing Blow+3","floor":32,"key":"SMITH"},{"data":"Immolate","floor":40,"key":"SMITH"},{"floor":46,"key":"REST"},{"floor":49,"key":"REST"}],"circlet_count":0,"master_deck":["Strike_R+1","Strike_R+1","Strike_R","Strike_R","Strike_R","Defend_R","Defend_R+1","Defend_R","Defend_R","Bash+1","Perfected Strike+1","Sword Boomerang+1","Heavy Blade","Uppercut+1","Wild Strike+1","Searing Blow+4","conspire:HitWhereItHurts","Cleave","Iron Wave+1","Cleave","Run Through+1","Anger","Wild Strike","Clothesline","Twin Strike","Immolate+1","Sword Boomerang+1","Feed"],"relics":["Burning Blood","HushsDoor","Leech","StuffTheSpire:TintedRock","BelialBook","theForsaken:Kindling","Replay:Wanted Poster","Moonlight_r","Heaven_r","LetterFromLob","hubris:SphereOfDissonance","hubris:64BitClover","hubris:FunFungus","Strawberry","Busted Crown","Black Blood","Bag of Marbles","Ornamental Fan","hubris:Towel","StuffTheSpire:Gunfinga","Membership Card","hubris:ChampionShield","Potion Belt","Philosopher\u0027s Stone","Whetstone","SlaversCollar","theForsaken:Gavel","Red Skull","Darkstone Periapt"],"acts_visited":["Exordium","TheCity","TheCity","TheBeyond"],"potions_floor_usage":[16,27,50,50,50,50,50,50,50,50,50],"damage_taken":[{"damage":18,"enemies":"Cultist","floor":1,"turns":5},{"damage":0,"enemies":"Small Slimes","floor":4,"turns":2},{"damage":8,"enemies":"Jaw Worm","floor":5,"turns":3},{"damage":0,"enemies":"Gremlin Nob","floor":7,"turns":3},{"damage":27,"enemies":"3 Sentries","floor":12,"turns":3},{"damage":79,"enemies":"Fading Forest","floor":16,"turns":11},{"damage":10,"enemies":"Shell Parasite","floor":18,"turns":3},{"damage":20,"enemies":"2 Thieves","floor":19,"turns":2},{"damage":0,"enemies":"Small Slimes","floor":1,"turns":1},{"damage":0,"enemies":"Cultist","floor":4,"turns":1},{"damage":0,"enemies":"Jaw Worm","floor":7,"turns":1},{"damage":14,"enemies":"3 Louse","floor":8,"turns":2},{"damage":4,"enemies":"Lagavulin","floor":11,"turns":2},{"damage":0,"enemies":"Blue Slaver","floor":13,"turns":1},{"damage":2,"enemies":"2 Fungi Beasts","floor":14,"turns":2},{"damage":42,"enemies":"Hexaghost","floor":16,"turns":4},{"damage":0,"enemies":"Spheric Guardian","floor":18,"turns":3},{"damage":0,"enemies":"3 Byrds","floor":21,"turns":3},{"damage":0,"enemies":"3 Cultists","floor":24,"turns":3},{"damage":8,"enemies":"Centurion and Healer","floor":25,"turns":3},{"damage":4,"enemies":"Snake Plant","floor":27,"turns":2},{"damage":0,"enemies":"Snecko","floor":31,"turns":2},{"damage":14,"enemies":"hubris:MusketHawk","floor":33,"turns":5},{"damage":20,"enemies":"3 Shapes","floor":35,"turns":2},{"damage":0,"enemies":"Orb Walker","floor":37,"turns":1},{"damage":0,"enemies":"Jaw Worm Horde","floor":38,"turns":1},{"damage":95,"enemies":"Reptomancer","floor":44,"turns":3},{"damage":0,"enemies":"3 Darklings","floor":47,"turns":1},{"damage":0,"enemies":"Sphere and 2 Shapes","floor":48,"turns":2},{"damage":90,"enemies":"conspire:OrnateMirror","floor":50,"turns":4}],"seed_played":"2183556600740170110","potions_obtained":[{"floor":4,"key":"hexamod:EctoCoolerPotion"},{"floor":5,"key":"PowerPotion"},{"floor":1,"key":"Ancient Potion"},{"floor":8,"key":"ColorlessPotion"},{"floor":27,"key":"Fruit Juice"},{"floor":33,"key":"EntropicBrew"},{"floor":37,"key":"Dexterity Potion"},{"floor":47,"key":"sneckomod:MuddlingPotion"}],"is_trial":false,"path_per_floor":["M","?","?","M","M","R","E","R","T","$","?","E","R","?","R","B",null,"M","M","M","?","$","M","$","R","M","M","T","R","E","?","M","M","R","B",null,"M","AVR","?","M","?","R","M","M","T","M","R","$","T","M","R","B",null,"M","?","M","M","AVR","R","$","?","T","E","?","R","M","M","R","B",null],"character_chosen":"IRONCLAD","items_purchased":["Wild Strike","hubris:SphereOfDissonance","hubris:64BitClover","Membership Card","hubris:ChampionShield","Feed"],"campfire_rested":4,"item_purchase_floors":[10,3,5,29,29,41],"current_hp_per_floor":[68,68,68,76,76,76,80,80,80,80,64,46,75,64,90,30,90,87,90,90,90,90,90,90,90,83,83,83,86,93,97,97,97,62,97,97,97,97,97,97,97,97,97,97,102,102,102,102,102,102,102,102,101,101,102,102,102,102,102,102,102,29,29,64,83,107,115,50],"gold":572,"neow_bonus":"HUNDRED_GOLD","is_daily":false,"chose_seed":false,"campfire_upgraded":9,"win_rate":0.0,"timestamp":1608062301,"path_taken":["M","?","?","?","M","R","E","R","T","$","?","E","R","?","R","BOSS","M","M","M","?","$","M","$","R","M","M","T","R","E","?","M","M","R","BOSS","M","AVR","?","M","?","R","M","M","T","M","R","?","?","M","R","BOSS","M","?","?","M","AVR","R","?","?","T","E","?","R","M","M","R","BOSS"],"items_purchased_type":["Card","Relic","Relic","Relic","Relic","Card"],"build_version":"2020-12-13","purchased_purges":0,"victory":true,"max_hp_per_floor":[80,80,80,80,80,80,80,80,80,80,80,80,85,85,90,90,90,90,90,90,90,90,90,90,90,90,90,90,90,97,97,97,97,97,97,97,97,97,97,97,97,97,97,97,102,102,102,102,102,102,102,102,102,102,102,102,102,102,102,102,102,102,102,107,107,110,115,115],"card_choices":[{"not_picked":["Anger","Battle Trance"],"picked":"Perfected Strike","floor":1},{"not_picked":["Reckless Charge","hubris:SharpeningStone"],"picked":"Sword Boomerang","floor":4},{"not_picked":["StuffTheSpire:Incineration","Armaments"],"picked":"Heavy Blade","floor":5},{"not_picked":["Power Through","Sword Boomerang"],"picked":"Uppercut","floor":7},{"not_picked":["Iron Wave","Feel No Pain"],"picked":"Searing Blow","floor":12},{"not_picked":["Eclipse","Barricade"],"picked":"conspire:HitWhereItHurts","floor":16},{"not_picked":["Replay:Undeath\u0027s Touch","Anger"],"picked":"Cleave","floor":18},{"not_picked":["True Grit","Twin Strike"],"picked":"Iron Wave","floor":1},{"not_picked":["Demonic Infusion","Replay:Undeath\u0027s Touch","Intimidate"],"picked":"SKIP","floor":4},{"not_picked":["Battle Trance","Clothesline"],"picked":"Cleave","floor":7},{"not_picked":["Rage","True Grit","Sever Soul"],"picked":"SKIP","floor":8},{"not_picked":["StuffTheSpire:Incineration","hubris:CleavingFinish"],"picked":"Run Through","floor":11},{"not_picked":["Shockwave","Headbutt"],"picked":"Anger","floor":13},{"not_picked":["Clash","Heavy Blade"],"picked":"Wild Strike","floor":14},{"not_picked":["Fire Breathing"],"picked":"SKIP","floor":18},{"not_picked":[],"picked":"Clothesline","floor":21},{"not_picked":["Replay:Undeath\u0027s Touch"],"picked":"SKIP","floor":24},{"not_picked":["Sword Boomerang"],"picked":"SKIP","floor":25},{"not_picked":[],"picked":"Twin Strike","floor":27},{"not_picked":["Searing Blow"],"picked":"SKIP","floor":31},{"not_picked":[],"picked":"Immolate","floor":33},{"not_picked":[],"picked":"Sword Boomerang+1","floor":35},{"not_picked":["hubris:ReadiedAction"],"picked":"SKIP","floor":37},{"not_picked":["hubris:ReadiedAction"],"picked":"SKIP","floor":37},{"not_picked":["Thunderclap"],"picked":"SKIP","floor":38},{"not_picked":["Twin Strike"],"picked":"SKIP","floor":44},{"not_picked":["Reckless Charge+1"],"picked":"SKIP","floor":47},{"not_picked":["Armaments+1"],"picked":"SKIP","floor":48}],"player_experience":60274,"relics_obtained":[{"floor":1,"key":"LetterFromLob"},{"floor":7,"key":"StuffTheSpire:TintedRock"},{"floor":9,"key":"BelialBook"},{"floor":12,"key":"theForsaken:Kindling"},{"floor":1,"key":"LetterFromLob"},{"floor":11,"key":"hubris:FunFungus"},{"floor":12,"key":"Strawberry"},{"floor":21,"key":"Ornamental Fan"},{"floor":26,"key":"StuffTheSpire:Gunfinga"},{"floor":30,"key":"Potion Belt"},{"floor":37,"key":"Whetstone"},{"floor":43,"key":"Red Skull"},{"floor":44,"key":"Darkstone Periapt"}],"event_choices":[{"damage_healed":0,"gold_gain":0,"player_choice":"Entered Light","damage_taken":16,"max_hp_gain":0,"max_hp_loss":0,"event_name":"Shining Light","floor":11,"gold_loss":0,"cards_upgraded":["Strike_R","Bash"]},{"damage_healed":0,"gold_gain":75,"player_choice":"Gather Gold","damage_taken":11,"max_hp_gain":0,"max_hp_loss":0,"event_name":"World of Goop","floor":14,"gold_loss":0},{"damage_healed":0,"gold_gain":0,"player_choice":"Leave","damage_taken":0,"max_hp_gain":0,"max_hp_loss":0,"event_name":"conspire:Investor","floor":2,"gold_loss":0},{"damage_healed":0,"gold_gain":0,"player_choice":"Ignored","damage_taken":0,"max_hp_gain":0,"max_hp_loss":0,"event_name":"Mysterious Sphere","floor":45,"gold_loss":0}],"is_beta":false,"boss_relics":[{"not_picked":["StuffTheSpire:RunicConfusion","Abe\u0027s Treasure"],"picked":"Replay:Wanted Poster"},{"not_picked":[]},{"not_picked":["Replay:Drink Me","Runic Cube"],"picked":"Busted Crown"},{"not_picked":[]},{"not_picked":["StuffTheSpire:RunicConfusion","ChampionBelt"],"picked":"Philosopher\u0027s Stone"},{"not_picked":[]}],"items_purged_floors":[],"is_endless":false,"potions_floor_spawned":[4,5,19,1,8,14,16,24,27,33,37,47],"ascension_level":0}}