{"host":"fqid566djxhwi0rl","time":1608062641,"event":{"mods":["2.2 Compatiblity","AchievementEnabler","Aspiration","BaseMod","Downfall","Energized Spire","Faster Ascension Climbing","GifTheSpireLib","Minty Spire (QoL Compilation)","Replay The Spire","Robot Space Explorer","StSLib","The Blackbeard","The Gatherer","Trackpad","Yuri Mod"],"gold_per_floor":[109,109,119,44,44,44,72,82,164,178,2,26,53,76,76,149,149,149,149],"floor_reached":18,"playtime":1155,"items_purged":["Voices","champ:Strike"],"score":294,"play_id":"d4a34cf5-214e-4b4f-8f8e-1a66ac75ec7f","local_time":"20201215220401","is_ascension_mode":true,"campfire_choices":[{"data":"champ:Taunt","floor":6,"key":"SMITH"},{"data":"champ:StanceDance","floor":15,"key":"SMITH"}],"circlet_count":0,"master_deck":["AscendersBane","champ:Strike","champ:Strike","champ:Defend","champ:Defend","champ:Defend","champ:Defend","champ:Execute","champ:Taunt+1","champ:StanceDance+1","Battle Trance","Glacier","Replay:BluntJabs","champ:SteelEdge","champ:DancingMaster"],"relics":["Painkiller Herb","PrismaticShard","aspiration:FrozenJewel","The Courier","BargainBundle","Odd Mushroom","Simple Rune","Bag of Preparation","aspiration:RunicSpoon"],"acts_visited":["Exordium","TheCity"],"potions_floor_usage":[12,13,16],"damage_taken":[{"damage":5,"enemies":"Small Slimes","floor":1,"turns":4},{"damage":11,"enemies":"Jaw Worm","floor":3,"turns":4},{"damage":44,"enemies":"Replay:BlueRogue","floor":7,"turns":8},{"damage":0,"enemies":"2 Louse","floor":8,"turns":2},{"damage":13,"enemies":"2 Fungi Beasts","floor":10,"turns":3},{"damage":0,"enemies":"The Mushroom Lair","floor":12,"turns":2},{"damage":14,"enemies":"Lagavulin","floor":13,"turns":5},{"damage":34,"enemies":"The Guardian","floor":16,"turns":12},{"damage":8,"enemies":"Chosen","floor":18,"turns":4}],"seed_played":"-4996396654146032458","potions_obtained":[{"floor":1,"key":"Guardian:BlockOnCardUsePotion"},{"floor":7,"key":"Swift Potion"},{"floor":12,"key":"AttackPotion"},{"floor":13,"key":"Guardian:BlockOnCardUsePotion"}],"is_trial":false,"path_per_floor":["?","?","?","T","?","T","E","?","T","?","T","?","E","T","T","B",null,"?"],"character_chosen":"THE_CHAMP","items_purchased":["BargainBundle","ColorlessPotion","champ:SteelEdge","champ:DancingMaster"],"campfire_rested":0,"item_purchase_floors":[11,11,11,11],"current_hp_per_floor":[73,73,67,67,60,60,41,41,41,41,41,41,32,32,32,25,67,59,59],"gold":149,"neow_bonus":"BOSS_RELIC","is_daily":false,"chose_seed":false,"campfire_upgraded":2,"win_rate":0.0,"timestamp":1608062641,"path_taken":["?","?","?","T","?","T","E","?","T","?","T","?","E","?","T","BOSS","?"],"items_purchased_type":["Relic","Potion","Card","Card"],"build_version":"2020-12-13","purchased_purges":2,"victory":false,"max_hp_per_floor":[81,81,81,81,81,81,81,81,81,81,81,81,81,81,81,81,81,81,81],"card_choices":[{"not_picked":["champ:SkillfulDodge","champ:Circumvent"],"picked":"champ:StanceDance","floor":1},{"not_picked":["champ:HeartStrike","RobotSpaceExplorer:IronShell"],"picked":"Battle Trance","floor":3},{"not_picked":["blackbeard:CloakAndCannonball","sneckomod:SnakeSap"],"picked":"Glacier","floor":7},{"not_picked":["RobotSpaceExplorer:MetalStrike","champ:PerfectedStrike"],"picked":"Replay:BluntJabs","floor":8},{"not_picked":["Guardian:PiercingHide","sneckomod:UnknownUncommonPower","hexamod:GhostflameBarrier"],"picked":"SKIP","floor":10},{"not_picked":["Guardian:RevengeProtocol","RobotSpaceExplorer:DoubleFind","sneckomod:RainOfDice"],"picked":"SKIP","floor":13}],"player_experience":685193,"relics_obtained":[{"floor":7,"key":"aspiration:FrozenJewel"},{"floor":9,"key":"The Courier"},{"floor":12,"key":"Odd Mushroom"},{"floor":13,"key":"Simple Rune"},{"floor":14,"key":"Bag of Preparation"}],"event_choices":[{"cards_removed":["champ:Strike"],"damage_healed":0,"gold_gain":0,"player_choice":"Card Removal","damage_taken":7,"max_hp_gain":0,"max_hp_loss":0,"event_name":"Golden Wing","floor":5,"gold_loss":0},{"damage_healed":0,"gold_gain":0,"player_choice":"Fought Mushrooms","damage_taken":0,"max_hp_gain":0,"max_hp_loss":0,"event_name":"Mushrooms","floor":12,"gold_loss":0}],"is_beta":false,"boss_relics":[{"not_picked":["Honey Jar","Replay:Bronze Core"],"picked":"aspiration:RunicSpoon"}],"items_purged_floors":[4,11],"is_endless":false,"potions_floor_spawned":[1,7,12,13],"killed_by":"Chosen","ascension_level":15}}