{"host":"ufl0k2so27eic2iy","time":1608029480,"event":{"mods":["BaseMod","Minty Spire (QoL Compilation)","StSLib","The Animator"],"gold_per_floor":[118,129,152,152,180,180,180],"floor_reached":6,"playtime":374,"items_purged":[],"score":67,"play_id":"e3582d1a-0072-4a37-860d-29791879bf7d","local_time":"20201215105120","is_ascension_mode":true,"campfire_choices":[],"circlet_count":0,"master_deck":["AscendersBane","animator:Strike_Rewrite","animator:Defend_Rewrite","animator:Strike","animator:Strike","animator:Strike","animator:Defend","animator:Defend","animator:Defend","animator:YoshinoHaruhiko","animator:ShizuruNakatsu","animator:Spearman","animator:Shichika","animator:Bozes","animator:SougenEsaka"],"relics":["animator:LivingPicture","animator:TheMissingPiece"],"acts_visited":["Exordium"],"potions_floor_usage":[5],"damage_taken":[{"damage":11,"enemies":"Cultist","floor":1,"turns":7},{"damage":2,"enemies":"2 Louse","floor":2,"turns":4},{"damage":5,"enemies":"Jaw Worm","floor":3,"turns":6},{"damage":8,"enemies":"Large Slime","floor":5,"turns":5},{"damage":30,"enemies":"3 Sentries","floor":6,"turns":8}],"seed_played":"-1489239318413636809","potions_obtained":[{"floor":2,"key":"Dexterity Potion"}],"is_trial":false,"path_per_floor":["M","M","M","?","M","E"],"character_chosen":"THE_ANIMATOR","items_purchased":[],"campfire_rested":0,"item_purchase_floors":[],"current_hp_per_floor":[49,47,42,47,39,9,9],"gold":180,"neow_bonus":"TEN_PERCENT_HP_BONUS","is_daily":false,"chose_seed":true,"campfire_upgraded":0,"win_rate":0.0,"timestamp":1608029480,"path_taken":["M","?","M","?","M","E"],"items_purchased_type":[],"build_version":"2020-12-13","purchased_purges":0,"victory":false,"max_hp_per_floor":[66,66,66,71,71,71,71],"card_choices":[{"not_picked":["animator:Chung","animator:Melzalgald"],"picked":"animator:Spearman","floor":1},{"not_picked":["animator:ShizuruNakatsu","animator:YaoHaDucy"],"picked":"animator:Shichika","floor":2},{"not_picked":["animator:YoshinoHaruhiko","animator:Konayuki"],"picked":"animator:Bozes","floor":3},{"not_picked":["animator:Kagari","animator:Chibimoth"],"picked":"animator:SougenEsaka","floor":5}],"player_experience":2282571,"relics_obtained":[],"event_choices":[{"damage_healed":0,"gold_gain":0,"player_choice":"Donut","damage_taken":0,"max_hp_gain":5,"max_hp_loss":0,"event_name":"Big Fish","floor":4,"gold_loss":0}],"is_beta":false,"boss_relics":[],"items_purged_floors":[],"is_endless":false,"potions_floor_spawned":[2],"killed_by":"3 Sentries","ascension_level":15}}