{"host":"0tg1gncob7yth7j0","time":1608063402,"event":{"mods":["BaseMod","Best Route Mod","Block Reminder","Disable Question Mark Monsters","Gold Saver","Minty Spire (QoL Compilation)","SacredBarkPlus","StSLib","Transform Curses"],"gold_per_floor":[225,240,240,3,30,63,79,98,98,110,127,127,154,164,164,236,236,249,249,267,217,228,228,287,312,312],"floor_reached":25,"playtime":1447,"items_purged":["Strike_P"],"score":413,"play_id":"da1a0fcd-9313-4dff-89cc-ae8934659013","local_time":"20201215151642","is_ascension_mode":true,"campfire_choices":[{"data":"Eruption","floor":12,"key":"SMITH"},{"floor":15,"key":"REST"},{"data":"Crescendo","floor":23,"key":"SMITH"}],"circlet_count":0,"master_deck":["AscendersBane","Strike_P","Strike_P","Defend_P","Defend_P","Defend_P","Defend_P","Eruption+1","Vigilance","SashWhip","SashWhip","Wallop","EmptyBody","Crescendo+1","Halt","Halt","Brilliance","ForeignInfluence","Vault","EmptyMind","ClearTheMind","Wish"],"relics":["PureWater","NeowsBlessing","Membership Card","PreservedInsect","HornCleat","Odd Mushroom","Cursed Key","Enchiridion","FossilizedHelix"],"acts_visited":["Exordium","TheCity"],"potions_floor_usage":[8,10,13,13,16,22,24],"damage_taken":[{"damage":0,"enemies":"Small Slimes","floor":1,"turns":1},{"damage":0,"enemies":"Cultist","floor":2,"turns":1},{"damage":0,"enemies":"Lagavulin","floor":6,"turns":1},{"damage":0,"enemies":"2 Louse","floor":7,"turns":2},{"damage":8,"enemies":"Large Slime","floor":8,"turns":4},{"damage":2,"enemies":"Exordium Thugs","floor":10,"turns":3},{"damage":1,"enemies":"Red Slaver","floor":11,"turns":4},{"damage":16,"enemies":"The Mushroom Lair","floor":13,"turns":7},{"damage":11,"enemies":"Gremlin Gang","floor":14,"turns":5},{"damage":8,"enemies":"Hexaghost","floor":16,"turns":8},{"damage":1,"enemies":"Chosen","floor":18,"turns":4},{"damage":0,"enemies":"Spheric Guardian","floor":20,"turns":2},{"damage":0,"enemies":"Snecko","floor":22,"turns":3},{"damage":13,"enemies":"Slavers","floor":24,"turns":5},{"damage":65,"enemies":"Cultist and Chosen","floor":25,"turns":9}],"seed_played":"2067411816457134803","potions_obtained":[{"floor":2,"key":"Strength Potion"},{"floor":7,"key":"Weak Potion"},{"floor":8,"key":"BottledMiracle"},{"floor":10,"key":"EntropicBrew"},{"floor":16,"key":"DuplicationPotion"},{"floor":20,"key":"BlessingOfTheForge"}],"is_trial":false,"path_per_floor":["M","M","?","$","T","E","M","M","T","M","M","R","?","M","R","B",null,"M","?","M","?","M","R","E","M"],"character_chosen":"WATCHER","items_purchased":["Membership Card","Wallop","EmptyBody"],"campfire_rested":1,"item_purchase_floors":[4,4,4],"current_hp_per_floor":[65,65,65,65,65,65,65,57,57,55,54,54,38,27,48,40,64,63,47,47,47,47,47,34,0,0],"gold":312,"neow_bonus":"THREE_ENEMY_KILL","is_daily":false,"chose_seed":false,"campfire_upgraded":2,"win_rate":0.0,"timestamp":1608063402,"path_taken":["M","M","?","$","?","E","?","M","T","M","M","R","?","M","R","BOSS","M","?","M","?","M","R","E","M"],"items_purchased_type":["Relic","Card","Card"],"build_version":"2020-12-13","purchased_purges":1,"victory":false,"max_hp_per_floor":[72,72,72,72,72,72,72,72,72,72,72,72,72,72,72,72,72,72,72,72,72,72,72,72,72,72],"card_choices":[{"not_picked":["FlyingSleeves","Evaluate"],"picked":"SashWhip","floor":1},{"not_picked":["Swivel","BowlingBash"],"picked":"SashWhip","floor":2},{"not_picked":["FollowUp","ReachHeaven","BowlingBash"],"picked":"SKIP","floor":6},{"not_picked":["InnerPeace","BowlingBash"],"picked":"Crescendo","floor":7},{"not_picked":["SashWhip","LikeWater"],"picked":"Halt","floor":8},{"not_picked":["Perseverance","Evaluate"],"picked":"Halt","floor":10},{"not_picked":["DeceiveReality","Swivel","JustLucky"],"picked":"SKIP","floor":11},{"not_picked":["ForeignInfluence","Perseverance"],"picked":"Brilliance","floor":13},{"not_picked":["FlyingSleeves","Worship"],"picked":"ForeignInfluence","floor":14},{"not_picked":["SpiritShield","Alpha"],"picked":"Vault","floor":16},{"not_picked":["Crescendo","EmptyBody"],"picked":"EmptyMind","floor":18},{"not_picked":["ThirdEye","EmptyFist"],"picked":"ClearTheMind","floor":20},{"not_picked":["CrushJoints","BowlingBash"],"picked":"Wish","floor":22},{"not_picked":["Blasphemy","SignatureMove","SashWhip"],"picked":"SKIP","floor":24}],"player_experience":3597620,"relics_obtained":[{"floor":6,"key":"PreservedInsect"},{"floor":9,"key":"HornCleat"},{"floor":13,"key":"Odd Mushroom"},{"floor":19,"key":"Enchiridion"},{"floor":24,"key":"FossilizedHelix"}],"event_choices":[{"cards_removed":["Strike_P"],"damage_healed":0,"gold_gain":0,"player_choice":"Offered Basic","damage_taken":0,"max_hp_gain":0,"max_hp_loss":0,"event_name":"Bonfire Elementals","floor":3,"gold_loss":0},{"damage_healed":0,"gold_gain":0,"player_choice":"Fought Mushrooms","damage_taken":0,"max_hp_gain":0,"max_hp_loss":0,"event_name":"Mushrooms","floor":13,"gold_loss":0},{"damage_healed":0,"gold_gain":0,"player_choice":"Obtained Book","damage_taken":16,"max_hp_gain":0,"max_hp_loss":0,"event_name":"Cursed Tome","floor":19,"gold_loss":0},{"damage_healed":0,"gold_gain":0,"player_choice":"Bet on Owner","damage_taken":0,"max_hp_gain":0,"max_hp_loss":0,"event_name":"The Joust","floor":21,"gold_loss":50}],"is_beta":false,"boss_relics":[{"not_picked":["Coffee Dripper","Pandora\u0027s Box"],"picked":"Cursed Key"}],"items_purged_floors":[4],"is_endless":false,"potions_floor_spawned":[2,7,8,10,16,20],"killed_by":"Cultist and Chosen","ascension_level":13}}