{"host":"m9i7qe3hvz6jihjh","time":1608039100,"event":{"mods":["BaseMod","Colored Powertips","Infinite Spire","Minty Spire (QoL Compilation)","Quick Restart","StSLib","The Animator","Waifu the Spire"],"gold_per_floor":[113,63,17,35,35,35,70,80,155,0,0,12,12,28,28,126,126,145,28,47,62,74,74,86,86,86,86,104,120,120,120,120,120,120],"floor_reached":33,"playtime":1496,"items_purged":["Defend_P"],"score":274,"play_id":"6aa8965e-0555-46a3-bcf7-07f8186b4165","local_time":"20201215143140","is_ascension_mode":false,"campfire_choices":[{"data":"Eruption","floor":6,"key":"SMITH"},{"data":"BattleHymn","floor":11,"key":"SMITH"},{"data":"Indignation","floor":13,"key":"SMITH"},{"data":"ThirdEye","floor":15,"key":"SMITH"},{"floor":23,"key":"REST"},{"floor":25,"key":"REST"},{"floor":27,"key":"REST"},{"floor":32,"key":"REST"}],"circlet_count":0,"master_deck":["Strike_P","Strike_P","Strike_P","Strike_P","Defend_P","Defend_P","Eruption+1","Vigilance","Pray","EmptyBody","ThirdEye+1","Indignation+1","Evaluate","BattleHymn+1","PathToVictory+1","Indignation+1","Scrawl+1","Halt+1","Study","Evaluate+1","ThirdEye+1","FlyingSleeves","Vengeance+1","Tantrum","Swivel+1","EmptyFist","CurseOfTheBell"],"relics":["PureWater","NeowsBlessing","Anchor","Toxic Egg 2","SlaversCollar","Pantograph","Calling Bell","infinitespire:PuzzleCube","Matryoshka","Calipers"],"acts_visited":["Exordium","TheCity"],"potions_floor_usage":[12,16,18,21,22],"damage_taken":[{"damage":0,"enemies":"2 Louse","floor":1,"turns":1},{"damage":0,"enemies":"Jaw Worm","floor":4,"turns":1},{"damage":0,"enemies":"Lagavulin","floor":7,"turns":1},{"damage":8,"enemies":"Cultist","floor":8,"turns":6},{"damage":6,"enemies":"Lots of Slimes","floor":12,"turns":3},{"damage":3,"enemies":"Looter","floor":14,"turns":3},{"damage":27,"enemies":"The Guardian","floor":16,"turns":7},{"damage":23,"enemies":"Spheric Guardian","floor":18,"turns":5},{"damage":5,"enemies":"Shell Parasite","floor":20,"turns":4},{"damage":14,"enemies":"Snake Plant","floor":21,"turns":3},{"damage":26,"enemies":"Snecko","floor":22,"turns":4},{"damage":15,"enemies":"Centurion and Healer","floor":24,"turns":6},{"damage":25,"enemies":"3 Cultists","floor":28,"turns":5},{"damage":20,"enemies":"Cultist and Chosen","floor":29,"turns":8},{"damage":91,"enemies":"Automaton","floor":33,"turns":12}],"seed_played":"2144883743912587254","potions_obtained":[{"floor":7,"key":"EssenceOfSteel"},{"floor":8,"key":"LiquidMemories"},{"floor":12,"key":"GamblersBrew"},{"floor":18,"key":"SteroidPotion"},{"floor":21,"key":"ColorlessPotion"}],"is_trial":false,"path_per_floor":["M","?","$","M","?","R","E","M","T","$","R","M","R","M","R","B",null,"M","$","M","M","M","R","M","R","T","R","M","M","AVR","?","R","B"],"character_chosen":"WATCHER","items_purchased":["EmptyBody","BattleHymn","Study","Evaluate+1"],"campfire_rested":4,"item_purchase_floors":[3,10,19,19],"current_hp_per_floor":[72,72,72,72,77,77,77,69,69,69,69,63,63,60,60,33,77,54,54,49,35,9,32,17,40,40,63,38,18,18,18,41,0,0],"gold":120,"neow_bonus":"THREE_ENEMY_KILL","is_daily":false,"chose_seed":false,"campfire_upgraded":4,"win_rate":0.0,"timestamp":1608039100,"path_taken":["M","?","$","M","?","R","E","M","T","?","R","?","R","?","R","BOSS","M","?","M","M","M","R","M","R","T","R","M","M","AVR","?","R","BOSS"],"items_purchased_type":["Card","Card","Card","Card"],"build_version":"2020-11-30","purchased_purges":1,"victory":false,"max_hp_per_floor":[72,72,72,72,77,77,77,77,77,77,77,77,77,77,77,77,77,77,77,77,77,77,77,77,77,77,77,77,77,77,77,77,77,77],"card_choices":[{"not_picked":["EmptyFist","Indignation"],"picked":"Pray","floor":1},{"not_picked":["CrushJoints","EmptyMind"],"picked":"ThirdEye","floor":4},{"not_picked":["Ragnarok","MasterReality"],"picked":"Indignation","floor":7},{"not_picked":["BowlingBash","Protect"],"picked":"Evaluate","floor":8},{"not_picked":["Protect+1","BowlingBash"],"picked":"PathToVictory+1","floor":12},{"not_picked":["EmptyMind+1","SashWhip"],"picked":"Indignation+1","floor":14},{"not_picked":["DeusExMachina+1","Vault+1"],"picked":"Scrawl+1","floor":16},{"not_picked":["EmptyMind+1","Protect+1"],"picked":"Halt+1","floor":18},{"not_picked":["LikeWater+1","Consecrate"],"picked":"ThirdEye+1","floor":20},{"not_picked":["FollowUp+1","BowlingBash+1"],"picked":"FlyingSleeves","floor":21},{"not_picked":["Study","Scrawl+1"],"picked":"Vengeance+1","floor":22},{"not_picked":["Evaluate+1","WheelKick"],"picked":"Tantrum","floor":24},{"not_picked":["EmptyFist","Wallop"],"picked":"Swivel+1","floor":28},{"not_picked":["Crescendo+1","Study"],"picked":"EmptyFist","floor":29}],"player_experience":855531,"relics_obtained":[{"floor":7,"key":"Anchor"},{"floor":9,"key":"Toxic Egg 2"},{"floor":26,"key":"Pantograph"},{"floor":30,"key":"infinitespire:PuzzleCube"},{"floor":30,"key":"Matryoshka"},{"floor":30,"key":"Calipers"}],"event_choices":[{"cards_removed":["Defend_P"],"damage_healed":0,"gold_gain":0,"player_choice":"Card Removal","damage_taken":0,"max_hp_gain":0,"max_hp_loss":0,"event_name":"The Cleric","floor":2,"gold_loss":50},{"damage_healed":0,"gold_gain":0,"player_choice":"Donut","damage_taken":0,"max_hp_gain":5,"max_hp_loss":0,"event_name":"Big Fish","floor":5,"gold_loss":0},{"damage_healed":0,"gold_gain":0,"player_choice":"Bought 0 Potions","damage_taken":0,"max_hp_gain":0,"max_hp_loss":0,"event_name":"The Woman in Blue","floor":31,"gold_loss":0}],"is_beta":false,"boss_relics":[{"not_picked":["infinitespire:Cupcake","Coffee Dripper"],"picked":"SlaversCollar"}],"items_purged_floors":[10],"is_endless":false,"potions_floor_spawned":[7,8,12,18,21],"killed_by":"Automaton","ascension_level":0}}