{"host":"9ndbo4kgsfoemf7y","time":1608038434,"event":{"mods":["AchievementEnabler","BaseMod","Colored Map","DeckTracker","Keyboard Shortcuts","Minty Spire (QoL Compilation)","Permanent Neow","Quick Restart","Relic Stats","StSLib","SuperFastMode"],"gold_per_floor":[137,188,12,48,81,136,136,168,193,343,343,373,373,133,133,133,133],"floor_reached":16,"playtime":419,"items_purged":["Strike_R"],"score":209,"play_id":"fa996f88-9fc9-4062-9c7e-199dbe041692","local_time":"20201215222034","is_ascension_mode":true,"campfire_choices":[{"floor":7.0,"key":"REST"},{"data":"HandOfGreed","floor":11.0,"key":"SMITH"},{"floor":15.0,"key":"REST"}],"circlet_count":0,"master_deck":["AscendersBane","Strike_R","Strike_R","Strike_R","Strike_R","Defend_R","Defend_R","Defend_R","Defend_R","Bash","Decay","HandOfGreed+1","True Grit","Flex","Second Wind","Rampage","Shrug It Off","Battle Trance","Doubt"],"relics":["Burning Blood","Question Card","Ancient Tea Set","Strawberry","Orichalcum","MealTicket"],"acts_visited":["Exordium"],"potions_floor_usage":[],"damage_taken":[{"damage":3.0,"enemies":"Cultist","floor":1.0,"turns":3.0},{"damage":5.0,"enemies":"Small Slimes","floor":2.0,"turns":4.0},{"damage":7.0,"enemies":"Jaw Worm","floor":4.0,"turns":2.0},{"damage":26.0,"enemies":"Red Slaver","floor":5.0,"turns":7.0},{"damage":30.0,"enemies":"Lagavulin","floor":6.0,"turns":6.0},{"damage":17.0,"enemies":"Large Slime","floor":8.0,"turns":7.0},{"damage":18.0,"enemies":"Gremlin Nob","floor":12.0,"turns":4.0},{"damage":31,"enemies":"The Guardian","floor":16,"turns":9}],"seed_played":"-593623867462001405","potions_obtained":[{"floor":5.0,"key":"Strength Potion"},{"floor":6.0,"key":"SpeedPotion"},{"floor":12.0,"key":"Block Potion"}],"is_trial":false,"path_per_floor":["M","M","$","M","M","E","R","M","T","?","R","E","?","$","R","B"],"character_chosen":"IRONCLAD","items_purchased":["Second Wind","Rampage","Block Potion","MealTicket"],"campfire_rested":2,"item_purchase_floors":[3,3,3,14],"current_hp_per_floor":[71,72,72,71,51,27,49,38,38,38,38,33,7,7,31,0,0],"gold":133,"neow_bonus":"RANDOM_COLORLESS_2","is_daily":false,"chose_seed":false,"campfire_upgraded":1,"win_rate":0.0,"timestamp":1608038434,"path_taken":["M","M","$","M","M","E","R","M","T","?","R","E","?","$","R","BOSS"],"items_purchased_type":["Card","Card","Potion","Relic"],"build_version":"2020-12-13","purchased_purges":1,"victory":false,"max_hp_per_floor":[75,75,75,75,75,75,75,75,75,75,75,82,82,82,82,82,82],"relic_stats":{"counters":[8,42],"MealTicket":0,"Orichalcum":[18],"Question Card":2,"obtain_stats":[{"Strawberry":12,"MealTicket":14,"Orichalcum":13,"Question Card":6,"Ancient Tea Set":9,"Burning Blood":0},{"Strawberry":7,"MealTicket":7,"Orichalcum":7,"Question Card":5,"Ancient Tea Set":6,"Burning Blood":0},{"Strawberry":33,"MealTicket":33,"Orichalcum":33,"Question Card":22,"Ancient Tea Set":29,"Burning Blood":0}],"Burning Blood":42},"card_choices":[{"not_picked":["Mayhem","Magnetism"],"picked":"HandOfGreed","floor":0.0},{"not_picked":["Rupture","Body Slam"],"picked":"True Grit","floor":1.0},{"not_picked":["Fire Breathing","Iron Wave"],"picked":"Flex","floor":2.0},{"not_picked":["Shockwave","Dual Wield"],"picked":"Shrug It Off","floor":4.0},{"not_picked":["Heavy Blade","Bloodletting","True Grit"],"picked":"SKIP","floor":5.0},{"not_picked":["Havoc","Hemokinesis","Warcry"],"picked":"SKIP","floor":6.0},{"not_picked":["Cleave","Iron Wave","Wild Strike"],"picked":"Battle Trance","floor":8.0},{"not_picked":["Clash","Disarm","Shrug It Off","Power Through"],"picked":"SKIP","floor":12.0}],"player_experience":680891,"relics_obtained":[{"floor":6.0,"key":"Question Card"},{"floor":9.0,"key":"Ancient Tea Set"},{"floor":12.0,"key":"Strawberry"}],"event_choices":[{"damage_healed":0.0,"max_hp_gain":0.0,"max_hp_loss":0.0,"gold_gain":150.0,"event_name":"Liars Game","player_choice":"AGREE","floor":10.0,"gold_loss":0.0,"damage_taken":0.0,"cards_obtained":["Doubt"]},{"damage_healed":0.0,"max_hp_gain":0.0,"max_hp_loss":0.0,"gold_gain":0.0,"event_name":"Scrap Ooze","player_choice":"Success","floor":13.0,"gold_loss":0.0,"damage_taken":26.0,"relics_obtained":["Orichalcum"]}],"is_beta":false,"boss_relics":[],"items_purged_floors":[14],"is_endless":false,"potions_floor_spawned":[5,6,12],"killed_by":"The Guardian","ascension_level":18}}