{"host":"ds28d883r3sz42zs","time":1608065476,"event":{"mods":["2.2 Compatiblity","AchievementEnabler","Act Like it!","BaseMod","Bestiary","Better Match","Better Sensory Stone","Better Silent Start","Better Third Choice","Better-Laid Plans","BetterRewards","Block Reminder","Challenge The Spire","Colored Map","Colored Powertips","DeckTracker","Defuse TimeMaze Blight","Disable Question Mark Monsters","Displayed Cursed Tome","Emptier Cage","GifTheSpireLib","Gold Saver","Minty Spire (QoL Compilation)","Permanent Neow","Practice Mode","Quick Restart","Random Character Button","Rare Cards Sparkle","Relic Filter","Relic Stats","SacredBarkPlus","StSLib","SuperFastMode","Uncapped","Unknown Chances"],"gold_per_floor":[1156,1156,1170,343,354,354,380,380,380,411,421,441,452,478,478,557,557,575,2,2,2,20,20,45,57,69,81,123,155,167,208,220,309,321,345,376,388,400,459,497,509,541,626,170,195,226,226,253,253,253,253,253,21,46,46],"floor_reached":56,"playtime":2436,"items_purged":["Strike_R","Strike_R","Strike_R"],"score":2691,"play_id":"4f058bab-97d5-4c8f-8b4f-0fcfc6f132cd","local_time":"20201215155116","is_ascension_mode":true,"campfire_choices":[{"data":"Bash","floor":6,"key":"SMITH"},{"data":"Iron Wave","floor":8,"key":"SMITH"},{"data":"Whirlwind","floor":15,"key":"SMITH"},{"floor":23,"key":"REST"},{"floor":30,"key":"RECALL"},{"floor":32,"key":"REST"},{"floor":41,"key":"REST"},{"floor":49,"key":"REST"},{"floor":52,"key":"REST"}],"circlet_count":0,"master_deck":["AscendersBane","Defend_R","Defend_R","Defend_R","Defend_R","Twin Strike+1","Iron Wave+1","Battle Trance","Spot Weakness","Intimidate","True Grit+1","Infernal Blade+1","Flame Barrier+1","Whirlwind+1","Demon Form","True Grit+1","Dark Embrace","Dark Embrace","Clothesline+1","Heavy Blade+1","Intimidate+1","Battle Trance+1","Warcry+1","Havoc+1","Corruption","Feel No Pain","Armaments+1","Offering+1","Entrench+1","Dark Shackles+1","Secret Technique+1","Shrug It Off+1","Dual Wield+1","Power Through+1"],"relics":["SacredBark","NlothsMask","Oddly Smooth Stone","Charon\u0027s Ashes","Medical Kit","Bag of Preparation","Toxic Egg 2","Happy Flower","Fusion Hammer","Chemical X","White Beast Statue","Nilry\u0027s Codex","MawBank","CaptainsWheel","Du-Vu Doll","Ice Cream","Snecko Eye","Dead Branch","Mercury Hourglass","Self Forming Clay","Mango","Ginger","Whetstone","Strawberry","Anchor"],"acts_visited":["Exordium","TheCity","TheBeyond","TheEnding"],"potions_floor_usage":[7,10,16,24,28,33,55],"damage_taken":[{"damage":1.0,"enemies":"Cultist","floor":1.0,"turns":4.0},{"damage":6,"enemies":"2 Louse","floor":3,"turns":2},{"damage":12,"enemies":"Jaw Worm","floor":5,"turns":2},{"damage":21,"enemies":"Lagavulin","floor":7,"turns":6},{"damage":12,"enemies":"Gremlin Nob","floor":10,"turns":3},{"damage":0,"enemies":"2 Fungi Beasts","floor":11,"turns":3},{"damage":0,"enemies":"3 Louse","floor":12,"turns":1},{"damage":1,"enemies":"Exordium Wildlife","floor":13,"turns":3},{"damage":0,"enemies":"3 Sentries","floor":14,"turns":6},{"damage":26,"enemies":"Hexaghost","floor":16,"turns":8},{"damage":0,"enemies":"2 Thieves","floor":18,"turns":2},{"damage":0,"enemies":"3 Byrds","floor":22,"turns":1},{"damage":0,"enemies":"Gremlin Leader","floor":24,"turns":2},{"damage":0,"enemies":"Book of Stabbing","floor":28,"turns":7},{"damage":0,"enemies":"3 Cultists","floor":29,"turns":3},{"damage":1,"enemies":"Gremlin Leader","floor":31,"turns":5},{"damage":0,"enemies":"Champ","floor":33,"turns":6},{"damage":0,"enemies":"3 Shapes","floor":35,"turns":2},{"damage":0,"enemies":"3 Darklings","floor":36,"turns":1},{"damage":0,"enemies":"2 Orb Walkers","floor":39,"turns":1},{"damage":0,"enemies":"Giant Head","floor":40,"turns":3},{"damage":12,"enemies":"Spire Growth","floor":42,"turns":4},{"damage":0,"enemies":"Mind Bloom Boss Battle","floor":45,"turns":2},{"damage":6,"enemies":"Nemesis","floor":46,"turns":5},{"damage":12,"enemies":"Reptomancer","floor":48,"turns":2},{"damage":12,"enemies":"Donu and Deca","floor":50,"turns":2},{"damage":6,"enemies":"Shield and Spear","floor":54,"turns":1},{"damage":9,"enemies":"The Heart","floor":55,"turns":5}],"seed_played":"6393172898086081642","potions_obtained":[{"floor":7,"key":"Strength Potion"},{"floor":10,"key":"Energy Potion"},{"floor":18,"key":"LiquidBronze"},{"floor":22,"key":"SteroidPotion"},{"floor":24,"key":"Fruit Juice"},{"floor":28,"key":"BlessingOfTheForge"},{"floor":29,"key":"Strength Potion"},{"floor":31,"key":"Block Potion"},{"floor":33,"key":"Strength Potion"},{"floor":35,"key":"LiquidMemories"},{"floor":36,"key":"EssenceOfSteel"}],"is_trial":false,"path_per_floor":["M","?","M","$","M","R","E","R","T","E","M","M","M","E","R","B",null,"M","$","?","?","M","R","E","$","T","?","E","M","R","E","R","B",null,"M","M","?","?","?","E","R","M","T","$","?","E","?","E","R","B",null,"R","$","E","B",null],"character_chosen":"IRONCLAD","items_purchased":["Oddly Smooth Stone","Charon\u0027s Ashes","Medical Kit","BloodPotion","SkillPotion","Battle Trance","Chemical X","True Grit+1","Dark Embrace","White Beast Statue","Self Forming Clay","Entrench+1","Strawberry","Dual Wield+1"],"campfire_rested":5,"item_purchase_floors":[4,4,4,4,4,4,19,19,19,19,44,44,53,53],"current_hp_per_floor":[67,67,61,61,49,49,28,28,28,46,46,46,45,45,45,19,61,61,61,40,40,40,62,62,62,62,62,72,72,72,71,85,85,85,85,85,85,81,81,81,81,69,69,69,83,77,77,65,93,81,92,95,102,96,87],"gold":46,"neow_bonus":"BOSS_RELIC","is_daily":false,"chose_seed":false,"campfire_upgraded":3,"win_rate":0.0,"timestamp":1608065476,"path_taken":["M","?","?","?","M","R","E","R","T","E","M","M","M","E","R","BOSS","M","$","?","?","M","R","E","?","T","?","E","M","R","E","R","BOSS","M","M","?","?","?","E","R","M","T","$","?","E","?","E","R","BOSS","R","$","E","BOSS"],"items_purchased_type":["Relic","Relic","Relic","Potion","Potion","Card","Relic","Card","Card","Relic","Relic","Card","Relic","Card"],"build_version":"2020-12-13","purchased_purges":3,"victory":true,"max_hp_per_floor":[75,75,75,75,75,75,75,75,75,75,75,75,75,75,75,75,75,75,75,75,75,75,75,75,75,75,75,85,85,85,85,85,85,85,85,85,85,81,81,81,81,81,81,81,95,95,95,95,95,95,95,95,102,102,102],"relic_stats":{"Happy Flower":[20],"counters":[28,92],"Self Forming Clay":[27],"Dead Branch":[262],"Charon\u0027s Ashes":[1585],"Bag of Preparation":[48],"Ginger":[2],"Whetstone":["Clothesline","Twin Strike"],"Medical Kit":[25],"MawBank":240,"Mercury Hourglass":[77],"Snecko Eye":[98,108,93,74],"Chemical X":[18],"obtain_stats":[{"Ice Cream":31,"Nilry\u0027s Codex":20,"SacredBark":0,"Mango":45,"Bag of Preparation":7,"Ginger":46,"Whetstone":48,"Burning Blood":0,"Strawberry":53,"Fusion Hammer":17,"Chemical X":19,"Toxic Egg 2":10,"Happy Flower":14,"Self Forming Clay":44,"Dead Branch":39,"Oddly Smooth Stone":4,"Charon\u0027s Ashes":4,"Medical Kit":4,"MawBank":24,"White Beast Statue":19,"Mercury Hourglass":40,"Du-Vu Doll":28,"CaptainsWheel":26,"Anchor":54,"Snecko Eye":34,"NlothsMask":2},{"Ice Cream":16,"Nilry\u0027s Codex":11,"SacredBark":0,"Mango":23,"Bag of Preparation":4,"Ginger":24,"Whetstone":25,"Burning Blood":0,"Strawberry":26,"Fusion Hammer":10,"Chemical X":11,"Toxic Egg 2":5,"Happy Flower":9,"Self Forming Clay":22,"Dead Branch":20,"Oddly Smooth Stone":2,"Charon\u0027s Ashes":2,"Medical Kit":2,"MawBank":13,"White Beast Statue":11,"Mercury Hourglass":21,"Du-Vu Doll":14,"CaptainsWheel":13,"Anchor":27,"Snecko Eye":17,"NlothsMask":1},{"Ice Cream":58,"Nilry\u0027s Codex":40,"SacredBark":0,"Mango":77,"Bag of Preparation":14,"Ginger":82,"Whetstone":84,"Burning Blood":0,"Strawberry":86,"Fusion Hammer":38,"Chemical X":40,"Toxic Egg 2":17,"Happy Flower":30,"Self Forming Clay":75,"Dead Branch":68,"Oddly Smooth Stone":6,"Charon\u0027s Ashes":6,"Medical Kit":6,"MawBank":43,"White Beast Statue":40,"Mercury Hourglass":71,"Du-Vu Doll":50,"CaptainsWheel":43,"Anchor":87,"Snecko Eye":64,"NlothsMask":4}]},"card_choices":[{"not_picked":["Body Slam","Seeing Red"],"picked":"Twin Strike","floor":1.0},{"not_picked":["Armaments","Second Wind"],"picked":"Iron Wave","floor":3},{"not_picked":["Shockwave","Dark Embrace"],"picked":"Spot Weakness","floor":5},{"not_picked":["Seeing Red","Whirlwind"],"picked":"Intimidate","floor":7},{"not_picked":["Uppercut","Dropkick"],"picked":"True Grit+1","floor":10},{"not_picked":["Clothesline","Rage+1"],"picked":"Infernal Blade+1","floor":11},{"not_picked":["Flex+1","Body Slam","Dropkick"],"picked":"SKIP","floor":12},{"not_picked":["Clash","Metallicize"],"picked":"Flame Barrier+1","floor":13},{"not_picked":["Heavy Blade","Clothesline"],"picked":"Whirlwind","floor":14},{"not_picked":["Double Tap+1","Berserk"],"picked":"Demon Form","floor":16},{"not_picked":["Sword Boomerang","Cleave","Thunderclap"],"picked":"SKIP","floor":18},{"not_picked":["Body Slam","Heavy Blade+1","Wild Strike"],"picked":"SKIP","floor":22},{"not_picked":["Body Slam","Wild Strike"],"picked":"Heavy Blade+1","floor":22},{"not_picked":["Body Slam","True Grit+1"],"picked":"Intimidate+1","floor":24},{"not_picked":["Pummel","Clothesline"],"picked":"Battle Trance+1","floor":28},{"not_picked":["Sword Boomerang","Wild Strike"],"picked":"Warcry+1","floor":29},{"not_picked":["Searing Blow","Perfected Strike"],"picked":"Havoc+1","floor":31},{"not_picked":["Reaper","Bludgeon"],"picked":"Corruption","floor":33},{"not_picked":["Dark Embrace","Pommel Strike","Rage+1"],"picked":"SKIP","floor":35},{"not_picked":["Cleave","Combust"],"picked":"Feel No Pain","floor":36},{"not_picked":["Headbutt","Sword Boomerang"],"picked":"Armaments+1","floor":40},{"not_picked":["Body Slam+1","Warcry+1"],"picked":"Offering+1","floor":42},{"not_picked":["Twin Strike+1","Headbutt","Clash"],"picked":"SKIP","floor":46},{"not_picked":["Panacea+1","Swift Strike"],"picked":"Dark Shackles+1","floor":47},{"not_picked":["Madness+1","Bandage Up+1"],"picked":"Secret Technique+1","floor":47},{"not_picked":["Pommel Strike","Inflame"],"picked":"Shrug It Off+1","floor":48},{"not_picked":["Heavy Blade","Warcry+1"],"picked":"Power Through+1","floor":54}],"player_experience":660610,"relics_obtained":[{"floor":7,"key":"Bag of Preparation"},{"floor":10,"key":"Toxic Egg 2"},{"floor":14,"key":"Happy Flower"},{"floor":24,"key":"MawBank"},{"floor":26,"key":"CaptainsWheel"},{"floor":28,"key":"Du-Vu Doll"},{"floor":31,"key":"Ice Cream"},{"floor":39,"key":"Dead Branch"},{"floor":40,"key":"Mercury Hourglass"},{"floor":45,"key":"Mango"},{"floor":46,"key":"Ginger"},{"floor":48,"key":"Whetstone"},{"floor":54,"key":"Anchor"}],"event_choices":[{"damage_healed":0.0,"max_hp_gain":0.0,"max_hp_loss":0.0,"gold_gain":0.0,"event_name":"FaceTrader","player_choice":"Trade","floor":2.0,"gold_loss":0.0,"damage_taken":0.0,"relics_obtained":["NlothsMask"]},{"damage_healed":0,"gold_gain":0,"player_choice":"Obtained Book","damage_taken":21,"max_hp_gain":0,"max_hp_loss":0,"event_name":"Cursed Tome","floor":20,"gold_loss":0},{"damage_healed":0,"gold_gain":0,"cards_transformed":["Strike_R","Strike_R"],"player_choice":"Became Test Subject","damage_taken":0,"max_hp_gain":0,"max_hp_loss":0,"event_name":"Drug Dealer","floor":21,"gold_loss":0,"cards_obtained":["Dark Embrace","Clothesline"]},{"damage_healed":0,"gold_gain":0,"player_choice":"Ignored","damage_taken":0,"max_hp_gain":0,"max_hp_loss":0,"event_name":"Vampires","floor":27,"gold_loss":0},{"cards_removed":["Bash"],"damage_healed":0,"gold_gain":0,"player_choice":"Removed Attack","damage_taken":0,"max_hp_gain":0,"max_hp_loss":0,"event_name":"Falling","floor":37,"gold_loss":0},{"damage_healed":0,"gold_gain":0,"player_choice":"Max HP","damage_taken":0,"max_hp_gain":0,"max_hp_loss":4,"event_name":"Winding Halls","floor":38,"gold_loss":0},{"damage_healed":0,"gold_gain":0,"player_choice":"Fight","damage_taken":0,"max_hp_gain":0,"max_hp_loss":0,"event_name":"Mysterious Sphere","floor":39,"gold_loss":0},{"damage_healed":0,"gold_gain":0,"player_choice":"Fight","damage_taken":0,"max_hp_gain":0,"max_hp_loss":0,"event_name":"MindBloom","floor":45,"gold_loss":0},{"damage_healed":0,"gold_gain":3,"player_choice":"1","damage_taken":0,"max_hp_gain":0,"max_hp_loss":0,"event_name":"betterStone:BetterStone","floor":47,"gold_loss":0}],"is_beta":false,"boss_relics":[{"not_picked":["Astrolabe","Velvet Choker"],"picked":"Fusion Hammer"},{"not_picked":["Pandora\u0027s Box","Runic Cube"],"picked":"Snecko Eye"}],"items_purged_floors":[4,19,44],"is_endless":false,"potions_floor_spawned":[7,10,12,13,18,22,24,28,29,31,33,35,36,39,40,42,45,46,48,54],"ascension_level":15}}