{"host":"4qin5krp9hszysdc","time":1608058046,"event":{"mods":["AchievementEnabler","BaseMod","BetterRewards","Infinite Spire","Minty Spire (QoL Compilation)","Quick Restart","StSLib"],"gold_per_floor":[114,142,161,141,165,206,229,267,267,296,324,355,373,386,386,484,547,573,573,573],"floor_reached":19,"playtime":1312,"items_purged":["Strike_G","Defend_G","Strike_G"],"score":480,"play_id":"fb643f7e-1589-42d0-b538-5e0f42efb866","local_time":"20201215134726","is_ascension_mode":true,"campfire_choices":[{"floor":15.0,"key":"REST"},{"data":"Catalyst","floor":15.0,"key":"SMITH"}],"circlet_count":0,"master_deck":["AscendersBane","Survivor","Neutralize","Backflip","Dodge and Roll","Noxious Fumes","Secret Technique","Noxious Fumes","Dodge and Roll","Escape Plan","Poisoned Stab","Flechettes","Footwork","Catalyst+1","Deadly Poison","Cloak And Dagger","Backflip","Infinite Blades","Eviscerate","Eviscerate","Dash","Leg Sweep","Heel Hook","Poisoned Stab","Prepared"],"relics":["Ring of the Snake","Bronze Scales","Chemical X","Peace Pipe","Turnip","Oddly Smooth Stone","CeramicFish","infinitespire:Lychee Nut","infinitespire:Magic Flask","Centennial Puzzle","Omamori","infinitespire:Bottled Soul","InkBottle","Pandora\u0027s Box"],"acts_visited":["Exordium","TheCity"],"potions_floor_usage":[],"damage_taken":[{"damage":0.0,"enemies":"2 Louse","floor":1.0,"turns":4.0},{"damage":0.0,"enemies":"Cultist","floor":2.0,"turns":5.0},{"damage":0.0,"enemies":"Jaw Worm","floor":3.0,"turns":5.0},{"damage":0.0,"enemies":"2 Fungi Beasts","floor":5.0,"turns":4.0},{"damage":11.0,"enemies":"3 Sentries","floor":6.0,"turns":7.0},{"damage":3.0,"enemies":"3 Louse","floor":7.0,"turns":3.0},{"damage":15.0,"enemies":"Lagavulin","floor":8.0,"turns":6.0},{"damage":13.0,"enemies":"Exordium Thugs","floor":10.0,"turns":4.0},{"damage":0.0,"enemies":"Red Slaver","floor":11.0,"turns":5.0},{"damage":7.0,"enemies":"3 Sentries","floor":12.0,"turns":6.0},{"damage":0.0,"enemies":"Large Slime","floor":13.0,"turns":5.0},{"damage":0.0,"enemies":"Blue Slaver","floor":14.0,"turns":4.0},{"damage":18.0,"enemies":"The Guardian","floor":16.0,"turns":5.0},{"damage":24,"enemies":"2 Thieves","floor":18,"turns":4},{"damage":30,"enemies":"Masked Bandits","floor":19,"turns":5}],"seed_played":"8959392344868092416","potions_obtained":[{"floor":1.0,"key":"LiquidBronze"},{"floor":3.0,"key":"SkillPotion"},{"floor":4.0,"key":"PowerPotion"},{"floor":16.0,"key":"FearPotion"}],"is_trial":false,"path_per_floor":["M","M","M","?","M","E","M","E","T","M","M","E","M","M","R","B",null,"M","?"],"character_chosen":"THE_SILENT","items_purchased":["Bronze Scales","Chemical X","Backflip","Dodge and Roll","Oddly Smooth Stone","Noxious Fumes","CeramicFish","Secret Technique","Noxious Fumes","Dodge and Roll"],"campfire_rested":1,"item_purchase_floors":[0,0,0,0,0,0,0,0,0,0],"current_hp_per_floor":[27,33,39,39,45,40,43,34,34,27,33,32,38,44,52,35,48,29,5,5],"gold":573,"neow_bonus":"","is_daily":false,"chose_seed":false,"campfire_upgraded":1,"win_rate":0.0,"timestamp":1608058046,"path_taken":["M","M","M","?","M","E","M","E","T","M","M","E","?","M","R","BOSS","M","?"],"items_purchased_type":["Relic","Relic","Card","Card","Relic","Card","Relic","Card","Card","Card"],"build_version":"2020-12-13","purchased_purges":3,"victory":false,"max_hp_per_floor":[52,52,52,52,52,52,52,52,52,52,52,52,52,52,52,52,52,52,52,52],"card_choices":[{"not_picked":["Finisher","Deflect","Dodge and Roll"],"picked":"SKIP","floor":1.0},{"not_picked":["PiercingWail","Bane"],"picked":"Escape Plan","floor":2.0},{"not_picked":["Caltrops","PiercingWail"],"picked":"Poisoned Stab","floor":3.0},{"not_picked":["Setup","Dodge and Roll"],"picked":"Flechettes","floor":5.0},{"not_picked":["Bane","Poisoned Stab"],"picked":"Footwork","floor":6.0},{"not_picked":["Predator","Infinite Blades"],"picked":"Catalyst","floor":7.0},{"not_picked":["Bullet Time","Underhanded Strike"],"picked":"Deadly Poison","floor":8.0},{"not_picked":["Flying Knee","Predator"],"picked":"Cloak And Dagger","floor":10.0},{"not_picked":["Dagger Throw","Tactician"],"picked":"Backflip","floor":11.0},{"not_picked":["A Thousand Cuts","Quick Slash","Poisoned Stab"],"picked":"SKIP","floor":12.0},{"not_picked":["Prepared","Backflip","Reflex"],"picked":"SKIP","floor":13.0},{"not_picked":["Prepared","Setup","Underhanded Strike"],"picked":"SKIP","floor":14.0},{"not_picked":["Bane","Riddle With Holes"],"picked":"Prepared","floor":18}],"player_experience":2701788,"relics_obtained":[{"floor":6.0,"key":"Centennial Puzzle"},{"floor":8.0,"key":"Omamori"},{"floor":9.0,"key":"infinitespire:Bottled Soul"},{"floor":12.0,"key":"InkBottle"}],"event_choices":[{"damage_healed":0.0,"max_hp_gain":0.0,"max_hp_loss":0.0,"gold_gain":0.0,"event_name":"The Woman in Blue","player_choice":"Bought 1 Potion","floor":4.0,"gold_loss":0.0,"damage_taken":0.0},{"damage_healed":0,"gold_gain":0,"player_choice":"Fought Bandits","damage_taken":0,"max_hp_gain":0,"max_hp_loss":0,"event_name":"Masked Bandits","floor":19,"gold_loss":0}],"is_beta":false,"boss_relics":[{"not_picked":["SlaversCollar","Tiny House"],"picked":"Pandora\u0027s Box"}],"items_purged_floors":[0,0,0],"is_endless":false,"potions_floor_spawned":[1,3,6,10,13,16],"killed_by":"Masked Bandits","ascension_level":10}}