{"host":"j4g6ia6asvpyu2b0","time":1608064309,"event":{"mods":["BaseMod","Colored Map","Minty Spire (QoL Compilation)","Permanent Neow","Quick Restart","Relic Stats","StSLib","Unceasing Turn Reminder"],"gold_per_floor":[119,135,135,145,157,188,200,244,302,314,348,399,438,450,462,574,586,617,629,660,672,693,745,757,1111,1149,1198,1210,1248,1260,1298,1310,1433,1445,1486,1526,1182,1200,1160,1160,1160],"floor_reached":40,"playtime":950,"items_purged":["Strike_B"],"score":616,"play_id":"638176af-7ec2-4dbf-9974-395db1b7c3ae","local_time":"20201215133149","is_ascension_mode":true,"campfire_choices":[{"floor":7,"key":"REST"},{"data":"Electrodynamics","floor":10,"key":"SMITH"},{"data":"Sunder","floor":15,"key":"SMITH"},{"floor":24,"key":"REST"},{"data":"Biased Cognition","floor":28,"key":"SMITH"},{"data":"Self Repair","floor":30,"key":"SMITH"},{"floor":32,"key":"RECALL"}],"circlet_count":0,"master_deck":["Strike_B","Strike_B","Strike_B","Defend_B","Defend_B","Defend_B+1","Defend_B","Zap","Dualcast+1","Streamline+1","Ball Lightning","Loop+1","Sweeping Beam","Electrodynamics+1","Sunder+1","BootSequence","Sunder","Conserve Battery","Ball Lightning","Loop+1","Self Repair+1","Biased Cognition+1","Darkness+1","Coolheaded+1","Glacier+1","Amplify+1","Sweeping Beam","Compile Driver+1","White Noise+1","Madness+1","Violence+1","Master of Strategy+1"],"relics":["Cracked Core","MawBank","Bottled Tornado","CeramicFish","Strawberry","Runic Dome","Nloth\u0027s Gift","Toxic Egg 2","Ancient Tea Set","Old Coin","Bag of Preparation","War Paint","Fusion Hammer","Medical Kit"],"acts_visited":["Exordium","TheCity","TheBeyond"],"potions_floor_usage":[12,20,23,33],"damage_taken":[{"damage":0.0,"enemies":"Cultist","floor":1.0,"turns":2.0},{"damage":0,"enemies":"Small Slimes","floor":2,"turns":2},{"damage":2,"enemies":"Jaw Worm","floor":4,"turns":2},{"damage":5,"enemies":"Gremlin Gang","floor":5,"turns":4},{"damage":30,"enemies":"3 Sentries","floor":6,"turns":4},{"damage":8,"enemies":"Gremlin Nob","floor":8,"turns":3},{"damage":3,"enemies":"Exordium Thugs","floor":11,"turns":2},{"damage":0,"enemies":"3 Sentries","floor":12,"turns":2},{"damage":0,"enemies":"2 Fungi Beasts","floor":13,"turns":2},{"damage":23,"enemies":"Hexaghost","floor":16,"turns":9},{"damage":0,"enemies":"3 Byrds","floor":18,"turns":2},{"damage":7,"enemies":"Shell Parasite","floor":20,"turns":3},{"damage":55,"enemies":"Book of Stabbing","floor":23,"turns":5},{"damage":5,"enemies":"Slavers","floor":25,"turns":3},{"damage":0,"enemies":"Gremlin Leader","floor":27,"turns":3},{"damage":0,"enemies":"Centurion and Healer","floor":29,"turns":2},{"damage":3,"enemies":"Snecko","floor":31,"turns":3},{"damage":29,"enemies":"Automaton","floor":33,"turns":7},{"damage":6,"enemies":"3 Darklings","floor":35,"turns":3},{"damage":0,"enemies":"3 Shapes","floor":36,"turns":2},{"damage":70,"enemies":"Nemesis","floor":40,"turns":3}],"seed_played":"5199706363270133314","potions_obtained":[{"floor":4,"key":"CultistPotion"},{"floor":5,"key":"DistilledChaos"},{"floor":6,"key":"LiquidBronze"},{"floor":13,"key":"FearPotion"},{"floor":20,"key":"Regen Potion"},{"floor":23,"key":"EssenceOfSteel"},{"floor":35,"key":"SneckoOil"},{"floor":39,"key":"Swift Potion"}],"is_trial":false,"path_per_floor":["M","M","?","M","M","E","R","E","T","R","M","E","M","?","R","B",null,"M","?","M","T","?","E","R","E","T","E","R","M","R","M","R","B",null,"M","M","$","?","?","E"],"character_chosen":"DEFECT","items_purchased":["Medical Kit","White Noise+1","Madness+1"],"campfire_rested":2,"item_purchase_floors":[37,37,37],"current_hp_per_floor":[54,54,54,52,47,17,39,31,31,31,28,35,35,35,35,12,82,82,82,75,75,75,20,44,46,46,53,53,53,53,60,60,41,82,76,76,76,66,66,0,0],"gold":1160,"neow_bonus":"ONE_RARE_RELIC","is_daily":false,"chose_seed":false,"campfire_upgraded":4,"win_rate":0.0,"timestamp":1608064309,"path_taken":["M","?","?","?","M","E","R","E","T","R","M","E","M","?","R","BOSS","M","?","?","?","?","E","R","E","T","E","R","M","R","?","R","BOSS","M","M","$","?","?","E"],"items_purchased_type":["Relic","Card","Card"],"build_version":"2020-12-13","purchased_purges":1,"victory":false,"max_hp_per_floor":[75,75,75,75,75,75,75,75,75,75,75,82,82,82,82,82,82,82,82,82,82,82,82,82,82,82,82,82,82,82,82,82,82,82,82,82,82,82,82,82,82],"relic_stats":{"counters":[21,66],"CeramicFish":162,"Nloth\u0027s Gift":5,"Bag of Preparation":[14],"War Paint":["Dualcast","Defend_B"],"MawBank":372,"Medical Kit":[0],"obtain_stats":[{"CeramicFish":9,"Bag of Preparation":26,"Bottled Tornado":8,"War Paint":27,"MawBank":6,"Ancient Tea Set":23,"Medical Kit":37,"Old Coin":25,"Runic Dome":17,"Strawberry":12,"Fusion Hammer":34,"Nloth\u0027s Gift":19,"Toxic Egg 2":21,"Cracked Core":0,"Pocketwatch":0},{"CeramicFish":6,"Bag of Preparation":14,"Bottled Tornado":6,"War Paint":15,"MawBank":5,"Ancient Tea Set":13,"Medical Kit":20,"Old Coin":14,"Runic Dome":10,"Strawberry":8,"Fusion Hammer":18,"Nloth\u0027s Gift":11,"Toxic Egg 2":12,"Cracked Core":0,"Pocketwatch":0},{"CeramicFish":17,"Bag of Preparation":43,"Bottled Tornado":17,"War Paint":46,"MawBank":14,"Ancient Tea Set":40,"Medical Kit":63,"Old Coin":43,"Runic Dome":31,"Strawberry":21,"Fusion Hammer":58,"Nloth\u0027s Gift":33,"Toxic Egg 2":36,"Cracked Core":0,"Pocketwatch":0}]},"card_choices":[{"not_picked":["Double Energy","Ball Lightning"],"picked":"Streamline","floor":1},{"not_picked":["Leap","Barrage"],"picked":"Ball Lightning","floor":2},{"not_picked":["Cold Snap","Reinforced Body"],"picked":"Loop","floor":4},{"not_picked":["Fusion","Gash"],"picked":"Sweeping Beam","floor":5},{"not_picked":["Force Field","Conserve Battery"],"picked":"Electrodynamics","floor":6},{"not_picked":["Hologram","Turbo","Darkness"],"picked":"SKIP","floor":8},{"not_picked":["Conserve Battery","Reprogram"],"picked":"Sunder","floor":11},{"not_picked":["Sweeping Beam","Fusion"],"picked":"BootSequence","floor":12},{"not_picked":["Reinforced Body","Compile Driver"],"picked":"Sunder","floor":13},{"not_picked":["Gash","Rebound+1"],"picked":"Conserve Battery","floor":18},{"not_picked":["Lockon","Steam Power"],"picked":"Ball Lightning","floor":20},{"not_picked":["Reboot+1","Core Surge"],"picked":"Self Repair","floor":23},{"not_picked":["Leap+1","Undo+1"],"picked":"Biased Cognition","floor":25},{"not_picked":["Rainbow+1","Thunder Strike"],"picked":"Darkness+1","floor":27},{"not_picked":["Self Repair","Ball Lightning"],"picked":"Coolheaded+1","floor":29},{"not_picked":["Gash+1","Compile Driver+1"],"picked":"Glacier+1","floor":31},{"not_picked":["Multi-Cast+1","Machine Learning"],"picked":"Amplify+1","floor":33},{"not_picked":["Scrape","Rebound+1"],"picked":"Sweeping Beam","floor":35},{"not_picked":["Gash+1","Leap+1"],"picked":"Compile Driver+1","floor":36},{"not_picked":["Trip+1","Forethought+1"],"picked":"Violence+1","floor":38},{"not_picked":["Good Instincts+1","Purity+1"],"picked":"Master of Strategy+1","floor":38}],"player_experience":665799,"relics_obtained":[{"floor":6,"key":"MawBank"},{"floor":8,"key":"Bottled Tornado"},{"floor":9,"key":"CeramicFish"},{"floor":12,"key":"Strawberry"},{"floor":21,"key":"Toxic Egg 2"},{"floor":23,"key":"Ancient Tea Set"},{"floor":25,"key":"Old Coin"},{"floor":26,"key":"Bag of Preparation"},{"floor":27,"key":"War Paint"}],"event_choices":[{"damage_healed":0,"gold_gain":0,"player_choice":"Upgraded","damage_taken":0,"max_hp_gain":0,"max_hp_loss":0,"event_name":"Upgrade Shrine","floor":3,"gold_loss":0,"cards_upgraded":["Streamline"]},{"damage_healed":0,"gold_gain":0,"player_choice":"Grow","damage_taken":0,"max_hp_gain":0,"max_hp_loss":0,"event_name":"Living Wall","floor":14,"gold_loss":0,"cards_upgraded":["Loop"]},{"damage_healed":0,"gold_gain":0,"player_choice":"Traded Relic","damage_taken":0,"relics_obtained":["Nloth\u0027s Gift"],"max_hp_gain":0,"max_hp_loss":0,"event_name":"N\u0027loth","floor":19,"relics_lost":["Pocketwatch"],"gold_loss":0},{"damage_healed":0,"gold_gain":0,"player_choice":"Copied","damage_taken":0,"max_hp_gain":0,"max_hp_loss":0,"event_name":"Duplicator","floor":22,"gold_loss":0,"cards_obtained":["Loop"]},{"damage_healed":0,"gold_gain":0,"player_choice":"Memory 3","damage_taken":10,"max_hp_gain":0,"max_hp_loss":0,"event_name":"SensoryStone","floor":38,"gold_loss":0},{"damage_healed":0,"gold_gain":0,"player_choice":"Bought 3 Potions","damage_taken":0,"max_hp_gain":0,"max_hp_loss":0,"event_name":"The Woman in Blue","floor":39,"gold_loss":0}],"is_beta":false,"boss_relics":[{"not_picked":["SacredBark","Astrolabe"],"picked":"Runic Dome"},{"not_picked":["Runic Pyramid","SlaversCollar"],"picked":"Fusion Hammer"}],"items_purged_floors":[37],"is_endless":false,"potions_floor_spawned":[4,5,6,8,11,13,20,23,25,31,35],"killed_by":"Nemesis","ascension_level":3}}