{"host":"avjwtc49fhlk6kym","time":1608069995,"event":{"mods":["AchievementEnabler","BaseMod","Better Match","Better Note","Better Third Choice","Colored Map","Colored Powertips","Displayed Cursed Tome","Highlight Path","Minty Spire (QoL Compilation)","Permanent Neow","Quick Restart","StSLib"],"gold_per_floor":[17,17,41,54,72,106,106,127,127,142,142,142,178,193,193,321,321,341,43,93,23,23,89,89,125,125,40,71,71,112,145,145,145,145],"floor_reached":33,"playtime":1457,"items_purged":["Strike_P"],"score":431,"play_id":"2f4bc8b8-0e78-4d0d-be16-7fe76d5aa2b6","local_time":"20201215170635","is_ascension_mode":true,"campfire_choices":[{"floor":7.0,"key":"REST"},{"floor":12.0,"key":"REST"},{"data":"Apotheosis","floor":15.0,"key":"SMITH"},{"floor":24.0,"key":"REST"},{"floor":32,"key":"REST"}],"circlet_count":0,"master_deck":["Strike_P","Strike_P","Strike_P","Defend_P","Defend_P","Defend_P","Defend_P","Eruption","Vigilance","Apotheosis+1","CutThroughFate","Perseverance","ReachHeaven","BattleHymn","WheelKick","PathToVictory","Pray","Protect","FollowUp","MasterReality+1","Consecrate+1","HandOfGreed","Wireheading+1","Evaluate","Wallop","Necronomicurse","PathToVictory+1","ForeignInfluence","DevaForm+1","Protect","FlurryOfBlows"],"relics":["PureWater","Golden Idol","Dead Branch","Mummified Hand","Frozen Egg 2","SlaversCollar","Necronomicon","Pocketwatch","Tiny Chest","Strawberry","Bag of Preparation","MutagenicStrength"],"acts_visited":["Exordium","TheCity"],"potions_floor_usage":[33],"damage_taken":[{"damage":0.0,"enemies":"Cultist","floor":1.0,"turns":2.0},{"damage":0.0,"enemies":"2 Louse","floor":3.0,"turns":2.0},{"damage":12.0,"enemies":"Small Slimes","floor":4.0,"turns":2.0},{"damage":12.0,"enemies":"Exordium Wildlife","floor":5.0,"turns":3.0},{"damage":2.0,"enemies":"Lagavulin","floor":6.0,"turns":5.0},{"damage":11.0,"enemies":"3 Louse","floor":8.0,"turns":3.0},{"damage":11.0,"enemies":"Looter","floor":10.0,"turns":2.0},{"damage":9.0,"enemies":"3 Sentries","floor":13.0,"turns":4.0},{"damage":11.0,"enemies":"Red Slaver","floor":14.0,"turns":2.0},{"damage":0.0,"enemies":"Slime Boss","floor":16.0,"turns":4.0},{"damage":13.0,"enemies":"Shell Parasite","floor":18.0,"turns":4.0},{"damage":12.0,"enemies":"Chosen","floor":20.0,"turns":3.0},{"damage":0.0,"enemies":"Gremlin Leader","floor":23.0,"turns":5.0},{"damage":41.0,"enemies":"Book of Stabbing","floor":25.0,"turns":4.0},{"damage":16.0,"enemies":"Slavers","floor":28.0,"turns":5.0},{"damage":0.0,"enemies":"Snecko","floor":30.0,"turns":3.0},{"damage":12,"enemies":"Chosen and Byrds","floor":31,"turns":4},{"damage":48,"enemies":"Champ","floor":33,"turns":7}],"seed_played":"-8326881044622249757","potions_obtained":[{"floor":3.0,"key":"ColorlessPotion"},{"floor":10.0,"key":"SkillPotion"},{"floor":13.0,"key":"Regen Potion"},{"floor":14.0,"key":"GamblersBrew"},{"floor":16.0,"key":"Strength Potion"},{"floor":25.0,"key":"Regen Potion"},{"floor":31,"key":"Regen Potion"}],"is_trial":false,"path_per_floor":["M","?","M","M","M","E","R","M","T","M","?","R","E","M","R","B",null,"M","$","M","$","?","E","R","E","T","?","E","?","M","M","R","B"],"character_chosen":"WATCHER","items_purchased":["HandOfGreed","Wireheading+1","Wallop"],"campfire_rested":4,"item_purchase_floors":[19,19,21],"current_hp_per_floor":[72,54,54,42,30,28,49,38,38,27,51,72,63,57,57,57,72,59,59,47,47,31,31,52,11,11,18,16,16,16,4,27,0,0],"gold":145,"neow_bonus":"RANDOM_COLORLESS_2","is_daily":false,"chose_seed":false,"campfire_upgraded":1,"win_rate":0.0,"timestamp":1608069995,"path_taken":["M","?","M","M","M","E","R","M","T","M","?","R","E","M","R","BOSS","M","$","M","$","?","E","R","E","T","?","E","?","M","M","R","BOSS"],"items_purchased_type":["Card","Card","Card"],"build_version":"2020-12-13","purchased_purges":1,"victory":false,"max_hp_per_floor":[72,72,72,72,72,72,72,72,72,72,72,72,72,72,72,72,72,72,72,72,72,72,72,72,72,72,79,79,79,79,79,79,79,79],"card_choices":[{"not_picked":["Secret Technique","Chrysalis"],"picked":"Apotheosis","floor":0.0},{"not_picked":["EmptyFist","Adaptation"],"picked":"CutThroughFate","floor":1.0},{"not_picked":["CutThroughFate","Halt"],"picked":"Perseverance","floor":3.0},{"not_picked":["Consecrate","Prostrate"],"picked":"ReachHeaven","floor":4.0},{"not_picked":["BowlingBash","EmptyMind"],"picked":"BattleHymn","floor":5.0},{"not_picked":["MentalFortress","SpiritShield"],"picked":"WheelKick","floor":6.0},{"not_picked":["Halt","FollowUp"],"picked":"PathToVictory","floor":8.0},{"not_picked":["EmptyBody","FlyingSleeves"],"picked":"Pray","floor":10.0},{"not_picked":["CutThroughFate","JustLucky"],"picked":"Protect","floor":13.0},{"not_picked":["Prostrate","Study+1"],"picked":"FollowUp","floor":14.0},{"not_picked":["Omniscience","Scrawl"],"picked":"MasterReality+1","floor":16.0},{"not_picked":["FollowUp","ClearTheMind"],"picked":"Consecrate+1","floor":18.0},{"not_picked":["JustLucky","Weave"],"picked":"Evaluate","floor":20.0},{"not_picked":["Pray","DeceiveReality+1"],"picked":"PathToVictory+1","floor":23.0},{"not_picked":["FlyingSleeves+1","Crescendo+1"],"picked":"ForeignInfluence","floor":25.0},{"not_picked":["Alpha","Evaluate"],"picked":"DevaForm+1","floor":28.0},{"not_picked":["Worship+1","BattleHymn+1"],"picked":"Protect","floor":30.0},{"not_picked":["Protect","CutThroughFate"],"picked":"FlurryOfBlows","floor":31}],"player_experience":503504,"relics_obtained":[{"floor":6.0,"key":"Dead Branch"},{"floor":9.0,"key":"Mummified Hand"},{"floor":13.0,"key":"Frozen Egg 2"},{"floor":23.0,"key":"Pocketwatch"},{"floor":25.0,"key":"Tiny Chest"},{"floor":28.0,"key":"Bag of Preparation"}],"event_choices":[{"damage_healed":0.0,"max_hp_gain":0.0,"max_hp_loss":0.0,"gold_gain":0.0,"event_name":"Golden Idol","player_choice":"Take Damage","floor":2.0,"gold_loss":0.0,"damage_taken":18.0,"relics_obtained":["Golden Idol"]},{"damage_healed":24.0,"max_hp_gain":0.0,"max_hp_loss":0.0,"gold_gain":0.0,"event_name":"Big Fish","player_choice":"Banana","floor":11.0,"gold_loss":0.0,"damage_taken":0.0},{"damage_healed":0.0,"max_hp_gain":0.0,"max_hp_loss":0.0,"gold_gain":0.0,"event_name":"Cursed Tome","player_choice":"Obtained Book","floor":22.0,"gold_loss":0.0,"damage_taken":16.0},{"damage_healed":0.0,"max_hp_gain":0.0,"max_hp_loss":0.0,"gold_gain":0.0,"event_name":"Addict","player_choice":"Obtained Relic","floor":27.0,"gold_loss":85.0,"damage_taken":0.0,"relics_obtained":["Strawberry"]},{"damage_healed":0.0,"max_hp_gain":0.0,"max_hp_loss":0.0,"gold_gain":0.0,"event_name":"Drug Dealer","player_choice":"Inject Mutagens","floor":29.0,"gold_loss":0.0,"damage_taken":0.0,"relics_obtained":["MutagenicStrength"]}],"is_beta":false,"boss_relics":[{"not_picked":["Black Star","HolyWater"],"picked":"SlaversCollar"}],"items_purged_floors":[19],"is_endless":false,"potions_floor_spawned":[3,10,13,14,16,25,31],"killed_by":"Champ","ascension_level":2}}