{"host":"qfskrnw3pl1q86j0","time":1608063175,"event":{"mods":["BaseMod","Block Reminder","Hermit","Marisa????????","Minty Spire (QoL Compilation)","Quick Restart","Random Character Button","StSLib","The Poker Player","slay the spire mod where everything is the same but ironclad has a cowboy hat"],"gold_per_floor":[217,142,92,92,9,9,41,41,41,60,60,78,98,118,118,216,216,233,233,253,266,281,281,293,293,293,293,35,35,35,47,47,143,143,154,154,154,154,154,154,72,82,82,82,111,11,11,26,26,26],"floor_reached":51,"playtime":1483,"items_purged":["Strike_R","Sever Soul"],"score":698,"play_id":"3ca214c4-6965-48f1-ac8e-d54a3dfae89f","local_time":"20201215211255","is_ascension_mode":false,"campfire_choices":[{"data":"Bash","floor":6.0,"key":"SMITH"},{"data":"Rampage","floor":8.0,"key":"SMITH"},{"data":"Headbutt","floor":11.0,"key":"SMITH"},{"data":"Pommel Strike","floor":15.0,"key":"SMITH"},{"data":"Sword Boomerang","floor":23.0,"key":"SMITH"},{"data":"Inflame","floor":25.0,"key":"SMITH"},{"data":"Defend_R","floor":30.0,"key":"SMITH"},{"data":"Defend_R","floor":32.0,"key":"SMITH"},{"data":"Entrench","floor":40.0,"key":"SMITH"},{"data":"Metallicize","floor":44.0,"key":"SMITH"},{"data":"Flame Barrier","floor":47,"key":"SMITH"},{"data":"Shockwave","floor":49,"key":"SMITH"}],"circlet_count":0,"master_deck":["Bash+1","Sword Boomerang+1","Rampage+1","Headbutt+1","Pommel Strike+1","Armaments+1","Inflame+1","Uppercut+1","Impervious","Entrench+1","Flame Barrier+1","Shockwave+1","Twin Strike","Metallicize+1","Flash of Steel","Metallicize+1"],"relics":["Burning Blood","Pocketwatch","Darkstone Periapt","Coffee Dripper","Shuriken","Kunai","Pandora\u0027s Box","Ice Cream","Pen Nib"],"acts_visited":[],"potions_floor_usage":[45,50,50,50],"damage_taken":[{"damage":6.0,"enemies":"Jaw Worm","floor":1.0,"turns":3.0},{"damage":26.0,"enemies":"Lagavulin","floor":7.0,"turns":6.0},{"damage":6.0,"enemies":"2 Louse","floor":10.0,"turns":2.0},{"damage":0.0,"enemies":"Small Slimes","floor":12.0,"turns":3.0},{"damage":0.0,"enemies":"2 Fungi Beasts","floor":13.0,"turns":2.0},{"damage":4.0,"enemies":"Blue Slaver","floor":14.0,"turns":3.0},{"damage":32.0,"enemies":"The Guardian","floor":16.0,"turns":6.0},{"damage":9.0,"enemies":"Shell Parasite","floor":18.0,"turns":3.0},{"damage":6.0,"enemies":"3 Byrds","floor":20.0,"turns":5.0},{"damage":7.0,"enemies":"Centurion and Healer","floor":21.0,"turns":4.0},{"damage":10.0,"enemies":"Cultist and Chosen","floor":22.0,"turns":4.0},{"damage":4.0,"enemies":"Snecko","floor":24.0,"turns":4.0},{"damage":22.0,"enemies":"Shelled Parasite and Fungi","floor":31.0,"turns":4.0},{"damage":35.0,"enemies":"Automaton","floor":33.0,"turns":8.0},{"damage":1.0,"enemies":"3 Shapes","floor":35.0,"turns":4.0},{"damage":2.0,"enemies":"Orb Walker","floor":42.0,"turns":3.0},{"damage":24,"enemies":"Nemesis","floor":45,"turns":7},{"damage":4,"enemies":"3 Darklings","floor":48,"turns":6},{"damage":32,"enemies":"Donu and Deca","floor":50,"turns":8}],"seed_played":"2765927030442297333","potions_obtained":[{"floor":7.0,"key":"GamblersBrew"},{"floor":12.0,"key":"BloodPotion"},{"floor":16.0,"key":"Ancient Potion"},{"floor":21.0,"key":"Swift Potion"},{"floor":22.0,"key":"Strength Potion"},{"floor":48,"key":"LiquidMemories"}],"is_trial":false,"path_per_floor":["M","$","?","?","$","R","E","R","T","M","R","M","M","M","R","B",null,"M","?","M","M","M","R","M","R","T","?","$","?","R","M","R","B",null,"M","?","?","?","?","R","$","M","T","R","E","$","R","M","R","B",null],"character_chosen":"IRONCLAD","items_purchased":["Rampage","Headbutt","Kunai","Flash of Steel"],"campfire_rested":0,"item_purchase_floors":[5,5,28,41],"current_hp_per_floor":[80,80,80,73,73,73,53,53,53,53,53,59,65,67,67,41,80,77,77,77,76,80,80,80,80,80,80,80,80,80,64,64,35,80,80,76,76,76,76,76,76,76,76,76,58,58,58,60,60,34],"gold":26,"neow_bonus":"HUNDRED_GOLD","is_daily":false,"chose_seed":false,"campfire_upgraded":12,"win_rate":0.0,"timestamp":1608063175,"path_taken":["M","$","?","?","$","R","E","R","T","M","R","M","M","M","R","BOSS","M","?","M","M","M","R","M","R","T","?","$","?","R","M","R","BOSS","M","?","?","?","?","R","$","M","T","R","E","?","R","?","R","BOSS"],"items_purchased_type":["Card","Card","Relic","Card"],"build_version":"2020-12-13","purchased_purges":2,"victory":true,"max_hp_per_floor":[80,80,80,80,80,80,80,80,80,80,80,80,80,80,80,80,80,80,80,80,80,80,80,80,80,80,80,80,80,80,80,80,80,80,80,76,76,76,76,76,76,76,76,76,76,76,76,76,76,76],"card_choices":[{"not_picked":["Havoc","True Grit"],"picked":"Sword Boomerang","floor":1.0},{"not_picked":["Reckless Charge","Twin Strike","Body Slam"],"picked":"SKIP","floor":7.0},{"not_picked":["Cleave","Perfected Strike","Armaments"],"picked":"SKIP","floor":10.0},{"not_picked":["Entrench","Rampage","Cleave"],"picked":"SKIP","floor":12.0},{"not_picked":["Corruption","Dropkick"],"picked":"Pommel Strike","floor":13.0},{"not_picked":["Twin Strike","Pommel Strike","Perfected Strike"],"picked":"SKIP","floor":14.0},{"not_picked":["Cleave","Heavy Blade","Perfected Strike"],"picked":"SKIP","floor":18.0},{"not_picked":["Heavy Blade","Demon Form","Second Wind"],"picked":"SKIP","floor":20.0},{"not_picked":["Flex+1","Rampage","Bloodletting"],"picked":"SKIP","floor":21.0},{"not_picked":["Dual Wield+1","Fire Breathing"],"picked":"Armaments+1","floor":22.0},{"not_picked":["Entrench","Cleave"],"picked":"Inflame","floor":24.0},{"not_picked":["Twin Strike","Heavy Blade"],"picked":"Uppercut+1","floor":31.0},{"not_picked":["Brutality","Immolate"],"picked":"Impervious","floor":33.0},{"not_picked":["Heavy Blade","Clash+1"],"picked":"Metallicize","floor":35.0},{"not_picked":["Clothesline+1","Pummel","Sword Boomerang"],"picked":"SKIP","floor":42.0},{"not_picked":["Second Wind+1","Clash","Armaments"],"picked":"SKIP","floor":45},{"not_picked":["Havoc+1","Entrench"],"picked":"Metallicize+1","floor":48}],"player_experience":838936,"relics_obtained":[{"floor":7.0,"key":"Pocketwatch"},{"floor":9.0,"key":"Darkstone Periapt"},{"floor":26.0,"key":"Shuriken"},{"floor":43.0,"key":"Ice Cream"},{"floor":45,"key":"Pen Nib"}],"event_choices":[{"cards_removed":["Strike_R"],"damage_healed":0.0,"max_hp_gain":0.0,"max_hp_loss":0.0,"gold_gain":0.0,"event_name":"The Cleric","player_choice":"Card Removal","floor":3.0,"gold_loss":50.0,"damage_taken":0.0},{"cards_removed":["Defend_R"],"damage_healed":0.0,"max_hp_gain":0.0,"max_hp_loss":0.0,"gold_gain":0.0,"event_name":"Golden Wing","player_choice":"Card Removal","floor":4.0,"gold_loss":0.0,"damage_taken":7.0},{"damage_healed":0.0,"max_hp_gain":0.0,"max_hp_loss":0.0,"gold_gain":0.0,"event_name":"Cursed Tome","player_choice":"Ignored","floor":19.0,"gold_loss":0.0,"damage_taken":0.0},{"damage_healed":0.0,"max_hp_gain":0.0,"max_hp_loss":0.0,"gold_gain":0.0,"event_name":"Ghosts","player_choice":"Ignored","floor":27.0,"gold_loss":0.0,"damage_taken":0.0},{"cards_removed":["Strike_R"],"damage_healed":0.0,"max_hp_gain":0.0,"max_hp_loss":0.0,"gold_gain":0.0,"event_name":"Back to Basics","player_choice":"Elegance","floor":29.0,"gold_loss":0.0,"damage_taken":0.0},{"damage_healed":0.0,"max_hp_gain":0.0,"max_hp_loss":4.0,"gold_gain":0.0,"event_name":"Winding Halls","player_choice":"Max HP","floor":36.0,"gold_loss":0.0,"damage_taken":0.0},{"damage_healed":0.0,"max_hp_gain":0.0,"max_hp_loss":0.0,"gold_gain":0.0,"event_name":"Mysterious Sphere","player_choice":"Ignored","floor":37.0,"gold_loss":0.0,"damage_taken":0.0},{"damage_healed":0.0,"max_hp_gain":0.0,"max_hp_loss":0.0,"gold_gain":0.0,"event_name":"SensoryStone","player_choice":"Memory 1","floor":38.0,"gold_loss":0.0,"damage_taken":0.0},{"damage_healed":0.0,"max_hp_gain":0.0,"max_hp_loss":0.0,"gold_gain":0.0,"event_name":"Tomb of Lord Red Mask","player_choice":"Ignored","floor":39.0,"gold_loss":0.0,"damage_taken":0.0}],"is_beta":false,"boss_relics":[{"not_picked":["Runic Cube","Fusion Hammer"],"picked":"Coffee Dripper"},{"not_picked":["Runic Pyramid","Snecko Eye"],"picked":"Pandora\u0027s Box"}],"items_purged_floors":[2,46],"is_endless":false,"potions_floor_spawned":[7,12,16,21,22,33,42,48],"ascension_level":0}}