{"host":"sav7uxregyirlf69","time":1608038633,"event":{"mods":["AchievementEnabler","BaseMod","Colored Map","DeckTracker","Keyboard Shortcuts","Minty Spire (QoL Compilation)","READ ME - Guardian Mod","StSLib","SuperFastMode"],"gold_per_floor":[114,189,204,204,204,204,234,234,234,249,249,249,264,272,272,372,372,387,387,387,387,402,402,260,260],"floor_reached":24,"playtime":272,"items_purged":[],"score":292,"play_id":"835f6e3f-2049-4180-86a0-e96ba8420d9c","local_time":"20201215222353","daily_mods":["Allstar","Hoarder","Night Terrors"],"is_ascension_mode":false,"campfire_choices":[{"data":"Dramatic Entrance","floor":6,"key":"SMITH"},{"floor":8,"key":"REST"},{"data":"Dramatic Entrance","floor":11,"key":"SMITH"},{"data":"Zap","floor":15,"key":"SMITH"},{"data":"Dramatic Entrance","floor":23,"key":"SMITH"}],"circlet_count":0,"master_deck":["Strike_B","Strike_B","Defend_B+1","Defend_B","Defend_B","Defend_B","Zap+1","Dualcast","Discovery","Discovery","Discovery","Dramatic Entrance+1","Dramatic Entrance+1","Dramatic Entrance+1","Forethought+1","Forethought","Jack Of All Trades","Jack Of All Trades","Jack Of All Trades","Forethought","Forethought","Forethought","Cold Snap","Cold Snap","Cold Snap","Gash","Gash","Gash","Gash","Gash","Gash","Aggregate","Aggregate","Aggregate","All For One","All For One","All For One","Writhe","Writhe","Writhe","Echo Form","Echo Form","Echo Form","Barrage","Barrage","Barrage","Beam Cell","Beam Cell","Beam Cell","Gash","Gash","Gash"],"relics":["Cracked Core","Shuriken","The Courier","Odd Mushroom","SlaversCollar","Singing Bowl","CeramicFish"],"acts_visited":["Exordium","TheCity"],"potions_floor_usage":[16],"damage_taken":[{"damage":0,"enemies":"Small Slimes","floor":1,"turns":1},{"damage":11,"enemies":"Jaw Worm","floor":3,"turns":2},{"damage":22,"enemies":"Lagavulin","floor":7,"turns":4},{"damage":0,"enemies":"2 Louse","floor":10,"turns":1},{"damage":0,"enemies":"Large Slime","floor":13,"turns":3},{"damage":0,"enemies":"The Mushroom Lair","floor":14,"turns":1},{"damage":27,"enemies":"Hexaghost","floor":16,"turns":5},{"damage":2,"enemies":"Shell Parasite","floor":18,"turns":3},{"damage":0,"enemies":"Spheric Guardian","floor":22,"turns":3}],"seed_played":"8833210206598683822","potions_obtained":[{"floor":3,"key":"SpeedPotion"},{"floor":10,"key":"Block Potion"},{"floor":13,"key":"Dexterity Potion"},{"floor":22,"key":"SpeedPotion"}],"is_trial":false,"path_per_floor":["M","?","M","?","?","R","E","R","T","M","R","?","M","?","R","B",null,"M","?","?","?","M","R","$"],"character_chosen":"DEFECT","items_purchased":["Gash","CeramicFish"],"campfire_rested":1,"item_purchase_floors":[24,24],"current_hp_per_floor":[75,64,53,53,38,38,16,70,70,70,70,70,70,70,70,43,70,68,55,55,55,55,55,55,55],"gold":260,"neow_bonus":"","is_daily":true,"chose_seed":false,"campfire_upgraded":4,"win_rate":0.0,"timestamp":1608038633,"path_taken":["M","?","M","?","?","R","E","R","T","M","R","?","M","?","R","BOSS","M","?","?","?","M","R","$"],"items_purchased_type":["Card","Relic"],"build_version":"2020-12-13","purchased_purges":0,"victory":false,"max_hp_per_floor":[75,75,75,75,75,75,75,70,70,70,70,70,70,70,70,70,70,70,75,75,75,75,75,75,75],"card_choices":[{"not_picked":["Stack","Reinforced Body"],"picked":"Cold Snap","floor":1},{"not_picked":["Leap","Consume","Redo"],"picked":"SKIP","floor":3},{"not_picked":["Rebound","Chill"],"picked":"Gash","floor":7},{"not_picked":["Redo","Rebound"],"picked":"Gash","floor":10},{"not_picked":["Conserve Battery","Coolheaded"],"picked":"Aggregate","floor":13},{"not_picked":["Meteor Strike","Creative AI"],"picked":"All For One","floor":16},{"not_picked":["Barrage+1","Chaos","Capacitor+1"],"picked":"SKIP","floor":18},{"not_picked":["Lockon","Steam"],"picked":"Beam Cell","floor":22}],"player_experience":914210,"relics_obtained":[{"floor":7,"key":"Shuriken"},{"floor":9,"key":"The Courier"},{"floor":14,"key":"Odd Mushroom"}],"event_choices":[{"damage_healed":0,"gold_gain":75,"player_choice":"Gather Gold","damage_taken":11,"max_hp_gain":0,"max_hp_loss":0,"event_name":"World of Goop","floor":2,"gold_loss":0},{"damage_healed":0,"gold_gain":0,"player_choice":"Ignored","damage_taken":0,"max_hp_gain":0,"max_hp_loss":0,"event_name":"Liars Game","floor":4,"gold_loss":0},{"damage_healed":0,"gold_gain":0,"player_choice":"Entered Light","damage_taken":15,"max_hp_gain":0,"max_hp_loss":0,"event_name":"Shining Light","floor":5,"gold_loss":0,"cards_upgraded":["Defend_B","Forethought"]},{"cards_removed":["Forethought"],"damage_healed":0,"gold_gain":0,"player_choice":"Forget","damage_taken":0,"max_hp_gain":0,"max_hp_loss":0,"event_name":"Living Wall","floor":12,"gold_loss":0},{"damage_healed":0,"gold_gain":0,"player_choice":"Fought Mushrooms","damage_taken":0,"max_hp_gain":0,"max_hp_loss":0,"event_name":"Mushrooms","floor":14,"gold_loss":0},{"damage_healed":0,"gold_gain":0,"player_choice":"Shed Blood","damage_taken":18,"max_hp_gain":5,"max_hp_loss":0,"event_name":"Forgotten Altar","floor":19,"gold_loss":0},{"damage_healed":0,"gold_gain":0,"player_choice":"Opened","damage_taken":0,"relics_obtained":["Singing Bowl"],"max_hp_gain":0,"max_hp_loss":0,"event_name":"The Mausoleum","floor":20,"gold_loss":0,"cards_obtained":["Writhe"]},{"damage_healed":0,"gold_gain":0,"cards_transformed":["Strike_B","Strike_B"],"player_choice":"Became Test Subject","damage_taken":0,"max_hp_gain":0,"max_hp_loss":0,"event_name":"Drug Dealer","floor":21,"gold_loss":0,"cards_obtained":["Echo Form","Barrage"]}],"is_beta":false,"boss_relics":[{"not_picked":["Inserter","Runic Dome"],"picked":"SlaversCollar"}],"items_purged_floors":[],"is_endless":false,"potions_floor_spawned":[3,10,13,22],"ascension_level":0}}