{"host":"nox","time":1608018992,"event":{"mods":["BaseMod","Colored Powertips","Minty Spire (QoL Compilation)","Quick Restart","Replay The Spire","StSLib"],"gold_per_floor":[118,138,70,145,145,145,159,228,228,228,228],"floor_reached":10,"playtime":355,"items_purged":[],"score":75,"play_id":"bd01bf88-a436-4669-b1ba-7236c413d40f","local_time":"20201215145632","is_ascension_mode":true,"campfire_choices":[{"data":"Eclipse","floor":6,"key":"SMITH"}],"circlet_count":0,"master_deck":["Bash","Intimidate","Juggernaut","Dropkick","Reaper","Clothesline","Seeing Red","Massacre","Power Through","Eclipse+1","Massacre","Blood for Blood","Flex"],"relics":["Pandora\u0027s Box","SsserpentHead","Frozen Egg 2"],"acts_visited":["Exordium"],"potions_floor_usage":[10,10],"damage_taken":[{"damage":4,"enemies":"Cultist","floor":1,"turns":3},{"damage":12,"enemies":"Small Slimes","floor":2,"turns":5},{"damage":11,"enemies":"2 Louse","floor":7,"turns":4},{"damage":8,"enemies":"Looter","floor":8,"turns":2},{"damage":50,"enemies":"3 Sentries","floor":10,"turns":8}],"seed_played":"-1862979100462782523","potions_obtained":[{"floor":1,"key":"Energy Potion"},{"floor":8,"key":"Elixir"}],"is_trial":false,"path_per_floor":["M","M","$","?","?","R","M","M","T","E"],"character_chosen":"IRONCLAD","items_purchased":["Blood for Blood"],"campfire_rested":0,"item_purchase_floors":[3],"current_hp_per_floor":[72,60,60,49,49,49,46,38,38,0,0],"gold":228,"neow_bonus":"BOSS_RELIC","is_daily":false,"chose_seed":false,"campfire_upgraded":1,"win_rate":0.0,"timestamp":1608018992,"path_taken":["M","?","$","?","?","R","M","?","T","E"],"items_purchased_type":["Card"],"build_version":"2020-11-17","purchased_purges":0,"victory":false,"max_hp_per_floor":[80,80,80,80,80,80,80,80,80,80,80],"card_choices":[{"not_picked":["Reckless Charge","Anger"],"picked":"Massacre","floor":1},{"not_picked":["Life Link","Evolve","Warcry"],"picked":"SKIP","floor":2},{"not_picked":["Warcry","Body Slam","ReplayReversal"],"picked":"SKIP","floor":7},{"not_picked":["Massacre","Blood for Blood"],"picked":"Flex","floor":8}],"player_experience":110972,"relics_obtained":[{"floor":9,"key":"Frozen Egg 2"}],"event_choices":[{"damage_healed":0,"gold_gain":75,"player_choice":"Gather Gold","damage_taken":11,"max_hp_gain":0,"max_hp_loss":0,"event_name":"World of Goop","floor":4,"gold_loss":0},{"damage_healed":0,"gold_gain":0,"player_choice":"Trade","damage_taken":0,"relics_obtained":["SsserpentHead"],"max_hp_gain":0,"max_hp_loss":0,"event_name":"FaceTrader","floor":5,"gold_loss":0}],"is_beta":true,"boss_relics":[],"items_purged_floors":[],"is_endless":false,"potions_floor_spawned":[1,8],"killed_by":"3 Sentries","ascension_level":6}}