{"host":"Ian","time":1608038996,"event":{"mods":["BaseMod","Bestiary","Block Reminder","Colored Map","Highlight Path","Key Reminder","Minty Spire (QoL Compilation)","Relic Stats"],"gold_per_floor":[20,38,48,48,65,97,114,144,144,178,204,204,231,231,231,305,305,318,318,318,79,79,79,113,132,213,224,224,224,36,86,86,160,160,171,34,54,67,80,80,107,0,0,20,20,20,50,62,62,62,62,62,62,62,90,90],"floor_reached":57,"playtime":3559,"items_purged":["Perfected Strike","Strike_R"],"score":2831,"play_id":"792898f2-2327-47ac-bfcc-91c94e0f040b","local_time":"20201215132956","is_ascension_mode":true,"campfire_choices":[{"data":"Bash","floor":15,"key":"SMITH"},{"data":"Carnage","floor":23,"key":"SMITH"},{"floor":28,"key":"REST"},{"floor":32,"key":"REST"},{"floor":40,"key":"REST"},{"floor":45,"key":"REST"},{"floor":49,"key":"RECALL"},{"floor":53,"key":"REST"}],"circlet_count":0,"master_deck":["AscendersBane","Strike_R+1","Strike_R","Strike_R","Defend_R+1","Defend_R+1","Defend_R+1","Defend_R","Bash+1","Carnage+1","Pommel Strike","Brutality+1","Shrug It Off+1","Hemokinesis","Combust","True Grit+1","Blood for Blood","Panacea","Corruption","Reaper","Shockwave+1","Evolve","Rage","Dark Embrace","Blood for Blood","Dropkick","True Grit+1","Dropkick+1","Thunderclap"],"relics":["Burning Blood","StoneCalendar","HornCleat","Juzu Bracelet","Oddly Smooth Stone","Dream Catcher","Odd Mushroom","Self Forming Clay","War Paint","Runic Cube","Toy Ornithopter","Bag of Preparation","Runic Dome","Centennial Puzzle","Red Mask","Sundial","Singing Bowl","Dead Branch"],"acts_visited":["Exordium","TheCity","TheBeyond","TheEnding"],"potions_floor_usage":[6,8,13,16,24,24,29,50,56,56],"damage_taken":[{"damage":3.0,"enemies":"2 Louse","floor":1.0,"turns":4.0},{"damage":13.0,"enemies":"Small Slimes","floor":2.0,"turns":5.0},{"damage":0.0,"enemies":"Cultist","floor":3.0,"turns":2.0},{"damage":8,"enemies":"Blue Slaver","floor":5,"turns":4},{"damage":22,"enemies":"Lagavulin","floor":6,"turns":5},{"damage":3,"enemies":"Looter","floor":7,"turns":3},{"damage":0,"enemies":"Gremlin Nob","floor":8,"turns":3},{"damage":19,"enemies":"Lagavulin","floor":10,"turns":7},{"damage":4,"enemies":"The Mushroom Lair","floor":11,"turns":4},{"damage":0,"enemies":"Gremlin Nob","floor":13,"turns":3},{"damage":26,"enemies":"The Guardian","floor":16,"turns":12},{"damage":10,"enemies":"Chosen","floor":18,"turns":5},{"damage":29,"enemies":"Book of Stabbing","floor":24,"turns":4},{"damage":16,"enemies":"2 Thieves","floor":25,"turns":4},{"damage":18,"enemies":"Snecko","floor":27,"turns":5},{"damage":19,"enemies":"Gremlin Leader","floor":29,"turns":6},{"damage":48,"enemies":"Collector","floor":33,"turns":9},{"damage":20,"enemies":"3 Shapes","floor":35,"turns":5},{"damage":12,"enemies":"Orb Walker","floor":37,"turns":4},{"damage":28,"enemies":"Writhing Mass","floor":38,"turns":5},{"damage":19,"enemies":"Transient","floor":39,"turns":6},{"damage":25,"enemies":"Giant Head","floor":41,"turns":7},{"damage":10,"enemies":"Maw","floor":44,"turns":6},{"damage":27,"enemies":"Nemesis","floor":47,"turns":7},{"damage":14,"enemies":"Jaw Worm Horde","floor":48,"turns":4},{"damage":52,"enemies":"Time Eater","floor":50,"turns":6},{"damage":8,"enemies":"Donu and Deca","floor":51,"turns":5},{"damage":59,"enemies":"Shield and Spear","floor":55,"turns":6},{"damage":34,"enemies":"The Heart","floor":56,"turns":8}],"seed_played":"-1138102307887559277","potions_obtained":[{"floor":1.0,"key":"FearPotion"},{"floor":6,"key":"Swift Potion"},{"floor":7,"key":"SmokeBomb"},{"floor":11,"key":"PowerPotion"},{"floor":12,"key":"DistilledChaos"},{"floor":13,"key":"DuplicationPotion"},{"floor":16,"key":"Fire Potion"},{"floor":27,"key":"SmokeBomb"},{"floor":33,"key":"Strength Potion"},{"floor":37,"key":"Dexterity Potion"},{"floor":48,"key":"BloodPotion"},{"floor":55,"key":"BloodPotion"}],"is_trial":false,"path_per_floor":["M","M","M","?","M","E","M","E","T","E","?","?","E","?","R","B",null,"M","?","?","$","?","R","E","M","T","M","R","E","$","?","R","B",null,"M","$","M","M","M","R","E","?","T","M","R","?","E","M","R","B","B",null,"R","$","E","B",null],"character_chosen":"IRONCLAD","items_purchased":["Toy Ornithopter","Blood for Blood","Panacea","Evolve"],"campfire_rested":5,"item_purchase_floors":[21,30,30,36],"current_hp_per_floor":[71,64,70,47,45,29,32,38,38,25,27,27,33,33,33,13,60,56,56,56,56,50,50,37,27,27,15,37,29,29,29,51,9,59,49,49,49,27,20,42,29,29,29,31,53,53,38,43,43,23,28,63,77,77,28,43],"gold":90,"neow_bonus":"ONE_RARE_RELIC","is_daily":false,"chose_seed":false,"campfire_upgraded":2,"win_rate":0.0,"timestamp":1608038996,"path_taken":["M","M","M","?","M","E","M","E","T","E","?","?","E","?","R","BOSS","M","?","?","$","?","R","E","M","T","M","R","E","?","?","R","BOSS","M","$","M","M","M","R","E","?","T","M","R","?","E","M","R","BOSS","BOSS","R","$","E","BOSS"],"items_purchased_type":["Relic","Card","Card","Card"],"build_version":"2020-12-07","purchased_purges":2,"victory":true,"max_hp_per_floor":[75,75,75,75,75,75,75,75,75,75,75,75,75,75,75,75,75,75,75,75,75,75,75,75,75,75,75,75,75,75,75,75,75,75,75,75,75,75,75,75,75,75,75,75,75,75,75,75,75,75,75,75,77,77,77,77],"relic_stats":{"Singing Bowl":2,"counters":[29,154],"Self Forming Clay":[525],"Dead Branch":[29],"StoneCalendar":[326],"Juzu Bracelet":4,"Bag of Preparation":[32],"War Paint":["Defend_R","Defend_R"],"Burning Blood":174,"Dream Catcher":5,"Centennial Puzzle":[21],"Sundial":[44],"obtain_stats":[{"Singing Bowl":47,"Self Forming Clay":13,"Dead Branch":55,"Oddly Smooth Stone":9,"StoneCalendar":0,"Juzu Bracelet":8,"Bag of Preparation":24,"Odd Mushroom":11,"War Paint":14,"Burning Blood":0,"keyreminder:keyreminder":26,"Runic Dome":34,"Dream Catcher":10,"Centennial Puzzle":41,"HornCleat":6,"Sundial":43,"Red Mask":42,"Toy Ornithopter":21,"Runic Cube":17},{"Singing Bowl":24,"Self Forming Clay":10,"Dead Branch":28,"Oddly Smooth Stone":7,"StoneCalendar":0,"Juzu Bracelet":7,"Bag of Preparation":13,"Odd Mushroom":9,"War Paint":10,"Burning Blood":0,"keyreminder:keyreminder":14,"Runic Dome":17,"Dream Catcher":8,"Centennial Puzzle":22,"HornCleat":5,"Sundial":22,"Red Mask":22,"Toy Ornithopter":12,"Runic Cube":11},{"Singing Bowl":125,"Self Forming Clay":40,"Dead Branch":146,"Oddly Smooth Stone":26,"StoneCalendar":0,"Juzu Bracelet":26,"Bag of Preparation":61,"Odd Mushroom":37,"War Paint":40,"Burning Blood":0,"keyreminder:keyreminder":65,"Runic Dome":85,"Dream Catcher":33,"Centennial Puzzle":112,"HornCleat":20,"Sundial":112,"Red Mask":112,"Toy Ornithopter":57,"Runic Cube":52}],"Toy Ornithopter":25,"Runic Cube":[178]},"card_choices":[{"not_picked":["Clash","Anger"],"picked":"Carnage","floor":1.0},{"not_picked":["True Grit","Flex"],"picked":"Pommel Strike","floor":2.0},{"not_picked":["Seeing Red","Sword Boomerang"],"picked":"Perfected Strike","floor":3.0},{"not_picked":["Dark Embrace","Evolve","Rage"],"picked":"SKIP","floor":5},{"not_picked":["Evolve","Sever Soul","Headbutt"],"picked":"SKIP","floor":6},{"not_picked":["Wild Strike","Twin Strike","Pommel Strike"],"picked":"SKIP","floor":7},{"not_picked":["Wild Strike","Twin Strike","Pommel Strike"],"picked":"SKIP","floor":7},{"not_picked":["Bloodletting","Cleave","Sword Boomerang"],"picked":"SKIP","floor":8},{"not_picked":["Second Wind","Fire Breathing","Heavy Blade"],"picked":"SKIP","floor":10},{"not_picked":["Havoc","Whirlwind","Twin Strike"],"picked":"SKIP","floor":13},{"not_picked":["Fiend Fire","Double Tap"],"picked":"Brutality","floor":16},{"not_picked":["Clothesline","Thunderclap","True Grit"],"picked":"SKIP","floor":18},{"not_picked":["True Grit","Inflame"],"picked":"Shrug It Off+1","floor":24},{"not_picked":["Warcry","Armaments"],"picked":"Hemokinesis","floor":25},{"not_picked":["Heavy Blade","Body Slam"],"picked":"Combust","floor":27},{"not_picked":["Infernal Blade","Thunderclap+1"],"picked":"True Grit+1","floor":28},{"not_picked":["Second Wind","Cleave"],"picked":"Corruption","floor":32},{"not_picked":["Impervious","Offering"],"picked":"Reaper","floor":33},{"not_picked":["Rage+1","Thunderclap"],"picked":"Shockwave+1","floor":35},{"not_picked":["Power Through","Battle Trance"],"picked":"Rage","floor":37},{"not_picked":["Wild Strike+1","Bloodletting+1","Twin Strike"],"picked":"SKIP","floor":38},{"not_picked":["Perfected Strike","Second Wind+1","Pommel Strike"],"picked":"SKIP","floor":39},{"not_picked":["Thunderclap+1","Pommel Strike"],"picked":"Dark Embrace","floor":40},{"not_picked":["Dark Embrace","Reaper"],"picked":"Blood for Blood","floor":41},{"not_picked":["Perfected Strike","Infernal Blade"],"picked":"Dropkick","floor":44},{"not_picked":["Body Slam","Shrug It Off"],"picked":"True Grit+1","floor":47},{"not_picked":["Heavy Blade+1","Combust"],"picked":"Dropkick+1","floor":48},{"not_picked":["Flex","Warcry","Sword Boomerang"],"picked":"Singing Bowl","floor":53},{"not_picked":["Flex","Feed"],"picked":"Thunderclap","floor":55}],"player_experience":2524985,"relics_obtained":[{"floor":6,"key":"HornCleat"},{"floor":8,"key":"Juzu Bracelet"},{"floor":9,"key":"Oddly Smooth Stone"},{"floor":10,"key":"Dream Catcher"},{"floor":11,"key":"Odd Mushroom"},{"floor":13,"key":"Self Forming Clay"},{"floor":24,"key":"Bag of Preparation"},{"floor":41,"key":"Centennial Puzzle"},{"floor":43,"key":"Sundial"},{"floor":47,"key":"Singing Bowl"},{"floor":55,"key":"Dead Branch"}],"event_choices":[{"damage_healed":0.0,"max_hp_gain":0.0,"max_hp_loss":0.0,"gold_gain":0.0,"event_name":"Shining Light","player_choice":"Entered Light","floor":4.0,"gold_loss":0.0,"damage_taken":23.0,"cards_upgraded":["Strike_R","Defend_R"]},{"damage_healed":0,"gold_gain":0,"player_choice":"Fought Mushrooms","damage_taken":0,"max_hp_gain":0,"max_hp_loss":0,"event_name":"Mushrooms","floor":11,"gold_loss":0},{"damage_healed":0,"gold_gain":0,"player_choice":"Got Potions","damage_taken":0,"max_hp_gain":0,"max_hp_loss":0,"event_name":"Lab","floor":12,"gold_loss":0},{"damage_healed":0,"gold_gain":0,"player_choice":"Searched \u00272\u0027 times","damage_taken":0,"relics_obtained":["War Paint"],"max_hp_gain":0,"max_hp_loss":0,"event_name":"Dead Adventurer","floor":14,"gold_loss":0},{"damage_healed":0,"gold_gain":0,"player_choice":"Searched \u00272\u0027 times","damage_taken":0,"relics_obtained":["War Paint"],"max_hp_gain":0,"max_hp_loss":0,"event_name":"Dead Adventurer","floor":14,"gold_loss":0},{"cards_removed":["Strike_R"],"damage_healed":0,"gold_gain":0,"player_choice":"Elegance","damage_taken":0,"max_hp_gain":0,"max_hp_loss":0,"event_name":"Back to Basics","floor":19,"gold_loss":0},{"damage_healed":0,"gold_gain":0,"player_choice":"Upgraded","damage_taken":0,"max_hp_gain":0,"max_hp_loss":0,"event_name":"Upgrade Shrine","floor":20,"gold_loss":0,"cards_upgraded":["Brutality"]},{"damage_healed":0,"gold_gain":0,"player_choice":"","damage_taken":6,"max_hp_gain":0,"max_hp_loss":0,"event_name":"Knowing Skull","floor":22,"potions_obtained":[],"gold_loss":0,"cards_obtained":[]},{"damage_healed":0,"gold_gain":50,"player_choice":"Pray","damage_taken":0,"max_hp_gain":0,"max_hp_loss":0,"event_name":"Golden Shrine","floor":31,"gold_loss":0},{"damage_healed":0,"gold_gain":0,"player_choice":"Paid","damage_taken":0,"relics_obtained":["Red Mask"],"max_hp_gain":0,"max_hp_loss":0,"event_name":"Tomb of Lord Red Mask","floor":42,"gold_loss":107},{"damage_healed":0,"gold_gain":0,"player_choice":"Memory 1","damage_taken":0,"max_hp_gain":0,"max_hp_loss":0,"event_name":"SensoryStone","floor":46,"gold_loss":0}],"is_beta":true,"boss_relics":[{"not_picked":["Runic Pyramid","Black Star"],"picked":"Runic Cube"},{"not_picked":["Coffee Dripper","Tiny House"],"picked":"Runic Dome"}],"items_purged_floors":[21,36],"is_endless":false,"potions_floor_spawned":[1,6,7,11,13,16,18,27,33,37,41,48,55],"ascension_level":20}}