{"host":"sxnl403xm2xmiyj1","time":1608075177,"event":{"mods":["AchievementEnabler","BaseMod","Colored Map","Keyboard Shortcuts","Minty Spire (QoL Compilation)","Quick Restart","StSLib","SuperFastMode"],"gold_per_floor":[364,383,363,380,455,455,483,483,483,483,503,132,147,21,21,117,117,131,141,56,67,166,199,217,217,217,234,21,48,0,35,35,35,35],"floor_reached":33,"playtime":860,"items_purged":["Strike_G"],"score":363,"play_id":"d471b2e9-5167-41e3-9648-a0a350434474","local_time":"20201216083257","is_ascension_mode":true,"campfire_choices":[{"data":"Prepared","floor":6.0,"key":"SMITH"},{"data":"Neutralize","floor":8.0,"key":"SMITH"},{"data":"Tactician","floor":10.0,"key":"SMITH"},{"data":"Noxious Fumes","floor":15.0,"key":"SMITH"},{"data":"Footwork","floor":25.0,"key":"SMITH"},{"data":"Calculated Gamble","floor":32.0,"key":"SMITH"}],"circlet_count":0,"master_deck":["Strike_G","Strike_G","Strike_G","Strike_G","Defend_G","Defend_G","Defend_G","Defend_G","Defend_G","Survivor","Neutralize+1","Tactician+1","Prepared+1","Slice","PiercingWail","Crippling Poison","Noxious Fumes+1","Cloak And Dagger","Bane","Catalyst","Footwork+1","Deflect","Burst","Calculated Gamble+1","Dodge and Roll","Deflect+1","PiercingWail","Tools of the Trade","Finesse","Crippling Poison","Tactician","Calculated Gamble+1"],"relics":["Ring of the Snake","Oddly Smooth Stone","Coffee Dripper","Blood Vial","Tiny Chest","Bronze Scales","Anchor","Gremlin Horn"],"acts_visited":["Exordium","TheCity"],"potions_floor_usage":[33],"damage_taken":[{"damage":0.0,"enemies":"Cultist","floor":1.0,"turns":4.0},{"damage":1.0,"enemies":"Jaw Worm","floor":2.0,"turns":8.0},{"damage":0.0,"enemies":"2 Louse","floor":4.0,"turns":3.0},{"damage":33.0,"enemies":"3 Sentries","floor":7.0,"turns":13.0},{"damage":8.0,"enemies":"Exordium Wildlife","floor":11.0,"turns":8.0},{"damage":0.0,"enemies":"2 Fungi Beasts","floor":13.0,"turns":4.0},{"damage":3.0,"enemies":"Slime Boss","floor":16.0,"turns":9.0},{"damage":0.0,"enemies":"3 Byrds","floor":18.0,"turns":4.0},{"damage":7.0,"enemies":"Shell Parasite","floor":19.0,"turns":6.0},{"damage":24.0,"enemies":"Cultist and Chosen","floor":21.0,"turns":8.0},{"damage":20.0,"enemies":"Slavers","floor":23.0,"turns":5.0},{"damage":17.0,"enemies":"Sentry and Sphere","floor":24.0,"turns":7.0},{"damage":8.0,"enemies":"Shelled Parasite and Fungi","floor":27.0,"turns":6.0},{"damage":0.0,"enemies":"Book of Stabbing","floor":29.0,"turns":7.0},{"damage":2.0,"enemies":"Slavers","floor":31.0,"turns":7.0},{"damage":5,"enemies":"Collector","floor":33,"turns":7}],"seed_played":"-8868888602328205525","potions_obtained":[{"floor":1.0,"key":"SneckoOil"},{"floor":2.0,"key":"EssenceOfSteel"},{"floor":3.0,"key":"Regen Potion"},{"floor":7.0,"key":"EssenceOfSteel"},{"floor":24.0,"key":"SpeedPotion"},{"floor":27.0,"key":"Ancient Potion"},{"floor":29.0,"key":"ColorlessPotion"}],"is_trial":false,"path_per_floor":["M","M","?","M","?","R","E","R","T","R","M","$","M","$","R","B",null,"M","M","?","M","?","E","M","R","T","M","$","E","?","E","R","B"],"character_chosen":"THE_SILENT","items_purchased":["Noxious Fumes","Cloak And Dagger","Bane","Catalyst","CunningPotion","Footwork","Deflect","Dexterity Potion","Finesse","Crippling Poison"],"campfire_rested":0,"item_purchase_floors":[12,12,12,12,12,14,14,28,28,28],"current_hp_per_floor":[49,48,48,48,37,37,19,19,19,19,11,11,11,11,11,8,70,70,63,63,41,41,23,8,8,8,2,2,4,4,4,4,1,1],"gold":35,"neow_bonus":"TWO_FIFTY_GOLD","is_daily":false,"chose_seed":false,"campfire_upgraded":6,"win_rate":0.0,"timestamp":1608075177,"path_taken":["M","M","?","?","?","R","E","R","T","R","M","$","M","$","R","BOSS","M","M","?","M","?","E","M","R","T","M","$","E","?","E","R","BOSS"],"items_purchased_type":["Card","Card","Card","Card","Potion","Card","Card","Potion","Card","Card"],"build_version":"2020-12-13","purchased_purges":1,"victory":false,"max_hp_per_floor":[70,70,70,70,70,70,70,70,70,70,70,70,70,70,70,70,70,70,70,70,70,70,70,70,70,70,70,70,70,70,70,70,70,70],"card_choices":[{"not_picked":["All Out Attack","Poisoned Stab"],"picked":"Tactician","floor":1.0},{"not_picked":["Underhanded Strike","Dodge and Roll"],"picked":"Prepared","floor":2.0},{"not_picked":["Heel Hook","Dagger Spray"],"picked":"Slice","floor":4.0},{"not_picked":["Calculated Gamble","Flying Knee"],"picked":"PiercingWail","floor":7.0},{"not_picked":["Leg Sweep","Outmaneuver"],"picked":"Crippling Poison","floor":11.0},{"not_picked":["Finisher","Flying Knee","Dagger Throw"],"picked":"SKIP","floor":13.0},{"not_picked":["Storm of Steel","Glass Knife"],"picked":"Burst","floor":16.0},{"not_picked":["Dagger Throw+1","Prepared"],"picked":"Calculated Gamble+1","floor":18.0},{"not_picked":["Finisher+1","Blade Dance+1"],"picked":"Dodge and Roll","floor":19.0},{"not_picked":["Dagger Spray","PiercingWail"],"picked":"Deflect+1","floor":21.0},{"not_picked":["Prepared","Concentrate"],"picked":"PiercingWail","floor":23.0},{"not_picked":["Dagger Spray+1","Sucker Punch","Accuracy"],"picked":"SKIP","floor":24.0},{"not_picked":["Prepared","Choke"],"picked":"Tools of the Trade","floor":27.0},{"not_picked":["Prepared","Cloak And Dagger"],"picked":"Tactician","floor":29.0},{"not_picked":["Cloak And Dagger","Quick Slash"],"picked":"Calculated Gamble","floor":31.0}],"player_experience":103075,"relics_obtained":[{"floor":7.0,"key":"Oddly Smooth Stone"},{"floor":23.0,"key":"Tiny Chest"},{"floor":26.0,"key":"Bronze Scales"},{"floor":29.0,"key":"Anchor"},{"floor":31.0,"key":"Gremlin Horn"}],"event_choices":[{"damage_healed":0.0,"max_hp_gain":0.0,"max_hp_loss":0.0,"gold_gain":0.0,"event_name":"The Woman in Blue","player_choice":"Bought 1 Potion","floor":3.0,"gold_loss":0.0,"damage_taken":0.0},{"damage_healed":0.0,"max_hp_gain":0.0,"max_hp_loss":0.0,"gold_gain":75.0,"event_name":"World of Goop","player_choice":"Gather Gold","floor":5.0,"gold_loss":0.0,"damage_taken":11.0},{"damage_healed":0.0,"max_hp_gain":0.0,"max_hp_loss":0.0,"gold_gain":0.0,"event_name":"Addict","player_choice":"Obtained Relic","floor":20.0,"gold_loss":85.0,"damage_taken":0.0,"relics_obtained":["Blood Vial"]},{"damage_healed":0.0,"max_hp_gain":0.0,"max_hp_loss":0.0,"gold_gain":99.0,"event_name":"Nest","player_choice":"Stole From Cult","floor":22.0,"gold_loss":0.0,"damage_taken":0.0},{"damage_healed":0.0,"max_hp_gain":0.0,"max_hp_loss":0.0,"gold_gain":0.0,"event_name":"Masked Bandits","player_choice":"Paid Fearfully","floor":30.0,"gold_loss":48.0,"damage_taken":0.0}],"is_beta":false,"boss_relics":[{"not_picked":["SlaversCollar","Cursed Key"],"picked":"Coffee Dripper"}],"items_purged_floors":[12],"is_endless":false,"potions_floor_spawned":[1,2,7,24,27,29],"killed_by":"Collector","ascension_level":2}}