{"host":"ueef25wtkg2eer3h","time":1608028937,"event":{"mods":["AchievementEnabler","BaseMod","Colored Map","Colored Powertips","DeckTracker","Displayed Cursed Tome","Googly Eyes","Highlight Path","Minty Spire (QoL Compilation)","Slay the Relics Exporter","StSLib"],"gold_per_floor":[116,129,129,129,145,184,184,208,208,48,48,81,81,100,100,224,224,248,248,0,25,25,25],"floor_reached":22,"playtime":763,"items_purged":["Injury"],"score":326,"play_id":"17120492-6806-47f1-ad67-8dd1bdd1c2a4","local_time":"20201215114217","is_ascension_mode":true,"campfire_choices":[{"floor":7,"key":"REST"},{"data":"Defragment","floor":13,"key":"SMITH"},{"floor":15,"key":"REST"}],"circlet_count":0,"master_deck":["AscendersBane","Strike_B","Strike_B","Strike_B","Strike_B","Defend_B","Defend_B","Defend_B","Defend_B","Zap","Dualcast","Cold Snap","Streamline","Stack","Defragment+1","Beam Cell","Defragment","Coolheaded","Defragment","Go for the Eyes","Thunder Strike","Barrage+1","Seek"],"relics":["Cracked Core","NeowsBlessing","Golden Idol","Question Card","Darkstone Periapt","WingedGreaves","SlaversCollar","Nloth\u0027s Gift","Ornamental Fan"],"acts_visited":["Exordium","TheCity"],"potions_floor_usage":[11,12,16,18,21,21],"damage_taken":[{"damage":0,"enemies":"Small Slimes","floor":1,"turns":1},{"damage":0,"enemies":"Jaw Worm","floor":2,"turns":1},{"damage":0,"enemies":"Cultist","floor":5,"turns":1},{"damage":26,"enemies":"Lagavulin","floor":6,"turns":5},{"damage":16,"enemies":"2 Fungi Beasts","floor":8,"turns":4},{"damage":21,"enemies":"3 Sentries","floor":12,"turns":6},{"damage":5,"enemies":"Exordium Thugs","floor":14,"turns":5},{"damage":48,"enemies":"Slime Boss","floor":16,"turns":10},{"damage":24,"enemies":"Chosen","floor":18,"turns":5},{"damage":28,"enemies":"2 Thieves","floor":21,"turns":4},{"damage":20,"enemies":"Centurion and Healer","floor":22,"turns":4}],"seed_played":"-3172730823660857891","potions_obtained":[{"floor":5,"key":"Explosive Potion"},{"floor":11,"key":"Fruit Juice"},{"floor":11,"key":"DuplicationPotion"},{"floor":12,"key":"LiquidBronze"},{"floor":16,"key":"FocusPotion"},{"floor":18,"key":"PowerPotion"}],"is_trial":false,"path_per_floor":["M","M","?","?","M","E","R","M","T","$","?","E","R","M","R","B",null,"M","?","$","M","M"],"character_chosen":"DEFECT","items_purchased":["Defragment","Coolheaded","Ornamental Fan"],"campfire_rested":2,"item_purchase_floors":[10,10,20],"current_hp_per_floor":[68,68,75,75,75,49,74,58,58,58,63,42,42,37,64,16,72,48,48,48,20,0,0],"gold":25,"neow_bonus":"THREE_ENEMY_KILL","is_daily":false,"chose_seed":false,"campfire_upgraded":1,"win_rate":0.0,"timestamp":1608028937,"path_taken":["M","M","?","?","M","E","R","M","T","$","?","E","R","?","R","BOSS","M","?","?","?","M"],"items_purchased_type":["Card","Card","Relic"],"build_version":"2020-12-13","purchased_purges":1,"victory":false,"max_hp_per_floor":[75,75,85,85,85,85,85,85,85,85,90,90,90,90,90,90,90,90,90,90,90,90,90],"card_choices":[{"not_picked":["Recycle","Conserve Battery"],"picked":"Cold Snap","floor":1},{"not_picked":["Turbo","Redo"],"picked":"Streamline","floor":2},{"not_picked":["Compile Driver","Redo"],"picked":"Stack","floor":5},{"not_picked":["Beam Cell","Self Repair"],"picked":"Defragment","floor":6},{"not_picked":["Lockon","Compile Driver","Tempest"],"picked":"Beam Cell","floor":8},{"not_picked":["Steam","FTL","Coolheaded"],"picked":"Defragment","floor":12},{"not_picked":["Beam Cell","Steam Power","Sweeping Beam"],"picked":"Go for the Eyes","floor":14},{"not_picked":["Amplify","Buffer","Multi-Cast"],"picked":"Thunder Strike","floor":16},{"not_picked":["Defragment","Sweeping Beam","Auto Shields"],"picked":"Barrage+1","floor":18},{"not_picked":["Reboot","Melter","Stack"],"picked":"Seek","floor":21}],"player_experience":258590,"relics_obtained":[{"floor":6,"key":"Question Card"},{"floor":9,"key":"Darkstone Periapt"},{"floor":12,"key":"WingedGreaves"}],"event_choices":[{"damage_healed":0,"gold_gain":0,"player_choice":"Success","damage_taken":3,"relics_obtained":["Pear"],"max_hp_gain":0,"max_hp_loss":0,"event_name":"Scrap Ooze","floor":3,"gold_loss":0},{"damage_healed":0,"gold_gain":0,"player_choice":"Take Wound","damage_taken":0,"relics_obtained":["Golden Idol"],"max_hp_gain":0,"max_hp_loss":0,"event_name":"Golden Idol","floor":4,"gold_loss":0,"cards_obtained":["Injury"]},{"damage_healed":0,"gold_gain":0,"player_choice":"Got Potions","damage_taken":0,"max_hp_gain":0,"max_hp_loss":0,"event_name":"Lab","floor":11,"gold_loss":0},{"damage_healed":0,"gold_gain":0,"player_choice":"Traded Relic","damage_taken":0,"relics_obtained":["Nloth\u0027s Gift"],"max_hp_gain":0,"max_hp_loss":0,"event_name":"N\u0027loth","floor":19,"relics_lost":["Pear"],"gold_loss":0}],"is_beta":false,"boss_relics":[{"not_picked":["Fusion Hammer","Snecko Eye"],"picked":"SlaversCollar"}],"items_purged_floors":[10],"is_endless":false,"potions_floor_spawned":[5,12,14,16,18],"killed_by":"Centurion and Healer","ascension_level":11}}