{"host":"q7vkosjfkvfklbk2","time":1608031054,"event":{"mods":["Abigail Mod","AchievementEnabler","Act Like it!","Ascension Reborn","Astrologer","BaseMod","Better Third Choice","Conspire","Downfall","GungeonMod","Hallownest","Hubris","KinomotoSakuraMod(Ä¾Ö®±¾Ó£)","Koishi","KomeijiMod","Lobotomy","Minty Spire (QoL Compilation)","Quick Restart","Replay The Spire","Shop Mod","StSLib","The Bug Knight","The Cursed","The Kombatant","The Poker Player","The Servant 0.9.4","UnlockEverythingMod","[IsaacMod]ÒÔÈö¼âËþ","vexMod"],"gold_per_floor":[110,110,160,172,172,200,200,226,226,226,241,253,253,288,288,384,384,396,396,93,93,359,389,389,389,389],"floor_reached":25,"playtime":1371,"items_purged":[],"score":322,"play_id":"8e28c44c-f666-4083-bd98-c4141bfa156b","local_time":"20201215191734","is_ascension_mode":true,"campfire_choices":[{"data":"Koishi:ReleaseOfTheId","floor":13.0,"key":"SMITH"},{"data":"Koishi:UnseenTerror","floor":15.0,"key":"SMITH"},{"data":"Koishi:ParalyzingFear","floor":24.0,"key":"SMITH"}],"circlet_count":0,"master_deck":["Koishi:BasicStrike","Koishi:BasicStrike","Koishi:BasicStrike","Koishi:BasicStrike","Koishi:BasicDefend","Koishi:BasicDefend","Koishi:BasicDefend","Koishi:Provoke","Koishi:HauntingSlash","Alriune","Koishi:ParalyzingFear+1","Murderer","Koishi:UnseenTerror+1","Wellcheers","Koishi:ReleaseOfTheId+1","UniverseFragment","DespairKnight","Koishi:PhilosophyOfTheDespised+1","Koishi:PerfectMindControl+1","Scorched","Koishi:ImGoingToCallYouNow+1","RedShoes","Koishi:JumpScare+1"],"relics":["Koishi:ImaginaryFriend","HushsDoor","Chaos","CogitoBucket","Hallownest:DreamNailRelic","Koishi:TeethAndClaws","Iron Hammer","MagicMushroom","DemoMod:Orange","Replay:Towering Pillar of Hats","Toxic Egg 2","PillsDrop","GuppysTail","vexMod:PlasmaPancake","hubris:Towel","Quantum Egg"],"acts_visited":["Exordium","Hallownest:Greenpath"],"potions_floor_usage":[],"damage_taken":[{"damage":4.0,"enemies":"2_ Uuma","floor":1.0,"turns":6.0},{"damage":18.0,"enemies":"Hiden Room Battle","floor":3.0,"turns":6.0},{"damage":0.0,"enemies":"Hallownest:2_Baldur","floor":4.0,"turns":3.0},{"damage":7.0,"enemies":"Hallownest:eliteCrystalGuardian","floor":6.0,"turns":5.0},{"damage":0.0,"enemies":"Hallownest:eliteVengeflyKing","floor":8.0,"turns":4.0},{"damage":9.0,"enemies":"Hallownest:2_Tiktiks_and_1_Crawlid","floor":11.0,"turns":3.0},{"damage":2.0,"enemies":"Hallownest:MossCreep_and_Mosskin","floor":12.0,"turns":4.0},{"damage":0.0,"enemies":"Hallownest:eliteCrystalGuardian","floor":14.0,"turns":4.0},{"damage":21.0,"enemies":"Hallownest:BossFalseKnight","floor":16.0,"turns":9.0},{"damage":12.0,"enemies":"Hallownest:Guard_and_Sentry","floor":18.0,"turns":3.0},{"damage":29.0,"enemies":"Hallownest:Nosk","floor":23.0,"turns":9.0},{"damage":87,"enemies":"Hallownest:Flukemon_and_Top","floor":25,"turns":2}],"seed_played":"8371892373370250998","potions_obtained":[{"floor":1.0,"key":"Adrenaline Potion"},{"floor":4.0,"key":"SteroidPotion"},{"floor":11.0,"key":"Dexterity Potion"}],"is_trial":false,"path_per_floor":["M","?","?","M","?","E","?","E","T","$","M","M","R","E","R","B",null,"M","?","$","?","?","E","R","M"],"character_chosen":"KOISHI","items_purchased":["vexMod:PlasmaPancake"],"campfire_rested":0,"item_purchase_floors":[20],"current_hp_per_floor":[57,57,41,42,9,27,27,31,31,31,23,29,29,34,34,23,79,71,71,77,77,77,85,85,0,0],"gold":389,"neow_bonus":"","is_daily":false,"chose_seed":false,"campfire_upgraded":3,"win_rate":0.0,"timestamp":1608031054,"path_taken":["M","?","?","?","?","E","?","E","T","$","M","M","R","E","R","BOSS","M","?","?","?","?","E","R","M"],"items_purchased_type":["Relic"],"build_version":"2020-12-13","purchased_purges":0,"victory":false,"max_hp_per_floor":[60,60,60,60,67,79,79,79,79,79,79,79,79,79,79,79,79,79,79,85,85,85,85,85,85,85],"card_choices":[{"not_picked":[],"picked":"Bomb","floor":0.0},{"not_picked":["QueenOfHatred","UniverseFragment"],"picked":"Alriune","floor":1.0},{"not_picked":["Koishi:UnconsciousUrges","Koishi:SubterraneanRose"],"picked":"Koishi:ParalyzingFear","floor":1.0},{"not_picked":["Wellcheers","WallGazer"],"picked":"Murderer","floor":3.0},{"not_picked":["Koishi:ReflexRadar","Koishi:PhantomStrike"],"picked":"Koishi:UnseenTerror","floor":3.0},{"not_picked":["QueenBee","SpiderBud"],"picked":"Wellcheers","floor":4.0},{"not_picked":["Koishi:SubconsciousSweep","Koishi:SubterraneanRose","Koishi:EmbryosDream"],"picked":"SKIP","floor":4.0},{"not_picked":["FairyFestival","OSAHOGD","LittlePrince"],"picked":"Singing Bowl","floor":6.0},{"not_picked":["ShyLook","OSAHOGD"],"picked":"BigBadWolf","floor":6.0},{"not_picked":["Koishi:PhantomBarrier","Koishi:RorschachInDanmaku","Koishi:HeartfeltFancy"],"picked":"SKIP","floor":6.0},{"not_picked":["Koishi:SpiritedAway","Koishi:FidgetySnatcher"],"picked":"Koishi:ReleaseOfTheId","floor":8.0},{"not_picked":["ShyLook","OSAHOGD"],"picked":"UniverseFragment","floor":11.0},{"not_picked":["Koishi:EmbryosDream+1","Koishi:SubterraneanRose+1","Koishi:Catatonia"],"picked":"SKIP","floor":11.0},{"not_picked":["GreedKing","BeautyBeast"],"picked":"DespairKnight","floor":12.0},{"not_picked":["Koishi:Jaunt","Koishi:HeartfeltFancy+1"],"picked":"Koishi:PhilosophyOfTheDespised+1","floor":12.0},{"not_picked":["Koishi:StrangeCloudFist","Koishi:UnconsciousUprising+1"],"picked":"Koishi:PerfectMindControl+1","floor":14.0},{"not_picked":["BigBird","Rudolta"],"picked":"Scorched","floor":16.0},{"not_picked":["Koishi:MentalBreakdown","Koishi:PerfectMindControl+1"],"picked":"Koishi:ImGoingToCallYouNow+1","floor":16.0},{"not_picked":["Koishi:PhilosophyOfTheDespised+1","Koishi:PhantomStrike","Koishi:IdleWhim+1"],"picked":"SKIP","floor":18.0},{"not_picked":["Mercenary","CENSORED"],"picked":"RedShoes","floor":23.0},{"not_picked":["Koishi:StingingMind","Koishi:Prune+1"],"picked":"Koishi:JumpScare+1","floor":23.0}],"player_experience":429542,"relics_obtained":[{"floor":3.0,"key":"Koishi:TeethAndClaws"},{"floor":3.0,"key":"Iron Hammer"},{"floor":6.0,"key":"DemoMod:Orange"},{"floor":8.0,"key":"Replay:Towering Pillar of Hats"},{"floor":9.0,"key":"Toxic Egg 2"},{"floor":14.0,"key":"PillsDrop"},{"floor":23.0,"key":"Quantum Egg"}],"event_choices":[{"damage_healed":0.0,"max_hp_gain":0.0,"max_hp_loss":0.0,"gold_gain":0.0,"event_name":"HidenRoomEvent","player_choice":"Fight","floor":3.0,"gold_loss":0.0,"damage_taken":0.0}],"is_beta":false,"boss_relics":[{"not_picked":["DemoMod:Metronome","Replay:Grab Bag"],"picked":"GuppysTail"},{"not_picked":[]}],"items_purged_floors":[],"is_endless":false,"potions_floor_spawned":[1,4,11,14],"killed_by":"Hallownest:Flukemon_and_Top","ascension_level":1}}