{"host":"uhhucka17mqeuzwb","time":1608034065,"event":{"mods":["2.2 Compatiblity","AchievementEnabler","Act Like it!","Astrologer","BaseMod","Better Altar","Better Skull","Colored Powertips","Defuse TimeMaze Blight","Downfall","Energized Spire","Faster Ascension Climbing","Friendly Minions","Gensokyo","GifTheSpireLib","Gremlin Mod","Gremlin Skip","Halation","Hallownest","Hermit","HololiveMod","KinomotoSakuraMod(????)","Lobotomy","Marisa????????","Minty Spire (QoL Compilation)","Quick Restart","Red Circlet Mod","Replay The Spire","Reworked Bosses","Shade Mod","Shop Mod","StSLib","The Administrix","The Animator","The Blue Laboratory","The Bug Knight","The Cursed","The Factory","The Forsaken","Waifu the Spire"],"gold_per_floor":[118,118,69,69,86,86,86],"floor_reached":6,"playtime":930,"items_purged":[],"score":34,"play_id":"b13daf8f-7668-4ae1-b61d-93e8d5688ed7","local_time":"20201215070745","is_ascension_mode":false,"campfire_choices":[],"circlet_count":0,"master_deck":["ClowCardTheSword","ClowCardTheSword","ClowCardTheSword","ClowCardTheSword","ClowCardTheShield","ClowCardTheShield","ClowCardTheShield","ClowCardTheShield","SpellCardSeal","SpellCardRelease","Bloodbath","ClowCardTheSand"],"relics":["KSMOD_SealedBook","KSMOD_SealedWand","CogitoBucket","Juzu Bracelet","Pear"],"acts_visited":["Gensokyo:Gensokyo"],"potions_floor_usage":[6],"damage_taken":[{"damage":4,"enemies":"Gensokyo:2_Kodama","floor":1,"turns":5},{"damage":6,"enemies":"Gensokyo:Python","floor":5,"turns":3},{"damage":60,"enemies":"Gensokyo:Cirno","floor":6,"turns":11}],"seed_played":"-5030007209306957527","potions_obtained":[{"floor":1,"key":"Ancient Potion"},{"floor":5,"key":"blueLaboratory:AbyssPotion"}],"is_trial":false,"path_per_floor":["M","?","$","?","M","E"],"character_chosen":"KINOMOTOSAKURA","items_purchased":["ClowCardTheSand"],"campfire_rested":0,"item_purchase_floors":[3],"current_hp_per_floor":[66,66,66,61,56,4,4],"gold":86,"neow_bonus":"","is_daily":false,"chose_seed":false,"campfire_upgraded":0,"win_rate":0.0,"timestamp":1608034065,"path_taken":["M","?","$","?","M","E"],"items_purchased_type":["Card"],"build_version":"2020-12-13","purchased_purges":0,"victory":false,"max_hp_per_floor":[70,70,70,80,80,80,80],"card_choices":[{"not_picked":["LittlePrince","PunishingBird"],"picked":"Bloodbath","floor":1},{"not_picked":["ClowCardTheShadow","ClowCardThePower","ClowCardTheWindy"],"picked":"SKIP","floor":1},{"not_picked":["LittlePrince","MHz","SpiderBud"],"picked":"Singing Bowl","floor":5},{"not_picked":["ClowCardTheWindy","ClowCardTheShadow","ClowCardTheWatery"],"picked":"SKIP","floor":5}],"player_experience":1027902,"relics_obtained":[],"event_choices":[],"is_beta":false,"boss_relics":[],"items_purged_floors":[],"is_endless":false,"potions_floor_spawned":[1,5],"killed_by":"Gensokyo:Cirno","ascension_level":0}}