{"host":"c95txy58ipbu969e","time":1608045883,"event":{"mods":["Act Like it!","Ascension Reborn","BaseMod","Minty Spire (QoL Compilation)","MostiFishMod","Replay The Spire","StSLib","TestMod","vexMod","【遗物卡牌】REMEMod"],"gold_per_floor":[112,120,131,171,51,73,73,86,128,153,174,195,195,209,209,267,267,283,299,299,299,199,224,224,234,252,278,297,328,341,356,356,430,430,444,324,341,75,103,139,139,177,199,199,213,213,229,253,263,281,300,300],"floor_reached":51,"playtime":3086,"items_purged":["ReplayTheSpireMod:Restless Dread","Strike_P","Strike_P","Defend_P"],"score":2339,"play_id":"304ee98d-974f-4229-a75e-9f4a5e5d9a3c","local_time":"20201215232443","is_ascension_mode":true,"campfire_choices":[{"data":"Adaptation","floor":7.0,"key":"SMITH"},{"data":"MostiFishMod:StarHerder","floor":13.0,"key":"SMITH"},{"data":"REME_CRH","floor":15.0,"key":"SMITH"},{"data":"MostiFishMod:KamiSmash","floor":24.0,"key":"SMITH"},{"data":"Ragnarok","floor":32.0,"key":"SMITH"},{"floor":44.0,"key":"RECALL"},{"data":"MostiFishMod:StarLaLaLa","floor":49,"key":"SMITH"}],"circlet_count":0,"master_deck":["Defend_P","Defend_P","Defend_P","Eruption+1","Vigilance","AscMod:ascendersbane","REME_CRH+1","Indignation","FlurryOfBlows","MostiFishMod:StarLaLaLa+1","Adaptation+1","BowlingBash","MostiFishMod:StarHerder+1","SandsOfTime","MostiFishMod:DustFall","MostiFishMod:KamiSmash+1","WheelKick","InnerPeace","Swivel","Ragnarok+1","MostiFishMod:Minus","Fasting2"],"relics":["PureWater","DaveBox","testmod-TestBox","REME_ComplimentaryCards","NeowsBlessing","RhineCircuit","testmod-HarvestTotem","Question Card","ReplayTheSpireMod:CursedCoin","Chameleon Ring","Oddly Smooth Stone","MealTicket","Matryoshka","ImportantClient","Snecko Eye","Replay:Baseball","Akabeko","Replay:Bottled Snecko","testmod-Acrobat","Mercury Hourglass","JellyFishMachine","OrangePellets","vexMod:InvisibilityCloak","StoneCalendar","Vajra","ReplayTheSpireMod:TigerMarble","MawBank","Damaru"],"acts_visited":["Exordium","TheCity","TheBeyond"],"potions_floor_usage":[],"damage_taken":[{"damage":0.0,"enemies":"Small Slimes","floor":1.0,"turns":1.0},{"damage":0.0,"enemies":"Jaw Worm","floor":2.0,"turns":1.0},{"damage":0.0,"enemies":"Cultist","floor":3.0,"turns":1.0},{"damage":22.0,"enemies":"3 Sentries","floor":6.0,"turns":8.0},{"damage":0.0,"enemies":"Lots of Slimes","floor":8.0,"turns":2.0},{"damage":0.0,"enemies":"Lagavulin","floor":10.0,"turns":3.0},{"damage":0.0,"enemies":"Gremlin Nob","floor":12.0,"turns":2.0},{"damage":9.0,"enemies":"3 Louse","floor":14.0,"turns":2.0},{"damage":0.0,"enemies":"Fading Forest","floor":16.0,"turns":11.0},{"damage":0.0,"enemies":"Chosen","floor":18.0,"turns":1.0},{"damage":0.0,"enemies":"3 Byrds","floor":19.0,"turns":2.0},{"damage":0.0,"enemies":"Gremlin Leader","floor":23.0,"turns":2.0},{"damage":0.0,"enemies":"Snake Plant","floor":25.0,"turns":1.0},{"damage":0.0,"enemies":"REME_1_Revenger","floor":27.0,"turns":1.0},{"damage":0.0,"enemies":"Chosen and Byrds","floor":28.0,"turns":1.0},{"damage":0.0,"enemies":"Slavers","floor":29.0,"turns":1.0},{"damage":0.0,"enemies":"3 Cultists","floor":30.0,"turns":2.0},{"damage":0.0,"enemies":"Snecko","floor":31.0,"turns":1.0},{"damage":0.0,"enemies":"Pondfish","floor":33.0,"turns":4.0},{"damage":25.0,"enemies":"3 Darklings","floor":35.0,"turns":2.0},{"damage":0.0,"enemies":"3 Shapes","floor":37.0,"turns":2.0},{"damage":5.0,"enemies":"Maw","floor":39.0,"turns":3.0},{"damage":0.0,"enemies":"Giant Head","floor":40.0,"turns":1.0},{"damage":88.0,"enemies":"Nemesis","floor":42.0,"turns":5.0},{"damage":0.0,"enemies":"3 Darklings","floor":45.0,"turns":1.0},{"damage":14,"enemies":"R_Hoarder","floor":47,"turns":3},{"damage":21,"enemies":"4 Shapes","floor":48,"turns":1},{"damage":0,"enemies":"Time Eater","floor":50,"turns":2},{"damage":27,"enemies":"Awakened One","floor":51,"turns":2}],"seed_played":"-3351959013461120431","potions_obtained":[{"floor":2.0,"key":"testmod-TimePotion"},{"floor":4.0,"key":"Fire Potion"},{"floor":10.0,"key":"Block Potion"},{"floor":14.0,"key":"GamblersBrew"},{"floor":29.0,"key":"Adrenaline Potion"},{"floor":40.0,"key":"testmod-SpacePotion"},{"floor":45.0,"key":"Elixir"}],"is_trial":false,"path_per_floor":["M","M","M","?","$","E","R","M","T","E","T","E","R","M","R","B",null,"M","M","?","?","$","E","R","M","T","E","M","E","M","M","R","B",null,"M","$","M","$","M","E","?","E","T","R","M","?","E","M","R","B","B"],"character_chosen":"WATCHER","items_purchased":["ReplayTheSpireMod:CursedCoin","Adaptation","BowlingBash","OrangePellets"],"campfire_rested":0,"item_purchase_floors":[5,5,5,38],"current_hp_per_floor":[123,123,123,139,139,117,117,117,117,117,117,117,117,108,108,152,154,154,154,154,154,154,154,154,154,154,154,154,154,154,154,154,154,154,129,153,154,154,149,149,149,61,61,61,61,61,47,26,26,26,0,0],"gold":300,"neow_bonus":"THREE_ENEMY_KILL","is_daily":false,"chose_seed":false,"campfire_upgraded":6,"win_rate":0.0,"timestamp":1608045883,"path_taken":["M","M","M","?","?","E","R","M","T","E","?","E","R","M","R","BOSS","M","M","?","?","$","E","R","M","T","E","?","E","M","M","R","BOSS","M","?","M","$","M","E","?","E","T","R","M","?","E","?","R","BOSS","BOSS"],"items_purchased_type":["Relic","Card","Card","Relic"],"build_version":"2020-12-13","purchased_purges":4,"victory":false,"max_hp_per_floor":[144,144,144,154,154,154,154,154,154,154,154,154,154,154,154,154,154,154,154,154,154,154,154,154,154,154,154,154,154,154,154,154,154,154,154,154,154,154,154,154,154,154,154,154,154,154,154,154,154,154,154,154],"card_choices":[{"not_picked":["REME_MusicOfDeath","Replay:AtTheReady","Replay:Cycle"],"picked":"SKIP","floor":1.0},{"not_picked":["SignatureMove","Replay:Vibes","Consecrate"],"picked":"Indignation","floor":2.0},{"not_picked":["Halt","WreathOfFlame","Protect"],"picked":"FlurryOfBlows","floor":3.0},{"not_picked":["FlurryOfBlows","ThirdEye","Sanctity"],"picked":"MostiFishMod:StarLaLaLa","floor":4.0},{"not_picked":["Protect","FlurryOfBlows","Replay:AtTheReady"],"picked":"MostiFishMod:StarHerder","floor":6.0},{"not_picked":["Evaluate","Replay:Cycle","Replay:ManipulateFuture","EmptyBody"],"picked":"SKIP","floor":8.0},{"not_picked":["Prostrate","SashWhip","FlyingSleeves","ThirdEye"],"picked":"SKIP","floor":10.0},{"not_picked":["SignatureMove","BowlingBash","WreathOfFlame"],"picked":"SandsOfTime","floor":12.0},{"not_picked":["FlyingSleeves","REME_Repentance","TalkToTheHand"],"picked":"MostiFishMod:DustFall","floor":14.0},{"not_picked":["MostiFishMod:Nomercy","Devotion","MostiFishMod:PathToVictory"],"picked":"MostiFishMod:KamiSmash","floor":16.0},{"not_picked":["EmptyFist","CutThroughFate+1","Replay:ManipulateFuture","Collect"],"picked":"SKIP","floor":18.0},{"not_picked":["WaveOfTheHand","Replay:Anticipation","FollowUp"],"picked":"WheelKick","floor":19.0},{"not_picked":["Protect+1","Crescendo","ClearTheMind"],"picked":"MostiFishMod:Moonprays","floor":23.0},{"not_picked":["CrushJoints","WreathOfFlame","Worship","Halt"],"picked":"SKIP","floor":25.0},{"not_picked":["FearNoEvil","Pray","Replay:ManipulateFuture"],"picked":"InnerPeace","floor":27.0},{"not_picked":["REME_Repentance","MostiFishMod:Speedup","Replay:Cycle"],"picked":"Swivel","floor":28.0},{"not_picked":["Evaluate+1","Replay:DivineShield","Replay:ManipulateFuture"],"picked":"Ragnarok","floor":29.0},{"not_picked":["Replay:Anticipation","Evaluate","Replay:Battleflow","MostiFishMod:Speedup"],"picked":"SKIP","floor":30.0},{"not_picked":["Crescendo","Indignation","PathToVictory","REME_MusicOfDeath"],"picked":"SKIP","floor":31.0},{"not_picked":["MostiFishMod:Pointsdynamics","MasterReality","LessonLearned"],"picked":"MostiFishMod:Minus","floor":33.0},{"not_picked":["Replay:Anticipation","Crescendo","Replay:AtTheReady","EmptyBody"],"picked":"SKIP","floor":35.0},{"not_picked":["EmptyFist","REME_Repentance","JustLucky","Evaluate"],"picked":"SKIP","floor":37.0},{"not_picked":["FollowUp+1","CrushJoints","Evaluate","Indignation+1"],"picked":"SKIP","floor":39.0},{"not_picked":["Consecrate+1","WreathOfFlame","Replay:DivineShield+1","SignatureMove+1"],"picked":"SKIP","floor":40.0},{"not_picked":["Replay:Vibes+1","FlurryOfBlows","EmptyBody","Devotion"],"picked":"SKIP","floor":42.0},{"not_picked":["SashWhip","Crescendo","ClearTheMind","BattleHymn"],"picked":"SKIP","floor":45.0},{"not_picked":["Sanctity","Replay:Vibes+1","SashWhip+1","ClearTheMind"],"picked":"SKIP","floor":47},{"not_picked":["FollowUp","Perseverance","Conclude+1"],"picked":"Fasting2","floor":48}],"player_experience":245738,"relics_obtained":[{"floor":1.0,"key":"Question Card"},{"floor":6.0,"key":"Chameleon Ring"},{"floor":9.0,"key":"Oddly Smooth Stone"},{"floor":10.0,"key":"MealTicket"},{"floor":12.0,"key":"Matryoshka"},{"floor":16.0,"key":"ImportantClient"},{"floor":23.0,"key":"Replay:Baseball"},{"floor":26.0,"key":"Akabeko"},{"floor":26.0,"key":"Replay:Bottled Snecko"},{"floor":27.0,"key":"testmod-Acrobat"},{"floor":29.0,"key":"Mercury Hourglass"},{"floor":40.0,"key":"vexMod:InvisibilityCloak"},{"floor":42.0,"key":"StoneCalendar"},{"floor":43.0,"key":"Vajra"},{"floor":43.0,"key":"ReplayTheSpireMod:TigerMarble"},{"floor":47,"key":"Damaru"}],"event_choices":[{"damage_healed":0.0,"max_hp_gain":0.0,"max_hp_loss":0.0,"gold_gain":0.0,"event_name":"给自己的盒子","player_choice":"Swap Relic","floor":4.0,"relics_lost":["Tiny House"],"gold_loss":0.0,"damage_taken":0.0,"relics_obtained":["Tiny House"]},{"cards_removed":["Strike_P"],"damage_healed":0.0,"max_hp_gain":0.0,"max_hp_loss":0.0,"gold_gain":0.0,"event_name":"Back to Basics","player_choice":"Elegance","floor":20.0,"gold_loss":0.0,"damage_taken":0.0},{"damage_healed":0.0,"max_hp_gain":0.0,"max_hp_loss":0.0,"gold_gain":0.0,"event_name":"Transmorgrifier","player_choice":"Ignored","floor":21.0,"gold_loss":0.0,"damage_taken":0.0},{"damage_healed":0.0,"max_hp_gain":0.0,"max_hp_loss":0.0,"gold_gain":0.0,"event_name":"SensoryStone","player_choice":"Memory 1","floor":41.0,"gold_loss":0.0,"damage_taken":0.0},{"cards_removed":["MostiFishMod:Moonprays"],"damage_healed":0.0,"max_hp_gain":0.0,"max_hp_loss":0.0,"gold_gain":0.0,"event_name":"WeMeetAgain","player_choice":"Gave Card","floor":46.0,"gold_loss":0.0,"damage_taken":0.0,"relics_obtained":["MawBank"]}],"is_beta":false,"boss_relics":[{"not_picked":["VoidEssence"],"picked":"TwistingMind"},{"not_picked":["VoidEssence"],"picked":"TwistingMind"},{"not_picked":["testmod-StringDisintegrator","Runic Dome"],"picked":"Snecko Eye"},{"not_picked":["GraspOfShadows"],"picked":"MetallicRebirth"},{"not_picked":["GraspOfShadows"],"picked":"MetallicRebirth"},{"not_picked":["FixedStarFall","OneHitWonderSystem"],"picked":"JellyFishMachine"}],"items_purged_floors":[5,22,36,38],"is_endless":false,"potions_floor_spawned":[2,10,14,16,18,28,29,30,39,40,45],"killed_by":"Awakened One","ascension_level":13}}