{"host":"b3p2mc8zhjyw3mtc","time":1608032723,"event":{"mods":["BaseMod","Colored Map","Colored Powertips","DeckTracker","Friendly Minions","Minty Spire (QoL Compilation)","SuperFastMode"],"gold_per_floor":[115,133,208,7,7,37,57,57,108,120,143,165,177,177],"floor_reached":13,"playtime":302,"items_purged":["Strike_B"],"score":110,"play_id":"b08cfe64-99b0-4211-81a0-309a828e6857","local_time":"20201215204523","is_ascension_mode":false,"campfire_choices":[{"data":"Coolheaded","floor":8,"key":"SMITH"}],"circlet_count":0,"master_deck":["Strike_B","Strike_B","Strike_B","Defend_B","Defend_B+1","Defend_B","Defend_B+1","Zap","Dualcast","Capacitor","Sweeping Beam","Coolheaded+1","Hologram"],"relics":["Cracked Core","NeowsBlessing","Omamori","MawBank"],"acts_visited":["Exordium"],"potions_floor_usage":[],"damage_taken":[{"damage":0,"enemies":"Jaw Worm","floor":1,"turns":1},{"damage":0,"enemies":"Small Slimes","floor":2,"turns":1},{"damage":0,"enemies":"3 Sentries","floor":6,"turns":1},{"damage":0,"enemies":"2 Louse","floor":7,"turns":3},{"damage":16,"enemies":"Gremlin Gang","floor":11,"turns":5},{"damage":5,"enemies":"Looter","floor":12,"turns":4},{"damage":51,"enemies":"Gremlin Nob","floor":13,"turns":4}],"seed_played":"5936109962403563380","potions_obtained":[{"floor":1,"key":"LiquidBronze"},{"floor":11,"key":"Strength Potion"},{"floor":12,"key":"Ancient Potion"}],"is_trial":false,"path_per_floor":["M","M","?","$","?","E","M","R","T","?","M","M","E"],"character_chosen":"DEFECT","items_purchased":["Capacitor","Sweeping Beam"],"campfire_rested":0,"item_purchase_floors":[4,4],"current_hp_per_floor":[75,75,64,64,49,49,49,49,49,49,33,28,0,0],"gold":177,"neow_bonus":"THREE_ENEMY_KILL","is_daily":false,"chose_seed":false,"campfire_upgraded":1,"win_rate":0.0,"timestamp":1608032723,"path_taken":["M","M","?","$","?","E","M","R","T","?","M","M","E"],"items_purchased_type":["Card","Card"],"build_version":"2020-12-13","purchased_purges":1,"victory":false,"max_hp_per_floor":[75,75,75,75,75,75,75,75,75,75,75,75,75,75],"card_choices":[{"not_picked":["Chaos","Doom and Gloom","Compile Driver"],"picked":"SKIP","floor":1},{"not_picked":["Go for the Eyes","Force Field","Sunder"],"picked":"SKIP","floor":2},{"not_picked":["Redo","Reboot"],"picked":"Coolheaded","floor":6},{"not_picked":["Go for the Eyes","Skim","Gash"],"picked":"SKIP","floor":7},{"not_picked":["Compile Driver","Ball Lightning"],"picked":"Hologram","floor":11},{"not_picked":["BootSequence","Conserve Battery","Reinforced Body"],"picked":"SKIP","floor":12}],"player_experience":63153,"relics_obtained":[{"floor":6,"key":"Omamori"},{"floor":9,"key":"MawBank"}],"event_choices":[{"damage_healed":0,"gold_gain":75,"player_choice":"Gather Gold","damage_taken":11,"max_hp_gain":0,"max_hp_loss":0,"event_name":"World of Goop","floor":3,"gold_loss":0},{"damage_healed":0,"gold_gain":0,"player_choice":"Entered Light","damage_taken":15,"max_hp_gain":0,"max_hp_loss":0,"event_name":"Shining Light","floor":5,"gold_loss":0,"cards_upgraded":["Defend_B","Defend_B"]},{"damage_healed":0,"gold_gain":0,"player_choice":"Ignored","damage_taken":0,"max_hp_gain":0,"max_hp_loss":0,"event_name":"Liars Game","floor":10,"gold_loss":0}],"is_beta":false,"boss_relics":[],"items_purged_floors":[4],"is_endless":false,"potions_floor_spawned":[1,11,12],"killed_by":"Gremlin Nob","ascension_level":0}}