{"host":"zr590xw2unlz0wv7","time":1608039757,"event":{"mods":["BaseMod","Minty Spire (QoL Compilation)","READ ME - Guardian Mod","StSLib"],"gold_per_floor":[209,226,226,301,476,476,515,515,564,599,86,86,111,129,129,258,258,283,283,283,283,283,283,283,301,301,301,301,344,360,109,109,232,232,250,313,313,313],"floor_reached":37,"playtime":1286,"items_purged":["Doubt","Perfected Strike"],"score":595,"play_id":"990c7471-95df-4fef-889f-69a402aa2b67","local_time":"20201215214237","is_ascension_mode":true,"campfire_choices":[{"floor":6.0,"key":"REST"},{"floor":8.0,"key":"REST"},{"floor":12.0,"key":"REST"},{"floor":15.0,"key":"REST"},{"data":"Armaments","floor":23.0,"key":"SMITH"},{"data":"Barricade","floor":27.0,"key":"SMITH"},{"data":"Armaments","floor":32.0,"key":"SMITH"}],"circlet_count":0,"master_deck":["Defend_R","Defend_R","Defend_R","Defend_R","Bash","Sword Boomerang","Disarm","Double Tap","Flex","Offering","Barricade+1","Flex+1","Ghostly","Ghostly","Ghostly","Ghostly","Ghostly","Bite","Bite","Bite","Bite","Bite","Armaments+1","Seeing Red","Pommel Strike","Ghostly Armor","Armaments+1","Immolate","Clothesline","Spot Weakness+1"],"relics":["Black Blood","Golden Idol","Ancient Tea Set","Lantern","Boot","PreservedInsect","Strawberry","SlaversCollar","Enchiridion","Juzu Bracelet","Question Card","Tiny Chest","WingedGreaves"],"acts_visited":["Exordium","TheCity","TheBeyond"],"potions_floor_usage":[33,33,33,37,37],"damage_taken":[{"damage":1.0,"enemies":"Cultist","floor":1.0,"turns":3.0},{"damage":19.0,"enemies":"Jaw Worm","floor":2.0,"turns":3.0},{"damage":45.0,"enemies":"Gremlin Nob","floor":7.0,"turns":5.0},{"damage":35.0,"enemies":"3 Sentries","floor":10.0,"turns":10.0},{"damage":0.0,"enemies":"2 Louse","floor":13.0,"turns":2.0},{"damage":11.0,"enemies":"Looter","floor":14.0,"turns":2.0},{"damage":59.0,"enemies":"Hexaghost","floor":16.0,"turns":9.0},{"damage":46.0,"enemies":"3 Byrds","floor":18.0,"turns":5.0},{"damage":6.0,"enemies":"2 Thieves","floor":25.0,"turns":3.0},{"damage":6.0,"enemies":"Slavers","floor":29.0,"turns":5.0},{"damage":18.0,"enemies":"Sentry and Sphere","floor":30.0,"turns":8.0},{"damage":48,"enemies":"Collector","floor":33,"turns":12},{"damage":32,"enemies":"Orb Walker","floor":35,"turns":5},{"damage":7,"enemies":"Mind Bloom Boss Battle","floor":36,"turns":9},{"damage":40,"enemies":"2 Orb Walkers","floor":37,"turns":1}],"seed_played":"-2968234758031264371","potions_obtained":[{"floor":10.0,"key":"Block Potion"},{"floor":14.0,"key":"Strength Potion"},{"floor":16.0,"key":"GamblersBrew"},{"floor":29.0,"key":"Fruit Juice"},{"floor":33,"key":"Dexterity Potion"},{"floor":35,"key":"DuplicationPotion"},{"floor":36,"key":"Ancient Potion"}],"is_trial":false,"path_per_floor":["M","M","?","?","?","R","E","R","T","E","$","R","M","M","R","B",null,"M","?","?","?","?","R","?","M","T","R","?","E","M","$","R","B",null,"M","?","?"],"character_chosen":"IRONCLAD","items_purchased":["Double Tap","PreservedInsect","Strawberry","Flex","Ghostly Armor","Armaments","BlessingOfTheForge"],"campfire_rested":4,"item_purchase_floors":[11,11,11,11,31,31,31],"current_hp_per_floor":[80,67,47,36,36,60,21,45,45,16,23,49,55,50,76,23,71,31,31,30,30,30,30,14,23,23,23,23,30,27,32,32,19,31,20,35,0,0],"gold":313,"neow_bonus":"HUNDRED_GOLD","is_daily":false,"chose_seed":false,"campfire_upgraded":3,"win_rate":0.0,"timestamp":1608039757,"path_taken":["M","?","?","?","?","R","E","R","T","E","$","R","M","M","R","BOSS","M","?","?","?","?","R","?","M","T","R","?","E","M","$","R","BOSS","M","?","?"],"items_purchased_type":["Card","Relic","Relic","Card","Card","Card","Potion"],"build_version":"2020-12-13","purchased_purges":2,"victory":false,"max_hp_per_floor":[80,80,80,80,80,80,80,80,80,80,87,87,87,87,87,87,87,87,43,30,30,30,30,30,30,30,30,30,30,30,35,35,35,35,35,35,35,35],"card_choices":[{"not_picked":["Heavy Blade","Fire Breathing"],"picked":"Sword Boomerang","floor":1.0},{"not_picked":["Havoc","Anger"],"picked":"Disarm","floor":2.0},{"not_picked":["Inflame","Rage"],"picked":"Perfected Strike","floor":7.0},{"not_picked":["Pommel Strike","Flex"],"picked":"Perfected Strike","floor":10.0},{"not_picked":["True Grit","Body Slam"],"picked":"Offering","floor":13.0},{"not_picked":["Sword Boomerang","Body Slam","Havoc"],"picked":"SKIP","floor":14.0},{"not_picked":["Feed","Fiend Fire"],"picked":"Barricade","floor":16.0},{"not_picked":["Thunderclap","Clothesline+1"],"picked":"Flex+1","floor":18.0},{"not_picked":["Warcry+1","Flex"],"picked":"Seeing Red","floor":25.0},{"not_picked":["Wild Strike+1","Perfected Strike","Havoc","Clash"],"picked":"SKIP","floor":29.0},{"not_picked":["Sword Boomerang","Iron Wave","Flex"],"picked":"Pommel Strike","floor":30.0},{"not_picked":["Barricade","Brutality","Limit Break"],"picked":"Immolate","floor":33},{"not_picked":["Cleave","Evolve","Heavy Blade+1"],"picked":"Clothesline","floor":35},{"not_picked":["Pommel Strike","Dark Embrace","Evolve"],"picked":"Spot Weakness+1","floor":36}],"player_experience":480265,"relics_obtained":[{"floor":7.0,"key":"Ancient Tea Set"},{"floor":9.0,"key":"Lantern"},{"floor":10.0,"key":"Boot"},{"floor":24.0,"key":"Enchiridion"},{"floor":26.0,"key":"Juzu Bracelet"},{"floor":29.0,"key":"Tiny Chest"},{"floor":36,"key":"WingedGreaves"}],"event_choices":[{"damage_healed":0.0,"max_hp_gain":0.0,"max_hp_loss":0.0,"gold_gain":0.0,"event_name":"Golden Idol","player_choice":"Take Damage","floor":3.0,"gold_loss":0.0,"damage_taken":20.0,"relics_obtained":["Golden Idol"]},{"damage_healed":0.0,"max_hp_gain":0.0,"max_hp_loss":0.0,"gold_gain":75.0,"event_name":"World of Goop","player_choice":"Gather Gold","floor":4.0,"gold_loss":0.0,"damage_taken":11.0},{"damage_healed":0.0,"max_hp_gain":0.0,"max_hp_loss":0.0,"gold_gain":175.0,"event_name":"Liars Game","player_choice":"AGREE","floor":5.0,"gold_loss":0.0,"damage_taken":0.0,"cards_obtained":["Doubt"]},{"damage_healed":0.0,"max_hp_gain":0.0,"max_hp_loss":44.0,"gold_gain":0.0,"event_name":"Ghosts","player_choice":"Became a Ghost","floor":19.0,"gold_loss":0.0,"damage_taken":0.0,"cards_obtained":["Ghostly","Ghostly","Ghostly","Ghostly","Ghostly"]},{"damage_healed":0.0,"max_hp_gain":0.0,"max_hp_loss":13.0,"gold_gain":0.0,"event_name":"Vampires","player_choice":"Became a vampire","floor":20.0,"gold_loss":0.0,"damage_taken":0.0,"cards_obtained":["Bite","Bite","Bite","Bite","Bite"]},{"cards_removed":["Perfected Strike"],"damage_healed":0.0,"max_hp_gain":0.0,"max_hp_loss":0.0,"gold_gain":0.0,"event_name":"Back to Basics","player_choice":"Elegance","floor":21.0,"gold_loss":0.0,"damage_taken":0.0},{"damage_healed":0.0,"max_hp_gain":0.0,"max_hp_loss":0.0,"gold_gain":0.0,"event_name":"The Library","player_choice":"Read","floor":22.0,"gold_loss":0.0,"damage_taken":0.0,"cards_obtained":["Armaments"]},{"damage_healed":0.0,"max_hp_gain":0.0,"max_hp_loss":0.0,"gold_gain":0.0,"event_name":"Cursed Tome","player_choice":"Obtained Book","floor":24.0,"gold_loss":0.0,"damage_taken":16.0},{"damage_healed":0.0,"max_hp_gain":0.0,"max_hp_loss":0.0,"gold_gain":0.0,"event_name":"The Mausoleum","player_choice":"Opened","floor":28.0,"gold_loss":0.0,"damage_taken":0.0,"relics_obtained":["Question Card"]},{"damage_healed":0,"gold_gain":0,"player_choice":"Fight","damage_taken":0,"max_hp_gain":0,"max_hp_loss":0,"event_name":"MindBloom","floor":36,"gold_loss":0},{"damage_healed":0,"gold_gain":0,"player_choice":"Fight","damage_taken":0,"max_hp_gain":0,"max_hp_loss":0,"event_name":"Mysterious Sphere","floor":37,"gold_loss":0}],"is_beta":false,"boss_relics":[{"not_picked":["SacredBark","Runic Dome"],"picked":"SlaversCollar"},{"not_picked":["Sozu","Fusion Hammer"],"picked":"Black Blood"}],"items_purged_floors":[11,31],"is_endless":false,"potions_floor_spawned":[10,14,16,29,33,35,36],"killed_by":"2 Orb Walkers","ascension_level":5}}