{"host":"jb40sdn36ct36hhv","time":1608011488,"event":{"mods":["Act Like it!","BaseMod","Better Third Choice","Minty Spire (QoL Compilation)","StSLib","The Fake Hero"],"gold_per_floor":[518,518,518,618,637,637,672,672,672,695,711,240,240,255,255,383,383,403,403,328,344,358,358,389,389,389,222,266,181,212,224,236,377,389,414,487,721,754,784,796,851,886,898,163,226,250,281,295,295,295,295,295,88,126,126],"floor_reached":56,"playtime":5704,"items_purged":["luka_mod:Edging","luka_mod:FlailWildly","Pain"],"score":1425,"play_id":"02c8ef3f-7c7c-4688-8697-84d2b074ea06","local_time":"20201214215128","is_ascension_mode":false,"campfire_choices":[{"data":"luka_mod:Salt","floor":6.0,"key":"SMITH"},{"data":"luka_mod:Erubetie","floor":8.0,"key":"SMITH"},{"data":"luka_mod:Meditation","floor":13.0,"key":"SMITH"},{"floor":15.0,"key":"RECALL"},{"data":"luka_mod:Alice","floor":23,"key":"SMITH"},{"data":"luka_mod:StrikeLukaFour","floor":25,"key":"SMITH"},{"data":"luka_mod:Salamander","floor":32,"key":"SMITH"},{"data":"luka_mod:Ilias","floor":40,"key":"SMITH"},{"data":"luka_mod:Surrender","floor":49,"key":"PURGE"},{"data":"luka_mod:AlmaElma","floor":52,"key":"SMITH"}],"circlet_count":0,"master_deck":["luka_mod:StrikeLukaOne+1","luka_mod:StrikeLukaTwo+1","luka_mod:StrikeLukaThree+1","luka_mod:StrikeLukaFour+1","luka_mod:StrikeLukaFive+1","luka_mod:StrikeLukaSix+1","luka_mod:Salt+1","luka_mod:Guard+1","luka_mod:Meditation+1","luka_mod:DemonSkullBeheading+1","luka_mod:PerfectTiming","luka_mod:Erubetie+1","luka_mod:SmallBody","luka_mod:Alice+1","Necronomicurse","luka_mod:CriticalHit","luka_mod:NotVerySharp+1","luka_mod:AngryLuka+1","luka_mod:Salamander+1","luka_mod:Ilias+1","luka_mod:Gnome+1","luka_mod:AlmaElma+1","luka_mod:RestrictedStrike","luka_mod:Granberia","luka_mod:Undine"],"relics":["luka_mod:KeepsakeRing","Golden Idol","Blue Candle","Eternal Feather","Vajra","Ornamental Fan","Runic Pyramid","Necronomicon","Juzu Bracelet","Thread and Needle","Red Mask","MawBank","Cursed Key","Ginger","StrikeDummy","Incense Burner","Mango","Peace Pipe","Shuriken","Art of War"],"acts_visited":["Exordium","TheCity","TheBeyond","TheEnding"],"potions_floor_usage":[24,39,55],"damage_taken":[{"damage":6.0,"enemies":"Cultist","floor":1.0,"turns":4.0},{"damage":19.0,"enemies":"2 Louse","floor":5.0,"turns":4.0},{"damage":34.0,"enemies":"Lagavulin","floor":7.0,"turns":8.0},{"damage":12.0,"enemies":"Jaw Worm","floor":10.0,"turns":4.0},{"damage":12.0,"enemies":"Large Slime","floor":11.0,"turns":6.0},{"damage":31.0,"enemies":"3 Louse","floor":14.0,"turns":5.0},{"damage":1.0,"enemies":"Slime Boss","floor":16.0,"turns":7.0},{"damage":10.0,"enemies":"Chosen","floor":18.0,"turns":3.0},{"damage":6,"enemies":"Shell Parasite","floor":21,"turns":4},{"damage":2,"enemies":"3 Cultists","floor":22,"turns":5},{"damage":13,"enemies":"Gremlin Leader","floor":24,"turns":4},{"damage":1,"enemies":"Masked Bandits","floor":28,"turns":4},{"damage":1,"enemies":"Snake Plant","floor":30,"turns":3},{"damage":1,"enemies":"Collector","floor":33,"turns":4},{"damage":14,"enemies":"3 Shapes","floor":35,"turns":3},{"damage":23,"enemies":"2 Orb Walkers","floor":36,"turns":4},{"damage":6,"enemies":"3 Darklings","floor":38,"turns":3},{"damage":1,"enemies":"Writhing Mass","floor":39,"turns":4},{"damage":9,"enemies":"Nemesis","floor":41,"turns":3},{"damage":0,"enemies":"Sphere and 2 Shapes","floor":42,"turns":6},{"damage":0,"enemies":"Mind Bloom Boss Battle","floor":45,"turns":5},{"damage":1,"enemies":"Maw","floor":46,"turns":4},{"damage":6,"enemies":"Giant Head","floor":47,"turns":4},{"damage":11,"enemies":"4 Shapes","floor":48,"turns":9},{"damage":16,"enemies":"Awakened One","floor":50,"turns":12},{"damage":6,"enemies":"Shield and Spear","floor":54,"turns":6},{"damage":149,"enemies":"The Heart","floor":55,"turns":9}],"seed_played":"-7786227874860756868","potions_obtained":[{"floor":1.0,"key":"SpeedPotion"},{"floor":10.0,"key":"Block Potion"},{"floor":14.0,"key":"SmokeBomb"},{"floor":21,"key":"CultistPotion"},{"floor":30,"key":"Block Potion"},{"floor":36,"key":"FairyPotion"},{"floor":39,"key":"Dexterity Potion"}],"is_trial":false,"path_per_floor":["M","?","?","?","M","R","E","R","T","M","M","$","R","M","R","B",null,"M","?","?","M","M","R","E","R","T","$","?","?","M","?","R","B",null,"M","?","?","M","M","R","E","M","T","$","?","M","E","M","R","B",null,"R","$","E","B",null],"character_chosen":"LUKA_CLASS","items_purchased":["Vajra","Ornamental Fan","luka_mod:Salamander","Incense Burner","Mango","luka_mod:Granberia","Block Potion"],"campfire_rested":0,"item_purchase_floors":[12,12,27,44,44,53,53],"current_hp_per_floor":[44,35,24,24,27,27,32,32,32,33,43,43,44,35,44,43,44,44,28,28,44,42,44,44,44,44,44,43,43,42,42,44,43,44,44,43,43,44,43,44,44,44,44,58,58,58,58,58,58,58,58,58,58,58,15],"gold":126,"neow_bonus":"TEN_PERCENT_HP_BONUS","is_daily":false,"chose_seed":false,"campfire_upgraded":8,"win_rate":0.0,"timestamp":1608011488,"path_taken":["M","?","?","?","?","R","E","R","T","M","M","$","R","M","R","BOSS","M","?","?","M","M","R","E","R","T","$","?","?","M","?","R","BOSS","M","?","?","M","M","R","E","M","T","$","?","M","E","M","R","BOSS","R","$","E","BOSS"],"items_purchased_type":["Relic","Relic","Card","Relic","Relic","Card","Potion"],"build_version":"2020-12-13","purchased_purges":3,"victory":true,"max_hp_per_floor":[44,44,44,44,44,44,44,44,44,44,44,44,44,44,44,44,44,44,44,44,44,44,44,44,44,44,44,44,44,44,44,44,44,44,44,44,44,44,44,44,44,44,44,58,58,58,58,58,58,58,58,58,58,58,58],"card_choices":[{"not_picked":["luka_mod:SereneDemonSword","luka_mod:Struggle"],"picked":"luka_mod:DemonSkullBeheading","floor":1.0},{"not_picked":["luka_mod:DemonDecapitation","luka_mod:EarthSlash"],"picked":"luka_mod:PerfectTiming","floor":5.0},{"not_picked":["luka_mod:AngryLuka","luka_mod:DemonDecapitation"],"picked":"luka_mod:Erubetie","floor":7.0},{"not_picked":["luka_mod:StressRelief","luka_mod:Overexert","luka_mod:StrikeLuka"],"picked":"SKIP","floor":10.0},{"not_picked":["luka_mod:Struggle","luka_mod:EarthRumblingDecapitation","luka_mod:Feel"],"picked":"SKIP","floor":11.0},{"not_picked":["luka_mod:PeacePreach","luka_mod:SealingStrike"],"picked":"luka_mod:SmallBody","floor":14.0},{"not_picked":["luka_mod:Sensitive","luka_mod:SuperAttack"],"picked":"luka_mod:Alice","floor":16.0},{"not_picked":["luka_mod:EarthSlash","luka_mod:StressRelief+1","luka_mod:FlashKill"],"picked":"SKIP","floor":18.0},{"not_picked":["luka_mod:Struggle","luka_mod:FlashKill"],"picked":"luka_mod:CriticalHit","floor":21},{"not_picked":["luka_mod:WaterSlash","luka_mod:BladeOfSolidEarth"],"picked":"luka_mod:NotVerySharp+1","floor":22},{"not_picked":["luka_mod:EndlessGuard","luka_mod:Optimistic+1"],"picked":"luka_mod:AngryLuka+1","floor":24},{"not_picked":["luka_mod:HeroicStrike","luka_mod:WaterSlash","luka_mod:RestrictedStrike+1"],"picked":"SKIP","floor":30},{"not_picked":["luka_mod:NoDebuffs","luka_mod:SpoilerForm"],"picked":"luka_mod:Ilias","floor":33},{"not_picked":["luka_mod:BladeOfRagingFire+1","luka_mod:WindSlash","luka_mod:Feel+1"],"picked":"SKIP","floor":35},{"not_picked":["luka_mod:TouchFluffyTail","luka_mod:IliasesJudgement+1"],"picked":"luka_mod:Gnome+1","floor":38},{"not_picked":["luka_mod:Struggle","luka_mod:DemonSkullBeheading","luka_mod:GuardTraining+1"],"picked":"SKIP","floor":39},{"not_picked":["luka_mod:FlashKill+1","luka_mod:Undine"],"picked":"luka_mod:AlmaElma","floor":41},{"not_picked":["luka_mod:PeacePreach+1","luka_mod:FlashKill+1","luka_mod:Struggle+1"],"picked":"SKIP","floor":42},{"not_picked":["luka_mod:WindSlash","luka_mod:Overexert+1"],"picked":"luka_mod:RestrictedStrike","floor":46},{"not_picked":["luka_mod:Ora","luka_mod:Cutscene","luka_mod:Intense+1"],"picked":"SKIP","floor":47},{"not_picked":["luka_mod:IliasesJudgement","luka_mod:ThunderThrust","luka_mod:SmallBody"],"picked":"SKIP","floor":48},{"not_picked":["luka_mod:Request","luka_mod:BladeOfSolidEarth"],"picked":"luka_mod:Undine","floor":54}],"player_experience":937956,"relics_obtained":[{"floor":7.0,"key":"Blue Candle"},{"floor":9.0,"key":"Eternal Feather"},{"floor":19.0,"key":"Necronomicon"},{"floor":24,"key":"Juzu Bracelet"},{"floor":26,"key":"Thread and Needle"},{"floor":28,"key":"Red Mask"},{"floor":36,"key":"Ginger"},{"floor":41,"key":"StrikeDummy"},{"floor":45,"key":"Peace Pipe"},{"floor":47,"key":"Shuriken"},{"floor":54,"key":"Art of War"}],"event_choices":[{"damage_healed":44.0,"max_hp_gain":0.0,"max_hp_loss":44.0,"gold_gain":0.0,"event_name":"betterThird:BetterShining","player_choice":"Upgrade","floor":2.0,"gold_loss":0.0,"damage_taken":9.0,"cards_upgraded":["luka_mod:StrikeLukaSix","luka_mod:DemonSkullBeheading"]},{"damage_healed":0.0,"max_hp_gain":0.0,"max_hp_loss":0.0,"gold_gain":0.0,"event_name":"Golden Idol","player_choice":"Take Damage","floor":3.0,"gold_loss":0.0,"damage_taken":11.0,"relics_obtained":["Golden Idol"]},{"damage_healed":0.0,"max_hp_gain":0.0,"max_hp_loss":0.0,"gold_gain":100.0,"event_name":"Golden Shrine","player_choice":"Pray","floor":4.0,"gold_loss":0.0,"damage_taken":0.0},{"damage_healed":0.0,"max_hp_gain":0.0,"max_hp_loss":0.0,"gold_gain":0.0,"event_name":"Cursed Tome","player_choice":"Obtained Book","floor":19.0,"gold_loss":0.0,"damage_taken":16.0},{"cards_removed":["luka_mod:Wait"],"damage_healed":0.0,"max_hp_gain":0.0,"max_hp_loss":0.0,"gold_gain":0.0,"event_name":"Beggar","player_choice":"Gave Gold","floor":20.0,"gold_loss":75.0,"damage_taken":0.0},{"damage_healed":0,"gold_gain":0,"player_choice":"Fought Bandits","damage_taken":0,"max_hp_gain":0,"max_hp_loss":0,"event_name":"Masked Bandits","floor":28,"gold_loss":0},{"damage_healed":0,"gold_gain":0,"player_choice":"Obtained Relic","damage_taken":0,"relics_obtained":["MawBank"],"max_hp_gain":0,"max_hp_loss":0,"event_name":"Addict","floor":29,"gold_loss":85},{"damage_healed":0,"gold_gain":0,"player_choice":"Simplicity","damage_taken":0,"max_hp_gain":0,"max_hp_loss":5,"event_name":"betterThird:BetterWriting","floor":31,"gold_loss":0},{"damage_healed":0,"gold_gain":0,"player_choice":"Fight","damage_taken":0,"max_hp_gain":0,"max_hp_loss":0,"event_name":"Mysterious Sphere","floor":36,"gold_loss":0},{"damage_healed":0,"gold_gain":222,"player_choice":"Wore Mask","damage_taken":0,"max_hp_gain":0,"max_hp_loss":0,"event_name":"Tomb of Lord Red Mask","floor":37,"gold_loss":0},{"damage_healed":0,"gold_gain":0,"player_choice":"Fight","damage_taken":0,"max_hp_gain":0,"max_hp_loss":0,"event_name":"MindBloom","floor":45,"gold_loss":0}],"is_beta":false,"boss_relics":[{"not_picked":["Busted Crown","Pandora\u0027s Box"],"picked":"Runic Pyramid"},{"not_picked":["Sozu","Tiny House"],"picked":"Cursed Key"}],"items_purged_floors":[12,27,44],"is_endless":false,"potions_floor_spawned":[1,10,14,21,22,30,33,36,39,41,46],"ascension_level":0}}