{"host":"7ttbe3gzet1mthv0","time":1608072141,"event":{"mods":["AchievementEnabler","BaseMod","CapriCore","Colored Map","Colored Powertips","Downfall","Hermit","Highlight Path","Jorbs\u0027s Wanderer Trilogy","Marisa????????","Minty Spire (QoL Compilation)","Rare Cards Sparkle","Relic Stats","StSLib","The Alterego","The Bug Knight","The Hierophant"],"gold_per_floor":[111,57,57,75,35,65,65,140,140,140,150,169,185,219,219,324,324,341,355,355,53,69,69,103,103,103,103,103],"floor_reached":27,"playtime":1576,"items_purged":[],"score":241,"play_id":"328ed2df-ad85-4a71-a05f-cfdf9283b8be","local_time":"20201215234221","is_ascension_mode":false,"campfire_choices":[{"data":"Judgement","floor":7,"key":"SMITH"},{"floor":10,"key":"REST"},{"floor":15,"key":"REST"},{"data":"Collect","floor":23,"key":"SMITH"}],"circlet_count":0,"master_deck":["Strike_P","Defend_P","Defend_P","Defend_P","Eruption","Vigilance","FlurryOfBlows","EmptyFist","CutThroughFate","Judgement+1","Crescendo","Evaluate","Collect+1","Scrawl","ConjureBlade","Perseverance+1","ThirdEye+1","FollowUp+1","Swivel","Halt","LikeWater","ReachHeaven","ClearTheMind","TalkToTheHand+1"],"relics":["PureWater","Juzu Bracelet","Nunchaku","Peace Pipe","Astrolabe","Vajra","Strawberry"],"acts_visited":["Exordium","TheCity"],"potions_floor_usage":[16,24,24],"damage_taken":[{"damage":5,"enemies":"Small Slimes","floor":1,"turns":4},{"damage":0,"enemies":"Cultist","floor":4,"turns":2},{"damage":23,"enemies":"Lagavulin","floor":6,"turns":4},{"damage":0,"enemies":"2 Louse","floor":11,"turns":2},{"damage":0,"enemies":"Exordium Thugs","floor":12,"turns":2},{"damage":0,"enemies":"Blue Slaver","floor":13,"turns":3},{"damage":17,"enemies":"3 Sentries","floor":14,"turns":7},{"damage":36,"enemies":"Hexaghost","floor":16,"turns":10},{"damage":5,"enemies":"3 Byrds","floor":18,"turns":4},{"damage":3,"enemies":"Chosen","floor":19,"turns":3},{"damage":17,"enemies":"Snake Plant","floor":22,"turns":3},{"damage":23,"enemies":"Slavers","floor":24,"turns":4},{"damage":40,"enemies":"Book of Stabbing","floor":27,"turns":3}],"seed_played":"-5720114927686612951","potions_obtained":[{"floor":5,"key":"Dexterity Potion"},{"floor":5,"key":"Energy Potion"},{"floor":5,"key":"StancePotion"},{"floor":14,"key":"BottledMiracle"},{"floor":16,"key":"GamblersBrew"},{"floor":19,"key":"FearPotion"}],"is_trial":false,"path_per_floor":["M","$","?","M","?","E","R","?","T","R","M","M","M","E","R","B",null,"M","M","?","$","M","R","E","?","T","E"],"character_chosen":"WATCHER","items_purchased":["EmptyFist","LikeWater","ReachHeaven","Vajra"],"campfire_rested":2,"item_purchase_floors":[2,21,21,21],"current_hp_per_floor":[74,74,67,67,67,44,44,33,33,56,56,56,56,39,62,26,79,74,71,71,71,54,54,38,38,38,0,0],"gold":103,"neow_bonus":"TEN_PERCENT_HP_BONUS","is_daily":false,"chose_seed":false,"campfire_upgraded":2,"win_rate":0.0,"timestamp":1608072141,"path_taken":["M","$","?","M","?","E","R","?","T","R","M","M","M","E","R","BOSS","M","M","?","?","M","R","E","?","T","E"],"items_purchased_type":["Card","Card","Card","Relic"],"build_version":"2020-12-13","purchased_purges":0,"victory":false,"max_hp_per_floor":[79,79,79,79,79,79,79,79,79,79,79,79,79,79,79,79,79,79,79,79,79,79,79,86,86,86,86,86],"relic_stats":{"Peace Pipe":0,"Nunchaku":[8],"counters":[13,51],"Astrolabe":["Perseverance","ThirdEye","FollowUp"],"Juzu Bracelet":1,"obtain_stats":[{"Peace Pipe":14,"Nunchaku":9,"Astrolabe":17,"Strawberry":24,"Vajra":21,"Juzu Bracelet":6,"PureWater":0},{"Peace Pipe":7,"Nunchaku":3,"Astrolabe":8,"Strawberry":12,"Vajra":10,"Juzu Bracelet":3,"PureWater":0},{"Peace Pipe":24,"Nunchaku":10,"Astrolabe":34,"Strawberry":48,"Vajra":41,"Juzu Bracelet":10,"PureWater":0}]},"card_choices":[{"not_picked":["Protect","FlyingSleeves"],"picked":"FlurryOfBlows","floor":1},{"not_picked":["WaveOfTheHand","BowlingBash"],"picked":"CutThroughFate","floor":4},{"not_picked":["FlurryOfBlows","Fasting2"],"picked":"Judgement","floor":6},{"not_picked":["EmptyFist","ThirdEye"],"picked":"Crescendo","floor":11},{"not_picked":["EmptyBody","FlyingSleeves"],"picked":"Evaluate","floor":12},{"not_picked":["ThirdEye","EmptyFist"],"picked":"Collect","floor":13},{"not_picked":["FollowUp","FearNoEvil"],"picked":"Scrawl","floor":14},{"not_picked":["Ragnarok","Vault"],"picked":"ConjureBlade","floor":16},{"not_picked":["CrushJoints","Evaluate"],"picked":"Swivel","floor":18},{"not_picked":["FlyingSleeves","Consecrate+1"],"picked":"Halt","floor":19},{"not_picked":["Halt","SignatureMove"],"picked":"ClearTheMind","floor":22},{"not_picked":["ReachHeaven","ClearTheMind"],"picked":"TalkToTheHand+1","floor":24}],"player_experience":27117,"relics_obtained":[{"floor":6,"key":"Juzu Bracelet"},{"floor":9,"key":"Nunchaku"},{"floor":14,"key":"Peace Pipe"},{"floor":24,"key":"Strawberry"}],"event_choices":[{"cards_removed":["Strike_P"],"damage_healed":0,"gold_gain":0,"player_choice":"Card Removal","damage_taken":7,"max_hp_gain":0,"max_hp_loss":0,"event_name":"Golden Wing","floor":3,"gold_loss":0},{"damage_healed":0,"gold_gain":0,"player_choice":"Bought 3 Potions","damage_taken":0,"max_hp_gain":0,"max_hp_loss":0,"event_name":"The Woman in Blue","floor":5,"gold_loss":0},{"damage_healed":0,"gold_gain":75,"player_choice":"Gather Gold","damage_taken":11,"max_hp_gain":0,"max_hp_loss":0,"event_name":"World of Goop","floor":8,"gold_loss":0},{"damage_healed":0,"gold_gain":0,"player_choice":"Ignored","damage_taken":0,"max_hp_gain":0,"max_hp_loss":0,"event_name":"NoteForYourself","floor":20,"gold_loss":0},{"damage_healed":0,"gold_gain":0,"player_choice":"Ignored","damage_taken":0,"max_hp_gain":0,"max_hp_loss":0,"event_name":"Vampires","floor":25,"gold_loss":0}],"is_beta":false,"boss_relics":[{"not_picked":["Runic Pyramid","Philosopher\u0027s Stone"],"picked":"Astrolabe"}],"items_purged_floors":[],"is_endless":false,"potions_floor_spawned":[11,12,13,14,16,19],"killed_by":"Book of Stabbing","ascension_level":0}}