{"host":"8fjsnt81u6xsmhji","time":1608026963,"event":{"mods":["BaseMod","Colored Powertips","Downfall","Glutton Mod","Minty Spire (QoL Compilation)","Quick Restart","Somnambulant","StSLib","The Bug Knight","The Construct","The Forsaken","The Hierophant","The Mystic"],"gold_per_floor":[0,15,40,340,340,265,265,295,309,234,0,16,34,34,54,155,155,155,175,190,202,202,228,255,255,298,298,307,335,335,353,372,476,476,476,497,535,562,593,593,593,593,593,518,546,559,569,5,23,23],"floor_reached":51,"playtime":4084,"items_purged":["Slimebound:Icky","Decay"],"score":817,"play_id":"028eacf2-b6c7-4576-bafe-10b02542b66f","local_time":"20201215040923","is_ascension_mode":true,"campfire_choices":[{"floor":1.0,"key":"RECALL"},{"floor":6.0,"key":"REST"},{"floor":10.0,"key":"REST"},{"data":"champ:Taunt","floor":18.0,"key":"SMITH"},{"data":"champ:CalledShot","floor":22.0,"key":"SMITH"},{"floor":27.0,"key":"REST"},{"data":"champ:Devastate","floor":35.0,"key":"SMITH"},{"floor":40.0,"key":"REST"},{"floor":44,"key":"REST"}],"circlet_count":0,"master_deck":["champ:Strike+1","champ:Strike","champ:Strike+1","champ:Defend","champ:Defend","champ:Defend","champ:Execute","champ:Taunt+1","champ:RisingSlash","champ:GladiatorStyle","Slimebound:Icky","champ:CalledShot+1","champ:GladiatorsShout","champ:RisingSlash","champ:Circumvent+1","champ:VampiricStrike","champ:PerfectedStrike","champ:PreciseThrust","champ:SteelEdge","Writhe","champ:PreciseThrust","champ:FocusedGladiator","champ:CrookedStrike","champ:Devastate+1","champ:ViciousMockery+1","champ:CalledShot+1","expansioncontent:PolyBeam","expansioncontent:DonusPower","expansioncontent:TimeRipple","champ:Haymaker+1","champ:PerfectedStrike"],"relics":["champ:ChampionCrown","Centennial Puzzle","downfall:HeartBlessingRed","construct:BoolHorns","Kunai","downfall:HeartBlessingGreen","SlaversCollar","Lantern","Tiny Chest","Mango","CeramicFish","Frozen Egg 2","Black Star","Darkstone Periapt","Gremlin Horn","champ:FightingForDummies","Happy Flower","Blood Vial","downfall:HeartBlessingBlue","Chemical X","Ornamental Fan"],"acts_visited":["Exordium","TheCity","TheBeyond"],"potions_floor_usage":[50,50],"damage_taken":[{"damage":13.0,"enemies":"Jaw Worm","floor":2.0,"turns":4.0},{"damage":31.0,"enemies":"Gremlin Nob","floor":3.0,"turns":4.0},{"damage":37.0,"enemies":"3 Sentries","floor":8.0,"turns":10.0},{"damage":1.0,"enemies":"2 Louse","floor":9.0,"turns":2.0},{"damage":10.0,"enemies":"downfall:FleeingMerchant","floor":11.0,"turns":4.0},{"damage":0.0,"enemies":"Cultist","floor":12.0,"turns":3.0},{"damage":6.0,"enemies":"Large Slime","floor":13.0,"turns":4.0},{"damage":21.0,"enemies":"3 Louse","floor":15.0,"turns":4.0},{"damage":59.0,"enemies":"downfall:Ironclad","floor":16.0,"turns":8.0},{"damage":21.0,"enemies":"Chosen","floor":19.0,"turns":4.0},{"damage":11.0,"enemies":"Spheric Guardian","floor":20.0,"turns":3.0},{"damage":15.0,"enemies":"Snake Plant","floor":21.0,"turns":3.0},{"damage":34.0,"enemies":"Book of Stabbing","floor":23.0,"turns":6.0},{"damage":35.0,"enemies":"HollowMod:Nosk","floor":26.0,"turns":5.0},{"damage":40.0,"enemies":"Shelled Parasite and Fungi","floor":29.0,"turns":5.0},{"damage":5.0,"enemies":"Snecko","floor":31.0,"turns":5.0},{"damage":18.0,"enemies":"Centurion and Healer","floor":32.0,"turns":7.0},{"damage":36.0,"enemies":"downfall:Defect","floor":33.0,"turns":8.0},{"damage":7.0,"enemies":"3 Shapes","floor":36.0,"turns":9.0},{"damage":36.0,"enemies":"Nemesis","floor":37.0,"turns":7.0},{"damage":107.0,"enemies":"Giant Head","floor":39.0,"turns":11.0},{"damage":14,"enemies":"3 Darklings","floor":45,"turns":5},{"damage":24,"enemies":"Writhing Mass","floor":46,"turns":5},{"damage":14,"enemies":"Sphere and 2 Shapes","floor":47,"turns":4},{"damage":9,"enemies":"downfall:FleeingMerchant","floor":48,"turns":4},{"damage":18,"enemies":"3 Darklings","floor":49,"turns":4},{"damage":66,"enemies":"downfall:Silent","floor":50,"turns":11}],"seed_played":"-4708863355921738568","potions_obtained":[{"floor":3.0,"key":"Regen Potion"},{"floor":9.0,"key":"hexamod:EctoCoolerPotion"},{"floor":12.0,"key":"SpeedPotion"},{"floor":13.0,"key":"FearPotion"},{"floor":21.0,"key":"Energy Potion"},{"floor":23.0,"key":"SteroidPotion"},{"floor":31.0,"key":"sneckomod:MuddlingPotion"},{"floor":32.0,"key":"LiquidBronze"},{"floor":33.0,"key":"PowerPotion"},{"floor":46,"key":"Fire Potion"}],"is_trial":false,"path_per_floor":["R","M","E","?","?","R","T","E","M","R","$","M","M","?","M","B",null,"R","M","M","M","R","E","T","?","E","R","?","M","T","M","M","B",null,"R","M","E","?","E","R","T","T","?","R","M","M","M","$","M","B",null],"character_chosen":"THE_CHAMP","items_purchased":["Fruit Juice","champ:GladiatorsShout","Chemical X","champ:PerfectedStrike","Ornamental Fan"],"campfire_rested":5,"item_purchase_floors":[11,11,48,48,48],"current_hp_per_floor":[90,87,61,61,54,81,81,49,48,75,75,80,74,74,63,29,95,95,89,95,80,80,58,58,72,53,85,85,57,57,75,75,57,109,109,109,96,86,11,43,43,43,43,88,94,81,69,87,85,39],"gold":23,"neow_bonus":"REMOVE_TWO","is_daily":false,"chose_seed":false,"campfire_upgraded":3,"win_rate":0.0,"timestamp":1608026963,"path_taken":["R","M","E","?","?","R","T","E","M","R","?","?","M","?","M","BOSS","R","M","M","M","R","E","T","?","E","R","?","?","?","?","M","BOSS","R","?","E","?","E","R","T","?","?","R","?","M","M","$","M","BOSS"],"items_purchased_type":["Potion","Card","Relic","Card","Relic"],"build_version":"2020-12-13","purchased_purges":2,"victory":true,"max_hp_per_floor":[90,90,90,90,90,90,90,90,90,90,90,95,95,95,95,95,95,95,95,95,95,95,95,95,109,109,109,109,109,109,109,109,109,109,109,109,109,109,109,109,109,109,109,119,119,119,119,119,119,119],"card_choices":[{"not_picked":["champ:FanOfKnives","champ:Lariat"],"picked":"champ:RisingSlash","floor":2.0},{"not_picked":["champ:DefensiveStyle","champ:StanceDance"],"picked":"champ:GladiatorStyle","floor":3.0},{"not_picked":["champ:BerserkersShout","champ:IronFortress","champ:Encircle"],"picked":"SKIP","floor":8.0},{"not_picked":["champ:EnGarde","champ:Control","champ:BerserkersShout"],"picked":"SKIP","floor":9.0},{"not_picked":["champ:BladeFlurry","champ:SteelEdge"],"picked":"champ:CalledShot","floor":11.0},{"not_picked":["champ:StanceDance","champ:GladiatorsShout"],"picked":"champ:RisingSlash","floor":12.0},{"not_picked":["champ:FanOfKnives","champ:Control"],"picked":"champ:Circumvent","floor":13.0},{"not_picked":["champ:DefensiveShout","champ:Backstep","champ:StanceDance"],"picked":"SKIP","floor":15.0},{"not_picked":["champ:HoldFirm","champ:CrownThrow"],"picked":"champ:VampiricStrike","floor":16.0},{"not_picked":["champ:Shatter","champ:FlashCut","champ:Encircle"],"picked":"SKIP","floor":19.0},{"not_picked":["champ:BerserkersShout","champ:TornadoPunch+1"],"picked":"champ:PerfectedStrike","floor":20.0},{"not_picked":["champ:FlashCut+1","champ:GutPunch"],"picked":"champ:PreciseThrust","floor":21.0},{"not_picked":["champ:BerserkersShout","champ:EndlessRage"],"picked":"champ:SteelEdge","floor":23.0},{"not_picked":["champ:BringItOn","champ:FanOfKnives+1"],"picked":"champ:PreciseThrust","floor":26.0},{"not_picked":["champ:FlashCut","champ:BerserkersShout"],"picked":"champ:FocusedGladiator","floor":29.0},{"not_picked":["champ:StanceDance","champ:Lariat","champ:DefensiveShout"],"picked":"SKIP","floor":31.0},{"not_picked":["champ:Shatter","champ:FightOn"],"picked":"champ:CrookedStrike","floor":32.0},{"not_picked":["champ:SteelEdge","champ:ShieldThrow"],"picked":"champ:Devastate","floor":33.0},{"not_picked":["champ:Riposte","champ:RisingSlash+1"],"picked":"champ:ViciousMockery+1","floor":36.0},{"not_picked":["champ:FanOfKnives","champ:GladiatorsShout+1"],"picked":"champ:CalledShot+1","floor":37.0},{"not_picked":["expansioncontent:DonusPower","expansioncontent:DarkVoid"],"picked":"expansioncontent:PolyBeam","floor":38.0},{"not_picked":["expansioncontent:GoopSpray","expansioncontent:SuperHexaguard"],"picked":"expansioncontent:DonusPower","floor":38.0},{"not_picked":["expansioncontent:Torchfire","expansioncontent:Sear"],"picked":"expansioncontent:TimeRipple","floor":38.0},{"not_picked":["champ:FlashCut","champ:DefensiveShout+1","champ:IronFortress+1"],"picked":"SKIP","floor":39.0},{"not_picked":["champ:FlashCut+1","champ:DefensiveShout+1"],"picked":"champ:Haymaker+1","floor":45},{"not_picked":["champ:Duel+1","champ:StanceDance","champ:Encircle"],"picked":"SKIP","floor":46},{"not_picked":["champ:Backstep","champ:DefensiveShout","champ:BerserkersShout+1"],"picked":"SKIP","floor":47},{"not_picked":["champ:FanOfKnives","champ:FlashCut","champ:Backstep+1"],"picked":"SKIP","floor":48},{"not_picked":["champ:Backstep+1","champ:Encircle","champ:GladiatorsShout+1"],"picked":"SKIP","floor":49}],"player_experience":554659,"relics_obtained":[{"floor":3.0,"key":"Centennial Puzzle"},{"floor":7.0,"key":"construct:BoolHorns"},{"floor":8.0,"key":"Kunai"},{"floor":23.0,"key":"Lantern"},{"floor":24.0,"key":"Tiny Chest"},{"floor":26.0,"key":"CeramicFish"},{"floor":30.0,"key":"Frozen Egg 2"},{"floor":37.0,"key":"Darkstone Periapt"},{"floor":37.0,"key":"Gremlin Horn"},{"floor":39.0,"key":"champ:FightingForDummies"},{"floor":39.0,"key":"Happy Flower"},{"floor":42.0,"key":"Blood Vial"}],"event_choices":[{"damage_healed":0.0,"max_hp_gain":0.0,"max_hp_loss":0.0,"gold_gain":0.0,"event_name":"Scrap Ooze","player_choice":"Fled","floor":5.0,"gold_loss":0.0,"damage_taken":7.0},{"damage_healed":0.0,"max_hp_gain":0.0,"max_hp_loss":0.0,"gold_gain":0.0,"cards_transformed":["Regret"],"event_name":"Transmorgrifier","player_choice":"Transformed","floor":28.0,"gold_loss":0.0,"damage_taken":0.0,"cards_obtained":["Decay"]},{"damage_healed":0,"gold_gain":0,"player_choice":"Ignored","damage_taken":0,"max_hp_gain":0,"max_hp_loss":0,"event_name":"Transmorgrifier","floor":43,"gold_loss":0}],"is_beta":false,"boss_relics":[{"not_picked":["Snecko Eye","construct:ClawGrip"],"picked":"SlaversCollar"},{"not_picked":["Busted Crown","Tiny House"],"picked":"Black Star"}],"items_purged_floors":[11,48],"is_endless":false,"potions_floor_spawned":[3,9,12,13,21,23,31,32,33,36,37,46],"ascension_level":1}}