{"host":"pkysykycfg9bua8p","time":1608032975,"event":{"mods":["AchievementEnabler","BaseMod","Better Third Choice","Filter the Spire","Minty Spire (QoL Compilation)","StSLib"],"gold_per_floor":[365,382,557,174,188,188,17,31,31,31,43,43],"floor_reached":11,"playtime":617,"items_purged":["Doubt","Neutralize"],"score":63,"play_id":"2693321e-4f8d-4d73-b10f-7dada8409212","local_time":"20201216004935","is_ascension_mode":false,"campfire_choices":[{"data":"Flechettes","floor":6,"key":"SMITH"}],"circlet_count":0,"master_deck":["Strike_G","Strike_G","Strike_G","Strike_G","Strike_G","Defend_G","Defend_G","Defend_G","Defend_G","Defend_G","Survivor","Deflect","Flechettes+1","Tactician"],"relics":["Ring of the Snake","StoneCalendar","MawBank"],"acts_visited":["Exordium"],"potions_floor_usage":[11],"damage_taken":[{"damage":0,"enemies":"Small Slimes","floor":1,"turns":6},{"damage":4,"enemies":"2 Louse","floor":2,"turns":3},{"damage":0,"enemies":"Cultist","floor":5,"turns":3},{"damage":0,"enemies":"Red Slaver","floor":8,"turns":3},{"damage":39,"enemies":"Gremlin Nob","floor":11,"turns":5}],"seed_played":"4223562923260937614","potions_obtained":[{"floor":2,"key":"Dexterity Potion"},{"floor":5,"key":"Ancient Potion"}],"is_trial":false,"path_per_floor":["M","M","?","$","M","R","$","M","T","?","E"],"character_chosen":"THE_SILENT","items_purchased":["StoneCalendar","Tactician"],"campfire_rested":0,"item_purchase_floors":[4,7],"current_hp_per_floor":[63,59,59,59,59,59,59,59,59,34,0,0],"gold":43,"neow_bonus":"TWO_FIFTY_GOLD","is_daily":false,"chose_seed":false,"campfire_upgraded":1,"win_rate":0.0,"timestamp":1608032975,"path_taken":["M","M","?","$","M","R","$","M","T","?","E"],"items_purchased_type":["Relic","Card"],"build_version":"2020-12-13","purchased_purges":2,"victory":false,"max_hp_per_floor":[63,63,63,63,63,63,63,63,63,63,63,63],"card_choices":[{"not_picked":["Backflip","Expertise"],"picked":"Deflect","floor":1},{"not_picked":["Terror","Dodge and Roll"],"picked":"Flechettes","floor":2},{"not_picked":["Endless Agony","Bane","Eviscerate"],"picked":"SKIP","floor":5},{"not_picked":["Outmaneuver","Riddle With Holes","Endless Agony"],"picked":"SKIP","floor":8}],"player_experience":45105,"relics_obtained":[],"event_choices":[{"damage_healed":0,"gold_gain":175,"player_choice":"AGREE","damage_taken":382,"max_hp_gain":0,"max_hp_loss":0,"event_name":"betterThird:BetterSerpent","floor":3,"gold_loss":0},{"damage_healed":0,"gold_gain":0,"player_choice":"Relic ","damage_taken":25,"max_hp_gain":0,"max_hp_loss":0,"event_name":"betterThird:BetterScrap","floor":10,"gold_loss":0,"cards_obtained":["Electrodynamics"]}],"is_beta":false,"boss_relics":[],"items_purged_floors":[4,7],"is_endless":false,"potions_floor_spawned":[2,5],"killed_by":"Gremlin Nob","ascension_level":0}}