{"host":"wfuprrvhjp4xs686","time":1608028777,"event":{"mods":["BaseMod","Better Match","Better Skull","Better Third Choice","Minty Spire (QoL Compilation)","Quick Restart","Replay The Spire","Spicy Shops","StSLib","Uncapped","Unceasing Turn Reminder"],"gold_per_floor":[110,110,106,121,139,139,165,165,165,65,96,107,133,183,183,261,261,273,288,0,0],"floor_reached":20,"playtime":1969,"items_purged":["Delirium","Metallicize"],"score":484,"play_id":"fb0bcb6e-e140-4cf7-b9bb-03381cf7de80","local_time":"20201215053937","daily_mods":["SealedDeck","DeadlyEvents","Elite Swarm","Uncertain Future"],"is_ascension_mode":true,"campfire_choices":[{"data":"Body Slam","floor":6,"key":"SMITH"},{"data":"Evolve","floor":8,"key":"SMITH"},{"data":"Fire Breathing","floor":15,"key":"SMITH"}],"circlet_count":0,"master_deck":["AscendersBane","Thunderclap","Body Slam+1","Ghostly Armor","ReplayTheSpireMod:Stacked","Shrug It Off","ReplayTheSpireMod:Stacked","Shrug It Off","Reckless Charge","Fire Breathing+1","Evolve+1","Dropkick"],"relics":["Burning Blood","ReplayTheSpireMod:CursedCoin","Onion Ring","Toxic Egg 2","Tiny Chest","Regal Pillow","Sozu"],"acts_visited":["Exordium","TheCity"],"potions_floor_usage":[7,16,16],"damage_taken":[{"damage":0,"enemies":"Small Slimes","floor":1,"turns":4},{"damage":3,"enemies":"Cultist","floor":4,"turns":4},{"damage":1,"enemies":"Jaw Worm","floor":5,"turns":3},{"damage":12,"enemies":"Lagavulin","floor":7,"turns":5},{"damage":0,"enemies":"3 Sentries","floor":11,"turns":3},{"damage":0,"enemies":"Looter","floor":12,"turns":2},{"damage":0,"enemies":"Replay:BlueRogue","floor":13,"turns":4},{"damage":15,"enemies":"Fading Forest","floor":16,"turns":13},{"damage":0,"enemies":"Spheric Guardian","floor":18,"turns":4},{"damage":0,"enemies":"3 Byrds","floor":19,"turns":3},{"damage":0,"enemies":"3 Byrds","floor":20,"turns":1}],"seed_played":"-422844897652763669","potions_obtained":[{"floor":2,"key":"SkillPotion"},{"floor":2,"key":"BloodPotion"},{"floor":7,"key":"Venom Potion"},{"floor":12,"key":"Swift Potion"},{"floor":16,"key":"Venom Potion"}],"is_trial":true,"path_per_floor":["M","?","$","M","M","R","E","R","T","$","E","M","E","?","R","B",null,"M","M","?"],"character_chosen":"IRONCLAD","items_purchased":["Evolve","ReplayTheSpireMod:CursedCoin"],"campfire_rested":0,"item_purchase_floors":[3,3],"current_hp_per_floor":[74,74,74,75,75,75,69,69,69,69,75,75,75,75,75,73,75,75,75,75,75],"gold":0,"neow_bonus":"","is_daily":false,"chose_seed":false,"campfire_upgraded":3,"win_rate":0.0,"timestamp":1608028777,"path_taken":["M","?","?","M","M","R","E","R","T","$","E","M","E","?","R","BOSS","M","M","?"],"items_purchased_type":["Card","Relic"],"build_version":"2020-12-13","purchased_purges":2,"victory":false,"max_hp_per_floor":[75,75,75,75,75,75,75,75,75,75,75,75,75,75,75,75,75,75,75,75,75],"card_choices":[{"not_picked":["Run Through","Body Slam","Replay:Undeath\u0027s Touch"],"picked":"SKIP","floor":1},{"not_picked":["Carnage","Heavy Blade","Burning Pact"],"picked":"SKIP","floor":4},{"not_picked":["Perfected Strike","Wild Strike","Searing Blow"],"picked":"SKIP","floor":5},{"not_picked":["Demon Form","Impervious","Replay:Many Hands"],"picked":"SKIP","floor":7},{"not_picked":["Feed","Barricade","Demonic Infusion+1"],"picked":"SKIP","floor":11},{"not_picked":["ReplayTheSpireMod:Muscle Training+1","Sword Boomerang","Body Slam"],"picked":"SKIP","floor":12},{"not_picked":["Juggernaut","Immolate","Corruption"],"picked":"SKIP","floor":13},{"not_picked":["Replay:Undeath\u0027s Touch","Burning Pact+1"],"picked":"Dropkick","floor":18},{"not_picked":["Perfected Strike","Flex+1","Anger"],"picked":"SKIP","floor":19}],"player_experience":2301372,"relics_obtained":[{"floor":7,"key":"Onion Ring"},{"floor":9,"key":"Toxic Egg 2"},{"floor":11,"key":"Tiny Chest"},{"floor":13,"key":"Regal Pillow"}],"event_choices":[{"damage_healed":0,"gold_gain":0,"player_choice":"Got Potions","damage_taken":0,"max_hp_gain":0,"max_hp_loss":0,"event_name":"Lab","floor":2,"gold_loss":0},{"damage_healed":0,"gold_gain":50,"player_choice":"Pray","damage_taken":0,"max_hp_gain":0,"max_hp_loss":0,"event_name":"Golden Shrine","floor":14,"gold_loss":0},{"damage_healed":0,"gold_gain":0,"player_choice":"Paid Fearfully","damage_taken":0,"max_hp_gain":0,"max_hp_loss":0,"event_name":"Masked Bandits","floor":20,"gold_loss":288}],"is_beta":false,"boss_relics":[{"not_picked":["Electric Blood","Fusion Hammer"],"picked":"Sozu"}],"items_purged_floors":[3,10],"is_endless":true,"potions_floor_spawned":[7,11,12,16,19],"killed_by":"3 Byrds","ascension_level":20}}