{"host":"aplcfi4424y88z9j","time":1608047990,"event":{"mods":["BaseMod","Better Third Choice","Colored Map","Downfall","Highlight Path","Minty Spire (QoL Compilation)","Replay The Spire","StSLib"],"gold_per_floor":[99,117,132,161,178,211,234,32,52,52,52,121,121,215,228,228,228],"floor_reached":16,"playtime":1925,"items_purged":[],"score":114,"play_id":"cc55e356-ac68-4e73-84e1-4c7ec75621ea","local_time":"20201215155950","is_ascension_mode":false,"campfire_choices":[{"data":"champ:Taunt","floor":1,"key":"SMITH"},{"data":"HandOfGreed","floor":10,"key":"SMITH"}],"circlet_count":0,"master_deck":["champ:Strike","champ:Strike","champ:Strike","champ:Strike","champ:Defend","champ:Defend","champ:Defend","champ:Defend","champ:Execute","champ:Taunt+1","champ:SwordThrow","champ:StanceDance+1","champ:ViciousMockery","HandOfGreed+1","champ:GladiatorStyle","champ:DancingMaster","champ:VampiricStrike"],"relics":["champ:ChampionCrown","Guardian:PocketSentry","Replay:Bottled Steam","MealTicket"],"acts_visited":["Exordium"],"potions_floor_usage":[14,16],"damage_taken":[{"damage":1,"enemies":"Cultist","floor":2,"turns":4},{"damage":3,"enemies":"Small Slimes","floor":3,"turns":4},{"damage":42,"enemies":"Gremlin Nob","floor":4,"turns":5},{"damage":11,"enemies":"Jaw Worm","floor":5,"turns":3},{"damage":13,"enemies":"3 Sentries","floor":6,"turns":10},{"damage":8,"enemies":"downfall:FleeingMerchant","floor":8,"turns":4},{"damage":9,"enemies":"Red Slaver","floor":9,"turns":3},{"damage":9,"enemies":"Large Slime","floor":12,"turns":6},{"damage":5,"enemies":"Lots of Slimes","floor":14,"turns":6},{"damage":0,"enemies":"Large Slime","floor":15,"turns":4},{"damage":32,"enemies":"downfall:Silent","floor":16,"turns":10}],"seed_played":"8513950901839190644","potions_obtained":[{"floor":3,"key":"champ:TechniquePotion"},{"floor":4,"key":"Weak Potion"},{"floor":9,"key":"SkillPotion"}],"is_trial":false,"path_per_floor":["R_BF","M","M","E","M","E","T","$","M","R","?","M","?","M","M","B"],"character_chosen":"THE_CHAMP","items_purchased":["HandOfGreed"],"campfire_rested":0,"item_purchase_floors":[8],"current_hp_per_floor":[90,89,89,55,49,36,36,46,37,37,37,31,31,26,26,0,0],"gold":228,"neow_bonus":"ONE_RANDOM_RARE_CARD","is_daily":false,"chose_seed":false,"campfire_upgraded":2,"win_rate":0.0,"timestamp":1608047990,"path_taken":["R_BF","M","?","E","M","E","T","$","M","R","?","M","?","M","M","BOSS"],"items_purchased_type":["Card"],"build_version":"2020-12-13","purchased_purges":0,"victory":false,"max_hp_per_floor":[90,90,90,90,90,90,90,90,90,90,90,90,90,90,90,90,90],"card_choices":[{"not_picked":["champ:DefensiveStyle","champ:Backstep","champ:EnGarde"],"picked":"SKIP","floor":2},{"not_picked":["champ:GladiatorStyle","champ:DefensiveShout"],"picked":"champ:StanceDance","floor":3},{"not_picked":["champ:CalledShot","champ:EndlessRage"],"picked":"champ:ViciousMockery","floor":4},{"not_picked":["champ:BladeFlurry","champ:FocusedGladiator","champ:FlashCut"],"picked":"SKIP","floor":5},{"not_picked":["champ:FalseCounter","champ:GladiatorsShout","champ:ShieldThrow"],"picked":"SKIP","floor":6},{"not_picked":["champ:Haymaker","champ:HeartStrike","champ:BladeFlurry"],"picked":"SKIP","floor":8},{"not_picked":["champ:FlashCut","champ:GladiatorsShout","champ:Backstep"],"picked":"SKIP","floor":9},{"not_picked":["champ:Duel","champ:Circumvent"],"picked":"champ:GladiatorStyle","floor":12},{"not_picked":["champ:CrookedStrike","champ:Encircle","champ:ViciousMockery"],"picked":"SKIP","floor":14},{"not_picked":["champ:BladeFlurry","champ:BerserkersShout"],"picked":"champ:VampiricStrike","floor":15}],"player_experience":349306,"relics_obtained":[{"floor":4,"key":"Guardian:PocketSentry"},{"floor":6,"key":"Replay:Bottled Steam"},{"floor":7,"key":"MealTicket"}],"event_choices":[],"is_beta":false,"boss_relics":[],"items_purged_floors":[],"is_endless":false,"potions_floor_spawned":[3,4,9,12],"killed_by":"downfall:Silent","ascension_level":0}}