{"host":"bvr4vhlu71s3njyz","time":1608059389,"event":{"mods":["2.2 Compatiblity","AchievementEnabler","Aspiration","Astrologer","Bard","BaseMod","Beaked The Cultist","Better Altar","Better Match","Better Note","Better Sensory Stone","Better Skull","Better Third Choice","Conjunction","Downfall","Fiend Mod","Friendly Minions","Gremlin Mod","Hermit","Hubris","Infinite Spire","Jorbs\u0027s Wanderer Trilogy","Mad Scientist","Mimic Mod","Minty Spire (QoL Compilation)","Potionbrewer","Quarter Circle Forward PUNCH!","Replay The Spire","Shade Mod","Shedinja","Slumbering Mod","StSLib","The Blackbeard","The Bladedancer","The Bug Knight","The Clintock","The Construct","The Cursed","The Dragon Tamer","The Exalted","The Forsaken","The Hayseed","The Hierophant","The Judge","The Mystic","The Necromancer","The Poker Player","The Runesmith","The Sage","The Showman","TheArtist","TheFirefly","TheLocksmith","Trackpad","Wandering Minibosses","thorton","vexMod"],"gold_per_floor":[114,114,114,114,127,127,158,158,158,172,188,198,198,226,226,331,331,351,367,367,367,380,380,395,424,470,470,470,486,486,511,511,610,610,621,621,621,246,260,260,260,278,278,298,298,39,39,59,59,59,59,59],"floor_reached":50,"playtime":7404,"items_purged":["theForsaken:PlagueCurse"],"score":665,"play_id":"37936fbf-a014-4407-a0f5-8b2d8009be45","local_time":"20201215140949","is_ascension_mode":false,"metric_token":3667,"campfire_choices":[{"data":"DTMod:MagiciansMark","floor":6,"key":"SMITH"},{"data":"DTMod:Weaken","floor":8,"key":"SMITH"},{"data":"DTMod:Haste","floor":15,"key":"SMITH"},{"floor":23,"key":"REST"},{"data":"Runesmith:EnergizedChisel","floor":27,"key":"SMITH"},{"floor":32,"key":"REST"},{"data":"DTMod:BlueScale","floor":40,"key":"SMITH"},{"data":"DTMod:DoubleHit","floor":45,"key":"SMITH"},{"data":"DTMod:ComboAttack","floor":47,"key":"SMITH"},{"floor":49,"key":"REST"}],"dtmod_dragon_data":[58,58,2,0,12,4],"circlet_count":0,"master_deck":["DTMod:Strike","DTMod:Strike","DTMod:Strike","DTMod:DoubleHit+1","DTMod:TargetDefense","DTMod:TargetDefense","DTMod:TargetDefense","DTMod:TargetDefense","DTMod:SwitchingTactic+1","DTMod:DragonDance+1","DTMod:MagiciansMark+1","DTMod:Weaken+1","DTMod:RepeatStrike+1","DTMod:Hide+1","DTMod:ComboAttack+1","DTMod:Haste+1","DTMod:Safeguard+1","DTMod:BuildUp+1","DTMod:Observe+1","Runesmith:EnergizedChisel+1","DTMod:OpeningTactic+1","DTMod:TauntingStrike","DTMod:BlueScale+1","Runesmith:Reinforce+1","DTMod:Inferno+1","DTMod:Cover+1","DTMod:HeatWave+1","Runesmith:CraftMagma+1","DTMod:TagTeam"],"relics":["DTMod:MagicStone","Golden Egg","DTMod:AncientBone","trackpad:SappingStone","aspiration:RunesmithSkillbook","vexMod:FocusSash","infinitespire:PuzzleCube","ReplayTheSpireMod:Lightbulb","Replay:Bottled Flurry","theForsaken:PlagueMask","aspiration:Lifesprig","Pen Nib","Regal Pillow","aspiration:FrozenJewel"],"acts_visited":["Exordium","TheCity","TheBeyond"],"potions_floor_usage":[10,10,13,16,22,22,22,25,29,29,33,48],"damage_taken":[{"damage":0,"enemies":"theSlumbering:NewCultist","floor":1,"turns":4},{"damage":0,"enemies":"Small Slimes","floor":5,"turns":4},{"damage":0,"enemies":"HollowMod:MossKnight","floor":7,"turns":17},{"damage":0,"enemies":"Jaw Worm","floor":10,"turns":6},{"damage":0,"enemies":"3 Louse","floor":11,"turns":4},{"damage":0,"enemies":"Red Slaver","floor":12,"turns":4},{"damage":0,"enemies":"Lagavulin","floor":14,"turns":5},{"damage":0,"enemies":"Slime Boss","floor":16,"turns":9},{"damage":0,"enemies":"2 Thieves","floor":18,"turns":4},{"damage":0,"enemies":"Spheric Guardian","floor":19,"turns":7},{"damage":6,"enemies":"Centurion and Healer","floor":22,"turns":10},{"damage":11,"enemies":"Cultist and Chosen","floor":24,"turns":7},{"damage":0,"enemies":"Gremlin Leader","floor":25,"turns":7},{"damage":14,"enemies":"Shelled Parasite and Fungi","floor":29,"turns":6},{"damage":0,"enemies":"Replay:Snechameleon","floor":31,"turns":8},{"damage":10,"enemies":"Automaton","floor":33,"turns":13},{"damage":0,"enemies":"3 Shapes","floor":35,"turns":7},{"damage":0,"enemies":"Orb Walker","floor":39,"turns":3},{"damage":0,"enemies":"Transient","floor":42,"turns":5},{"damage":17,"enemies":"Writhing Mass","floor":44,"turns":6},{"damage":0,"enemies":"Jaw Worm Horde","floor":48,"turns":6},{"damage":65,"enemies":"hubris:GrandSnecko","floor":50,"turns":16}],"seed_played":"3778334493918399350","potions_obtained":[{"floor":1,"key":"Energy Potion"},{"floor":7,"key":"Weak Potion"},{"floor":11,"key":"Elixir"},{"floor":13,"key":"potionbrewer:BlacksmithPotion"},{"floor":13,"key":"EntropicBrew"},{"floor":13,"key":"potionbrewer:MidasPotion"},{"floor":24,"key":"potionbrewer:SplittingPotion"},{"floor":25,"key":"SneckoOil"},{"floor":29,"key":"infinitespire:BlackPotion"},{"floor":44,"key":"ColorlessPotion"}],"is_trial":false,"path_per_floor":["M","?","?","?","M","R","E","R","T","M","M","M","?","E","R","B",null,"M","M","T","?","M","R","M","E","T","R","?","M","?","E","R","B",null,"M","?","?","$","M","R","?","M","T","M","R","$","R","M","R","B"],"character_chosen":"THE_DT","items_purchased":["aspiration:Lifesprig","Pen Nib","aspiration:FrozenJewel"],"campfire_rested":3,"item_purchase_floors":[38,38,46],"current_hp_per_floor":[49,49,49,49,49,49,49,49,49,49,49,49,49,49,49,49,49,49,49,49,49,43,49,38,38,38,38,38,24,24,24,38,28,49,49,49,49,49,49,49,49,49,49,32,32,32,32,39,49,0,0,0],"gold":59,"neow_bonus":"TEN_PERCENT_HP_BONUS","is_daily":false,"chose_seed":false,"campfire_upgraded":7,"win_rate":0.0,"timestamp":1608059389,"path_taken":["M","?","?","?","M","R","E","R","T","M","M","?","?","E","R","BOSS","M","?","?","?","M","R","M","E","T","R","?","?","?","E","R","BOSS","M","?","?","$","M","R","?","M","T","?","R","?","R","M","R","BOSS"],"items_purchased_type":["Relic","Relic","Relic"],"build_version":"2020-12-13","purchased_purges":1,"victory":false,"max_hp_per_floor":[49,49,49,49,49,49,49,49,49,49,49,49,49,49,49,49,49,49,49,49,49,49,49,49,49,49,49,49,49,49,49,49,49,49,49,49,49,49,49,49,49,49,49,49,49,49,49,49,49,49,49,49],"card_choices":[{"not_picked":["DTMod:BreakAttack","DTMod:Hide"],"picked":"DTMod:DragonDance","floor":1},{"not_picked":["DTMod:Punisher","DTMod:FlameSlash"],"picked":"DTMod:MagiciansMark","floor":5},{"not_picked":["DTMod:RunningTactic","DTMod:LowKick"],"picked":"DTMod:Weaken","floor":7},{"not_picked":["DTMod:MasterPlan","DTMod:BreakAttack"],"picked":"DTMod:RepeatStrike","floor":10},{"not_picked":["DTMod:Punisher","DTMod:RecklessFlurry"],"picked":"DTMod:Hide","floor":11},{"not_picked":["DTMod:BizarreTactic","DTMod:Coolant"],"picked":"DTMod:ComboAttack","floor":12},{"not_picked":["DTMod:MagicField","DTMod:PurifyingFlame"],"picked":"DTMod:Haste","floor":14},{"not_picked":["DTMod:FierySynthesis","DTMod:GearUp"],"picked":"DTMod:Safeguard","floor":16},{"not_picked":["Runesmith:Refine","Runesmith:ChiselStab","DTMod:QuickFly"],"picked":"DTMod:BuildUp+1","floor":18},{"not_picked":["DTMod:DarkBreath","Runesmith:EarthShield","DTMod:BreakAttack"],"picked":"DTMod:Observe+1","floor":19},{"not_picked":["Runesmith:Overpower","Runesmith:HeatedChisel","Runesmith:Discharge"],"picked":"Runesmith:EnergizedChisel","floor":22},{"not_picked":["Runesmith:ChiselStab","Runesmith:Accelerate+1","Runesmith:HammerAndChisel+1"],"picked":"DTMod:OpeningTactic","floor":24},{"not_picked":["Runesmith:Accelerate","DTMod:DarkBreath","DTMod:Shift+1"],"picked":"DTMod:TauntingStrike","floor":25},{"not_picked":["Runesmith:ShiftingStrike","DTMod:Feint","DTMod:RepeatStrike"],"picked":"DTMod:BlueScale","floor":29},{"not_picked":["Runesmith:HammerThrow","Runesmith:HeatExchange","DTMod:FlameSlash"],"picked":"Runesmith:Reinforce","floor":31},{"not_picked":["DTMod:FierySynthesis","DTMod:EchoTactic","Runesmith:FissionHammer"],"picked":"DTMod:Inferno","floor":33},{"not_picked":["Runesmith:UnstableHammer","Runesmith:BackupBattery","DTMod:WarmUp+1"],"picked":"DTMod:Cover+1","floor":35},{"not_picked":["DTMod:BlazingStrike","Runesmith:HammerTime","Runesmith:StaticCage"],"picked":"DTMod:HeatWave+1","floor":39},{"not_picked":["Runesmith:Repurpose","Runesmith:Malloc","Runesmith:CraftProtectio","DTMod:GhostSkin+1"],"picked":"SKIP","floor":42},{"not_picked":["Runesmith:DuctTape","DTMod:BurningEnergy+1","Runesmith:Discharge+1"],"picked":"Runesmith:CraftMagma+1","floor":44},{"not_picked":["Runesmith:CraftMagma+1","DTMod:MagicField","DTMod:HeatWave"],"picked":"DTMod:TagTeam","floor":48}],"player_experience":1191040,"relics_obtained":[{"floor":7,"key":"Golden Egg"},{"floor":9,"key":"DTMod:AncientBone"},{"floor":14,"key":"trackpad:SappingStone"},{"floor":20,"key":"vexMod:FocusSash"},{"floor":25,"key":"infinitespire:PuzzleCube"},{"floor":26,"key":"ReplayTheSpireMod:Lightbulb"},{"floor":31,"key":"Replay:Bottled Flurry"},{"floor":43,"key":"Regal Pillow"}],"event_choices":[{"damage_healed":0,"gold_gain":0,"player_choice":"Got Potions","damage_taken":0,"max_hp_gain":0,"max_hp_loss":0,"event_name":"Lab","floor":13,"gold_loss":0},{"damage_healed":0,"gold_gain":0,"player_choice":"Forge","damage_taken":0,"max_hp_gain":0,"max_hp_loss":0,"event_name":"Accursed Blacksmith","floor":28,"gold_loss":0,"cards_upgraded":["DTMod:Hide"]},{"damage_healed":0,"gold_gain":0,"player_choice":"Ignored","damage_taken":0,"max_hp_gain":0,"max_hp_loss":0,"event_name":"betterNote:BetterNote","floor":30,"gold_loss":0,"cards_obtained":["Iron Wave"]},{"damage_healed":0,"gold_gain":0,"player_choice":"Obtain Plague Curse","damage_taken":0,"max_hp_gain":0,"max_hp_loss":0,"event_name":"Plague Doctor","floor":36,"gold_loss":0,"cards_obtained":["theForsaken:PlagueCurse"]}],"is_beta":false,"boss_relics":[{"not_picked":["Runesmith:UraniumAnvil","aspiration:SecretTechniqueScroll"],"picked":"aspiration:RunesmithSkillbook"},{"not_picked":["vexMod:MysteryBossChallenge","infinitespire:Cupcake"],"picked":"DTMod:MagicStone"}],"items_purged_floors":[38],"is_endless":false,"potions_floor_spawned":[1,7,11,14,24,25,29,44],"killed_by":"hubris:GrandSnecko","ascension_level":0}}