{"host":"k4e6oxvdzzmkrew5","time":1608059070,"event":{"mods":["AchievementEnabler","BaseMod","BetterRewards","Clawfect","Colored Map","Custom Start","Highlight Path","Minty Spire (QoL Compilation)","Permanent Neow","Remove Card Discount Mod","StSLib","Unceasing Turn Reminder"],"gold_per_floor":[114,132,132,132,152,169,134,134,134,12,24,56,56,85,85,180,180,190,190,289,109,109,142,159,159,183,194,194,208,236,249,249,348,348,363,363,6,17,17,51,101,101,152,167,9,29,75,107,107,107,107,107,31,65,65,65],"floor_reached":55,"playtime":5419,"items_purged":["Gash","Gash","Hello World","Writhe","Clawfect:Clawter"],"score":798,"play_id":"fa783e65-bb5c-40b9-b68e-01c353483ba7","local_time":"20201215130430","is_ascension_mode":false,"campfire_choices":[{"floor":8,"key":"REST"},{"floor":13,"key":"RECALL"},{"floor":15,"key":"REST"},{"floor":25,"key":"REST"},{"data":"Self Repair","floor":28,"key":"SMITH"},{"data":"Defragment","floor":32,"key":"SMITH"},{"data":"Rainbow","floor":49,"key":"SMITH"},{"data":"Lockon","floor":52,"key":"SMITH"}],"circlet_count":0,"master_deck":["Gash","Gash+1","Gash+1","Defend_B","Defend_B","Capacitor+1","Echo Form+1","Force Field+1","Clawfect:ClawSnap","Clawfect:ClawingBeam+1","Self Repair+1","Lockon+1","Coolheaded","Rainbow+1","Defragment+1","Amplify","Clawfect:ClawLightning+1","Redo+1","Skim","Chaos","Clawfect:ClawForOne","Loop+1","Loop+1","Clawfect:Clawter+1","Seek","Self Repair+1"],"relics":["Astrolabe","Question Card","Bottled Tornado","Mercury Hourglass","Anchor","Nuclear Battery","MealTicket","Tiny Chest","Philosopher\u0027s Stone","DataDisk","Pen Nib","Centennial Puzzle","Prayer Wheel","Juzu Bracelet","Whetstone","Nunchaku","Happy Flower"],"acts_visited":["Exordium","TheCity","TheBeyond","TheEnding"],"potions_floor_usage":[11,12,16,23,23,29,29,30,30,40,40,50,54],"damage_taken":[{"damage":8,"enemies":"Jaw Worm","floor":1,"turns":4},{"damage":4,"enemies":"2 Louse","floor":2,"turns":3},{"damage":11,"enemies":"Small Slimes","floor":5,"turns":4},{"damage":8,"enemies":"Looter","floor":6,"turns":4},{"damage":17,"enemies":"Large Slime","floor":11,"turns":4},{"damage":6,"enemies":"Gremlin Nob","floor":12,"turns":4},{"damage":23,"enemies":"3 Sentries","floor":14,"turns":5},{"damage":0,"enemies":"Slime Boss","floor":16,"turns":5},{"damage":0,"enemies":"Chosen","floor":18,"turns":4},{"damage":10,"enemies":"Gremlin Leader","floor":23,"turns":4},{"damage":8,"enemies":"3 Byrds","floor":24,"turns":4},{"damage":8,"enemies":"Centurion and Healer","floor":27,"turns":4},{"damage":9,"enemies":"Snecko","floor":29,"turns":5},{"damage":40,"enemies":"Slavers","floor":30,"turns":4},{"damage":18,"enemies":"Cultist and Chosen","floor":31,"turns":6},{"damage":6,"enemies":"Champ","floor":33,"turns":7},{"damage":25,"enemies":"3 Shapes","floor":35,"turns":7},{"damage":4,"enemies":"Orb Walker","floor":38,"turns":3},{"damage":38,"enemies":"Nemesis","floor":40,"turns":7},{"damage":30,"enemies":"Mind Bloom Boss Battle","floor":41,"turns":5},{"damage":19,"enemies":"Writhing Mass","floor":44,"turns":6},{"damage":26,"enemies":"Maw","floor":46,"turns":5},{"damage":14,"enemies":"Giant Head","floor":48,"turns":7},{"damage":28,"enemies":"Donu and Deca","floor":50,"turns":6},{"damage":30,"enemies":"Shield and Spear","floor":54,"turns":5},{"damage":121,"enemies":"The Heart","floor":55,"turns":6}],"seed_played":"-6101872456037834137","potions_obtained":[{"floor":2,"key":"Fire Potion"},{"floor":14,"key":"DistilledChaos"},{"floor":16,"key":"Fire Potion"},{"floor":18,"key":"Fire Potion"},{"floor":24,"key":"FearPotion"},{"floor":27,"key":"Fire Potion"},{"floor":29,"key":"DuplicationPotion"},{"floor":38,"key":"LiquidMemories"},{"floor":44,"key":"SpeedPotion"},{"floor":48,"key":"SkillPotion"}],"is_trial":false,"path_per_floor":["M","M","?","?","M","M","?","R","T","$","M","E","R","E","R","B",null,"M","?","?","$","?","E","M","R","T","M","R","M","E","M","R","B",null,"M","?","$","M","$","E","?","?","T","M","$","M","T","E","R","B",null,"R","$","E","B"],"character_chosen":"DEFECT","items_purchased":["Lockon","Block Potion","DistilledChaos","Swift Potion","Clawfect:Clawrage","DataDisk","Pen Nib","Block Potion","FairyPotion","Explosive Potion","DistilledChaos"],"campfire_rested":3,"item_purchase_floors":[10,10,21,21,21,37,37,37,45,45,53],"current_hp_per_floor":[67,63,56,41,30,22,40,62,62,62,59,60,60,44,66,66,75,75,75,75,75,61,58,57,80,80,80,80,80,60,62,62,76,80,55,55,70,66,80,62,52,72,72,73,80,64,64,80,80,72,80,80,80,70,0,0],"gold":65,"neow_bonus":"BOSS_RELIC","is_daily":false,"chose_seed":false,"campfire_upgraded":4,"win_rate":0.0,"timestamp":1608059070,"path_taken":["M","M","?","?","M","M","?","R","T","$","?","E","R","E","R","BOSS","M","?","?","$","?","E","M","R","T","M","R","M","E","M","R","BOSS","M","?","$","M","$","E","?","?","T","M","$","M","?","E","R","BOSS","R","$","E","BOSS"],"items_purchased_type":["Card","Potion","Potion","Potion","Card","Relic","Relic","Potion","Potion","Potion","Potion"],"build_version":"2020-12-13","purchased_purges":5,"victory":false,"max_hp_per_floor":[75,75,75,75,75,75,75,75,75,75,75,75,75,75,75,75,75,75,75,75,75,80,80,80,80,80,80,80,80,80,80,80,80,80,80,80,80,80,80,80,80,80,80,80,80,80,80,80,80,80,80,80,80,80,80,80],"card_choices":[{"not_picked":["Conserve Battery","Clawfect:ScrapingClaw"],"picked":"Clawfect:ClawSnap","floor":1},{"not_picked":["Undo","Gash"],"picked":"Hello World","floor":2},{"not_picked":["Recycle","Force Field","Turbo"],"picked":"Clawfect:ClawingBeam","floor":5},{"not_picked":["Turbo","Conserve Battery","Reprogram"],"picked":"Self Repair","floor":6},{"not_picked":["Gash","Force Field","Stack"],"picked":"Coolheaded","floor":11},{"not_picked":["Steam","Coolheaded","Capacitor"],"picked":"Rainbow","floor":12},{"not_picked":["Gash","Redo","Clawfect:ClawingBeam"],"picked":"Defragment","floor":14},{"not_picked":["Rainbow","Biased Cognition","Echo Form"],"picked":"Amplify","floor":16},{"not_picked":["Static Discharge","Clawfect:ScrapingClaw","Sunder"],"picked":"Clawfect:ClawLightning","floor":18},{"not_picked":["Redo","Hyperbeam","Reinforced Body","Recycle"],"picked":"SKIP","floor":23},{"not_picked":["FTL","Steam+1","Conserve Battery"],"picked":"Redo+1","floor":24},{"not_picked":["Clawfect:Clawrage","Stack+1","Hologram"],"picked":"Skim","floor":27},{"not_picked":["Capacitor","Sunder","Conserve Battery","Redo"],"picked":"SKIP","floor":29},{"not_picked":["Defragment","Gash","Rainbow"],"picked":"Chaos","floor":30},{"not_picked":["Clawfect:Clawrage","Steam","Clawfect:ClawSnap","Clawfect:ScrapingClaw"],"picked":"SKIP","floor":31},{"not_picked":["Multi-Cast","Hyperbeam","Buffer"],"picked":"Clawfect:ClawForOne","floor":33},{"not_picked":["Steam Power","Clawfect:ClawLightning","Clawfect:ClawSnap+1"],"picked":"Clawfect:Clawter","floor":35},{"not_picked":["Double Energy+1","Steam Power","Redo+1"],"picked":"Loop+1","floor":38},{"not_picked":["Steam+1","Redo+1","Clawfect:Clawter+1"],"picked":"Loop+1","floor":40},{"not_picked":["Steam Power","Clawfect:ClawForTheEyes","Tempest"],"picked":"Clawfect:Clawter+1","floor":41},{"not_picked":["Coolheaded","Clawfect:Clawrage+1","Consume+1"],"picked":"Seek","floor":44},{"not_picked":["Clawfect:ClawingBeam+1","Clawfect:ClawCell","Coolheaded+1","Clawfect:ClawSnap"],"picked":"SKIP","floor":44},{"not_picked":["Redo","Clawfect:ClawLightning+1","Steam"],"picked":"Self Repair+1","floor":46},{"not_picked":["Redo+1","Self Repair+1","Auto Shields","Chill"],"picked":"SKIP","floor":46},{"not_picked":["Double Energy+1","Clawfect:Clawline","Coolheaded","Blizzard"],"picked":"SKIP","floor":48},{"not_picked":["Fission","Hologram","Heatsinks","FTL"],"picked":"SKIP","floor":54}],"player_experience":123399,"relics_obtained":[{"floor":9,"key":"Bottled Tornado"},{"floor":12,"key":"Mercury Hourglass"},{"floor":14,"key":"Anchor"},{"floor":23,"key":"MealTicket"},{"floor":30,"key":"Tiny Chest"},{"floor":40,"key":"Centennial Puzzle"},{"floor":41,"key":"Prayer Wheel"},{"floor":43,"key":"Juzu Bracelet"},{"floor":47,"key":"Whetstone"},{"floor":48,"key":"Nunchaku"},{"floor":54,"key":"Happy Flower"}],"event_choices":[{"damage_healed":0,"gold_gain":0,"player_choice":"Success","damage_taken":7,"relics_obtained":["Question Card"],"max_hp_gain":0,"max_hp_loss":0,"event_name":"Scrap Ooze","floor":3,"gold_loss":0},{"damage_healed":0,"gold_gain":0,"player_choice":"Entered Light","damage_taken":15,"max_hp_gain":0,"max_hp_loss":0,"event_name":"Shining Light","floor":4,"gold_loss":0,"cards_upgraded":["Gash","Gash"]},{"damage_healed":18,"gold_gain":0,"player_choice":"Healed","damage_taken":0,"max_hp_gain":0,"max_hp_loss":0,"event_name":"The Cleric","floor":7,"gold_loss":35},{"damage_healed":0,"gold_gain":0,"player_choice":"Ignored","damage_taken":0,"max_hp_gain":0,"max_hp_loss":0,"event_name":"Ghosts","floor":19,"gold_loss":0},{"damage_healed":0,"gold_gain":99,"player_choice":"Stole From Cult","damage_taken":0,"max_hp_gain":0,"max_hp_loss":0,"event_name":"Nest","floor":20,"gold_loss":0},{"damage_healed":0,"gold_gain":0,"player_choice":"Shed Blood","damage_taken":19,"max_hp_gain":5,"max_hp_loss":0,"event_name":"Forgotten Altar","floor":22,"gold_loss":0},{"cards_removed":["Clawfect:Clawrage"],"damage_healed":0,"gold_gain":0,"player_choice":"Removed Attack","damage_taken":0,"max_hp_gain":0,"max_hp_loss":0,"event_name":"Falling","floor":36,"gold_loss":0},{"damage_healed":0,"gold_gain":0,"player_choice":"Fight","damage_taken":0,"max_hp_gain":0,"max_hp_loss":0,"event_name":"MindBloom","floor":41,"gold_loss":0},{"damage_healed":20,"gold_gain":0,"player_choice":"Writhe","damage_taken":0,"max_hp_gain":0,"max_hp_loss":0,"event_name":"Winding Halls","floor":42,"gold_loss":0,"cards_obtained":["Writhe"]}],"is_beta":false,"boss_relics":[{"not_picked":["Coffee Dripper","Snecko Eye"],"picked":"Nuclear Battery"},{"not_picked":["Pandora\u0027s Box","SacredBark"],"picked":"Philosopher\u0027s Stone"}],"items_purged_floors":[37,37,37,45,45],"is_endless":false,"potions_floor_spawned":[2,14,16,18,24,27,29,38,44,48],"killed_by":"The Heart","ascension_level":0}}