{"host":"z9grmtg2w0nmz8n1","time":1608001697,"event":{"mods":["Aspiration","Bard","BaseMod","Beaked The Cultist","Better Third Choice","BetterRewards","CCEM","Colored Map","GifTheSpireLib","Googly Eyes","Highlight Path","Hubris","Infinite Spire","Jedi Mod","Jorbs\u0027s Wanderer Trilogy","Minty Spire (QoL Compilation)","Permanent Neow","Replay The Spire","Spicy Shops","StSLib","Stuff the Spire","The Bug Knight"],"gold_per_floor":[113,133,133,152,167,198,198,198,248,267,267,267],"floor_reached":11,"playtime":636,"items_purged":[],"score":75,"play_id":"2a894623-5099-4b7c-b7cd-25ae94e3fba2","local_time":"20201215010817","is_ascension_mode":false,"campfire_choices":[{"floor":8,"key":"RECALL"}],"circlet_count":0,"master_deck":["Strike_B","Strike_B","Strike_B","Strike_B","Defend_B","Defend_B","Defend_B","Defend_B","Zap","Dualcast","Crystallizer","Loop","Hallucinations","Gash"],"relics":["Cracked Core","ReplayTheSpireMod:TigerMarble","Vajra","ReplayTheSpireMod:Ring of Collecting","Ring of Peace","Ancient Tea Set","Ring of Greed","Replay:Wax Seal"],"acts_visited":["Exordium"],"potions_floor_usage":[5,11],"damage_taken":[{"damage":4,"enemies":"2 Louse","floor":1,"turns":3},{"damage":3,"enemies":"Jaw Worm","floor":2,"turns":4},{"damage":0,"enemies":"Cultist","floor":4,"turns":3},{"damage":0,"enemies":"2 Fungi Beasts","floor":5,"turns":4},{"damage":2,"enemies":"Gremlin Nob","floor":6,"turns":4},{"damage":0,"enemies":"Blue Slaver","floor":10,"turns":4},{"damage":18,"enemies":"3 Sentries","floor":11,"turns":3}],"seed_played":"7843320034616944579","potions_obtained":[{"floor":4,"key":"SteroidPotion"},{"floor":5,"key":"EntropicBrew"},{"floor":6,"key":"LiquidMemories"}],"is_trial":false,"path_per_floor":["M","M","?","M","M","E","?","R","T","M","E"],"character_chosen":"DEFECT","items_purchased":["ReplayTheSpireMod:TigerMarble","Vajra"],"campfire_rested":0,"item_purchase_floors":[0,0],"current_hp_per_floor":[65,62,62,62,62,60,60,60,60,60,42,42],"gold":267,"neow_bonus":"","is_daily":false,"chose_seed":false,"campfire_upgraded":0,"win_rate":0.0,"timestamp":1608001697,"path_taken":["M","M","?","M","M","E","?","R","T","M","E"],"items_purchased_type":["Relic","Relic"],"build_version":"2020-12-13","purchased_purges":0,"victory":false,"max_hp_per_floor":[75,75,75,75,75,75,75,75,75,75,75,75],"card_choices":[{"not_picked":["Leap","Hologram"],"picked":"Crystallizer","floor":1},{"not_picked":["jedi:locknload","Turbo"],"picked":"Loop","floor":2},{"not_picked":["Machine Learning","jedi:BurstFrost"],"picked":"Gash","floor":4},{"not_picked":["Sweeping Beam","Sunder","StuffTheSpire:CleanHardDrive"],"picked":"SKIP","floor":5},{"not_picked":["jedi:blockon","Reprogram","Coolheaded"],"picked":"SKIP","floor":6},{"not_picked":["Rebound","Redo","StuffTheSpire:SnapShoot"],"picked":"SKIP","floor":10}],"player_experience":558349,"relics_obtained":[{"floor":3,"key":"ReplayTheSpireMod:Ring of Collecting"},{"floor":3,"key":"Ring of Peace"},{"floor":6,"key":"Ancient Tea Set"},{"floor":9,"key":"Ring of Greed"},{"floor":9,"key":"Replay:Wax Seal"}],"event_choices":[],"is_beta":false,"boss_relics":[],"items_purged_floors":[],"is_endless":false,"potions_floor_spawned":[4,5,6],"killed_by":"3 Sentries","ascension_level":0}}