{"host":"wshh0nphwn6jv7vj","time":1608046263,"event":{"mods":["BaseMod","Bestiary","Minty Spire (QoL Compilation)"],"gold_per_floor":[110,110,32,52,72,72,103,103,130,161,161,176,189,200,200,275,275,289,289,307,307,307,307],"floor_reached":22,"playtime":1159,"items_purged":[],"score":343,"play_id":"6e166f35-e745-467b-a215-846f9ce46917","local_time":"20201215103103","is_ascension_mode":true,"campfire_choices":[{"data":"Bouncing Flask","floor":6,"key":"SMITH"},{"data":"Neutralize","floor":8,"key":"SMITH"},{"data":"Well Laid Plans","floor":11,"key":"SMITH"},{"floor":15,"key":"REST"}],"circlet_count":0,"master_deck":["AscendersBane","Strike_G","Strike_G","Strike_G+1","Strike_G","Strike_G","Defend_G","Defend_G","Defend_G","Defend_G+1","Defend_G","Survivor","Neutralize+1","Well Laid Plans+1","Backstab","Bouncing Flask+1","Adrenaline","Distraction","Blade Dance","Backflip","Backstab","Glass Knife","PiercingWail","Ghostly","Ghostly","Ghostly","PiercingWail","Noxious Fumes"],"relics":["Ring of the Snake","NeowsBlessing","PreservedInsect","Toy Ornithopter","Oddly Smooth Stone","Pen Nib","SlaversCollar"],"acts_visited":["Exordium","TheCity"],"potions_floor_usage":[10,14],"damage_taken":[{"damage":0,"enemies":"Cultist","floor":1,"turns":1},{"damage":0,"enemies":"2 Louse","floor":4,"turns":1},{"damage":0,"enemies":"Small Slimes","floor":5,"turns":1},{"damage":14,"enemies":"Lagavulin","floor":7,"turns":5},{"damage":2,"enemies":"3 Sentries","floor":10,"turns":5},{"damage":3,"enemies":"Exordium Wildlife","floor":12,"turns":4},{"damage":0,"enemies":"2 Fungi Beasts","floor":13,"turns":2},{"damage":8,"enemies":"Gremlin Gang","floor":14,"turns":5},{"damage":64,"enemies":"Slime Boss","floor":16,"turns":19},{"damage":5,"enemies":"Spheric Guardian","floor":18,"turns":3},{"damage":0,"enemies":"Shell Parasite","floor":20,"turns":5},{"damage":34,"enemies":"3 Cultists","floor":22,"turns":6}],"seed_played":"5467349706999939778","potions_obtained":[{"floor":5,"key":"FairyPotion"},{"floor":7,"key":"DistilledChaos"},{"floor":12,"key":"DistilledChaos"},{"floor":13,"key":"SteroidPotion"},{"floor":20,"key":"Ancient Potion"}],"is_trial":false,"path_per_floor":["M","?","?","M","M","R","E","R","T","E","R","M","M","M","R","B",null,"M","?","M","?","M"],"character_chosen":"THE_SILENT","items_purchased":[],"campfire_rested":1,"item_purchase_floors":[],"current_hp_per_floor":[59,39,39,39,39,39,25,25,25,28,28,25,25,22,41,13,53,48,33,33,33,0,0],"gold":307,"neow_bonus":"THREE_ENEMY_KILL","is_daily":false,"chose_seed":false,"campfire_upgraded":3,"win_rate":0.0,"timestamp":1608046263,"path_taken":["M","?","?","M","?","R","E","R","T","E","R","M","M","M","R","BOSS","M","?","M","?","M"],"items_purchased_type":[],"build_version":"2020-12-13","purchased_purges":0,"victory":false,"max_hp_per_floor":[66,66,66,66,66,66,66,66,66,66,66,66,66,66,66,66,66,66,33,33,33,33,33],"card_choices":[{"not_picked":["Acrobatics","Accuracy"],"picked":"Well Laid Plans","floor":1},{"not_picked":["PiercingWail","Infinite Blades"],"picked":"Backstab","floor":4},{"not_picked":["Outmaneuver","Reflex"],"picked":"Bouncing Flask","floor":5},{"not_picked":["Dodge and Roll","Flying Knee"],"picked":"Adrenaline","floor":7},{"not_picked":["Riddle With Holes","Concentrate"],"picked":"Distraction","floor":10},{"not_picked":["PiercingWail","Terror"],"picked":"Blade Dance","floor":12},{"not_picked":["Sucker Punch","Slice"],"picked":"Backflip","floor":13},{"not_picked":["Backflip","Escape Plan"],"picked":"Backstab","floor":14},{"not_picked":["Storm of Steel","Corpse Explosion"],"picked":"Glass Knife","floor":16},{"not_picked":["Backstab+1","Slice"],"picked":"PiercingWail","floor":18},{"not_picked":["Bane","Prepared"],"picked":"PiercingWail","floor":20}],"player_experience":1414274,"relics_obtained":[{"floor":7,"key":"Toy Ornithopter"},{"floor":9,"key":"Oddly Smooth Stone"},{"floor":10,"key":"Pen Nib"}],"event_choices":[{"damage_healed":0,"gold_gain":0,"player_choice":"Entered Light","damage_taken":20,"max_hp_gain":0,"max_hp_loss":0,"event_name":"Shining Light","floor":2,"gold_loss":0,"cards_upgraded":["Strike_G","Defend_G"]},{"damage_healed":0,"gold_gain":0,"player_choice":"Paid Gold","damage_taken":0,"relics_obtained":["PreservedInsect"],"max_hp_gain":0,"max_hp_loss":0,"event_name":"WeMeetAgain","floor":3,"gold_loss":78},{"damage_healed":0,"gold_gain":0,"player_choice":"Became a Ghost","damage_taken":0,"max_hp_gain":0,"max_hp_loss":33,"event_name":"Ghosts","floor":19,"gold_loss":0,"cards_obtained":["Ghostly","Ghostly","Ghostly"]},{"damage_healed":0,"gold_gain":0,"player_choice":"Read","damage_taken":0,"max_hp_gain":0,"max_hp_loss":0,"event_name":"The Library","floor":21,"gold_loss":0,"cards_obtained":["Noxious Fumes"]}],"is_beta":false,"boss_relics":[{"not_picked":["SacredBark","Fusion Hammer"],"picked":"SlaversCollar"}],"items_purged_floors":[],"is_endless":false,"potions_floor_spawned":[5,7,12,13,20],"killed_by":"3 Cultists","ascension_level":15}}