{"host":"oihpulxxofncj7su","time":1608067860,"event":{"mods":["AchievementEnabler","BaseMod","Bestiary","BetterRewards","Colored Powertips","Highlight Path","Minty Spire (QoL Compilation)","Quick Restart","Spicy Shops","StSLib","The Cursed","The Servant 0.9.4"],"gold_per_floor":[114,127,30,30,30,30,40,40,40,65,90,90,128,151,151,275,275,296,311,410,27,27,71,71,90,90,90,105,105,148,164,164,295,295,314,334,133,152,152,152],"floor_reached":39,"playtime":7817,"items_purged":["Strike_S","Defend_S","Strike_S"],"score":421,"play_id":"6f058b25-ddc3-4435-97aa-d361c4c26ab6","local_time":"20201215163100","is_ascension_mode":false,"campfire_choices":[{"floor":6,"key":"REST"},{"floor":12,"key":"REST"},{"floor":15,"key":"REST"},{"data":"Exchange","floor":24,"key":"SMITH"},{"floor":29,"key":"REST"},{"data":"Spin","floor":32,"key":"SMITH"}],"circlet_count":0,"master_deck":["Strike_S","Defend_S+1","Defend_S+1","KidneyShot","Exchange+1","Defy","Spin+1","Unruled","ShatteredReality","FastForward","SilverBlades","MurderousAura","SurpressingFire","ShiftingGears","SurpressingFire","FastForward","ShiftingGears","DualDimension","Ricochet","ShiftingGears","Luminosity","TheWorld","DualDimension+1"],"relics":["Uniform","NeowsBlessing","Golden Idol","Ornamental Fan","PreservedInsect","Akabeko","Sozu","HornCleat","Blood Vial","Bottled Lightning","Eternal Feather","Black Star","Membership Card"],"acts_visited":["Exordium","TheCity","TheBeyond"],"potions_floor_usage":[11,16],"damage_taken":[{"damage":0,"enemies":"Cultist","floor":1,"turns":1},{"damage":0,"enemies":"Small Slimes","floor":2,"turns":2},{"damage":0,"enemies":"2 Louse","floor":7,"turns":1},{"damage":2,"enemies":"Large Slime","floor":11,"turns":5},{"damage":17,"enemies":"3 Sentries","floor":13,"turns":8},{"damage":0,"enemies":"Looter","floor":14,"turns":3},{"damage":24,"enemies":"The Guardian","floor":16,"turns":15},{"damage":0,"enemies":"Chosen","floor":18,"turns":5},{"damage":0,"enemies":"Spheric Guardian","floor":19,"turns":5},{"damage":3,"enemies":"Slavers","floor":23,"turns":5},{"damage":12,"enemies":"Centurion and Healer","floor":25,"turns":7},{"damage":25,"enemies":"Snecko","floor":28,"turns":8},{"damage":2,"enemies":"Gremlin Leader","floor":30,"turns":5},{"damage":5,"enemies":"Chosen and Byrds","floor":31,"turns":6},{"damage":28,"enemies":"Champ","floor":33,"turns":14},{"damage":4,"enemies":"Orb Walker","floor":35,"turns":4},{"damage":16,"enemies":"3 Darklings","floor":36,"turns":5},{"damage":9,"enemies":"Spire Growth","floor":38,"turns":6},{"damage":48,"enemies":"Maw","floor":39,"turns":10}],"seed_played":"-5827329381259353216","potions_obtained":[{"floor":1,"key":"ColorlessPotion"},{"floor":14,"key":"DuplicationPotion"},{"floor":16,"key":"SneckoOil"}],"is_trial":false,"path_per_floor":["M","M","$","?","?","R","M","?","T","T","M","R","E","M","R","B",null,"M","M","?","$","?","E","R","M","T","?","M","R","E","M","R","B",null,"M","M","$","M","M"],"character_chosen":"THE_SERVANT","items_purchased":["Unruled","SurpressingFire","HornCleat","FastForward","ShiftingGears","Membership Card"],"campfire_rested":4,"item_purchase_floors":[3,21,21,21,21,37],"current_hp_per_floor":[65,65,65,58,45,64,64,48,48,48,46,65,48,48,65,41,65,65,65,65,65,65,62,62,52,52,52,29,48,48,45,57,31,65,61,47,47,40,0,0],"gold":152,"neow_bonus":"THREE_ENEMY_KILL","is_daily":false,"chose_seed":false,"campfire_upgraded":2,"win_rate":0.0,"timestamp":1608067860,"path_taken":["M","?","$","?","?","R","M","?","T","?","M","R","E","?","R","BOSS","M","M","?","$","?","E","R","M","T","?","M","R","E","M","R","BOSS","M","M","$","M","M"],"items_purchased_type":["Card","Card","Relic","Card","Card","Relic"],"build_version":"2020-12-13","purchased_purges":3,"victory":false,"max_hp_per_floor":[65,65,65,65,65,65,65,65,65,65,65,65,65,65,65,65,65,65,65,65,65,65,65,65,65,65,65,65,65,65,65,65,65,65,65,65,65,65,65,65],"card_choices":[{"not_picked":["Misdirection","Ricochet"],"picked":"Defy","floor":1},{"not_picked":["Potential","TimeWarp"],"picked":"Spin","floor":2},{"not_picked":["Starlight","TimeWarp"],"picked":"ShatteredReality","floor":7},{"not_picked":["BottledTime","Spin"],"picked":"FastForward","floor":11},{"not_picked":["StarChef","Replace"],"picked":"SilverBlades","floor":13},{"not_picked":["SpecialFormula","TimeWarp","DoubleEdge"],"picked":"SKIP","floor":14},{"not_picked":["Sunlight","Embodiment"],"picked":"MurderousAura","floor":16},{"not_picked":["Alleviate","DoubleEdge"],"picked":"SurpressingFire","floor":18},{"not_picked":["Potential","Rearm+1"],"picked":"ShiftingGears","floor":19},{"not_picked":["Moonlight","Alleviate"],"picked":"DualDimension","floor":23},{"not_picked":["Shuttle","Hightail+1"],"picked":"Ricochet","floor":25},{"not_picked":["Starlight","DoubleEdge+1","Manipulate"],"picked":"SKIP","floor":28},{"not_picked":["Spin","Initiator"],"picked":"Luminosity","floor":30},{"not_picked":["FastForward+1","Alleviate","BottledTime"],"picked":"SKIP","floor":31},{"not_picked":["Embodiment","KillingDoll"],"picked":"TheWorld","floor":33},{"not_picked":["Defy+1","TimeWarp"],"picked":"DualDimension+1","floor":35},{"not_picked":["ShatteredReality+1","FastForward","Snipe"],"picked":"SKIP","floor":36},{"not_picked":["TimeWarp+1","Luminosity+1","Ricochet"],"picked":"SKIP","floor":38}],"player_experience":417714,"relics_obtained":[{"floor":9,"key":"Ornamental Fan"},{"floor":10,"key":"PreservedInsect"},{"floor":13,"key":"Akabeko"},{"floor":23,"key":"Blood Vial"},{"floor":26,"key":"Bottled Lightning"},{"floor":30,"key":"Eternal Feather"}],"event_choices":[{"cards_removed":["Strike_S"],"damage_healed":0,"gold_gain":0,"player_choice":"Card Removal","damage_taken":7,"max_hp_gain":0,"max_hp_loss":0,"event_name":"Golden Wing","floor":4,"gold_loss":0},{"damage_healed":0,"gold_gain":0,"player_choice":"Entered Light","damage_taken":13,"max_hp_gain":0,"max_hp_loss":0,"event_name":"Shining Light","floor":5,"gold_loss":0,"cards_upgraded":["Defend_S","Defend_S"]},{"damage_healed":0,"gold_gain":0,"player_choice":"Take Damage","damage_taken":16,"relics_obtained":["Golden Idol"],"max_hp_gain":0,"max_hp_loss":0,"event_name":"Golden Idol","floor":8,"gold_loss":0},{"damage_healed":0,"gold_gain":99,"player_choice":"Stole From Cult","damage_taken":0,"max_hp_gain":0,"max_hp_loss":0,"event_name":"Nest","floor":20,"gold_loss":0},{"damage_healed":0,"gold_gain":0,"cards_transformed":["Defend_S"],"player_choice":"Transformed","damage_taken":0,"max_hp_gain":0,"max_hp_loss":0,"event_name":"Transmorgrifier","floor":27,"gold_loss":0,"cards_obtained":["ShiftingGears"]}],"is_beta":false,"boss_relics":[{"not_picked":["Coffee Dripper","Runic Pyramid"],"picked":"Sozu"},{"not_picked":["Runic Dome","Tiny House"],"picked":"Black Star"}],"items_purged_floors":[3,21,37],"is_endless":false,"potions_floor_spawned":[1,14,16,19,23,28,31,33,35,36],"killed_by":"Maw","ascension_level":0}}