{"host":"63jn9lre6xij8k68","time":1608014416,"event":{"mods":["AchievementEnabler","BaseMod","Colored Map","DeckTracker","Minty Spire (QoL Compilation)","StSLib","SuperFastMode"],"gold_per_floor":[112,112,37,37,112,112,146,163,163,195,208,226,226,237,237,342,342,358,258,277,290,290,290,290],"floor_reached":23,"playtime":552,"items_purged":["Strike_B","Strike_B"],"score":271,"play_id":"31090e24-2c69-4f65-b84b-f2ad9d61ab7b","local_time":"20201215154016","is_ascension_mode":true,"campfire_choices":[{"data":"Zap","floor":6,"key":"SMITH"},{"data":"Hologram","floor":13,"key":"SMITH"},{"data":"Blizzard","floor":15,"key":"SMITH"}],"circlet_count":0,"master_deck":["Strike_B","Strike_B","Defend_B","Defend_B","Defend_B","Defend_B","Zap+1","Dualcast","Cold Snap","Self Repair","Coolheaded","Streamline","Hologram+1","Cold Snap","Blizzard+1","Echo Form","FTL","Capacitor","Cold Snap+1"],"relics":["Cracked Core","NeowsBlessing","Orichalcum","StrikeDummy","Boot","SlaversCollar"],"acts_visited":["Exordium","TheCity"],"potions_floor_usage":[16],"damage_taken":[{"damage":0,"enemies":"2 Louse","floor":1,"turns":1},{"damage":0,"enemies":"Lagavulin","floor":7,"turns":1},{"damage":0,"enemies":"Cultist","floor":8,"turns":1},{"damage":13,"enemies":"3 Sentries","floor":10,"turns":8},{"damage":2,"enemies":"Small Slimes","floor":11,"turns":3},{"damage":5,"enemies":"Blue Slaver","floor":12,"turns":3},{"damage":0,"enemies":"Large Slime","floor":14,"turns":4},{"damage":31,"enemies":"Hexaghost","floor":16,"turns":9},{"damage":19,"enemies":"Chosen","floor":18,"turns":5},{"damage":17,"enemies":"Spheric Guardian","floor":20,"turns":4},{"damage":33,"enemies":"Snake Plant","floor":21,"turns":6},{"damage":18,"enemies":"Book of Stabbing","floor":23,"turns":2}],"seed_played":"2787476625008744552","potions_obtained":[{"floor":1,"key":"BlessingOfTheForge"},{"floor":2,"key":"Fire Potion"},{"floor":2,"key":"DuplicationPotion"},{"floor":16,"key":"FocusPotion"}],"is_trial":false,"path_per_floor":["M","?","$","?","?","R","E","M","T","E","M","M","R","M","R","B",null,"M","$","M","M","?","E"],"character_chosen":"DEFECT","items_purchased":[],"campfire_rested":0,"item_purchase_floors":[],"current_hp_per_floor":[75,75,75,80,69,69,69,76,76,70,75,70,70,77,77,53,80,68,68,58,32,17,0,0],"gold":290,"neow_bonus":"THREE_ENEMY_KILL","is_daily":false,"chose_seed":false,"campfire_upgraded":3,"win_rate":0.0,"timestamp":1608014416,"path_taken":["M","?","$","?","?","R","E","M","T","E","M","M","R","?","R","BOSS","M","$","M","M","?","E"],"items_purchased_type":[],"build_version":"2020-12-13","purchased_purges":2,"victory":false,"max_hp_per_floor":[75,75,75,80,80,80,80,80,80,80,80,80,80,80,80,80,80,80,80,80,80,85,85,85],"card_choices":[{"not_picked":["Gash","Go for the Eyes"],"picked":"Cold Snap","floor":1},{"not_picked":["Auto Shields","Stack"],"picked":"Self Repair","floor":7},{"not_picked":["Ball Lightning","Auto Shields"],"picked":"Coolheaded","floor":8},{"not_picked":["Doom and Gloom","Redo"],"picked":"Streamline","floor":10},{"not_picked":["Cold Snap","Rip and Tear"],"picked":"Hologram","floor":11},{"not_picked":["Streamline","Stack"],"picked":"Cold Snap","floor":12},{"not_picked":["Machine Learning","Redo"],"picked":"Blizzard","floor":14},{"not_picked":["Fission","Biased Cognition"],"picked":"Echo Form","floor":16},{"not_picked":["Conserve Battery","Gash"],"picked":"FTL","floor":18},{"not_picked":["Sweeping Beam+1","Recycle+1"],"picked":"Capacitor","floor":20},{"not_picked":["Leap+1","Streamline"],"picked":"Cold Snap+1","floor":21}],"player_experience":96938,"relics_obtained":[{"floor":7,"key":"Orichalcum"},{"floor":9,"key":"StrikeDummy"},{"floor":10,"key":"Boot"}],"event_choices":[{"damage_healed":0,"gold_gain":0,"player_choice":"Got Potions","damage_taken":0,"max_hp_gain":0,"max_hp_loss":0,"event_name":"Lab","floor":2,"gold_loss":0},{"damage_healed":0,"gold_gain":0,"player_choice":"Donut","damage_taken":0,"max_hp_gain":5,"max_hp_loss":0,"event_name":"Big Fish","floor":4,"gold_loss":0},{"damage_healed":0,"gold_gain":75,"player_choice":"Gather Gold","damage_taken":11,"max_hp_gain":0,"max_hp_loss":0,"event_name":"World of Goop","floor":5,"gold_loss":0},{"damage_healed":0,"gold_gain":0,"player_choice":"Shed Blood","damage_taken":20,"max_hp_gain":5,"max_hp_loss":0,"event_name":"Forgotten Altar","floor":22,"gold_loss":0}],"is_beta":false,"boss_relics":[{"not_picked":["Runic Pyramid","SacredBark"],"picked":"SlaversCollar"}],"items_purged_floors":[3,19],"is_endless":false,"potions_floor_spawned":[1,8,12,16,20,21],"killed_by":"Book of Stabbing","ascension_level":4}}