{"host":"wukocnei7dgudpva","time":1608018883,"event":{"mods":["AchievementEnabler","BaseMod","Colored Map","Minty Spire (QoL Compilation)","StSLib","SuperFastMode"],"gold_per_floor":[361,361,376,396,408,408,435,435,435,435,452,402,402,412,412,512,512,522,522,522,549,474,474,474,494,494,494,494,505,405,405,405],"floor_reached":31,"playtime":2230,"items_purged":["Strike_P","Decay"],"score":233,"play_id":"643d2380-63eb-4c37-956d-8e7ec37dc6fc","local_time":"20201215165443","is_ascension_mode":false,"campfire_choices":[{"floor":6,"key":"REST"},{"floor":8,"key":"REST"},{"floor":13,"key":"REST"},{"floor":15,"key":"REST"},{"floor":23,"key":"REST"},{"floor":28,"key":"REST"}],"circlet_count":0,"master_deck":["Strike_P","Strike_P+1","Defend_P","Defend_P","Defend_P","Eruption","Vigilance+1","Adaptation","FearNoEvil"],"relics":["PureWater","Juzu Bracelet","SlaversCollar","Red Mask","Du-Vu Doll"],"acts_visited":["Exordium","TheCity"],"potions_floor_usage":[1,4,18,21,21,21],"damage_taken":[{"damage":2,"enemies":"Small Slimes","floor":1,"turns":6},{"damage":2,"enemies":"2 Louse","floor":3,"turns":4},{"damage":2,"enemies":"Cultist","floor":4,"turns":5},{"damage":4,"enemies":"2 Fungi Beasts","floor":5,"turns":4},{"damage":54,"enemies":"Gremlin Nob","floor":7,"turns":4},{"damage":6,"enemies":"3 Louse","floor":11,"turns":6},{"damage":0,"enemies":"Blue Slaver","floor":14,"turns":5},{"damage":48,"enemies":"Slime Boss","floor":16,"turns":18},{"damage":49,"enemies":"Spheric Guardian","floor":18,"turns":6},{"damage":28,"enemies":"Masked Bandits","floor":21,"turns":7},{"damage":35,"enemies":"Chosen","floor":25,"turns":9},{"damage":33,"enemies":"Shelled Parasite and Fungi","floor":29,"turns":6},{"damage":3,"enemies":"Chosen and Byrds","floor":31,"turns":3}],"seed_played":"2007082032458125778","potions_obtained":[{"floor":1,"key":"EntropicBrew"},{"floor":3,"key":"FairyPotion"},{"floor":11,"key":"Ancient Potion"},{"floor":16,"key":"ColorlessPotion"},{"floor":18,"key":"Fire Potion"},{"floor":29,"key":"SneckoOil"}],"is_trial":false,"path_per_floor":["M","?","M","M","M","R","E","R","T","?","M","?","R","M","R","B",null,"M","?","?","?","$","R","?","M","T","?","R","M","$","M"],"character_chosen":"WATCHER","items_purchased":[],"campfire_rested":6,"item_purchase_floors":[],"current_hp_per_floor":[49,35,33,31,27,48,21,42,42,42,36,36,57,57,72,24,72,23,72,72,44,44,65,49,14,14,14,35,2,2,0,0],"gold":405,"neow_bonus":"TWO_FIFTY_GOLD","is_daily":false,"chose_seed":false,"campfire_upgraded":0,"win_rate":0.0,"timestamp":1608018883,"path_taken":["M","?","M","M","M","R","E","R","T","?","M","?","R","M","R","BOSS","M","?","?","?","$","R","?","M","T","?","R","M","?","M"],"items_purchased_type":[],"build_version":"2020-12-13","purchased_purges":2,"victory":false,"max_hp_per_floor":[72,72,72,72,72,72,72,72,72,72,72,72,72,72,72,72,72,72,72,72,72,72,72,72,72,72,72,72,72,72,72,72],"card_choices":[{"not_picked":["SandsOfTime","Vengeance","Swivel"],"picked":"SKIP","floor":1},{"not_picked":["Protect","SashWhip"],"picked":"TalkToTheHand","floor":3},{"not_picked":["BattleHymn","Prostrate","Study"],"picked":"SKIP","floor":4},{"not_picked":["Protect","FlurryOfBlows","WreathOfFlame"],"picked":"SKIP","floor":5},{"not_picked":["Vengeance","Evaluate","EmptyFist"],"picked":"SKIP","floor":7},{"not_picked":["FlurryOfBlows","Fasting2","Prostrate"],"picked":"SKIP","floor":11},{"not_picked":["Evaluate","Weave","Indignation"],"picked":"SKIP","floor":14},{"not_picked":["PathToVictory","Protect","Prostrate+1"],"picked":"SKIP","floor":18},{"not_picked":["Adaptation","SashWhip+1"],"picked":"FearNoEvil","floor":25},{"not_picked":["WindmillStrike","Vengeance+1","Evaluate"],"picked":"SKIP","floor":29}],"player_experience":230699,"relics_obtained":[{"floor":7,"key":"Juzu Bracelet"},{"floor":21,"key":"Red Mask"},{"floor":26,"key":"Du-Vu Doll"}],"event_choices":[{"damage_healed":0,"gold_gain":0,"player_choice":"Entered Light","damage_taken":14,"max_hp_gain":0,"max_hp_loss":0,"event_name":"Shining Light","floor":2,"gold_loss":0,"cards_upgraded":["Strike_P","Vigilance"]},{"cards_removed":["Strike_P"],"damage_healed":0,"gold_gain":0,"player_choice":"Forget","damage_taken":0,"max_hp_gain":0,"max_hp_loss":0,"event_name":"Living Wall","floor":10,"gold_loss":0},{"cards_removed":["Defend_P"],"damage_healed":0,"gold_gain":0,"player_choice":"Card Removal","damage_taken":0,"max_hp_gain":0,"max_hp_loss":0,"event_name":"The Cleric","floor":12,"gold_loss":50},{"cards_removed":["TalkToTheHand"],"damage_healed":49,"gold_gain":0,"player_choice":"Offered Uncommon","damage_taken":0,"max_hp_gain":0,"max_hp_loss":0,"event_name":"Bonfire Elementals","floor":19,"gold_loss":0},{"damage_healed":0,"gold_gain":0,"player_choice":"Read","damage_taken":0,"max_hp_gain":0,"max_hp_loss":0,"event_name":"The Library","floor":20,"gold_loss":0,"cards_obtained":["Adaptation"]},{"damage_healed":0,"gold_gain":0,"player_choice":"Fought Bandits","damage_taken":0,"max_hp_gain":0,"max_hp_loss":0,"event_name":"Masked Bandits","floor":21,"gold_loss":0},{"damage_healed":0,"gold_gain":0,"player_choice":"Obtained Book","damage_taken":16,"max_hp_gain":0,"max_hp_loss":0,"event_name":"Cursed Tome","floor":24,"gold_loss":0},{"damage_healed":0,"gold_gain":0,"player_choice":"Smashed Altar","damage_taken":0,"max_hp_gain":0,"max_hp_loss":0,"event_name":"Forgotten Altar","floor":27,"gold_loss":0,"cards_obtained":["Decay"]}],"is_beta":false,"boss_relics":[{"not_picked":["Ectoplasm","Black Star"],"picked":"SlaversCollar"}],"items_purged_floors":[22,30],"is_endless":false,"potions_floor_spawned":[1,3,11,16,18,29],"killed_by":"Chosen and Byrds","ascension_level":0}}