{"host":"z26j60ycepuqi9th","time":1608026026,"event":{"mods":["Act Like it!","BaseMod","CapriCore","Card Filter","Card Forge","DeckTracker","Dota2Spire","Friendly Minions","Highlight Path","Mari Mod (Legacy)","Mari\u0027s V1 Patch","Minty Spire (QoL Compilation)","MostiFishMod","Permanent Neow","Quick Restart","Relic Stats","Robot Space Explorer","Shop Mod","Spicy Shops","StSLib","SuperFastMode","TestMod","The Alterego","The Dragon Tamer","TheWitcher","[地精首领爬塔]The Maniac","【遗物卡牌】REMEMod","篝火指南"],"gold_per_floor":[116,116,130,147,163,197,212,612,612,640,657,670,670,670,670],"floor_reached":14,"playtime":698,"items_purged":[],"score":104,"play_id":"73ae6f1b-5ee7-4332-a467-68f039e1fad6","local_time":"20201215175346","is_ascension_mode":false,"campfire_choices":[{"data":"MostiFishMod:StarOceanB","floor":13,"key":"SMITH"}],"circlet_count":0,"master_deck":["RobotSpaceExplorer:Strike","RobotSpaceExplorer:Strike","RobotSpaceExplorer:Strike","RobotSpaceExplorer:Defend","RobotSpaceExplorer:Defend","RobotSpaceExplorer:Defend","RobotSpaceExplorer:Scan","RobotSpaceExplorer:MiniLasers","MostiFishMod:StarOceanB+1","RobotSpaceExplorer:ToxicBomb","RobotSpaceExplorer:StarLightning","RobotSpaceExplorer:MiniBoosters","RobotSpaceExplorer:ShockMissile"],"relics":["RobotSpaceExplorer:RoboCore","Hammer of Thor","Seething Fire","Anvil of the Gods","testmod-TestBox","REME_ComplimentaryCards","testmod-Nyarlathotep","ImprovedEquipment","Question Card","Blood Vial","Dota2Spire:BattleFury","REME_HourglassOfDeath"],"acts_visited":["Exordium"],"potions_floor_usage":[10,10],"damage_taken":[{"damage":0,"enemies":"Small Slimes","floor":1,"turns":7},{"damage":0,"enemies":"Cultist","floor":3,"turns":3},{"damage":0,"enemies":"Jaw Worm","floor":4,"turns":3},{"damage":10,"enemies":"3 Louse","floor":5,"turns":3},{"damage":44,"enemies":"Lagavulin","floor":6,"turns":8},{"damage":1,"enemies":"Red Slaver","floor":7,"turns":3},{"damage":20,"enemies":"Gremlin Nob","floor":10,"turns":4},{"damage":4,"enemies":"Looter","floor":11,"turns":3},{"damage":0,"enemies":"Large Slime","floor":12,"turns":4},{"damage":22,"enemies":"Lagavulin","floor":14,"turns":5}],"seed_played":"7533824986082207842","potions_obtained":[{"floor":1,"key":"BlessingOfTheForge"},{"floor":3,"key":"DistilledChaos"},{"floor":6,"key":"PowerPotion"},{"floor":10,"key":"SneckoOil"},{"floor":12,"key":"Explosive Potion"}],"is_trial":false,"path_per_floor":["M","?","M","M","M","E","M","?","T","E","M","M","R","E"],"character_chosen":"RobotSpaceExplorer","items_purchased":[],"campfire_rested":0,"item_purchase_floors":[],"current_hp_per_floor":[75,75,75,75,65,21,22,22,22,4,2,4,4,0,0],"gold":670,"neow_bonus":"REMOVE_CARD","is_daily":false,"chose_seed":false,"campfire_upgraded":1,"win_rate":0.0,"timestamp":1608026026,"path_taken":["M","?","M","?","?","E","M","?","T","E","M","M","R","E"],"items_purchased_type":[],"build_version":"2020-12-13","purchased_purges":0,"victory":false,"max_hp_per_floor":[75,75,75,75,75,75,75,75,75,75,75,75,75,75,75],"relic_stats":{"Blood Vial":10,"counters":[10,41],"Question Card":8,"obtain_stats":[{"testmod-TestBox":0,"DaveBox":0,"ImprovedEquipment":0,"RobotSpaceExplorer:RoboCore":0,"Hammer of Thor":0,"Dota2Spire:BattleFury":9,"Seething Fire":0,"testmod-Nyarlathotep":0,"Question Card":1,"Blood Vial":6,"REME_HourglassOfDeath":10,"Anvil of the Gods":0,"REME_ComplimentaryCards":0},{"testmod-TestBox":0,"DaveBox":0,"ImprovedEquipment":0,"RobotSpaceExplorer:RoboCore":0,"Hammer of Thor":0,"Dota2Spire:BattleFury":6,"Seething Fire":0,"testmod-Nyarlathotep":0,"Question Card":1,"Blood Vial":5,"REME_HourglassOfDeath":7,"Anvil of the Gods":0,"REME_ComplimentaryCards":0},{"testmod-TestBox":0,"DaveBox":0,"ImprovedEquipment":0,"RobotSpaceExplorer:RoboCore":0,"Hammer of Thor":0,"Dota2Spire:BattleFury":27,"Seething Fire":0,"testmod-Nyarlathotep":0,"Question Card":7,"Blood Vial":24,"REME_HourglassOfDeath":31,"Anvil of the Gods":0,"REME_ComplimentaryCards":0}]},"card_choices":[{"not_picked":["RobotSpaceExplorer:MetalStrike","RobotSpaceExplorer:Ammunition","RobotSpaceExplorer:SelfCleaning"],"picked":"SKIP","floor":1},{"not_picked":["RobotSpaceExplorer:MetalStrike","RobotSpaceExplorer:Ammunition","RobotSpaceExplorer:Pulsar"],"picked":"RobotSpaceExplorer:StarLightning","floor":3},{"not_picked":["RobotSpaceExplorer:FrostMissile","RobotSpaceExplorer:ScrapShield","RobotSpaceExplorer:SwiftStep","RobotSpaceExplorer:GlueShot"],"picked":"SKIP","floor":4},{"not_picked":["RobotSpaceExplorer:Pulsar","RobotSpaceExplorer:Fix","RobotSpaceExplorer:StarLightning"],"picked":"RobotSpaceExplorer:MiniBoosters","floor":5},{"not_picked":["RobotSpaceExplorer:SelfCleaning","RobotSpaceExplorer:ScrapToss","RobotSpaceExplorer:Probe"],"picked":"RobotSpaceExplorer:ShockMissile","floor":6},{"not_picked":["RobotSpaceExplorer:SurgingStrike","RobotSpaceExplorer:MiniDrones","RobotSpaceExplorer:Ammunition","RobotSpaceExplorer:FrostMissile"],"picked":"SKIP","floor":7},{"not_picked":["RobotSpaceExplorer:Blitz","RobotSpaceExplorer:SurgingShield","RobotSpaceExplorer:Counterblock","RobotSpaceExplorer:MiniDrones"],"picked":"SKIP","floor":10},{"not_picked":["RobotSpaceExplorer:DoubleFind","RobotSpaceExplorer:SurgingShield","RobotSpaceExplorer:TurboDodge","RobotSpaceExplorer:SlimeMissile"],"picked":"SKIP","floor":11},{"not_picked":["RobotSpaceExplorer:SlimeMissile","RobotSpaceExplorer:FreezingShield","RobotSpaceExplorer:ImprovisedAttack","RobotSpaceExplorer:MetalStrike"],"picked":"SKIP","floor":12}],"player_experience":109311,"relics_obtained":[{"floor":1,"key":"Question Card"},{"floor":6,"key":"Blood Vial"},{"floor":9,"key":"Dota2Spire:BattleFury"},{"floor":10,"key":"REME_HourglassOfDeath"}],"event_choices":[{"damage_healed":0,"gold_gain":0,"cards_transformed":["RobotSpaceExplorer:Defend"],"player_choice":"Transformed","damage_taken":0,"max_hp_gain":0,"max_hp_loss":0,"event_name":"Transmorgrifier","floor":2,"gold_loss":0,"cards_obtained":["RobotSpaceExplorer:ToxicBomb"]},{"damage_healed":0,"gold_gain":400,"player_choice":"Sell","damage_taken":0,"max_hp_gain":0,"max_hp_loss":0,"event_name":"恩洛斯的盘子","floor":8,"relics_lost":["DaveBox"],"gold_loss":0}],"is_beta":false,"boss_relics":[],"items_purged_floors":[],"is_endless":false,"potions_floor_spawned":[1,3,6,10,12],"killed_by":"Lagavulin","ascension_level":0}}