{"host":"zekcc3vicrep0och","time":1608023507,"event":{"mods":["AchievementEnabler","BaseMod","Colored Map","Colored Powertips","Displayed Cursed Tome","Minty Spire (QoL Compilation)","Relic Stats","StSLib"],"gold_per_floor":[112,112,124,139,159,191,191,222,246,271,271,286,302,45,45,150,150,162,38,38,0,17,17,17,51,128,148,176,176,208,218,218,317,317,335,335,335,350,12,43,43,59,59,71,71,100,110,136,136,136],"floor_reached":51,"playtime":2713,"items_purged":["Defend_B","Defend_B"],"score":1171,"play_id":"ce832fbd-5df4-447d-a4e8-53bf6f965045","local_time":"20201215121147","is_ascension_mode":true,"campfire_choices":[{"data":"Defragment","floor":7.0,"key":"SMITH"},{"floor":15.0,"key":"REST"},{"data":"Chill","floor":23.0,"key":"SMITH"},{"data":"Hologram","floor":29.0,"key":"SMITH"},{"data":"Sunder","floor":32.0,"key":"SMITH"},{"data":"Go for the Eyes","floor":41.0,"key":"SMITH"},{"data":"Electrodynamics","floor":45.0,"key":"SMITH"},{"floor":49.0,"key":"REST"}],"circlet_count":0,"master_deck":["Strike_B","Strike_B","Strike_B","Strike_B+1","Defend_B","Defend_B+1","Zap+1","Dualcast+1","Good Instincts","Conserve Battery","Ball Lightning","Defragment+1","Sweeping Beam","Hologram+1","Chill+1","Conserve Battery+1","Glacier","Go for the Eyes+1","Reboot","White Noise+1","Core Surge","Sunder+1","Fusion+1","Stack+1","BootSequence+1","Ball Lightning+1","Electrodynamics+1","Force Field+1","Storm+1","Hologram+1"],"relics":["Cracked Core","StrikeDummy","Nunchaku","Oddly Smooth Stone","Juzu Bracelet","Orichalcum","Black Star","Ginger","Emotion Chip","Eternal Feather","War Paint","Potion Belt","Omamori","Smiling Mask","Cursed Key","Sling","Strawberry","PreservedInsect","Torii","Anchor","Boot","Akabeko","Singing Bowl","Ice Cream"],"acts_visited":["Exordium","TheCity","TheBeyond"],"potions_floor_usage":[],"damage_taken":[{"damage":0.0,"enemies":"2 Louse","floor":1.0,"turns":2.0},{"damage":0.0,"enemies":"Cultist","floor":3.0,"turns":3.0},{"damage":0.0,"enemies":"Jaw Worm","floor":4.0,"turns":3.0},{"damage":3.0,"enemies":"Blue Slaver","floor":5.0,"turns":3.0},{"damage":28.0,"enemies":"Gremlin Nob","floor":6.0,"turns":4.0},{"damage":12.0,"enemies":"Lagavulin","floor":8.0,"turns":5.0},{"damage":8.0,"enemies":"Gremlin Nob","floor":10.0,"turns":3.0},{"damage":0.0,"enemies":"Exordium Wildlife","floor":12.0,"turns":2.0},{"damage":1.0,"enemies":"Lots of Slimes","floor":13.0,"turns":2.0},{"damage":1.0,"enemies":"Slime Boss","floor":16.0,"turns":6.0},{"damage":0.0,"enemies":"Chosen","floor":18.0,"turns":3.0},{"damage":0.0,"enemies":"Spheric Guardian","floor":22.0,"turns":4.0},{"damage":0.0,"enemies":"Gremlin Leader","floor":25.0,"turns":6.0},{"damage":11.0,"enemies":"Cultist and Chosen","floor":27.0,"turns":7.0},{"damage":10.0,"enemies":"Book of Stabbing","floor":28.0,"turns":6.0},{"damage":14.0,"enemies":"Gremlin Leader","floor":30.0,"turns":9.0},{"damage":0.0,"enemies":"Snake Plant","floor":31.0,"turns":7.0},{"damage":47.0,"enemies":"Collector","floor":33.0,"turns":10.0},{"damage":2.0,"enemies":"3 Darklings","floor":35.0,"turns":3.0},{"damage":0.0,"enemies":"Orb Walker","floor":38.0,"turns":4.0},{"damage":33.0,"enemies":"Giant Head","floor":40.0,"turns":9.0},{"damage":6.0,"enemies":"Jaw Worm Horde","floor":42.0,"turns":5.0},{"damage":0.0,"enemies":"Spire Growth","floor":44.0,"turns":6.0},{"damage":24.0,"enemies":"Nemesis","floor":46.0,"turns":7.0},{"damage":1.0,"enemies":"Transient","floor":47.0,"turns":5.0},{"damage":1.0,"enemies":"Reptomancer","floor":48.0,"turns":5.0},{"damage":62,"enemies":"Time Eater","floor":50,"turns":14}],"seed_played":"-2970790612379668297","potions_obtained":[{"floor":3.0,"key":"Weak Potion"},{"floor":6.0,"key":"Strength Potion"},{"floor":10.0,"key":"SkillPotion"},{"floor":12.0,"key":"Weak Potion"},{"floor":13.0,"key":"PowerPotion"},{"floor":22.0,"key":"Strength Potion"},{"floor":25.0,"key":"Regen Potion"},{"floor":28.0,"key":"LiquidMemories"},{"floor":33.0,"key":"FearPotion"},{"floor":38.0,"key":"Swift Potion"},{"floor":44.0,"key":"SkillPotion"}],"is_trial":false,"path_per_floor":["M","?","M","M","M","E","R","E","T","E","?","M","M","$","R","B",null,"M","$","?","?","M","R","?","E","T","M","E","R","E","M","R","B",null,"M","?","?","M","$","E","R","M","T","M","R","E","M","E","R","B",null],"character_chosen":"DEFECT","items_purchased":["Orichalcum","DistilledChaos","Go for the Eyes","FocusPotion","Sling","Strawberry"],"campfire_rested":2,"item_purchase_floors":[14,14,14,19,39,39],"current_hp_per_floor":[68,68,68,68,65,37,37,25,25,17,2,2,1,1,23,22,62,62,62,62,62,62,62,56,56,56,45,50,65,51,51,66,19,61,59,59,59,59,66,33,48,42,42,42,57,33,32,33,75,13],"gold":136,"neow_bonus":"RANDOM_COLORLESS","is_daily":false,"chose_seed":false,"campfire_upgraded":6,"win_rate":0.0,"timestamp":1608023507,"path_taken":["M","?","M","M","M","E","R","E","T","E","?","M","M","$","R","BOSS","M","$","?","?","M","R","?","E","T","M","E","R","E","M","R","BOSS","M","?","?","M","$","E","R","M","T","M","R","E","M","E","R","BOSS"],"items_purchased_type":["Relic","Potion","Card","Potion","Relic","Relic"],"build_version":"2020-12-13","purchased_purges":2,"victory":true,"max_hp_per_floor":[75,75,75,75,75,75,75,75,75,75,75,75,75,75,75,75,75,75,75,75,75,75,75,75,75,75,75,75,75,75,75,75,75,75,75,75,71,71,78,78,78,78,78,78,78,78,78,80,80,80],"relic_stats":{"Torii":14,"Singing Bowl":2,"counters":[27,143],"Eternal Feather":78,"PreservedInsect":111,"Juzu Bracelet":3,"Ginger":[17],"Orichalcum":[24],"War Paint":["Defend_B","Conserve Battery"],"Smiling Mask":50,"Cursed Key":1,"Boot":[3],"Nunchaku":[21],"Emotion Chip":[63,35,24,0,4],"Black Star":6,"obtain_stats":[{"Potion Belt":28,"Ice Cream":48,"Torii":40,"Singing Bowl":48,"Oddly Smooth Stone":9,"Eternal Feather":26,"PreservedInsect":40,"Juzu Bracelet":10,"Omamori":30,"Ginger":25,"Orichalcum":14,"War Paint":28,"Smiling Mask":30,"Cursed Key":34,"Sling":39,"Boot":46,"Akabeko":46,"Nunchaku":8,"Emotion Chip":25,"Anchor":43,"Strawberry":39,"Black Star":17,"Cracked Core":0,"StrikeDummy":6},{"Potion Belt":15,"Ice Cream":26,"Torii":21,"Singing Bowl":26,"Oddly Smooth Stone":6,"Eternal Feather":13,"PreservedInsect":21,"Juzu Bracelet":7,"Omamori":16,"Ginger":13,"Orichalcum":9,"War Paint":15,"Smiling Mask":16,"Cursed Key":18,"Sling":20,"Boot":24,"Akabeko":24,"Nunchaku":6,"Emotion Chip":13,"Anchor":22,"Strawberry":20,"Black Star":10,"Cracked Core":0,"StrikeDummy":5},{"Potion Belt":59,"Ice Cream":129,"Torii":101,"Singing Bowl":129,"Oddly Smooth Stone":20,"Eternal Feather":46,"PreservedInsect":101,"Juzu Bracelet":23,"Omamori":68,"Ginger":46,"Orichalcum":27,"War Paint":59,"Smiling Mask":68,"Cursed Key":85,"Sling":92,"Boot":119,"Akabeko":119,"Nunchaku":20,"Emotion Chip":46,"Anchor":106,"Strawberry":92,"Black Star":33,"Cracked Core":0,"StrikeDummy":15}]},"card_choices":[{"not_picked":["Trip","Deep Breath"],"picked":"Good Instincts","floor":0.0},{"not_picked":["Leap","Steam Power"],"picked":"Conserve Battery","floor":1.0},{"not_picked":["Loop","Sweeping Beam"],"picked":"Ball Lightning","floor":3.0},{"not_picked":["Compile Driver","Rebound"],"picked":"Defragment","floor":4.0},{"not_picked":["Stack","Beam Cell","Redo"],"picked":"SKIP","floor":5.0},{"not_picked":["Heatsinks","Recycle"],"picked":"Sweeping Beam","floor":6.0},{"not_picked":["Go for the Eyes","Beam Cell"],"picked":"Hologram","floor":8.0},{"not_picked":["FTL","Capacitor"],"picked":"Chill","floor":10.0},{"not_picked":["Go for the Eyes","Hologram"],"picked":"Conserve Battery","floor":12.0},{"not_picked":["Go for the Eyes","Core Surge"],"picked":"Glacier","floor":13.0},{"not_picked":["Thunder Strike","Biased Cognition"],"picked":"Reboot","floor":16.0},{"not_picked":["Rebound","Gash"],"picked":"White Noise+1","floor":18.0},{"not_picked":["Scrape","Steam Power"],"picked":"Sunder","floor":22.0},{"not_picked":["Gash","Storm"],"picked":"Fusion+1","floor":25.0},{"not_picked":["Fusion","Barrage"],"picked":"Static Discharge","floor":27.0},{"not_picked":["Leap","Redo"],"picked":"Stack+1","floor":28.0},{"not_picked":["Rebound","Steam Power"],"picked":"BootSequence+1","floor":30.0},{"not_picked":["Conserve Battery+1","Hologram+1"],"picked":"Ball Lightning+1","floor":31.0},{"not_picked":["Creative AI","Machine Learning"],"picked":"Electrodynamics","floor":33.0},{"not_picked":["Undo","Hologram+1"],"picked":"Force Field+1","floor":35.0},{"not_picked":["Gash+1","Turbo","Rip and Tear+1"],"picked":"SKIP","floor":38.0},{"not_picked":["Tempest","Barrage+1","Steam"],"picked":"SKIP","floor":40.0},{"not_picked":["Go for the Eyes","Redo"],"picked":"Storm+1","floor":42.0},{"not_picked":["All For One","Beam Cell","Streamline+1"],"picked":"SKIP","floor":44.0},{"not_picked":["Stack","Chill+1"],"picked":"Hologram+1","floor":46.0},{"not_picked":["Stack+1","Tempest","Coolheaded"],"picked":"SKIP","floor":47.0},{"not_picked":["Chill","Rebound+1","Sweeping Beam"],"picked":"Singing Bowl","floor":48.0}],"player_experience":412220,"relics_obtained":[{"floor":6.0,"key":"StrikeDummy"},{"floor":8.0,"key":"Nunchaku"},{"floor":9.0,"key":"Oddly Smooth Stone"},{"floor":10.0,"key":"Juzu Bracelet"},{"floor":25.0,"key":"Ginger"},{"floor":25.0,"key":"Emotion Chip"},{"floor":26.0,"key":"Eternal Feather"},{"floor":28.0,"key":"War Paint"},{"floor":28.0,"key":"Potion Belt"},{"floor":30.0,"key":"Omamori"},{"floor":30.0,"key":"Smiling Mask"},{"floor":40.0,"key":"PreservedInsect"},{"floor":40.0,"key":"Torii"},{"floor":43.0,"key":"Anchor"},{"floor":46.0,"key":"Boot"},{"floor":46.0,"key":"Akabeko"},{"floor":48.0,"key":"Singing Bowl"},{"floor":48.0,"key":"Ice Cream"}],"event_choices":[{"damage_healed":0.0,"max_hp_gain":0.0,"max_hp_loss":0.0,"gold_gain":0.0,"event_name":"Accursed Blacksmith","player_choice":"Forge","floor":2.0,"gold_loss":0.0,"damage_taken":0.0,"cards_upgraded":["Zap"]},{"damage_healed":0.0,"max_hp_gain":0.0,"max_hp_loss":0.0,"gold_gain":0.0,"event_name":"Shining Light","player_choice":"Entered Light","floor":11.0,"gold_loss":0.0,"damage_taken":15.0,"cards_upgraded":["Strike_B","Dualcast"]},{"damage_healed":0.0,"max_hp_gain":0.0,"max_hp_loss":0.0,"gold_gain":0.0,"event_name":"Match and Keep!","player_choice":"1 cards matched","floor":20.0,"gold_loss":0.0,"damage_taken":0.0,"cards_obtained":["Core Surge"]},{"damage_healed":0.0,"max_hp_gain":0.0,"max_hp_loss":0.0,"gold_gain":0.0,"event_name":"Masked Bandits","player_choice":"Paid Fearfully","floor":21.0,"gold_loss":38.0,"damage_taken":0.0},{"damage_healed":0.0,"max_hp_gain":0.0,"max_hp_loss":0.0,"gold_gain":0.0,"event_name":"Knowing Skull","player_choice":"","floor":24.0,"potions_obtained":[],"gold_loss":0.0,"damage_taken":6.0,"cards_obtained":[]},{"cards_removed":["Static Discharge"],"damage_healed":0.0,"max_hp_gain":0.0,"max_hp_loss":0.0,"gold_gain":0.0,"event_name":"Falling","player_choice":"Removed Power","floor":36.0,"gold_loss":0.0,"damage_taken":0.0},{"damage_healed":0.0,"max_hp_gain":0.0,"max_hp_loss":4.0,"gold_gain":0.0,"event_name":"Winding Halls","player_choice":"Max HP","floor":37.0,"gold_loss":0.0,"damage_taken":0.0}],"is_beta":false,"boss_relics":[{"not_picked":["SacredBark","Velvet Choker"],"picked":"Black Star"},{"not_picked":["SlaversCollar","Runic Pyramid"],"picked":"Cursed Key"}],"items_purged_floors":[19,39],"is_endless":false,"potions_floor_spawned":[3,6,10,12,13,22,25,28,33,38,44],"ascension_level":9}}