{"host":"dl5mjdlimopbuch5","time":1608071782,"event":{"mods":["AchievementEnabler","BaseMod","Colored Powertips","Googly Eyes","Minty Spire (QoL Compilation)","Quick Restart"],"gold_per_floor":[110,110,43,218,235,265,283,283,310,262,287,287,314,327,327,425,425,435,350,350,365,365,365,365,365],"floor_reached":24,"playtime":417,"items_purged":[],"score":315,"play_id":"e6641796-e2f3-4632-8998-482d2a7a68ee","local_time":"20201215223622","is_ascension_mode":true,"campfire_choices":[{"floor":15,"key":"REST"},{"floor":23,"key":"REST"}],"circlet_count":0,"master_deck":["Strike_G","Strike_G","Strike_G","Strike_G","Strike_G","Defend_G","Defend_G","Defend_G","Defend_G","Defend_G","Survivor","Neutralize","Accuracy","Doubt","Poisoned Stab","Corpse Explosion","Regret","Deadly Poison","Corpse Explosion","Ghostly","Ghostly","Ghostly","Ghostly","Ghostly"],"relics":["Ring of the Snake","NeowsBlessing","Regal Pillow","Gambling Chip","Juzu Bracelet","Boot","Bag of Marbles","Snake Skull","Snecko Eye","Art of War"],"acts_visited":["Exordium","TheCity"],"potions_floor_usage":[16],"damage_taken":[{"damage":0,"enemies":"Jaw Worm","floor":1,"turns":1},{"damage":0,"enemies":"Small Slimes","floor":5,"turns":1},{"damage":0,"enemies":"Lagavulin","floor":6,"turns":1},{"damage":5,"enemies":"2 Louse","floor":7,"turns":3},{"damage":18,"enemies":"Blue Slaver","floor":14,"turns":3},{"damage":59,"enemies":"Hexaghost","floor":16,"turns":10},{"damage":39,"enemies":"2 Thieves","floor":18,"turns":3},{"damage":20,"enemies":"Shell Parasite","floor":21,"turns":4},{"damage":42,"enemies":"Gremlin Leader","floor":24,"turns":4}],"seed_played":"-1296494139653283952","potions_obtained":[{"floor":5,"key":"BlessingOfTheForge"},{"floor":7,"key":"DistilledChaos"},{"floor":14,"key":"Weak Potion"}],"is_trial":false,"path_per_floor":["M","?","$","?","M","E","M","?","T","$","T","?","T","M","R","B",null,"M","?","?","M","?","R","E"],"character_chosen":"THE_SILENT","items_purchased":["Accuracy","Deadly Poison"],"campfire_rested":2,"item_purchase_floors":[3,10],"current_hp_per_floor":[70,70,70,70,70,70,65,65,65,65,65,53,53,35,70,11,70,31,31,31,11,11,35,0,0],"gold":365,"neow_bonus":"THREE_ENEMY_KILL","is_daily":false,"chose_seed":false,"campfire_upgraded":0,"win_rate":0.0,"timestamp":1608071782,"path_taken":["M","?","$","?","M","E","M","?","T","$","?","?","?","M","R","BOSS","M","?","?","M","?","R","E"],"items_purchased_type":["Card","Card"],"build_version":"2020-12-13","purchased_purges":0,"victory":false,"max_hp_per_floor":[70,70,70,70,70,70,70,70,70,70,70,70,70,70,70,70,70,70,70,70,70,35,35,35,35],"card_choices":[{"not_picked":["Outmaneuver","Dodge and Roll","Leg Sweep"],"picked":"SKIP","floor":1},{"not_picked":["Acrobatics","Predator","Outmaneuver"],"picked":"SKIP","floor":5},{"not_picked":["Choke","Predator"],"picked":"Poisoned Stab","floor":6},{"not_picked":["Prepared","Backflip"],"picked":"Corpse Explosion","floor":7},{"not_picked":["Deflect","Terror","Flying Knee"],"picked":"SKIP","floor":14},{"not_picked":["After Image","Unload"],"picked":"Corpse Explosion","floor":16},{"not_picked":["Blade Dance","Dodge and Roll","Acrobatics"],"picked":"SKIP","floor":18},{"not_picked":["Quick Slash+1","Dagger Spray","PiercingWail"],"picked":"SKIP","floor":21}],"player_experience":228652,"relics_obtained":[{"floor":6,"key":"Regal Pillow"},{"floor":9,"key":"Juzu Bracelet"},{"floor":11,"key":"Boot"},{"floor":13,"key":"Snake Skull"}],"event_choices":[{"damage_healed":0,"gold_gain":0,"player_choice":"Ignored","damage_taken":0,"max_hp_gain":0,"max_hp_loss":0,"event_name":"Golden Wing","floor":2,"gold_loss":0},{"damage_healed":0,"gold_gain":175,"player_choice":"AGREE","damage_taken":0,"max_hp_gain":0,"max_hp_loss":0,"event_name":"Liars Game","floor":4,"gold_loss":0,"cards_obtained":["Doubt"]},{"damage_healed":0,"gold_gain":0,"player_choice":"Box","damage_taken":0,"relics_obtained":["Gambling Chip"],"max_hp_gain":0,"max_hp_loss":0,"event_name":"Big Fish","floor":8,"gold_loss":0,"cards_obtained":["Regret"]},{"damage_healed":0,"gold_gain":0,"player_choice":"Success","damage_taken":12,"relics_obtained":["Bag of Marbles"],"max_hp_gain":0,"max_hp_loss":0,"event_name":"Scrap Ooze","floor":12,"gold_loss":0},{"damage_healed":0,"gold_gain":0,"player_choice":"Obtained Relic","damage_taken":0,"relics_obtained":["Art of War"],"max_hp_gain":0,"max_hp_loss":0,"event_name":"Addict","floor":19,"gold_loss":85},{"damage_healed":0,"gold_gain":0,"player_choice":"Ignored","damage_taken":0,"max_hp_gain":0,"max_hp_loss":0,"event_name":"Vampires","floor":20,"gold_loss":0},{"damage_healed":0,"gold_gain":0,"player_choice":"Became a Ghost","damage_taken":0,"max_hp_gain":0,"max_hp_loss":35,"event_name":"Ghosts","floor":22,"gold_loss":0,"cards_obtained":["Ghostly","Ghostly","Ghostly","Ghostly","Ghostly"]}],"is_beta":false,"boss_relics":[{"not_picked":["Sozu","HoveringKite"],"picked":"Snecko Eye"}],"items_purged_floors":[],"is_endless":false,"potions_floor_spawned":[5,7,14],"killed_by":"Gremlin Leader","ascension_level":4}}