{"host":"yhemb00fn7g5zwp1","time":1608025689,"event":{"mods":["AchievementEnabler","Act Like it!","BaseMod","CapriCore","Gensokyo","Hallownest","Highlight Path","KinomotoSakuraMod(Ä¾Ö®±¾Ó£)","Koishi","KomeijiMod","Marisa£¨ìFÓê¡¡Ä§ÀíÉ³£©","Minty Spire (QoL Compilation)","MostiFishMod","Pale of the Ancients","Prisma Mod","Reimu£¨²©ÀöÁéÃÎ£©","Remilia£¨ÀÙÃ×ÀòÑÇ£©","StSLib","Td1madao Mod","The Factory","The Hayseed","The Servant 0.9.4","Youmu£¨»êÆÇÑýÃÎ£©","Yuyuko","¡¾¶«·½¶þ´Î´´×÷¡¿°ËÔÆ×Ïmod","¡¾ÒÅÎï¿¨ÅÆ¡¿REMEMod"],"gold_per_floor":[217,227,240,43,43,58,58,58,139,139,219,149,159,159,159,236,236,251,264,274,81,0,0,0,0,0,0,34,34,34,52,52,52,52],"floor_reached":33,"playtime":1037,"items_purged":["Pain"],"score":486,"play_id":"f8dc6a23-952f-43fe-aa15-87786c83832d","local_time":"20201215174809","is_ascension_mode":true,"campfire_choices":[{"data":"Armaments","floor":15,"key":"SMITH"},{"data":"Feed","floor":23,"key":"SMITH"},{"data":"MostiFishMod:UltimateDefense","floor":25,"key":"SMITH"},{"floor":29,"key":"REST"},{"data":"Reaper","floor":32,"key":"SMITH"}],"circlet_count":0,"master_deck":["AscendersBane","Strike_R","Strike_R+1","Strike_R","Strike_R+1","Strike_R","Defend_R","Defend_R","Defend_R","Defend_R","Master of Strategy","Body Slam+1","Iron Wave","Armaments+1","MostiFishMod:UltimateDefense+1","Armaments+1","Warcry+1","Entrench+1","Feed+1","Warcry+1","Body Slam+1","True Grit+1","Shrug It Off+1","Gensokyo:MenInBlack+1","Shrug It Off+1","Searing Blow","Reaper+1"],"relics":["Burning Blood","REME_ComplimentaryCards","DaveBox","JellyFishMachine","Question Card","Gensokyo:NagashiBinaDoll","Happy Flower","Toxic Egg 2","Gensokyo:LunaticRedEyes","REME_HourglassOfDeath","ImportantClient","xbg","Membership Card","Omamori","Pantograph","WingedGreaves"],"acts_visited":["Exordium","Gensokyo:Gensokyo"],"potions_floor_usage":[13,16,28],"damage_taken":[{"damage":6,"enemies":"Gensokyo:Gryphon","floor":1,"turns":3},{"damage":6,"enemies":"Gensokyo:2_Kodama","floor":2,"turns":3},{"damage":2,"enemies":"Gensokyo:3_Fairies","floor":3,"turns":3},{"damage":3,"enemies":"Gensokyo:2_Rabbits","floor":6,"turns":4},{"damage":6,"enemies":"Gensokyo:LivingMonolith","floor":13,"turns":3},{"damage":7,"enemies":"Gensokyo:Yukari","floor":16,"turns":12},{"damage":4,"enemies":"Gensokyo:Chomper","floor":18,"turns":4},{"damage":11,"enemies":"Gensokyo:2_Gloops","floor":19,"turns":6},{"damage":9,"enemies":"Gensokyo:Wraith","floor":20,"turns":5},{"damage":58,"enemies":"Gensokyo:Koishi","floor":28,"turns":8},{"damage":14,"enemies":"Gensokyo:Swordslinger","floor":31,"turns":4},{"damage":0,"enemies":"Gensokyo:Kaguya","floor":33,"turns":1}],"seed_played":"-5813827510916135865","potions_obtained":[{"floor":1,"key":"SneckoOil"},{"floor":3,"key":"HeartOfIron"},{"floor":16,"key":"SteroidPotion"},{"floor":18,"key":"ElixirPotion"}],"is_trial":false,"path_per_floor":["M","M","M","$","?","M","?","?","T","?","T","?","M","?","R","B",null,"M","M","M","$","?","R","?","R","T","?","E","R","?","M","R","B"],"character_chosen":"IRONCLAD","items_purchased":["Armaments","MostiFishMod:UltimateDefense","Membership Card","Shrug It Off+1"],"campfire_rested":1,"item_purchase_floors":[4,4,21,21],"current_hp_per_floor":[68,68,72,72,72,75,75,75,75,75,75,75,75,75,75,74,75,75,74,71,71,71,71,71,71,71,64,12,31,31,23,23,48,48],"gold":52,"neow_bonus":"HUNDRED_GOLD","is_daily":false,"chose_seed":false,"campfire_upgraded":4,"win_rate":0.0,"timestamp":1608025689,"path_taken":["M","M","M","$","?","?","?","?","T","?","?","?","?","?","R","BOSS","M","M","M","$","?","R","?","R","T","?","E","R","?","M","R","BOSS"],"items_purchased_type":["Card","Card","Relic","Card"],"build_version":"2020-12-13","purchased_purges":1,"victory":false,"max_hp_per_floor":[75,75,75,75,75,75,75,75,75,75,75,75,75,75,75,75,75,75,79,79,79,79,79,72,72,72,64,64,64,64,64,64,64,64],"card_choices":[{"not_picked":["True Grit","Dropkick"],"picked":"Body Slam","floor":1},{"not_picked":["Perfected Strike","Havoc","Clash","Dropkick"],"picked":"SKIP","floor":2},{"not_picked":["Warcry","Rampage","REME_SingleHolding"],"picked":"Iron Wave","floor":3},{"not_picked":["MostiFishMod:NewArrival","Wild Strike","Perfected Strike"],"picked":"Armaments","floor":6},{"not_picked":["Combust","Iron Wave","Flex+1"],"picked":"Warcry+1","floor":13},{"not_picked":["MostiFishMod:NewArrival+1","Limit Break+1","MostiFishMod:FlyOverUtopia+1"],"picked":"Feed","floor":16},{"not_picked":["Pommel Strike","Carnage","Clothesline"],"picked":"Warcry+1","floor":18},{"not_picked":["Armaments+1","Clothesline","Twin Strike+1"],"picked":"Body Slam+1","floor":19},{"not_picked":["Flex+1","Reckless Charge","Headbutt"],"picked":"True Grit+1","floor":20},{"not_picked":["Gensokyo:GapWoman+1","Gensokyo:MonkeysPaw+1","Gensokyo:Apocalypse"],"picked":"Gensokyo:MenInBlack+1","floor":27},{"not_picked":["Intimidate+1","Headbutt","Perfected Strike"],"picked":"Shrug It Off+1","floor":28},{"not_picked":["Sword Boomerang","Havoc+1","Warcry+1"],"picked":"Reaper","floor":31}],"player_experience":416187,"relics_obtained":[{"floor":1,"key":"Question Card"},{"floor":9,"key":"Toxic Egg 2"},{"floor":11,"key":"REME_HourglassOfDeath"},{"floor":16,"key":"ImportantClient"},{"floor":26,"key":"Pantograph"},{"floor":28,"key":"WingedGreaves"}],"event_choices":[],"is_beta":false,"boss_relics":[{"not_picked":["Coffee Dripper","BloodWine"],"picked":"xbg"}],"items_purged_floors":[21],"is_endless":false,"potions_floor_spawned":[1,3,16,18,20],"killed_by":"Gensokyo:Kaguya","ascension_level":20}}