{"host":"3mdjmozz5rahgtdc","time":1608046499,"event":{"mods":["AchievementEnabler","BaseMod","Better Silent Start","Better-Laid Plans","Colored Map","Colored Powertips","Custom Start","DeckTracker","Emptier Cage","KOR Keyword Fix","Keyboard Shortcuts","Minty Spire (QoL Compilation)","Permanent Neow","Quick Restart","StSLib","SuperFastMode"],"gold_per_floor":[118,118,130,150,170,170,95,95,149,159,18,43,43,57,57,154,204,222,222,68,79,94,123,123,157,183,183,194,0,0,0,0,104,104,123,123,137,137,137,172,172,202,228,228,278,10,10,39,39,39,39,39,12,47,47],"floor_reached":56,"playtime":1288,"items_purged":["Strike_G","Strike_G","Strike_G+1","Strike_G+1"],"score":1501,"play_id":"d11c5862-a28a-4055-99fe-7e688f59feba","local_time":"20201216003459","is_ascension_mode":true,"campfire_choices":[{"data":"Blade Dance","floor":6.0,"key":"SMITH"},{"data":"Blade Dance","floor":8.0,"key":"SMITH"},{"data":"Well Laid Plans","floor":15.0,"key":"SMITH"},{"data":"Phantasmal Killer","floor":24.0,"key":"SMITH"},{"data":"Accuracy","floor":27.0,"key":"SMITH"},{"floor":30.0,"key":"REST"},{"data":"Terror","floor":32.0,"key":"SMITH"},{"floor":44.0,"key":"REST"},{"data":"Master of Strategy","floor":47.0,"key":"SMITH"},{"floor":49.0,"key":"RECALL"},{"data":"Leg Sweep","floor":52.0,"key":"SMITH"}],"circlet_count":0,"master_deck":["Defend_G+1","Defend_G+1","Defend_G+1","Defend_G+1","Survivor","Neutralize+1","Blade Dance+1","Blade Dance+1","Dagger Spray+1","Escape Plan","Well Laid Plans+1","Choke","Terror+1","Phantasmal Killer+1","Leg Sweep+1","Dagger Throw+1","Accuracy+1","Accuracy","Bullet Time","Backstab+1","PiercingWail","Master of Strategy+1","Deflect","Cloak And Dagger+1","Crippling Poison+1","Blur","Dodge and Roll+1","Backflip","Cloak And Dagger+1"],"relics":["Philosopher\u0027s Stone","Bag of Marbles","Boot","PreservedInsect","Tiny House","Medical Kit","Letter Opener","Kunai","WristBlade","Pen Nib","Gambling Chip","Strawberry","The Specimen","Membership Card","Unceasing Top","Gremlin Horn"],"acts_visited":["Exordium","TheCity","TheBeyond","TheEnding"],"potions_floor_usage":[],"damage_taken":[{"damage":1.0,"enemies":"Cultist","floor":1.0,"turns":4.0},{"damage":0.0,"enemies":"Small Slimes","floor":3.0,"turns":3.0},{"damage":0.0,"enemies":"2 Louse","floor":4.0,"turns":2.0},{"damage":0.0,"enemies":"Large Slime","floor":5.0,"turns":4.0},{"damage":0.0,"enemies":"2 Fungi Beasts","floor":10.0,"turns":2.0},{"damage":5.0,"enemies":"Gremlin Nob","floor":12.0,"turns":3.0},{"damage":0.0,"enemies":"3 Louse","floor":14.0,"turns":1.0},{"damage":0.0,"enemies":"Slime Boss","floor":16.0,"turns":4.0},{"damage":13.0,"enemies":"3 Byrds","floor":18.0,"turns":3.0},{"damage":0.0,"enemies":"2 Thieves","floor":21.0,"turns":3.0},{"damage":0.0,"enemies":"3 Cultists","floor":22.0,"turns":4.0},{"damage":15.0,"enemies":"Gremlin Leader","floor":23.0,"turns":3.0},{"damage":12.0,"enemies":"Book of Stabbing","floor":25.0,"turns":3.0},{"damage":14.0,"enemies":"Snake Plant","floor":28.0,"turns":4.0},{"damage":16.0,"enemies":"Collector","floor":33.0,"turns":5.0},{"damage":19.0,"enemies":"3 Darklings","floor":35.0,"turns":4.0},{"damage":9.0,"enemies":"Orb Walker","floor":37.0,"turns":4.0},{"damage":14.0,"enemies":"Nemesis","floor":40.0,"turns":3.0},{"damage":14.0,"enemies":"Reptomancer","floor":42.0,"turns":4.0},{"damage":5.0,"enemies":"Mind Bloom Boss Battle","floor":45.0,"turns":4.0},{"damage":10.0,"enemies":"Giant Head","floor":48.0,"turns":3.0},{"damage":0.0,"enemies":"Donu and Deca","floor":50.0,"turns":8.0},{"damage":6.0,"enemies":"Shield and Spear","floor":54.0,"turns":4.0},{"damage":75,"enemies":"The Heart","floor":55,"turns":9}],"seed_played":"-6683354886762776521","potions_obtained":[{"floor":10.0,"key":"Swift Potion"},{"floor":12.0,"key":"ColorlessPotion"},{"floor":17.0,"key":"Weak Potion"},{"floor":18.0,"key":"DistilledChaos"},{"floor":28.0,"key":"BlessingOfTheForge"},{"floor":33.0,"key":"Fruit Juice"},{"floor":35.0,"key":"SmokeBomb"},{"floor":48.0,"key":"FearPotion"}],"is_trial":false,"path_per_floor":["M","?","M","M","M","R","$","R","T","M","$","E","?","M","R","B",null,"M","?","$","M","M","E","R","E","T","R","M","$","R","?","R","B",null,"M","?","M","?","$","E","?","E","T","R","?","$","R","E","R","B",null,"R","$","E","B",null],"character_chosen":"THE_SILENT","items_purchased":["Well Laid Plans","Medical Kit","Accuracy","Membership Card","Blur","Backflip"],"campfire_rested":2,"item_purchase_floors":[11,20,29,46,46,53],"current_hp_per_floor":[69,66,66,66,66,66,66,66,66,66,66,61,47,47,47,47,75,62,62,62,62,62,47,47,35,35,35,21,21,43,43,43,32,80,61,61,52,52,52,38,38,24,31,55,50,50,50,40,40,40,83,83,83,77,2],"gold":47,"neow_bonus":"BOSS_RELIC","is_daily":false,"chose_seed":false,"campfire_upgraded":8,"win_rate":0.0,"timestamp":1608046499,"path_taken":["M","?","M","M","M","R","$","R","T","M","$","E","?","M","R","BOSS","M","?","$","M","M","E","R","E","T","R","M","$","R","?","R","BOSS","M","?","M","?","$","E","?","E","T","R","?","?","R","E","R","BOSS","R","$","E","BOSS"],"items_purchased_type":["Card","Relic","Card","Relic","Card","Card"],"build_version":"2020-12-13","purchased_purges":4,"victory":true,"max_hp_per_floor":[70,70,70,70,70,70,70,70,70,70,70,70,70,70,70,70,75,75,75,75,75,75,75,75,75,75,75,75,75,75,75,75,80,80,80,76,76,76,76,76,76,76,83,83,83,83,83,83,83,83,83,83,83,83,83],"card_choices":[{"not_picked":["Deflect","Slice"],"picked":"Blade Dance","floor":1.0},{"not_picked":["Setup","PiercingWail"],"picked":"Blade Dance","floor":3.0},{"not_picked":["Endless Agony","Acrobatics"],"picked":"Dagger Spray","floor":4.0},{"not_picked":["Poisoned Stab","Outmaneuver","Slice"],"picked":"SKIP","floor":5.0},{"not_picked":["Dagger Spray","Poisoned Stab"],"picked":"Escape Plan","floor":10.0},{"not_picked":["Noxious Fumes","Dagger Spray"],"picked":"Choke","floor":12.0},{"not_picked":["Predator","Dagger Spray"],"picked":"Terror","floor":14.0},{"not_picked":["Venomology","Grand Finale"],"picked":"Phantasmal Killer","floor":16.0},{"not_picked":["Well Laid Plans","Outmaneuver"],"picked":"Leg Sweep","floor":17.0},{"not_picked":["Underhanded Strike","Prepared"],"picked":"Dagger Throw+1","floor":18.0},{"not_picked":["Flying Knee","Predator","Bane"],"picked":"SKIP","floor":21.0},{"not_picked":["Heel Hook","Leg Sweep"],"picked":"Accuracy","floor":22.0},{"not_picked":["Riddle With Holes","Blade Dance","Choke"],"picked":"SKIP","floor":23.0},{"not_picked":["Concentrate+1","Bane","Burst"],"picked":"SKIP","floor":25.0},{"not_picked":["Flying Knee+1","Deadly Poison+1"],"picked":"Heel Hook+1","floor":28.0},{"not_picked":["Night Terror","Grand Finale"],"picked":"Bullet Time","floor":33.0},{"not_picked":["Poisoned Stab+1","Blade Dance"],"picked":"Backstab+1","floor":35.0},{"not_picked":["Flechettes","Setup"],"picked":"PiercingWail","floor":37.0},{"not_picked":["Finesse","Violence"],"picked":"Master of Strategy","floor":38.0},{"not_picked":["Setup+1","All Out Attack"],"picked":"Deflect","floor":40.0},{"not_picked":["Underhanded Strike+1","Deadly Poison"],"picked":"Cloak And Dagger+1","floor":42.0},{"not_picked":["Leg Sweep","Outmaneuver"],"picked":"Crippling Poison+1","floor":45.0},{"not_picked":["Underhanded Strike","Flying Knee","Dodge and Roll+1"],"picked":"SKIP","floor":48.0},{"not_picked":["Underhanded Strike","Flying Knee","Dodge and Roll+1"],"picked":"SKIP","floor":48.0},{"not_picked":["Underhanded Strike","Flying Knee"],"picked":"Dodge and Roll+1","floor":48.0},{"not_picked":["Outmaneuver+1","Footwork+1"],"picked":"Cloak And Dagger+1","floor":54.0}],"player_experience":298523,"relics_obtained":[{"floor":9.0,"key":"Boot"},{"floor":12.0,"key":"PreservedInsect"},{"floor":23.0,"key":"Letter Opener"},{"floor":25.0,"key":"Kunai"},{"floor":40.0,"key":"Pen Nib"},{"floor":42.0,"key":"Gambling Chip"},{"floor":43.0,"key":"Strawberry"},{"floor":45.0,"key":"The Specimen"},{"floor":48.0,"key":"Unceasing Top"},{"floor":54.0,"key":"Gremlin Horn"}],"event_choices":[{"damage_healed":0.0,"max_hp_gain":0.0,"max_hp_loss":0.0,"gold_gain":0.0,"event_name":"Scrap Ooze","player_choice":"Success","floor":2.0,"gold_loss":0.0,"damage_taken":3.0,"relics_obtained":["Bag of Marbles"]},{"damage_healed":0.0,"max_hp_gain":0.0,"max_hp_loss":0.0,"gold_gain":0.0,"event_name":"Shining Light","player_choice":"Entered Light","floor":13.0,"gold_loss":0.0,"damage_taken":14.0,"cards_upgraded":["Dagger Spray","Neutralize"]},{"damage_healed":0.0,"max_hp_gain":0.0,"max_hp_loss":0.0,"gold_gain":0.0,"event_name":"Back to Basics","player_choice":"Simplicity","floor":19.0,"gold_loss":0.0,"damage_taken":0.0,"cards_upgraded":["Strike_G","Defend_G","Defend_G","Defend_G","Defend_G"]},{"damage_healed":0.0,"max_hp_gain":0.0,"max_hp_loss":0.0,"gold_gain":0.0,"event_name":"Cursed Tome","player_choice":"Ignored","floor":31.0,"gold_loss":0.0,"damage_taken":0.0},{"damage_healed":0.0,"max_hp_gain":0.0,"max_hp_loss":4.0,"gold_gain":0.0,"event_name":"Winding Halls","player_choice":"Max HP","floor":36.0,"gold_loss":0.0,"damage_taken":0.0},{"damage_healed":0.0,"max_hp_gain":0.0,"max_hp_loss":0.0,"gold_gain":0.0,"event_name":"SensoryStone","player_choice":"Memory 1","floor":38.0,"gold_loss":0.0,"damage_taken":0.0},{"cards_removed":["Heel Hook"],"damage_healed":0.0,"max_hp_gain":0.0,"max_hp_loss":0.0,"gold_gain":0.0,"event_name":"Falling","player_choice":"Removed Attack","floor":41.0,"gold_loss":0.0,"damage_taken":0.0},{"damage_healed":0.0,"max_hp_gain":0.0,"max_hp_loss":0.0,"gold_gain":0.0,"event_name":"MindBloom","player_choice":"Fight","floor":45.0,"gold_loss":0.0,"damage_taken":0.0}],"is_beta":false,"boss_relics":[{"not_picked":["Velvet Choker","Runic Dome"],"picked":"Tiny House"},{"not_picked":["Black Star","Sozu"],"picked":"WristBlade"}],"items_purged_floors":[7,11,29,46],"is_endless":false,"potions_floor_spawned":[10,12,18,28,33,35,48],"ascension_level":3}}