{"host":"coame8l8goqx0svj","time":1608072875,"event":{"mods":["BaseMod","Downfall","Minty Spire (QoL Compilation)","StSLib"],"gold_per_floor":[99,112,112,19,49,49,49,149,160,85,104,118,134,46,60,60,60],"floor_reached":16,"playtime":1311,"items_purged":[],"score":153,"play_id":"f3285de1-2f2a-404b-8a28-cdc70af48566","local_time":"20201215235435","daily_mods":["Heirloom","downfall:ChampStances"],"is_ascension_mode":true,"campfire_choices":[{"floor":1,"key":"RECALL"},{"data":"champ:StrikeOfGenius","floor":6,"key":"SMITH"},{"floor":10,"key":"REST"}],"circlet_count":0,"master_deck":["AscendersBane","champ:Strike","champ:Strike","champ:Strike","champ:Strike","champ:Defend","champ:Defend","champ:Defend","champ:Defend","champ:Execute","champ:Taunt","champ:Riposte","champ:FaceSlap","champ:StrikeOfGenius+1","champ:SwordThrow+1","champ:DefensiveStyle","champ:Backstep","Pain","champ:Taunt","Flash of Steel+1","champ:BladeFlurry+1","champ:FaceSlap+1","champ:Lariat","champ:IgnorePain","champ:IronFortress"],"relics":["champ:ChampionCrown","champ:ChampStancesModRelic","CaptainsWheel","champ:GladiatorsBookOfMartialProwess","Molten Egg 2","downfall:GremlinSack","downfall:HeartBlessingRed"],"acts_visited":["Exordium"],"potions_floor_usage":[8,12,16,16],"damage_taken":[{"damage":22,"enemies":"Jaw Worm","floor":2,"turns":5},{"damage":5,"enemies":"downfall:FleeingMerchant","floor":4,"turns":4},{"damage":26,"enemies":"Lagavulin","floor":5,"turns":6},{"damage":47,"enemies":"Lagavulin","floor":8,"turns":5},{"damage":0,"enemies":"Cultist","floor":9,"turns":2},{"damage":9,"enemies":"2 Louse","floor":11,"turns":2},{"damage":3,"enemies":"Gremlin Gang","floor":12,"turns":5},{"damage":5,"enemies":"Red Slaver","floor":13,"turns":2},{"damage":5,"enemies":"downfall:FleeingMerchant","floor":14,"turns":4},{"damage":6,"enemies":"Blue Slaver","floor":15,"turns":4},{"damage":48,"enemies":"downfall:Silent","floor":16,"turns":6}],"seed_played":"8323901146561973510","potions_obtained":[{"floor":3,"key":"GamblersBrew"},{"floor":3,"key":"SneckoOil"},{"floor":3,"key":"SneckoOil"},{"floor":9,"key":"Block Potion"},{"floor":11,"key":"LiquidBronze"},{"floor":13,"key":"AttackPotion"}],"is_trial":true,"path_per_floor":["R","M","?","$","E","R","T","?","M","R","M","M","M","$","M","B"],"character_chosen":"THE_CHAMP","items_purchased":["champ:FaceSlap","champ:IronFortress"],"campfire_rested":1,"item_purchase_floors":[4,14],"current_hp_per_floor":[81,80,80,80,54,54,54,30,30,57,54,51,46,51,48,0,0],"gold":60,"neow_bonus":"","is_daily":false,"chose_seed":false,"campfire_upgraded":1,"win_rate":0.0,"timestamp":1608072875,"path_taken":["R","M","?","?","E","R","T","?","M","R","M","M","?","?","M","BOSS"],"items_purchased_type":["Card","Card"],"build_version":"2020-12-13","purchased_purges":0,"victory":false,"max_hp_per_floor":[90,90,90,90,90,90,90,90,90,90,90,90,90,90,90,90,90],"card_choices":[{"not_picked":["champ:RageSigil","champ:FanOfKnives","champ:GladiatorsShout"],"picked":"SKIP","floor":2},{"not_picked":["champ:PerfectedStrike","champ:FocusedDefense"],"picked":"champ:Riposte","floor":4},{"not_picked":["champ:ViciousMockery","champ:Aggression"],"picked":"champ:StrikeOfGenius","floor":5},{"not_picked":["champ:FightOn","champ:ShieldSigil","champ:RageSigil"],"picked":"SKIP","floor":9},{"not_picked":["champ:BringItOn","champ:FlashCut+1"],"picked":"champ:BladeFlurry+1","floor":11},{"not_picked":["champ:HeartStrike+1","champ:RageSigil"],"picked":"champ:FaceSlap+1","floor":12},{"not_picked":["champ:Control","champ:StanceDance"],"picked":"champ:Lariat","floor":13},{"not_picked":["champ:Haymaker+1","champ:Encircle+1"],"picked":"champ:IgnorePain","floor":14},{"not_picked":["champ:ShieldSigil","champ:FocusedBerserking","champ:BladeFlurry+1"],"picked":"SKIP","floor":15}],"player_experience":1625731,"relics_obtained":[{"floor":5,"key":"champ:GladiatorsBookOfMartialProwess"},{"floor":7,"key":"Molten Egg 2"},{"floor":8,"key":"downfall:GremlinSack"}],"event_choices":[{"damage_healed":0,"gold_gain":0,"player_choice":"Got Potions","damage_taken":0,"max_hp_gain":0,"max_hp_loss":0,"event_name":"Lab","floor":3,"gold_loss":0}],"is_beta":false,"boss_relics":[],"items_purged_floors":[],"is_endless":false,"potions_floor_spawned":[5,9,11,13],"killed_by":"downfall:Silent","ascension_level":10}}