{"host":"cyh4fejqtcjbfr7k","time":1608019260,"event":{"mods":["2.2 Compatiblity","AchievementEnabler","BaseMod","Colored Map","Colored Powertips","DeckTracker","Downfall","Googly Eyes","Hubris","Infinite Spire","Minty Spire (QoL Compilation)","Replay The Spire","Shop Mod","StSLib","SuperFastMode","The Disciple","Unceasing Turn Reminder"],"gold_per_floor":[217,227,227,227,246,246,275,275,275,310,310,322,322,68,68,167,167,187,187,197,210,309,343,343,343,343,376,376,376,376,376,376,473,473,489,489,589,606,388,415,415,435,435,435,40,40,40,72,72,72],"floor_reached":51,"playtime":1773,"items_purged":[],"score":892,"play_id":"b7001d5b-da6f-4004-b3c9-49166244eb64","local_time":"20201215010100","is_ascension_mode":true,"campfire_choices":[{"data":"infinitespire:OneForAll","floor":6,"key":"SMITH"},{"floor":8,"key":"REST"},{"floor":13,"key":"REST"},{"data":"Run Through","floor":15,"key":"SMITH"},{"floor":25,"key":"REST"},{"data":"Berserk","floor":28,"key":"SMITH"},{"data":"infinitespire:Gouge","floor":32,"key":"SMITH"},{"floor":41,"key":"REST"},{"floor":44,"key":"REST"},{"floor":46,"key":"REST"},{"floor":49,"key":"REST"}],"circlet_count":0,"master_deck":["Strike_R","Strike_R","Strike_R+1","Strike_R","Defend_R","Defend_R","Defend_R","Defend_R","Bash+1","hubris:CleavingFinish+1","infinitespire:OneForAll+1","Run Through+1","Disarm","Bludgeon","hubris:Despair","Berserk+1","infinitespire:Gouge+1","Twin Strike","Cleave","Shrug It Off","Flex+1","Seeing Red","Metallicize+1","Dropkick+1","Metallicize","Carnage+1","Parasite","Armaments","hubris:DuctTapeCard"],"relics":["Burning Blood","Meat on the Bone","Pen Nib","Pear","Mark of Pain","Onion Ring","Bottled Tornado","Art of War","MutagenicStrength","hubris:Towel","Bottled Lightning","Replay:PocketPolymizer","MerchantsRug","Toy Ornithopter","Ornamental Fan","HornCleat","Eternal Feather","hubris:DuctTape"],"acts_visited":["Exordium","TheCity","TheBeyond"],"potions_floor_usage":[18,33,48,50,50,50],"damage_taken":[{"damage":10,"enemies":"Small Slimes","floor":1,"turns":6},{"damage":3,"enemies":"2 Louse","floor":2,"turns":2},{"damage":7,"enemies":"Jaw Worm","floor":5,"turns":3},{"damage":54,"enemies":"Lagavulin","floor":7,"turns":6},{"damage":28,"enemies":"Gremlin Nob","floor":10,"turns":4},{"damage":0,"enemies":"3 Louse","floor":12,"turns":2},{"damage":61,"enemies":"The Guardian","floor":16,"turns":15},{"damage":15,"enemies":"2 Thieves","floor":18,"turns":3},{"damage":0,"enemies":"Spheric Guardian","floor":20,"turns":1},{"damage":6,"enemies":"Cultist and Chosen","floor":21,"turns":3},{"damage":34,"enemies":"Gremlin Leader","floor":23,"turns":4},{"damage":24,"enemies":"Slavers","floor":27,"turns":4},{"damage":91,"enemies":"Automaton","floor":33,"turns":9},{"damage":16,"enemies":"Orb Walker","floor":35,"turns":2},{"damage":0,"enemies":"3 Shapes","floor":38,"turns":2},{"damage":88,"enemies":"Giant Head","floor":40,"turns":10},{"damage":41,"enemies":"Writhing Mass","floor":42,"turns":5},{"damage":101,"enemies":"Reptomancer","floor":48,"turns":10},{"damage":50,"enemies":"Time Eater","floor":50,"turns":14}],"seed_played":"6382033428658373873","potions_obtained":[{"floor":10,"key":"SkillPotion"},{"floor":16,"key":"Regen Potion"},{"floor":18,"key":"Elixir"},{"floor":21,"key":"EssenceOfSteel"},{"floor":38,"key":"Cursed Concoction"},{"floor":42,"key":"FearPotion"},{"floor":48,"key":"SkillPotion"}],"is_trial":false,"path_per_floor":["M","M","?","?","M","R","E","R","T","E","?","M","R","$","R","B",null,"M","AVR","M","M","?","E","?","R","T","E","R","?","?","T","R","B",null,"M","AVR","?","M","$","E","R","M","T","R","$","R","?","E","R_BF","B",null],"character_chosen":"IRONCLAD","items_purchased":["Pear","Metallicize","MerchantsRug","HornCleat","Eternal Feather","Armaments"],"campfire_rested":7,"item_purchase_floors":[14,39,39,45,45,45],"current_hp_per_floor":[76,79,79,84,83,83,35,60,60,50,50,56,81,91,91,48,95,86,86,92,92,92,64,64,92,99,81,81,81,81,81,81,23,102,92,92,92,98,98,28,58,35,35,65,65,102,102,24,69,52],"gold":72,"neow_bonus":"HUNDRED_GOLD","is_daily":false,"chose_seed":false,"campfire_upgraded":4,"win_rate":0.0,"timestamp":1608019260,"path_taken":["M","M","?","?","M","R","E","R","T","E","?","M","R","$","R","BOSS","M","AVR","M","M","?","E","?","R","T","E","R","?","?","?","R","BOSS","M","AVR","?","M","$","E","R","M","T","R","?","R","?","E","R_BF","BOSS"],"items_purchased_type":["Relic","Card","Relic","Relic","Relic","Card"],"build_version":"2020-12-13","purchased_purges":0,"victory":true,"max_hp_per_floor":[80,80,80,85,85,85,85,85,85,85,85,85,85,95,95,95,95,95,95,95,95,95,95,95,95,102,102,102,102,102,102,102,102,102,102,102,102,102,102,102,102,102,102,102,102,102,102,102,102,102],"card_choices":[{"not_picked":["Headbutt","Run Through"],"picked":"hubris:CleavingFinish","floor":1},{"not_picked":["Clash","Bloodletting","Run Through"],"picked":"SKIP","floor":2},{"not_picked":["Entrench","Clash"],"picked":"infinitespire:OneForAll","floor":5},{"not_picked":["ReplayTheSpireMod:Strike From Hell","Wild Strike"],"picked":"Run Through","floor":7},{"not_picked":["Second Wind","Body Slam"],"picked":"Offering","floor":10},{"not_picked":["Heavy Blade","Combust"],"picked":"Disarm","floor":12},{"not_picked":["Exhume","hubris:StunningStrike"],"picked":"Bludgeon","floor":16},{"not_picked":["Replay:Many Hands","Brutality"],"picked":"Berserk","floor":17},{"not_picked":["infinitespire:SevenWalls","infinitespire:FinalStrike"],"picked":"infinitespire:Gouge","floor":17},{"not_picked":["Wild Strike","Run Through"],"picked":"Twin Strike","floor":18},{"not_picked":["Rupture","hubris:StunningStrike"],"picked":"Cleave","floor":20},{"not_picked":["Clothesline","Havoc+1"],"picked":"Shrug It Off","floor":21},{"not_picked":["Clash","Cleave+1"],"picked":"Flex+1","floor":23},{"not_picked":["Clothesline","Feel No Pain"],"picked":"Seeing Red","floor":27},{"not_picked":["Double Tap","Demon Form"],"picked":"Barricade","floor":33},{"not_picked":["Twin Strike+1","Flex"],"picked":"Metallicize+1","floor":35},{"not_picked":["Armaments+1","Replay:Undeath\u0027s Touch"],"picked":"Dropkick+1","floor":38},{"not_picked":["Dropkick","Clothesline+1"],"picked":"Carnage+1","floor":40},{"not_picked":["Exhume","Bloodletting","Havoc"],"picked":"SKIP","floor":42},{"not_picked":["Cleave","Clash","ReplayTheSpireMod:Strike From Hell+1"],"picked":"SKIP","floor":48}],"player_experience":582006,"relics_obtained":[{"floor":7,"key":"Whetstone"},{"floor":9,"key":"Meat on the Bone"},{"floor":10,"key":"Pen Nib"},{"floor":23,"key":"Bottled Tornado"},{"floor":26,"key":"Strawberry"},{"floor":27,"key":"Art of War"},{"floor":31,"key":"Bottled Lightning"},{"floor":40,"key":"Toy Ornithopter"},{"floor":43,"key":"Ornamental Fan"},{"floor":48,"key":"hubris:DuctTape"}],"event_choices":[{"damage_healed":0,"gold_gain":0,"player_choice":"Donut","damage_taken":0,"max_hp_gain":5,"max_hp_loss":0,"event_name":"Big Fish","floor":4,"gold_loss":0},{"damage_healed":0,"gold_gain":0,"player_choice":"Grow","damage_taken":0,"max_hp_gain":0,"max_hp_loss":0,"event_name":"Living Wall","floor":11,"gold_loss":0,"cards_upgraded":["Offering"]},{"damage_healed":0,"gold_gain":99,"player_choice":"Stole From Cult","damage_taken":0,"max_hp_gain":0,"max_hp_loss":0,"event_name":"Nest","floor":22,"gold_loss":0},{"damage_healed":0,"gold_gain":0,"player_choice":"Ignored","damage_taken":0,"max_hp_gain":0,"max_hp_loss":0,"event_name":"Ghosts","floor":24,"gold_loss":0},{"damage_healed":0,"gold_gain":0,"player_choice":"Inject Mutagens","damage_taken":0,"relics_obtained":["MutagenicStrength"],"max_hp_gain":0,"max_hp_loss":0,"event_name":"Drug Dealer","floor":29,"gold_loss":0},{"damage_healed":0,"gold_gain":100,"player_choice":"Pray","damage_taken":0,"max_hp_gain":0,"max_hp_loss":0,"event_name":"Golden Shrine","floor":37,"gold_loss":0},{"cards_removed":["Strike_R"],"damage_healed":0,"gold_gain":0,"player_choice":"Removed Attack","damage_taken":0,"max_hp_gain":0,"max_hp_loss":0,"event_name":"Falling","floor":47,"gold_loss":0}],"is_beta":false,"boss_relics":[{"not_picked":["Replay:Drink Me","Calling Bell"],"picked":"ReplayTheSpireMod:SealedPack"},{"not_picked":["hubris:RunicObelisk","Snecko Eye","Replay:Ancient Bell"]}],"items_purged_floors":[],"is_endless":false,"potions_floor_spawned":[10,12,16,18,21,27,38,42,48],"ascension_level":2}}