{"host":"5uvzo7moqy5vd63g","time":1608074984,"event":{"mods":["Aspiration","BaseMod","Conspire","Dio Mod","Downfall","Hermit","Hubris","Jedi Mod","Jorbs\u0027s Wanderer Trilogy","Mimic Mod","Minty Spire (QoL Compilation)","Replay The Spire","StSLib","The Animator","Wandering Minibosses"],"gold_per_floor":[109,125,125,29,60,87,87,133,165,207,235,251,267,123,123,229,229,253,253,4,4,39,88,114,114,166,178,178,205,219,239,239,349,349,359,379,379,433,148,185,185,221,244,259,108,108,125,149,149,153,153,153,438,496,551,551,551,2,77,169,169,169,264,264,264,26,26,26],"floor_reached":67,"playtime":7147,"items_purged":["Amnesia","animator:Strike","animator:Strike"],"score":1178,"play_id":"09695d3f-7367-4e9b-9254-4a3206c3bf0b","local_time":"20201215182944","is_ascension_mode":true,"campfire_choices":[{"floor":7.0,"key":"REST"},{"floor":15.0,"key":"REST"},{"floor":25.0,"key":"REST"},{"data":"animator:SuzuneAmano","floor":28.0,"key":"SMITH"},{"floor":32.0,"key":"REST"},{"floor":41.0,"key":"RECALL"},{"floor":46.0,"key":"REST"},{"floor":49.0,"key":"REST"},{"floor":52.0,"key":"REST"},{"floor":62.0,"key":"REST"}],"circlet_count":0,"master_deck":["animator:Strike_MadokaMagica","animator:Defend_MadokaMagica+1","animator:Strike","animator:Defend+1","animator:Defend+1","animator:Defend","animator:IrohaTamaki","animator:YuiTsuruno","animator:YuiTsuruno+1","animator:RoyMustang+1","animator:QuestionMark+1","animator:Kyubey+1","animator:SuzuneAmano+1","animator:SayakaMiki+1","animator:OrikoMikuni+1","animator:YachiyoNanami+1","animator:GuildGirl","animator:Yuuichirou","animator:MadokaKaname","animator:Arpeggio","animator:GoblinSlayer+1","animator:Elsword","animator:Yuuichirou","animator:Fredrika+1","animator:SayakaMiki","animator:YuiTsuruno","animator:Togame+1","animator:Mikaela+1","animator:GoblinSlayer+1","animator:NagisaMomoe+1","animator:NagisaMomoe","animator:HomuraAkemi+1","animator:YachiyoNanami+1","animator:YachiyoNanami","animator:YuiTsuruno","animator:Kagari+1","animator:Patchouli+1","animator:CowGirl","animator:ItamiYouji+1","animator:GoblinSlayer","animator:MamiTomoe","animator:MamiTomoe","animator:Fredrika+1","animator:Kira+1","animator:AcuraTooru","animator:HomuraAkemi"],"relics":["animator:TheEruzaStone","animator:LivingPicture","animator:TheMissingPiece","animator:AncientMedallion"],"acts_visited":["Exordium","TheCity","TheBeyond","TheEnding","EYB:TheUnnamedReign"],"potions_floor_usage":[67,67],"damage_taken":[{"damage":4.0,"enemies":"2 Louse","floor":1.0,"turns":3.0},{"damage":15.0,"enemies":"Jaw Worm","floor":2.0,"turns":4.0},{"damage":0.0,"enemies":"Small Slimes","floor":5.0,"turns":3.0},{"damage":30.0,"enemies":"Gremlin Nob","floor":6.0,"turns":4.0},{"damage":30.0,"enemies":"Lagavulin","floor":8.0,"turns":7.0},{"damage":15.0,"enemies":"Looter","floor":9.0,"turns":6.0},{"damage":0.0,"enemies":"Looter","floor":10.0,"turns":3.0},{"damage":16.0,"enemies":"Gremlin Nob","floor":11.0,"turns":4.0},{"damage":2.0,"enemies":"Blue Slaver","floor":12.0,"turns":3.0},{"damage":0.0,"enemies":"3 Louse","floor":13.0,"turns":4.0},{"damage":8.0,"enemies":"The Guardian","floor":16.0,"turns":8.0},{"damage":38.0,"enemies":"Shell Parasite","floor":18.0,"turns":8.0},{"damage":6.0,"enemies":"Spheric Guardian","floor":22.0,"turns":3.0},{"damage":26.0,"enemies":"animator:HornedBat","floor":23.0,"turns":5.0},{"damage":18.0,"enemies":"Centurion and Healer","floor":24.0,"turns":4.0},{"damage":0.0,"enemies":"3 Cultists","floor":26.0,"turns":6.0},{"damage":0.0,"enemies":"3 Cultists","floor":27.0,"turns":3.0},{"damage":48.0,"enemies":"Slavers","floor":29.0,"turns":3.0},{"damage":12.0,"enemies":"Snake Plant","floor":30.0,"turns":4.0},{"damage":8.0,"enemies":"Centurion and Healer","floor":31.0,"turns":3.0},{"damage":33.0,"enemies":"StardustCrusaders","floor":33.0,"turns":6.0},{"damage":12.0,"enemies":"3 Shapes","floor":35.0,"turns":4.0},{"damage":0.0,"enemies":"3 Darklings","floor":36.0,"turns":2.0},{"damage":11.0,"enemies":"Giant Head","floor":40.0,"turns":7.0},{"damage":27.0,"enemies":"R_Hoarder","floor":42.0,"turns":7.0},{"damage":32.0,"enemies":"Spire Growth","floor":44.0,"turns":4.0},{"damage":67.0,"enemies":"Writhing Mass","floor":47.0,"turns":6.0},{"damage":0.0,"enemies":"Transient","floor":48.0,"turns":7.0},{"damage":67.0,"enemies":"conspire:OrnateMirror","floor":50.0,"turns":8.0},{"damage":15.0,"enemies":"animator:UNNAMED_CULTIST_1","floor":54.0,"turns":5.0},{"damage":0.0,"enemies":"animator:UNNAMED_HAT","floor":55.0,"turns":2.0},{"damage":33.0,"enemies":"animator:LARGE_CRYSTAL","floor":59.0,"turns":6.0},{"damage":49.0,"enemies":"animator:UNNAMED_CULTIST_2","floor":60.0,"turns":7.0},{"damage":39.0,"enemies":"animator:ULTIMATE_CRYSTAL","floor":63.0,"turns":7.0},{"damage":52,"enemies":"animator:ULTIMATE_WISP","floor":67,"turns":5}],"seed_played":"72254253947692064","potions_obtained":[{"floor":2.0,"key":"FairyPotion"},{"floor":5.0,"key":"animator:GrowthPotion"},{"floor":8.0,"key":"Regen Potion"},{"floor":10.0,"key":"Fire Potion"},{"floor":11.0,"key":"conspire:TimeTravelPotion"},{"floor":16.0,"key":"PowerPotion"},{"floor":54.0,"key":"animator:FalseLifePotion"},{"floor":55.0,"key":"animator:FalseLifePotion"},{"floor":59.0,"key":"animator:FalseLifePotion"},{"floor":60.0,"key":"animator:FalseLifePotion"},{"floor":63.0,"key":"animator:FalseLifePotion"}],"is_trial":false,"path_per_floor":["M","M","?","$","M","E","R","E","MIM","M","E","M","M","$","R","B",null,"M","?","$","?","M","E","M","R","MIM","M","R","E","M","M","R","B",null,"M","M","?","?","$","E","R","E","T","M","$","R","M","M","R","B",null,"R","??","M","M","T","?","$","M","M","?","R","E","T","?","$","E"],"character_chosen":"THE_ANIMATOR","items_purchased":["animator:QuestionMark","animator:Yuuichirou","Orrery","animator:YuiTsuruno","animator:Kagari","animator:Patchouli","animator:GoblinSlayer","animator:Kira","animator:AncientMedallion","animator:AncientMedallion"],"campfire_rested":8,"item_purchase_floors":[4,14,20,39,39,39,45,58,58,66],"current_hp_per_floor":[67,52,52,52,52,23,44,14,15,15,21,21,23,23,44,42,67,52,52,52,52,51,58,49,71,75,75,75,35,25,30,52,32,64,56,56,64,46,46,50,50,49,49,39,39,61,17,34,56,9,59,75,86,71,71,71,71,71,59,24,35,61,30,30,30,30,0,0],"gold":26,"neow_bonus":"ONE_RARE_RELIC","is_daily":false,"chose_seed":false,"campfire_upgraded":1,"win_rate":0.0,"timestamp":1608074984,"path_taken":["M","M","?","?","M","E","R","E","MIM","M","E","M","?","$","R","BOSS","M","?","$","?","M","E","M","R","MIM","?","R","E","M","M","R","BOSS","M","M","?","?","$","E","?","E","T","?","$","R","M","M","R","BOSS","R","??","M","M","T","?","$","M","M","?","R","E","T","?","$","E"],"items_purchased_type":["Card","Card","Relic","Card","Card","Card","Card","Card","Relic","Relic"],"build_version":"2020-12-13","purchased_purges":3,"victory":false,"max_hp_per_floor":[71,71,71,71,71,72,72,72,73,73,73,73,73,73,73,75,75,75,75,75,75,75,75,75,75,75,75,75,75,75,75,75,75,75,75,75,75,75,75,75,75,75,75,75,75,75,75,75,75,75,75,75,86,86,86,86,86,86,87,87,87,87,87,87,87,87,87,87],"card_choices":[{"not_picked":["animator:Ain","animator:Gluttony"],"picked":"animator:YuiTsuruno","floor":1.0},{"not_picked":["animator:Spearman","animator:Elsword"],"picked":"animator:RoyMustang","floor":2.0},{"not_picked":["animator:YaoHaDucy","animator:KyokoSakura"],"picked":"animator:Kyubey","floor":5.0},{"not_picked":["animator:YuiTsuruno","animator:OrikoMikuni"],"picked":"animator:SuzuneAmano","floor":6.0},{"not_picked":["animator:YuiTsuruno","animator:Priestess"],"picked":"animator:SayakaMiki","floor":8.0},{"not_picked":["animator:Priestess","animator:YaoHaDucy"],"picked":"animator:OrikoMikuni","floor":9.0},{"not_picked":["animator:Elsword","animator:Bozes"],"picked":"animator:YachiyoNanami","floor":10.0},{"not_picked":["animator:Scar","animator:Ara","animator:MaesHughes"],"picked":"SKIP","floor":11.0},{"not_picked":["animator:Sonic","animator:Elsword"],"picked":"animator:GuildGirl","floor":13.0},{"not_picked":["animator:Elesis","animator:SwordMaiden"],"picked":"animator:MadokaKaname","floor":16.0},{"not_picked":["animator:TsurugaMeisai","animator:Scar"],"picked":"animator:Arpeggio+1","floor":18.0},{"not_picked":["animator:Ain","animator:IrohaTamaki"],"picked":"animator:GoblinSlayer","floor":20.0},{"not_picked":["animator:Yoichi","animator:KrulTepes"],"picked":"animator:Elsword","floor":20.0},{"not_picked":["animator:Azekura","animator:ZankiKiguchi+1"],"picked":"animator:Yuuichirou","floor":20.0},{"not_picked":["animator:Arpeggio","animator:Elsword+1"],"picked":"animator:Fredrika","floor":22.0},{"not_picked":["animator:IrohaTamaki","animator:KyokoSakura"],"picked":"animator:SayakaMiki","floor":23.0},{"not_picked":["animator:Ain","animator:KrulTepes"],"picked":"animator:YuiTsuruno","floor":24.0},{"not_picked":["animator:Mitsuba","animator:IrohaTamaki"],"picked":"animator:Togame","floor":26.0},{"not_picked":["animator:Shichika","animator:Mitsuba"],"picked":"animator:Mikaela+1","floor":27.0},{"not_picked":["animator:CrowleyEusford","animator:Mitsuba"],"picked":"animator:GoblinSlayer","floor":29.0},{"not_picked":["animator:KyokoSakura","animator:YuiTsuruno"],"picked":"animator:NagisaMomoe","floor":30.0},{"not_picked":["animator:Emonzaemon","animator:Melzalgald"],"picked":"animator:NagisaMomoe","floor":31.0},{"not_picked":["animator:Boros","animator:HigakiRinne"],"picked":"animator:HomuraAkemi","floor":33.0},{"not_picked":["animator:OrikoMikuni","animator:CowGirl+1","animator:Ciel"],"picked":"SKIP","floor":35.0},{"not_picked":["animator:Gluttony","animator:OrikoMikuni"],"picked":"animator:YachiyoNanami","floor":36.0},{"not_picked":["animator:Elsword","animator:Ciel"],"picked":"animator:YachiyoNanami","floor":38.0},{"not_picked":["animator:GuildGirl","animator:Priestess"],"picked":"animator:CowGirl","floor":40.0},{"not_picked":["animator:Elsword+1","animator:Gillette"],"picked":"animator:ItamiYouji","floor":42.0},{"not_picked":["animator:Mikaela","animator:Elsword","animator:Tatsumaki+1"],"picked":"SKIP","floor":44.0},{"not_picked":["animator:Rena","animator:ElricEdward+1"],"picked":"animator:MamiTomoe+1","floor":47.0},{"not_picked":["animator:IrohaTamaki","animator:MadokaKaname"],"picked":"animator:MamiTomoe","floor":48.0},{"not_picked":["animator:LeleiLaLalena","animator:Ciel","animator:Elsword+1"],"picked":"SKIP","floor":54.0},{"not_picked":["animator:SayakaMiki","animator:TsurugaMeisai"],"picked":"animator:Fredrika+1","floor":55.0},{"not_picked":["animator:Ciel+1","animator:CowGirl+1"],"picked":"animator:AcuraTooru","floor":59.0},{"not_picked":["animator:Tatsumaki","animator:AcuraTooru+1"],"picked":"animator:HomuraAkemi","floor":63.0}],"player_experience":1333525,"relics_obtained":[{"floor":6.0,"key":"Gremlin Food"},{"floor":8.0,"key":"Bird Faced Urn"},{"floor":11.0,"key":"animator:HallowedScabbard"},{"floor":18.0,"key":"wanderingMiniBosses:CarrionFlame"},{"floor":19.0,"key":"jedi:arcanewood"},{"floor":23.0,"key":"hubris:GlazedTorus"},{"floor":26.0,"key":"Replay:Accelerometer"},{"floor":29.0,"key":"conspire:DecoderRing"},{"floor":38.0,"key":"hubris:TenFootPole"},{"floor":40.0,"key":"Counterbalance"},{"floor":42.0,"key":"jedi:crownofsimplicity"},{"floor":43.0,"key":"aspiration:HiddenCompartment"},{"floor":53.0,"key":"animator:TheEruzaStone"},{"floor":56.0,"key":"animator:AncientMedallion"},{"floor":63.0,"key":"animator:AncientMedallion"},{"floor":64.0,"key":"animator:AncientMedallion"}],"event_choices":[{"damage_healed":0.0,"max_hp_gain":0.0,"max_hp_loss":0.0,"gold_gain":0.0,"event_name":"Vampires","player_choice":"Ignored","floor":21.0,"gold_loss":0.0,"damage_taken":0.0}],"is_beta":false,"boss_relics":[{"not_picked":["Busted Crown","Replay:Ancient Bell"],"picked":"Sozu"},{"not_picked":["Replay:Grab Bag","conspire:SeveredTorchhead"],"picked":"aspiration:SecretTechniqueScroll"}],"items_purged_floors":[14,20,58],"is_endless":false,"potions_floor_spawned":[2,5,8,10,11,16,18,22,23,30,40,42,48,55,59],"killed_by":"animator:ULTIMATE_WISP","ascension_level":5}}