{"host":"63rwe7p34ct1i0qu","time":1608032503,"event":{"mods":["BaseMod","DeckTracker","Minty Spire (QoL Compilation)","Permanent Neow","Quick Restart","StSLib"],"gold_per_floor":[14,14,14,32,32,75,94,126,152,152,170,182,182,220,220,325,397,423,432,432,447,234,263,263,45,45,54,82,116,116,127,127,234,234,245,145,245,166,193,193,228,228,298,308,308,308,24,35,35,35],"floor_reached":51,"playtime":1344,"items_purged":["Dark Embrace","Double Tap"],"score":1033,"play_id":"6d12ed95-7efc-4ed2-8828-0c39d98ae27a","local_time":"20201215204143","is_ascension_mode":true,"campfire_choices":[{"data":"Thunderclap","floor":15.0,"key":"SMITH"},{"floor":24.0,"key":"REST"},{"data":"Demon Form","floor":32.0,"key":"SMITH"},{"floor":40.0,"key":"RECALL"},{"floor":45.0,"key":"REST"},{"floor":49,"key":"REST"}],"circlet_count":0,"master_deck":["Bash+1","Pummel+1","Bandage Up+1","Inflame+1","Thunderclap+1","Second Wind+1","Fire Breathing+1","Impervious+1","Double Tap+1","Ghostly Armor+1","Bludgeon+1","Seeing Red+1","Wild Strike+1","Whirlwind+1","Inflame+1","Power Through+1","Headbutt+1","Battle Trance+1","Demon Form+1","Limit Break+1","Dark Shackles+1","Flex+1","Bloodletting+1","Disarm"],"relics":["Burning Blood","Champion Belt","CeramicFish","Bag of Preparation","Happy Flower","Odd Mushroom","Pandora\u0027s Box","Pen Nib","Bag of Marbles","Chemical X","Lantern","Boot","Fusion Hammer","Strawberry","Paper Frog","Mark of the Bloom","PreservedInsect"],"acts_visited":["Exordium","TheCity","TheBeyond"],"potions_floor_usage":[50,50],"damage_taken":[{"damage":5.0,"enemies":"Jaw Worm","floor":1.0,"turns":4.0},{"damage":2.0,"enemies":"Cultist","floor":4.0,"turns":4.0},{"damage":12.0,"enemies":"Gremlin Nob","floor":6.0,"turns":3.0},{"damage":6.0,"enemies":"Small Slimes","floor":7.0,"turns":2.0},{"damage":27.0,"enemies":"3 Sentries","floor":8.0,"turns":7.0},{"damage":11.0,"enemies":"Looter","floor":11.0,"turns":3.0},{"damage":7.0,"enemies":"Lots of Slimes","floor":12.0,"turns":3.0},{"damage":15.0,"enemies":"The Mushroom Lair","floor":14.0,"turns":4.0},{"damage":36.0,"enemies":"Hexaghost","floor":16.0,"turns":10.0},{"damage":2.0,"enemies":"3 Byrds","floor":18.0,"turns":4.0},{"damage":16.0,"enemies":"2 Thieves","floor":21.0,"turns":3.0},{"damage":42.0,"enemies":"Gremlin Leader","floor":23.0,"turns":6.0},{"damage":8.0,"enemies":"Cultist and Chosen","floor":28.0,"turns":2.0},{"damage":0.0,"enemies":"Slavers","floor":29.0,"turns":1.0},{"damage":0.0,"enemies":"Chosen and Byrds","floor":31.0,"turns":3.0},{"damage":22.0,"enemies":"Collector","floor":33.0,"turns":5.0},{"damage":0.0,"enemies":"3 Darklings","floor":35.0,"turns":2.0},{"damage":0.0,"enemies":"Orb Walker","floor":39.0,"turns":2.0},{"damage":0.0,"enemies":"Nemesis","floor":41.0,"turns":3.0},{"damage":3.0,"enemies":"Jaw Worm Horde","floor":44.0,"turns":1.0},{"damage":0.0,"enemies":"Maw","floor":48.0,"turns":2.0},{"damage":22,"enemies":"Time Eater","floor":50,"turns":6}],"seed_played":"-6899146382085049476","potions_obtained":[{"floor":4.0,"key":"EssenceOfSteel"},{"floor":6.0,"key":"Fire Potion"},{"floor":11.0,"key":"BloodPotion"},{"floor":16.0,"key":"Swift Potion"},{"floor":23.0,"key":"Weak Potion"},{"floor":28.0,"key":"Dexterity Potion"},{"floor":31.0,"key":"Explosive Potion"},{"floor":35.0,"key":"Strength Potion"},{"floor":41.0,"key":"Regen Potion"}],"is_trial":false,"path_per_floor":["M","?","?","M","?","E","M","E","T","?","M","M","$","?","R","B",null,"M","?","?","M","$","E","R","$","T","?","M","E","$","M","R","B",null,"M","$","?","$","M","R","E","?","T","M","R","?","$","M","R","B",null],"character_chosen":"IRONCLAD","items_purchased":["Power Through","Pen Nib","Chemical X","Dark Shackles","PreservedInsect","Disarm","LiquidMemories"],"campfire_rested":3,"item_purchase_floors":[22,22,25,38,47,47,47],"current_hp_per_floor":[80,80,80,80,64,58,62,45,45,45,60,63,63,58,58,32,68,72,72,80,70,70,38,62,62,62,62,60,70,70,80,80,64,76,80,80,80,80,80,80,87,87,87,87,87,87,87,87,87,65],"gold":35,"neow_bonus":"ONE_RARE_RELIC","is_daily":false,"chose_seed":false,"campfire_upgraded":2,"win_rate":0.0,"timestamp":1608032503,"path_taken":["M","?","?","?","?","E","M","E","T","?","?","M","$","?","R","BOSS","M","?","?","?","$","E","R","?","T","?","M","E","$","?","R","BOSS","M","$","?","$","?","R","E","?","T","M","R","?","$","M","R","BOSS"],"items_purchased_type":["Card","Relic","Relic","Card","Relic","Card","Potion"],"build_version":"2020-12-13","purchased_purges":2,"victory":true,"max_hp_per_floor":[80,80,80,80,80,80,80,80,80,80,80,80,80,80,80,80,80,80,80,80,80,80,80,80,80,80,80,80,80,80,80,80,80,80,80,80,80,80,80,80,87,87,87,87,87,87,87,87,87,87],"card_choices":[{"not_picked":["Pommel Strike","Wild Strike","Iron Wave"],"picked":"SKIP","floor":1.0},{"not_picked":["Pommel Strike","Twin Strike"],"picked":"Inflame","floor":4.0},{"not_picked":["Flame Barrier","Whirlwind"],"picked":"Thunderclap","floor":6.0},{"not_picked":["Second Wind","Armaments","Thunderclap"],"picked":"SKIP","floor":7.0},{"not_picked":["Armaments","Thunderclap"],"picked":"Second Wind","floor":7.0},{"not_picked":["Berserk","Wild Strike","Thunderclap"],"picked":"SKIP","floor":8.0},{"not_picked":["Infernal Blade","Perfected Strike","Searing Blow"],"picked":"SKIP","floor":11.0},{"not_picked":["Second Wind","Seeing Red","Uppercut"],"picked":"SKIP","floor":12.0},{"not_picked":["Heavy Blade","Dual Wield"],"picked":"Fire Breathing","floor":14.0},{"not_picked":["Berserk","Exhume"],"picked":"Impervious","floor":16.0},{"not_picked":["Dual Wield","Rage"],"picked":"Whirlwind+1","floor":18.0},{"not_picked":["Wild Strike","Iron Wave","Reckless Charge+1"],"picked":"SKIP","floor":21.0},{"not_picked":["Twin Strike","Berserk","Pommel Strike"],"picked":"SKIP","floor":23.0},{"not_picked":["Perfected Strike","Thunderclap+1"],"picked":"Battle Trance+1","floor":28.0},{"not_picked":["Pommel Strike","Perfected Strike+1"],"picked":"Demon Form","floor":29.0},{"not_picked":["Anger","Clash+1","Warcry+1"],"picked":"SKIP","floor":31.0},{"not_picked":["Berserk","Corruption"],"picked":"Limit Break","floor":33.0},{"not_picked":["Thunderclap","Wild Strike+1","Twin Strike+1"],"picked":"SKIP","floor":35.0},{"not_picked":["Evolve","Warcry"],"picked":"Flex+1","floor":39.0},{"not_picked":["Twin Strike+1","Dropkick+1"],"picked":"Bloodletting+1","floor":41.0},{"not_picked":["Combust","Spot Weakness","Headbutt"],"picked":"SKIP","floor":44.0},{"not_picked":["Havoc","True Grit","Armaments+1"],"picked":"SKIP","floor":48.0}],"player_experience":771404,"relics_obtained":[{"floor":6.0,"key":"CeramicFish"},{"floor":8.0,"key":"Bag of Preparation"},{"floor":9.0,"key":"Happy Flower"},{"floor":14.0,"key":"Odd Mushroom"},{"floor":23.0,"key":"Bag of Marbles"},{"floor":26.0,"key":"Lantern"},{"floor":29.0,"key":"Boot"},{"floor":41.0,"key":"Strawberry"},{"floor":43.0,"key":"Paper Frog"}],"event_choices":[{"damage_healed":0.0,"max_hp_gain":0.0,"max_hp_loss":0.0,"gold_gain":0.0,"cards_transformed":["Strike_R"],"event_name":"Living Wall","player_choice":"Change","floor":2.0,"gold_loss":0.0,"damage_taken":0.0,"cards_obtained":["Pummel"]},{"damage_healed":0.0,"max_hp_gain":0.0,"max_hp_loss":0.0,"gold_gain":0.0,"event_name":"Match and Keep!","player_choice":"1 cards matched","floor":3.0,"gold_loss":0.0,"damage_taken":0.0,"cards_obtained":["Bandage Up"]},{"damage_healed":0.0,"max_hp_gain":0.0,"max_hp_loss":0.0,"gold_gain":0.0,"event_name":"Shining Light","player_choice":"Entered Light","floor":5.0,"gold_loss":0.0,"damage_taken":16.0,"cards_upgraded":["Bash","Strike_R"]},{"damage_healed":0.0,"max_hp_gain":0.0,"max_hp_loss":0.0,"gold_gain":0.0,"event_name":"Accursed Blacksmith","player_choice":"Forge","floor":10.0,"gold_loss":0.0,"damage_taken":0.0,"cards_upgraded":["Inflame"]},{"damage_healed":0.0,"max_hp_gain":0.0,"max_hp_loss":0.0,"gold_gain":0.0,"event_name":"Mushrooms","player_choice":"Fought Mushrooms","floor":14.0,"gold_loss":0.0,"damage_taken":0.0},{"damage_healed":0.0,"max_hp_gain":0.0,"max_hp_loss":0.0,"gold_gain":0.0,"event_name":"The Library","player_choice":"Read","floor":19.0,"gold_loss":0.0,"damage_taken":0.0,"cards_obtained":["Inflame"]},{"damage_healed":8.0,"max_hp_gain":0.0,"max_hp_loss":0.0,"gold_gain":0.0,"event_name":"Wheel of Change","player_choice":"Full Heal","floor":20.0,"gold_loss":0.0,"damage_taken":0.0},{"damage_healed":0.0,"max_hp_gain":0.0,"max_hp_loss":0.0,"gold_gain":0.0,"cards_transformed":["Clash"],"event_name":"Transmorgrifier","player_choice":"Transformed","floor":27.0,"gold_loss":0.0,"damage_taken":0.0,"cards_obtained":["Headbutt"]},{"damage_healed":0.0,"max_hp_gain":0.0,"max_hp_loss":0.0,"gold_gain":100.0,"event_name":"Golden Shrine","player_choice":"Pray","floor":37.0,"gold_loss":0.0,"damage_taken":0.0},{"damage_healed":0.0,"max_hp_gain":0.0,"max_hp_loss":0.0,"gold_gain":0.0,"event_name":"Tomb of Lord Red Mask","player_choice":"Ignored","floor":42.0,"gold_loss":0.0,"damage_taken":0.0},{"damage_healed":0.0,"max_hp_gain":0.0,"max_hp_loss":0.0,"gold_gain":0.0,"event_name":"MindBloom","player_choice":"Upgrade","floor":46.0,"gold_loss":0.0,"damage_taken":0.0,"cards_upgraded":["Pummel","Bandage Up","Second Wind","Fire Breathing","Impervious","Double Tap","Ghostly Armor","Bludgeon","Seeing Red","Wild Strike","Inflame","Power Through","Headbutt","Limit Break","Dark Shackles"],"relics_obtained":["Mark of the Bloom"]}],"is_beta":false,"boss_relics":[{"not_picked":["Runic Dome","Black Star"],"picked":"Pandora\u0027s Box"},{"not_picked":["Philosopher\u0027s Stone","Runic Cube"],"picked":"Fusion Hammer"}],"items_purged_floors":[25,36],"is_endless":false,"potions_floor_spawned":[4,6,11,16,23,28,29,31,35,41],"ascension_level":5}}