{"host":"eketvm4dld8igxnv","time":1608007396,"event":{"mods":["BaseMod","Downfall","Googly Eyes","Minty Spire (QoL Compilation)","StSLib","The Cursed"],"gold_per_floor":[116,291,311,386,386,414,491,491,491,501,501,519,208,225,225,323,323,337,348,348,362,207,207,227,227,227,241,201,220,220,235,235,338,388,406,406,419,12,31,31,81,81,81,81,81,34,48,58,58,58],"floor_reached":51,"playtime":4411,"items_purged":["Pain","Normality"],"score":626,"play_id":"d7ef4421-fbb7-4ac0-8863-a45bb5ed569a","local_time":"20201214234316","is_ascension_mode":false,"campfire_choices":[{"data":"TheCursedMod:CursedWand","floor":8,"key":"SMITH"},{"floor":11,"key":"REST"},{"floor":15,"key":"REST"},{"data":"TheCursedMod:CircleOfFlame","floor":23,"key":"SMITH"},{"floor":25,"key":"RECALL"},{"data":"TheCursedMod:CursedRelics","floor":32,"key":"SMITH"},{"floor":40,"key":"REST"},{"floor":42,"key":"REST"},{"floor":44,"key":"REST"},{"data":"expansioncontent:QuickStudy","floor":49,"key":"SMITH"}],"circlet_count":0,"master_deck":["TheCursedMod:Strike_TheCursed","TheCursedMod:Strike_TheCursed","TheCursedMod:Strike_TheCursed","TheCursedMod:Strike_TheCursed","TheCursedMod:Defend_TheCursed","TheCursedMod:Defend_TheCursed+1","TheCursedMod:Defend_TheCursed","TheCursedMod:Defend_TheCursed","TheCursedMod:CursedWand+1","TheCursedMod:CleanUpWorkshop","TheCursedMod:Dregs","TheCursedMod:LuckyCharm","Doubt","TheCursedMod:CursedMace","Regret","TheCursedMod:AbyssShockwave","TheCursedMod:LuckyCharm","TheCursedMod:CleanUpWorkshop","TheCursedMod:CircleOfFlame+1","TheCursedMod:CursedRelics+1","TheCursedMod:RapidMovement+1","TheCursedMod:Obscuration","TheCursedMod:AshesToAshes+1","TheCursedMod:SoulReap","TheCursedMod:CursedStaff","TheCursedMod:Stretching+1","TheCursedMod:WearCloak","TheCursedMod:CircleOfFlame+1","TheCursedMod:DarkBarrier","TheCursedMod:FleshFromBone+1","TheCursedMod:RapidMovement","Madness","Madness","TheCursedMod:CursedMace+1","TheCursedMod:DemonSword","expansioncontent:QuickStudy","TheCursedMod:CursedBlade","TheCursedMod:HellsGateOpen+1","TheCursedMod:Dregs","expansioncontent:QuickStudy+1","expansioncontent:DonusPower","TheCursedMod:RapidMovement","TheCursedMod:SurpriseAttack","TheCursedMod:FleshFromBone"],"relics":["TheCursedMod:BlackMagic101","MealTicket","Strawberry","Kunai","Orichalcum","DollysMirror","Cursed Key","WarpedTongs","Mummified Hand","Tiny House","Membership Card","Thread and Needle","Shuriken"],"acts_visited":["Exordium","TheCity","TheBeyond"],"potions_floor_usage":[16,16,19,21,24,27,30,31,31,41,47,48,50],"damage_taken":[{"damage":3,"enemies":"Jaw Worm","floor":1,"turns":7},{"damage":0,"enemies":"2 Louse","floor":3,"turns":3},{"damage":43,"enemies":"Lagavulin","floor":6,"turns":10},{"damage":5,"enemies":"Small Slimes","floor":10,"turns":2},{"damage":1,"enemies":"Red Slaver","floor":12,"turns":3},{"damage":9,"enemies":"Large Slime","floor":14,"turns":6},{"damage":45,"enemies":"Hexaghost","floor":16,"turns":12},{"damage":9,"enemies":"Chosen","floor":18,"turns":5},{"damage":9,"enemies":"Shell Parasite","floor":19,"turns":4},{"damage":8,"enemies":"3 Cultists","floor":21,"turns":4},{"damage":7,"enemies":"Shelled Parasite and Fungi","floor":24,"turns":3},{"damage":7,"enemies":"Chosen and Byrds","floor":27,"turns":6},{"damage":20,"enemies":"Cultist and Chosen","floor":29,"turns":6},{"damage":0,"enemies":"3 Cultists","floor":30,"turns":1},{"damage":0,"enemies":"Centurion and Healer","floor":31,"turns":5},{"damage":26,"enemies":"Collector","floor":33,"turns":16},{"damage":29,"enemies":"3 Shapes","floor":35,"turns":6},{"damage":28,"enemies":"3 Darklings","floor":37,"turns":7},{"damage":21,"enemies":"Spire Growth","floor":39,"turns":8},{"damage":55,"enemies":"2 Orb Walkers","floor":41,"turns":5},{"damage":0,"enemies":"4 Shapes","floor":47,"turns":3},{"damage":0,"enemies":"Transient","floor":48,"turns":5},{"damage":86,"enemies":"Time Eater","floor":50,"turns":12}],"seed_played":"2993501985492449078","potions_obtained":[{"floor":1,"key":"FearPotion"},{"floor":6,"key":"TheCursedMod:DregsPotion"},{"floor":10,"key":"CultistPotion"},{"floor":18,"key":"AttackPotion"},{"floor":21,"key":"AttackPotion"},{"floor":24,"key":"SkillPotion"},{"floor":28,"key":"BlessingOfTheForge"},{"floor":28,"key":"Slimebound:ThreeZeroPotion"},{"floor":28,"key":"SmokeBomb"},{"floor":34,"key":"CultistPotion"},{"floor":41,"key":"DuplicationPotion"},{"floor":47,"key":"Block Potion"}],"is_trial":false,"path_per_floor":["M","?","M","?","?","E","?","R","T","M","R","M","$","M","R","B",null,"M","M","?","M","$","R","M","R","T","M","?","M","M","M","R","B",null,"M","?","M","$","M","R","?","R","T","R","?","$","M","M","R","B",null],"character_chosen":"THE_CURSED","items_purchased":["Orichalcum","DollysMirror","TheCursedMod:SoulReap","Membership Card","FairyPotion","TheCursedMod:DemonSword","expansioncontent:QuickStudy","TheCursedMod:RapidMovement","SkillPotion"],"campfire_rested":5,"item_purchase_floors":[13,13,22,38,38,38,38,46,46],"current_hp_per_floor":[72,72,72,61,68,25,25,25,25,20,44,43,58,49,73,28,82,73,64,64,56,71,71,64,64,64,64,64,54,64,69,69,43,87,63,52,31,46,30,56,8,34,34,60,55,70,70,79,79,26],"gold":58,"neow_bonus":"RANDOM_COMMON_RELIC","is_daily":false,"chose_seed":false,"campfire_upgraded":4,"win_rate":0.0,"timestamp":1608007396,"path_taken":["M","?","M","?","?","E","?","R","T","?","R","M","$","M","R","BOSS","M","M","?","M","$","R","M","R","T","?","?","M","M","?","R","BOSS","M","?","M","$","M","R","?","R","T","R","?","$","M","M","R","BOSS"],"items_purchased_type":["Relic","Relic","Card","Relic","Potion","Card","Card","Card","Potion"],"build_version":"2020-12-13","purchased_purges":2,"victory":true,"max_hp_per_floor":[75,75,75,75,82,82,82,82,82,82,82,82,82,82,82,82,82,82,82,82,82,82,82,82,82,82,82,82,82,82,82,82,82,87,87,87,87,87,87,87,87,87,87,87,87,87,87,87,87,87],"card_choices":[{"not_picked":["TheCursedMod:CursedShiv","TheCursedMod:CursedAmulet"],"picked":"TheCursedMod:LuckyCharm","floor":1},{"not_picked":["TheCursedMod:SoulReap","TheCursedMod:VitalStrike"],"picked":"TheCursedMod:CursedMace","floor":3},{"not_picked":["TheCursedMod:PrepareRite","TheCursedMod:CursedAmulet"],"picked":"TheCursedMod:AbyssShockwave","floor":6},{"not_picked":["TheCursedMod:CursedAmulet","TheCursedMod:RavingStaff","TheCursedMod:CursedShiv"],"picked":"SKIP","floor":10},{"not_picked":["TheCursedMod:Torture","TheCursedMod:HellsGateOpen"],"picked":"TheCursedMod:LuckyCharm","floor":12},{"not_picked":["TheCursedMod:SurpriseAttack","TheCursedMod:Torture"],"picked":"TheCursedMod:CircleOfFlame","floor":14},{"not_picked":["TheCursedMod:DarkBarrier","TheCursedMod:OutForBlood"],"picked":"TheCursedMod:CursedRelics","floor":16},{"not_picked":["TheCursedMod:WearCloak","TheCursedMod:Evocation"],"picked":"TheCursedMod:RapidMovement+1","floor":18},{"not_picked":["TheCursedMod:PrepareRite","TheCursedMod:CursedShiv"],"picked":"TheCursedMod:Obscuration","floor":19},{"not_picked":["TheCursedMod:CursedArmor","TheCursedMod:CircleOfFlame+1"],"picked":"TheCursedMod:AshesToAshes+1","floor":21},{"not_picked":["TheCursedMod:TacticalStrike","TheCursedMod:CursedBoomerang"],"picked":"TheCursedMod:CursedStaff","floor":24},{"not_picked":["TheCursedMod:CircleOfFocus","TheCursedMod:UltimatePain"],"picked":"TheCursedMod:Stretching+1","floor":27},{"not_picked":["TheCursedMod:CursedBlade+1","TheCursedMod:CursedMace"],"picked":"TheCursedMod:WearCloak","floor":29},{"not_picked":["TheCursedMod:RavingStaff","TheCursedMod:CursedShiv"],"picked":"TheCursedMod:CircleOfFlame+1","floor":31},{"not_picked":["TheCursedMod:ShockAndAwe","TheCursedMod:StunningStrike"],"picked":"TheCursedMod:DarkBarrier","floor":33},{"not_picked":["TheCursedMod:CircleOfAmplification","TheCursedMod:SpitefulStrike+1"],"picked":"TheCursedMod:FleshFromBone+1","floor":34},{"not_picked":["TheCursedMod:CircleOfAmplification","TheCursedMod:CursedStaff"],"picked":"TheCursedMod:RapidMovement","floor":35},{"not_picked":["TheCursedMod:Torture","TheCursedMod:CircleOfAmplification+1"],"picked":"TheCursedMod:CursedMace+1","floor":37},{"not_picked":["TheCursedMod:CursedShiv","TheCursedMod:CircleOfWindfury"],"picked":"TheCursedMod:CursedBlade","floor":39},{"not_picked":["TheCursedMod:Stretching","TheCursedMod:CircleOfFlame"],"picked":"TheCursedMod:HellsGateOpen+1","floor":41},{"not_picked":["expansioncontent:StudyTheSpire","expansioncontent:SlimeTackle"],"picked":"expansioncontent:QuickStudy","floor":45},{"not_picked":["expansioncontent:GuardianWhirl","expansioncontent:SlimeTackle"],"picked":"expansioncontent:DonusPower","floor":45},{"not_picked":["TheCursedMod:SoulCrush+1","TheCursedMod:HellsGateOpen"],"picked":"TheCursedMod:SurpriseAttack","floor":47},{"not_picked":["TheCursedMod:Stigma","TheCursedMod:CircleOfWindfury"],"picked":"TheCursedMod:FleshFromBone","floor":48}],"player_experience":286965,"relics_obtained":[{"floor":6,"key":"Kunai"},{"floor":26,"key":"Mummified Hand"},{"floor":41,"key":"Thread and Needle"},{"floor":43,"key":"Shuriken"}],"event_choices":[{"damage_healed":0,"gold_gain":175,"player_choice":"AGREE","damage_taken":0,"max_hp_gain":0,"max_hp_loss":0,"event_name":"Liars Game","floor":2,"gold_loss":0,"cards_obtained":["Doubt"]},{"damage_healed":0,"gold_gain":75,"player_choice":"Gather Gold","damage_taken":11,"max_hp_gain":0,"max_hp_loss":0,"event_name":"World of Goop","floor":4,"gold_loss":0},{"damage_healed":0,"gold_gain":0,"player_choice":"Box","damage_taken":0,"relics_obtained":["Strawberry"],"max_hp_gain":0,"max_hp_loss":0,"event_name":"Big Fish","floor":5,"gold_loss":0,"cards_obtained":["Regret"]},{"damage_healed":0,"gold_gain":77,"player_choice":"Gained Gold","damage_taken":0,"max_hp_gain":0,"max_hp_loss":0,"event_name":"Golden Wing","floor":7,"gold_loss":0},{"damage_healed":0,"gold_gain":0,"player_choice":"Rummage","damage_taken":0,"relics_obtained":["WarpedTongs"],"max_hp_gain":0,"max_hp_loss":0,"event_name":"Accursed Blacksmith","floor":20,"gold_loss":0,"cards_obtained":["Pain"]},{"damage_healed":0,"gold_gain":0,"player_choice":"Bought 3 Potions","damage_taken":0,"max_hp_gain":0,"max_hp_loss":0,"event_name":"The Woman in Blue","floor":28,"gold_loss":0},{"damage_healed":0,"gold_gain":0,"player_choice":"Embrace Madness","damage_taken":11,"max_hp_gain":0,"max_hp_loss":0,"event_name":"Winding Halls","floor":36,"gold_loss":0,"cards_obtained":["Madness","Madness"]},{"damage_healed":0,"gold_gain":0,"player_choice":"Fight","damage_taken":0,"max_hp_gain":0,"max_hp_loss":0,"event_name":"Mysterious Sphere","floor":41,"gold_loss":0},{"damage_healed":0,"gold_gain":0,"player_choice":"Memory 2","damage_taken":5,"max_hp_gain":0,"max_hp_loss":0,"event_name":"SensoryStone","floor":45,"gold_loss":0}],"is_beta":false,"boss_relics":[{"not_picked":["Runic Pyramid","Velvet Choker"],"picked":"Cursed Key"},{"not_picked":["Philosopher\u0027s Stone","SlaversCollar"],"picked":"Tiny House"}],"items_purged_floors":[22,38],"is_endless":false,"potions_floor_spawned":[1,6,10,18,21,24,41,47],"ascension_level":0}}