{"host":"4qkvkh7pd9qr2mca","time":1608070104,"event":{"mods":["AchievementEnabler","BaseMod","Colored Map","Colored Powertips","Highlight Path","Minty Spire (QoL Compilation)","Permanent Neow","Quick Restart","StSLib","SuperFastMode"],"gold_per_floor":[367,382,107,107,126,460,50,64,135,169,169,197,209,67,67,144,144,161,171,184,38,38,38,51,77,77,127,52,64,81,96,96,175,175,189,129,179,190,200,235,235,254,254,279,292,292,292],"floor_reached":46,"playtime":2720,"items_purged":["Parasite","Pain","Strike_G"],"score":1098,"play_id":"4a0fe45d-3cdf-48d9-9ec1-78574e934dc4","local_time":"20201215230824","is_ascension_mode":true,"campfire_choices":[{"data":"Well Laid Plans","floor":11,"key":"SMITH"},{"data":"Malaise","floor":15,"key":"SMITH"},{"data":"Leg Sweep","floor":23,"key":"SMITH"},{"floor":32,"key":"REST"},{"data":"Night Terror","floor":41,"key":"SMITH"}],"circlet_count":0,"master_deck":["AscendersBane","Strike_G","Strike_G","Strike_G","Defend_G","Defend_G","Defend_G","Defend_G+1","Defend_G","Survivor","Neutralize","Endless Agony","Leg Sweep+1","Well Laid Plans+1","Malaise+1","Unload","Backflip","Dash","Blade Dance","Tactician+1","Dagger Throw","Accuracy","Acrobatics","Corpse Explosion","Backflip+1","Crippling Poison","Accuracy","Panache","Tactician+1","Finisher","Adrenaline","Footwork","Dodge and Roll+1","Blade Dance+1","Night Terror+1","Reflex+1","Writhe","Escape Plan"],"relics":["Ring of the Snake","WarpedTongs","Old Coin","Eternal Feather","The Courier","Vajra","MealTicket","Cursed Key","The Specimen","War Paint","Gremlin Horn","Empty Cage","Lizard Tail","Peace Pipe","Lantern"],"acts_visited":["Exordium","TheCity","TheBeyond"],"potions_floor_usage":[12,20,31,33],"damage_taken":[{"damage":6,"enemies":"2 Louse","floor":1,"turns":4},{"damage":1,"enemies":"Cultist","floor":2,"turns":4},{"damage":5,"enemies":"Jaw Worm","floor":5,"turns":5},{"damage":18,"enemies":"Lagavulin","floor":6,"turns":9},{"damage":1,"enemies":"2 Fungi Beasts","floor":8,"turns":4},{"damage":7,"enemies":"3 Sentries","floor":10,"turns":9},{"damage":2,"enemies":"Lagavulin","floor":12,"turns":5},{"damage":18,"enemies":"Exordium Wildlife","floor":13,"turns":6},{"damage":4,"enemies":"The Guardian","floor":16,"turns":12},{"damage":0,"enemies":"3 Byrds","floor":18,"turns":2},{"damage":4,"enemies":"Shell Parasite","floor":19,"turns":5},{"damage":9,"enemies":"Shelled Parasite and Fungi","floor":20,"turns":5},{"damage":7,"enemies":"Snake Plant","floor":24,"turns":5},{"damage":13,"enemies":"Book of Stabbing","floor":25,"turns":9},{"damage":21,"enemies":"Centurion and Healer","floor":29,"turns":6},{"damage":14,"enemies":"Sentry and Sphere","floor":30,"turns":5},{"damage":7,"enemies":"Snake Plant","floor":31,"turns":4},{"damage":18,"enemies":"Collector","floor":33,"turns":6},{"damage":7,"enemies":"Orb Walker","floor":35,"turns":4},{"damage":0,"enemies":"3 Darklings","floor":38,"turns":4},{"damage":0,"enemies":"Sphere and 2 Shapes","floor":39,"turns":4},{"damage":15,"enemies":"Nemesis","floor":40,"turns":5},{"damage":12,"enemies":"Spire Growth","floor":42,"turns":5},{"damage":25,"enemies":"Reptomancer","floor":44,"turns":7},{"damage":0,"enemies":"4 Shapes","floor":45,"turns":2},{"damage":69,"enemies":"Transient","floor":46,"turns":5}],"seed_played":"7762802303389505015","potions_obtained":[{"floor":2,"key":"Swift Potion"},{"floor":5,"key":"ColorlessPotion"},{"floor":10,"key":"FearPotion"},{"floor":16,"key":"SpeedPotion"},{"floor":24,"key":"GamblersBrew"},{"floor":31,"key":"Weak Potion"},{"floor":38,"key":"SteroidPotion"}],"is_trial":false,"path_per_floor":["M","M","$","?","M","E","$","M","T","E","R","E","M","$","R","B",null,"M","M","M","$","?","R","M","E","T","?","?","M","M","M","R","B",null,"M","$","?","M","M","E","R","M","T","E","M","M"],"character_chosen":"THE_SILENT","items_purchased":["Well Laid Plans","Malaise","Eternal Feather","Dash","Acrobatics","Panache","Footwork"],"campfire_rested":1,"item_purchase_floors":[3,3,7,7,14,21,36],"current_hp_per_floor":[53,52,52,52,47,29,29,28,28,21,33,31,13,28,40,36,56,56,52,43,58,58,63,56,43,43,43,43,22,8,1,37,19,52,45,60,60,60,60,45,63,51,51,26,26,0,0],"gold":292,"neow_bonus":"TWO_FIFTY_GOLD","is_daily":false,"chose_seed":false,"campfire_upgraded":4,"win_rate":0.0,"timestamp":1608070104,"path_taken":["M","M","$","?","M","E","$","M","T","E","R","E","M","$","R","BOSS","M","M","M","$","?","R","M","E","T","?","?","M","M","M","R","BOSS","M","$","?","M","M","E","R","M","T","E","?","M"],"items_purchased_type":["Card","Card","Relic","Card","Card","Card","Card"],"build_version":"2020-12-13","purchased_purges":3,"victory":false,"max_hp_per_floor":[66,66,63,63,63,63,63,63,63,63,63,63,63,63,63,63,63,63,63,63,63,63,63,63,63,63,63,63,63,63,63,63,63,63,63,63,63,63,63,63,63,63,63,63,63,63,63],"card_choices":[{"not_picked":["Acrobatics","Dodge and Roll"],"picked":"Endless Agony","floor":1},{"not_picked":["Sucker Punch","Underhanded Strike"],"picked":"Leg Sweep","floor":2},{"not_picked":["Dagger Throw","PiercingWail"],"picked":"Unload","floor":5},{"not_picked":["Riddle With Holes","Choke"],"picked":"Backflip","floor":6},{"not_picked":["Underhanded Strike","Dodge and Roll"],"picked":"Blade Dance","floor":8},{"not_picked":["Bane","A Thousand Cuts"],"picked":"Tactician","floor":10},{"not_picked":["Infinite Blades","Choke"],"picked":"Dagger Throw","floor":12},{"not_picked":["Flying Knee","Dagger Spray"],"picked":"Accuracy","floor":13},{"not_picked":["Unload","Venomology"],"picked":"Corpse Explosion","floor":16},{"not_picked":["Acrobatics","Tactician"],"picked":"Backflip+1","floor":18},{"not_picked":["Flying Knee","Outmaneuver"],"picked":"Crippling Poison","floor":19},{"not_picked":["Noxious Fumes","Underhanded Strike"],"picked":"Accuracy","floor":20},{"not_picked":["Deadly Poison","Slice+1","Cloak And Dagger"],"picked":"SKIP","floor":24},{"not_picked":["Quick Slash","Skewer"],"picked":"Tactician+1","floor":25},{"not_picked":["Dodge and Roll","Dagger Spray","Bane"],"picked":"SKIP","floor":29},{"not_picked":["Outmaneuver","Tactician"],"picked":"Finisher","floor":30},{"not_picked":["Storm of Steel","Predator","Well Laid Plans"],"picked":"SKIP","floor":31},{"not_picked":["Wraith Form v2","Unload"],"picked":"Adrenaline","floor":33},{"not_picked":["Underhanded Strike","Crippling Poison","Dodge and Roll"],"picked":"SKIP","floor":35},{"not_picked":["Poisoned Stab+1","Dash+1"],"picked":"Dodge and Roll+1","floor":38},{"not_picked":["Underhanded Strike+1","Bane"],"picked":"Blade Dance+1","floor":39},{"not_picked":["Bane+1","Backflip"],"picked":"Night Terror","floor":40},{"not_picked":["PiercingWail","Deadly Poison"],"picked":"Reflex+1","floor":42},{"not_picked":["Sucker Punch","Poisoned Stab"],"picked":"Escape Plan","floor":44},{"not_picked":["Leg Sweep","Poisoned Stab","Masterful Stab"],"picked":"SKIP","floor":45}],"player_experience":333696,"relics_obtained":[{"floor":6,"key":"Old Coin"},{"floor":9,"key":"The Courier"},{"floor":10,"key":"Vajra"},{"floor":12,"key":"MealTicket"},{"floor":25,"key":"War Paint"},{"floor":26,"key":"Gremlin Horn"},{"floor":40,"key":"Lizard Tail"},{"floor":43,"key":"Peace Pipe"},{"floor":44,"key":"Lantern"}],"event_choices":[{"damage_healed":0,"gold_gain":0,"player_choice":"Rummage","damage_taken":0,"relics_obtained":["WarpedTongs"],"max_hp_gain":0,"max_hp_loss":0,"event_name":"Accursed Blacksmith","floor":4,"gold_loss":0,"cards_obtained":["Pain"]},{"damage_healed":0,"gold_gain":0,"player_choice":"Opened","damage_taken":0,"relics_obtained":["The Specimen"],"max_hp_gain":0,"max_hp_loss":0,"event_name":"The Mausoleum","floor":22,"gold_loss":0,"cards_obtained":["Writhe"]},{"damage_healed":0,"gold_gain":50,"player_choice":"Stole From Cult","damage_taken":0,"max_hp_gain":0,"max_hp_loss":0,"event_name":"Nest","floor":27,"gold_loss":0},{"cards_removed":["Shame"],"damage_healed":0,"gold_gain":0,"player_choice":"Gave Gold","damage_taken":0,"max_hp_gain":0,"max_hp_loss":0,"event_name":"Beggar","floor":28,"gold_loss":75},{"damage_healed":0,"gold_gain":50,"player_choice":"Pray","damage_taken":0,"max_hp_gain":0,"max_hp_loss":0,"event_name":"Golden Shrine","floor":37,"gold_loss":0}],"is_beta":false,"boss_relics":[{"not_picked":["Busted Crown","Runic Dome"],"picked":"Cursed Key"},{"not_picked":["SlaversCollar","Fusion Hammer"],"picked":"Empty Cage"}],"items_purged_floors":[3,7,14],"is_endless":false,"potions_floor_spawned":[2,5,10,16,24,25,30,31,38,39,40],"killed_by":"Transient","ascension_level":20}}