{"host":"usewcu4ohw2wtmxk","time":1608004495,"event":{"mods":["AchievementEnabler","BaseMod","BetterRewards","Colored Powertips","Minty Spire (QoL Compilation)","Permanent Neow","Quick Restart","Relic Sorter","Relic Stats","Shop Mod","StSLib"],"gold_per_floor":[119,130,142,142,14,24,24,24,24],"floor_reached":8,"playtime":130,"items_purged":["Strike_B"],"score":96,"play_id":"e1d37fab-ec7f-4af3-b8f3-23006ab8f402","local_time":"20201215115455","is_ascension_mode":true,"campfire_choices":[{"data":"Apotheosis","floor":7,"key":"SMITH"}],"circlet_count":0,"master_deck":["AscendersBane","Strike_B","Strike_B","Strike_B","Defend_B","Defend_B","Defend_B","Defend_B","Zap","Dualcast","Apotheosis+1","Barrage","Cold Snap"],"relics":["Cracked Core"],"acts_visited":["Exordium"],"potions_floor_usage":[8],"damage_taken":[{"damage":2.0,"enemies":"Jaw Worm","floor":1.0,"turns":3.0},{"damage":8.0,"enemies":"2 Louse","floor":2.0,"turns":2.0},{"damage":1.0,"enemies":"Cultist","floor":3.0,"turns":3.0},{"damage":16,"enemies":"Large Slime","floor":6,"turns":6},{"damage":0,"enemies":"Gremlin Nob","floor":8,"turns":1}],"seed_played":"-7581763043131784416","potions_obtained":[{"floor":1.0,"key":"FocusPotion"}],"is_trial":false,"path_per_floor":["M","M","M","?","$","M","R","E"],"character_chosen":"DEFECT","items_purchased":["Cold Snap"],"campfire_rested":0,"item_purchase_floors":[5],"current_hp_per_floor":[44,36,35,35,35,19,19,19,19],"gold":24,"neow_bonus":"RANDOM_COLORLESS_2","is_daily":false,"chose_seed":false,"campfire_upgraded":1,"win_rate":0.0,"timestamp":1608004495,"path_taken":["M","M","M","?","$","M","R","E"],"items_purchased_type":["Card"],"build_version":"2020-12-13","purchased_purges":1,"victory":false,"max_hp_per_floor":[71,71,71,71,71,71,71,71,71],"relic_stats":{"counters":[5,15],"obtain_stats":[{"Cracked Core":0},{"Cracked Core":0},{"Cracked Core":0}]},"card_choices":[{"not_picked":["Thinking Ahead","Sadistic Nature"],"picked":"Apotheosis","floor":0.0},{"not_picked":["Leap","Streamline","Stack"],"picked":"SKIP","floor":1.0},{"not_picked":["Tempest","Chaos"],"picked":"Barrage","floor":2.0},{"not_picked":["Streamline","Redo","Stack"],"picked":"SKIP","floor":3.0},{"not_picked":["Barrage","Conserve Battery","Gash"],"picked":"SKIP","floor":6}],"player_experience":259655,"relics_obtained":[],"event_choices":[{"damage_healed":0.0,"max_hp_gain":0.0,"max_hp_loss":0.0,"gold_gain":0.0,"event_name":"Liars Game","player_choice":"Ignored","floor":4.0,"gold_loss":0.0,"damage_taken":0.0}],"is_beta":false,"boss_relics":[],"items_purged_floors":[5],"is_endless":false,"potions_floor_spawned":[1],"killed_by":"Gremlin Nob","ascension_level":20}}