{"host":"wukocnei7dgudpva","time":1608020716,"event":{"mods":["AchievementEnabler","BaseMod","Colored Map","Minty Spire (QoL Compilation)","StSLib","SuperFastMode"],"gold_per_floor":[113,123,123,223,237,237,250,22,47,47,47],"floor_reached":10,"playtime":456,"items_purged":["Strike_P"],"score":58,"play_id":"fc4d74a6-90c5-4e9a-8329-ac94cf5d238b","local_time":"20201215172516","is_ascension_mode":false,"campfire_choices":[{"floor":6,"key":"REST"}],"circlet_count":0,"master_deck":["Strike_P","Strike_P","Strike_P+1","Defend_P","Defend_P","Defend_P+1","Defend_P","Eruption","Vigilance","TalkToTheHand"],"relics":["PureWater","Calipers","Frozen Eye"],"acts_visited":["Exordium"],"potions_floor_usage":[7,10],"damage_taken":[{"damage":6,"enemies":"Jaw Worm","floor":1,"turns":4},{"damage":15,"enemies":"Small Slimes","floor":2,"turns":2},{"damage":0,"enemies":"Cultist","floor":5,"turns":3},{"damage":2,"enemies":"Blue Slaver","floor":7,"turns":5},{"damage":42,"enemies":"3 Sentries","floor":10,"turns":6}],"seed_played":"-8278305023096191294","potions_obtained":[{"floor":2,"key":"StancePotion"},{"floor":5,"key":"LiquidMemories"},{"floor":7,"key":"Fruit Juice"}],"is_trial":false,"path_per_floor":["M","M","?","?","M","R","M","$","T","E"],"character_chosen":"WATCHER","items_purchased":["Frozen Eye"],"campfire_rested":1,"item_purchase_floors":[8],"current_hp_per_floor":[45,30,16,16,16,37,40,40,40,0,0],"gold":47,"neow_bonus":"ONE_RARE_RELIC","is_daily":false,"chose_seed":false,"campfire_upgraded":0,"win_rate":0.0,"timestamp":1608020716,"path_taken":["M","M","?","?","?","R","M","$","T","E"],"items_purchased_type":["Relic"],"build_version":"2020-12-13","purchased_purges":1,"victory":false,"max_hp_per_floor":[72,72,72,72,72,72,77,77,77,77,77],"card_choices":[{"not_picked":["FlyingSleeves","BowlingBash","Nirvana"],"picked":"SKIP","floor":1},{"not_picked":["Study","Crescendo","Fasting2"],"picked":"SKIP","floor":2},{"not_picked":["Worship","PathToVictory"],"picked":"TalkToTheHand","floor":5},{"not_picked":["SandsOfTime","BattleHymn","ForeignInfluence"],"picked":"SKIP","floor":7}],"player_experience":234225,"relics_obtained":[],"event_choices":[{"damage_healed":0,"gold_gain":0,"player_choice":"Entered Light","damage_taken":14,"max_hp_gain":0,"max_hp_loss":0,"event_name":"Shining Light","floor":3,"gold_loss":0,"cards_upgraded":["Strike_P","Defend_P"]},{"damage_healed":0,"gold_gain":100,"player_choice":"Pray","damage_taken":0,"max_hp_gain":0,"max_hp_loss":0,"event_name":"Golden Shrine","floor":4,"gold_loss":0}],"is_beta":false,"boss_relics":[],"items_purged_floors":[8],"is_endless":false,"potions_floor_spawned":[2,5,7],"killed_by":"3 Sentries","ascension_level":0}}