{"host":"57rcrwhzj4x4jlaj","time":1608029390,"event":{"mods":["2.2 Compatiblity","BaseMod","BetterRewards","Colored Map","Conspire","Dota2Spire","Downfall","Energized Spire","Grow up Mod","Hermit","Hubris","Infinite Spire","Marisa????????","Mimic Mod","Minty Spire (QoL Compilation)","Relic Filter","Relic Stats","Remilia??????","Replay The Spire","Shop Mod","StSLib","SuperFastMode","Td1madao Mod","The Accelerator","The Bug Knight","The Exalted","The Jungle","[IsaacMod]????","vexMod"],"gold_per_floor":[99,128,138,138,153,166,166,166,180,180,210,228,287,287,309,417,417,417,430,464,389,400,415,457,501,501,501,521,521,621,659,677,783,783,783,798,1098,1117,1117,1117,1144,1144,994,1025,1036,1360,1360,1371,1389,1389],"floor_reached":51,"playtime":2947,"items_purged":["hexamod:Strike"],"score":889,"play_id":"68dfad1e-ceeb-4900-9bfa-9b89a65b2bfb","local_time":"20201215174950","is_ascension_mode":true,"campfire_choices":[{"data":"hexamod:Float","floor":1,"key":"SMITH"},{"floor":4,"key":"REST"},{"data":"hexamod:TimeOfNeed","floor":8,"key":"SMITH"},{"data":"hexamod:EmpoweringStance","floor":10,"key":"SMITH"},{"floor":18,"key":"RECALL"},{"data":"hexamod:GhostOfSpirePresent","floor":21,"key":"SMITH"},{"data":"hexamod:InspiringFlames","floor":27,"key":"SMITH"},{"data":"hexamod:CrushingStance","floor":35,"key":"SMITH"},{"data":"hexamod:HauntingEcho","floor":40,"key":"SMITH"}],"circlet_count":0,"master_deck":["hexamod:Strike","hexamod:Strike","hexamod:Strike","hexamod:Defend","hexamod:Defend","hexamod:Defend","hexamod:Defend","hexamod:Sear","hexamod:Float+1","hexamod:EmpoweringStance+1","hexamod:TimeOfNeed+1","hexamod:GhostOfSpirePresent+1","hexamod:BurningTouch","hexamod:HauntingEcho+1","hexamod:TimeWarp+1","hexamod:InspiringFlames+1","hexamod:InspiringFlames+1","hexamod:PhantomFireball+1","hexamod:CrushingStance+1","hexamod:PowerFromBeyond+1","hexamod:Toasty"],"relics":["hexamod:SpiritBrand","HushsDoor","BFFS","BookofShadows","Dota2Spire:EchoSabre","DoctorsRemote","SharpPlug","CeramicFish","hubris:TinFlute","Sozu","ScarletDevilRocket","downfall:HeartBlessingRed","Question Card","Pen Nib","hubris:Backtick","Gungnir","Iron Hammer","Lizard Tail","Red Mask","MagicMushroom","Bromod:ArcaneConsequence","vexMod:PaidLearning","Prayer Wheel"],"acts_visited":["Exordium","TheCity","TheBeyond"],"potions_floor_usage":[13,16],"damage_taken":[{"damage":68,"enemies":"Gremlin Nob","floor":2,"turns":6},{"damage":4,"enemies":"2 Louse","floor":3,"turns":3},{"damage":6,"enemies":"conspire:RoseBush","floor":5,"turns":3},{"damage":7,"enemies":"Small Slimes","floor":6,"turns":4},{"damage":7,"enemies":"Exordium Wildlife","floor":9,"turns":4},{"damage":0,"enemies":"conspire:MimicChest","floor":11,"turns":6},{"damage":0,"enemies":"Red Slaver","floor":12,"turns":3},{"damage":0,"enemies":"Hiden Room Battle","floor":13,"turns":2},{"damage":3,"enemies":"Blue Slaver","floor":15,"turns":4},{"damage":11,"enemies":"downfall:Silent","floor":16,"turns":7},{"damage":29,"enemies":"Shell Parasite","floor":19,"turns":5},{"damage":24,"enemies":"Slavers","floor":20,"turns":4},{"damage":0,"enemies":"conspire:FuzzyDice","floor":22,"turns":4},{"damage":21,"enemies":"Snake Plant","floor":23,"turns":4},{"damage":2,"enemies":"Shelled Parasite and Fungi","floor":24,"turns":5},{"damage":30,"enemies":"Nightmare","floor":25,"turns":7},{"damage":8,"enemies":"Shelled Parasite and Fungi","floor":28,"turns":5},{"damage":5,"enemies":"downfall:Defect","floor":30,"turns":5},{"damage":10,"enemies":"Masked Bandits","floor":31,"turns":4},{"damage":8,"enemies":"Cultist and Chosen","floor":32,"turns":6},{"damage":13,"enemies":"downfall:Ironclad","floor":33,"turns":6},{"damage":0,"enemies":"Orb Walker","floor":36,"turns":1},{"damage":0,"enemies":"3 Shapes","floor":38,"turns":4},{"damage":0,"enemies":"downfall:FleeingMerchant","floor":43,"turns":4},{"damage":9,"enemies":"R_Hoarder","floor":44,"turns":6},{"damage":11,"enemies":"Transient","floor":45,"turns":5},{"damage":0,"enemies":"downfall:FleeingMerchant","floor":46,"turns":3},{"damage":0,"enemies":"Jaw Worm Horde","floor":48,"turns":3},{"damage":0,"enemies":"Spire Growth","floor":49,"turns":3},{"damage":0,"enemies":"downfall:Watcher","floor":50,"turns":6}],"seed_played":"3632341295177243133","potions_obtained":[{"floor":5,"key":"ColorlessPotion"},{"floor":9,"key":"Dota2Spire:Clarity"},{"floor":11,"key":"SteroidPotion"},{"floor":16,"key":"EssenceOfSteel"}],"is_trial":false,"path_per_floor":["R","E","M","R","M","M","T","R","M","R","?","M","?","?","M","B",null,"R","M","E","R","M","M","MIM","NM","?","R","M","AVR","?","?","M","B",null,"R","M","?","M","?","R","T","?","$","E","M","?","?","M","M","B",null],"character_chosen":"THE_SPIRIT","items_purchased":["vexMod:PaidLearning"],"campfire_rested":1,"item_purchase_floors":[43],"current_hp_per_floor":[90,32,38,81,85,88,98,108,111,121,131,141,151,128,135,134,250,260,241,227,237,247,236,244,224,234,244,246,256,261,261,263,260,427,437,447,457,467,477,487,497,507,517,525,525,536,546,557,568,579],"gold":1389,"neow_bonus":"ONE_RANDOM_RARE_CARD","is_daily":false,"chose_seed":false,"campfire_upgraded":7,"win_rate":0.0,"timestamp":1608029390,"path_taken":["R","E","M","R","M","M","T","R","M","R","?","M","?","?","M","BOSS","R","M","E","R","M","M","MIM","NM","?","R","M","AVR","?","?","M","BOSS","R","M","?","M","?","R","T","?","$","E","?","?","?","M","M","BOSS"],"items_purchased_type":["Relic"],"build_version":"2020-12-13","purchased_purges":1,"victory":true,"max_hp_per_floor":[90,100,110,120,130,140,150,160,170,180,190,200,210,220,230,240,250,260,270,280,290,300,310,320,330,340,350,360,370,380,390,400,410,427,437,447,457,467,477,487,497,507,517,527,537,547,557,567,577,587],"relic_stats":{"Sozu":5,"Lizard Tail":0,"counters":[30,132],"CeramicFish":81,"Prayer Wheel":3,"Pen Nib":[13],"Question Card":22,"obtain_stats":[{"KeepersGift":0,"Dota2Spire:EchoSabre":7,"DoctorsRemote":11,"BookofShadows":2,"ScarletDevilRocket":20,"downfall:HeartBlessingRed":21,"CeramicFish":13,"SharpPlug":13,"Pen Nib":25,"vexMod:PaidLearning":43,"Question Card":24,"BFFS":0,"Bromod:ArcaneConsequence":41,"Sozu":17,"Gungnir":29,"Lizard Tail":30,"hubris:Backtick":29,"MagicMushroom":34,"Prayer Wheel":44,"Iron Hammer":29,"Red Mask":31,"HushsDoor":0,"hexamod:SpiritBrand":0,"hubris:TinFlute":14},{"KeepersGift":0,"Dota2Spire:EchoSabre":4,"DoctorsRemote":6,"BookofShadows":1,"ScarletDevilRocket":12,"downfall:HeartBlessingRed":12,"CeramicFish":8,"SharpPlug":8,"Pen Nib":16,"vexMod:PaidLearning":24,"Question Card":15,"BFFS":0,"Bromod:ArcaneConsequence":23,"Sozu":10,"Gungnir":17,"Lizard Tail":18,"hubris:Backtick":17,"MagicMushroom":21,"Prayer Wheel":25,"Iron Hammer":17,"Red Mask":19,"HushsDoor":0,"hexamod:SpiritBrand":0,"hubris:TinFlute":8},{"KeepersGift":0,"Dota2Spire:EchoSabre":16,"DoctorsRemote":26,"BookofShadows":6,"ScarletDevilRocket":51,"downfall:HeartBlessingRed":51,"CeramicFish":31,"SharpPlug":31,"Pen Nib":71,"vexMod:PaidLearning":106,"Question Card":64,"BFFS":0,"Bromod:ArcaneConsequence":102,"Sozu":42,"Gungnir":76,"Lizard Tail":81,"hubris:Backtick":76,"MagicMushroom":97,"Prayer Wheel":112,"Iron Hammer":76,"Red Mask":85,"HushsDoor":0,"hexamod:SpiritBrand":0,"hubris:TinFlute":31}]},"card_choices":[{"not_picked":["hexamod:ShieldOfDarkness","hexamod:NightmareStrike","hexamod:AdvancingGuard"],"picked":"SKIP","floor":2},{"not_picked":["hexamod:NightmareStrike","hexamod:Hexaguard","hexamod:ChargedBarrage"],"picked":"SKIP","floor":3},{"not_picked":["hexamod:FastForward","hexamod:SpectersWail","hexamod:NightmareStrike"],"picked":"SKIP","floor":5},{"not_picked":["hexamod:SpectralSpark","hexamod:GhostShield"],"picked":"hexamod:TimeOfNeed","floor":6},{"not_picked":["hexamod:ThermalTransfer","hexamod:NightmareGuise","hexamod:NightmareStrike"],"picked":"SKIP","floor":9},{"not_picked":["hexamod:InspiringFlames","hexamod:BacktrackSmack"],"picked":"hexamod:GhostOfSpirePresent","floor":11},{"not_picked":["hexamod:GhostOfSpirePresent","hexamod:ThirdSeal","hexamod:SpectersWail"],"picked":"SKIP","floor":12},{"not_picked":["hexamod:SoulSteal","hexamod:GhostShield"],"picked":"hexamod:BurningTouch","floor":13},{"not_picked":["hexamod:NightmareStrike","hexamod:RainOfEmbers"],"picked":"hexamod:HauntingEcho","floor":15},{"not_picked":["hexamod:HexaLevel","hexamod:EmpoweringStance"],"picked":"hexamod:TimeWarp","floor":16},{"not_picked":["hexamod:SuperheatedStrike","hexamod:ThermalTransfer","hexamod:SecondSeal"],"picked":"SKIP","floor":19},{"not_picked":["hexamod:GhostOfSpirePresent","hexamod:EtherealExpedition","hexamod:ThermalTransfer"],"picked":"SKIP","floor":20},{"not_picked":["hexamod:GhostOfSpireFuture+1","hexamod:GhostLash+1","hexamod:ShieldOfDarkness"],"picked":"SKIP","floor":22},{"not_picked":["hexamod:Haunt","hexamod:HeatCrush","hexamod:ShieldOfDarkness"],"picked":"SKIP","floor":23},{"not_picked":["hexamod:Firestarter","hexamod:GhostOfSpirePresent"],"picked":"hexamod:InspiringFlames","floor":24},{"not_picked":["hexamod:AdvancingGuard","hexamod:BacktrackSmack+1","hexamod:Hexaguard+1"],"picked":"hexamod:InspiringFlames+1","floor":25},{"not_picked":["hexamod:HeatCrush","hexamod:Hexaguard","hexamod:GhostLash","hexamod:FastForward+1"],"picked":"SKIP","floor":28},{"not_picked":["hexamod:GhostLash+1","hexamod:InspiringFlames","hexamod:ShieldOfDarkness"],"picked":"hexamod:PhantomFireball+1","floor":31},{"not_picked":["hexamod:FirstSeal","hexamod:RecurringNightmare+1","hexamod:RadiantFlame","hexamod:GhostflameInferno"],"picked":"SKIP","floor":32},{"not_picked":["hexamod:UnleashSpirits","hexamod:TimeOfNeed","hexamod:ApocalypseNow"],"picked":"hexamod:CrushingStance","floor":33},{"not_picked":["hexamod:NightmareStrike+1","hexamod:AdvancingGuard","hexamod:FourthSeal","hexamod:HauntingEcho"],"picked":"SKIP","floor":36},{"not_picked":["hexamod:ShieldOfDarkness+1","hexamod:FourthSeal","hexamod:BurningTouch+1","hexamod:SwordOfDarkness"],"picked":"SKIP","floor":38},{"not_picked":["hexamod:GhostLash+1","hexamod:FastForward+1","hexamod:RecurringNightmare+1"],"picked":"hexamod:PowerFromBeyond","floor":43},{"not_picked":["hexamod:SpectralAdrenaline+1","hexamod:InspiringFlames","hexamod:GhostLash+1","hexamod:RainOfEmbers"],"picked":"SKIP","floor":44},{"not_picked":["hexamod:ThirdSeal","hexamod:ApocalypseNow","hexamod:FastForward+1","hexamod:NightmareGuise+1"],"picked":"SKIP","floor":45},{"not_picked":["hexamod:SoulSteal","hexamod:GhostLash+1","hexamod:GhostflameBarrier","hexamod:ThermalTransfer+1"],"picked":"SKIP","floor":45},{"not_picked":["hexamod:InspiringFlames","hexamod:Hexaguard+1","hexamod:RainOfEmbers+1"],"picked":"hexamod:Toasty","floor":46},{"not_picked":["hexamod:ChargedBarrage+1","hexamod:BurningTouch","hexamod:RainOfEmbers+1","hexamod:SwordOfDarkness"],"picked":"SKIP","floor":48},{"not_picked":["hexamod:ShieldOfDarkness+1","hexamod:HauntingEcho+1","hexamod:Rewind+1","hexamod:ThirdSeal"],"picked":"SKIP","floor":48},{"not_picked":["hexamod:SoulSteal+1","hexamod:ShieldOfDarkness","hexamod:HeatMetal+1","hexamod:GhostShield+1"],"picked":"SKIP","floor":49},{"not_picked":["hexamod:GhostShield","hexamod:HeatShield+1","hexamod:Rewind","hexamod:BurningTouch"],"picked":"SKIP","floor":49}],"player_experience":660284,"relics_obtained":[{"floor":2,"key":"BookofShadows"},{"floor":7,"key":"Dota2Spire:EchoSabre"},{"floor":11,"key":"DoctorsRemote"},{"floor":13,"key":"SharpPlug"},{"floor":13,"key":"CeramicFish"},{"floor":20,"key":"ScarletDevilRocket"},{"floor":24,"key":"Question Card"},{"floor":25,"key":"Pen Nib"},{"floor":30,"key":"Lizard Tail"},{"floor":31,"key":"Red Mask"},{"floor":41,"key":"Bromod:ArcaneConsequence"},{"floor":44,"key":"Prayer Wheel"}],"event_choices":[{"damage_healed":0,"gold_gain":0,"player_choice":"Fight","damage_taken":0,"max_hp_gain":0,"max_hp_loss":0,"event_name":"HidenRoomEvent","floor":13,"gold_loss":0},{"damage_healed":0,"gold_gain":0,"player_choice":"Success","damage_taken":33,"relics_obtained":["hubris:TinFlute"],"max_hp_gain":0,"max_hp_loss":0,"event_name":"Scrap Ooze","floor":14,"gold_loss":0},{"damage_healed":0,"gold_gain":0,"player_choice":"Fought Bandits","damage_taken":0,"max_hp_gain":0,"max_hp_loss":0,"event_name":"Masked Bandits","floor":31,"gold_loss":0},{"damage_healed":0,"gold_gain":0,"player_choice":"Ignored","damage_taken":0,"max_hp_gain":0,"max_hp_loss":0,"event_name":"Transmorgrifier","floor":39,"gold_loss":0}],"is_beta":false,"boss_relics":[{"not_picked":["Coffee Dripper","energizedSpire:MagnifyingGlass"],"picked":"Sozu"},{"not_picked":[]},{"not_picked":["Empty Cage","vexMod:MysteryBossChallenge"],"picked":"MagicMushroom"},{"not_picked":[]}],"items_purged_floors":[29],"is_endless":false,"potions_floor_spawned":[5,9,11,13,16,19,20,30,33,45,48,49],"ascension_level":2}}