{"host":"bvkbjljjfzajhda9","time":1608035698,"event":{"mods":["2.2 Compatiblity","AchievementEnabler","Act Like it!","Ascension Reborn","Aspiration","BaseMod","Better Altar","Better Match","Better Note","Better Sensory Stone","Better Silent Start","Better Skull","Better Third Choice","Better-Laid Plans","BetterRewards","CCEM","Colored Powertips","Conspire","Custom Start","Defuse TimeMaze Blight","Downfall","Energized Spire","Friendly Minions","GifTheSpireLib","Gold Saver","HexUI Lib","Hubris","Infinite Spire","Minty Spire (QoL Compilation)","Permanent Neow","Prisma Mod","Relic Filter","Replay The Spire","Shop Mod","Small Relic Pack","Spicy Shops","Spikes Relics","StSLib","Transform Curses"],"gold_per_floor":[874,949,949,392,392,392,410,438,388,418,495,511,524,542,542,559,559,656,656,669,444,444,394,413,440,440,440,519,519,519,552,552,568,568,664,764,783,783,783,783,532,532,532,532],"floor_reached":43,"playtime":3752,"items_purged":["Strike_G"],"score":570,"play_id":"bdf856e5-0940-4357-9b86-43b775280c37","local_time":"20201215133458","daily_mods":["Heirloom"],"is_ascension_mode":true,"campfire_choices":[{"data":"Bane","floor":17,"key":"SMITH"},{"data":"conspire:PoisonWeapons","floor":26,"key":"SMITH"},{"floor":34,"key":"REST"},{"data":"Storm of Steel","floor":42,"key":"SMITH"}],"circlet_count":0,"master_deck":["Strike_G","Strike_G","Defend_G","Defend_G","Defend_G","Defend_G","Survivor+1","Neutralize+1","Deadly Poison","Blade Dance+1","Noxious Fumes+1","Bane+1","Backflip","ReplayTheSpireMod:Speed Training","conspire:PoisonWeapons+1","PiercingWail","Die Die Die","Storm of Steel+1"],"relics":["Ring of the Snake","CCEMRelics:OrganicArmor","Akabeko","conspire:TreasureMap","Juzu Bracelet","Ginger","aspiration:StickyExplosives","Vajra","CCEMRelics:Pendulum","infinitespire:FocusingShard","Snake Skull","Replay:Wanted Poster","hubris:Towel","infinitespire:EmpoweringShard"],"acts_visited":["Exordium","TheCity","TheBeyond"],"potions_floor_usage":[18,31,33,35,43],"damage_taken":[{"damage":1,"enemies":"Jaw Worm","floor":1,"turns":6},{"damage":0,"enemies":"2 Louse","floor":7,"turns":2},{"damage":12,"enemies":"Gremlin Nob","floor":8,"turns":4},{"damage":0,"enemies":"Replay:BlueRogue","floor":10,"turns":5},{"damage":0,"enemies":"Cultist","floor":12,"turns":3},{"damage":0,"enemies":"conspire:2 RoseBushes","floor":13,"turns":5},{"damage":0,"enemies":"Blue Slaver","floor":14,"turns":2},{"damage":0,"enemies":"Large Slime","floor":16,"turns":4},{"damage":0,"enemies":"The Guardian","floor":18,"turns":8},{"damage":9,"enemies":"Spheric Guardian","floor":20,"turns":5},{"damage":0,"enemies":"Chosen","floor":24,"turns":3},{"damage":11,"enemies":"conspire:SneckoGhost","floor":25,"turns":5},{"damage":0,"enemies":"Book of Stabbing","floor":31,"turns":5},{"damage":3,"enemies":"Shelled Parasite and Fungi","floor":33,"turns":4},{"damage":16,"enemies":"Champ","floor":35,"turns":10},{"damage":3,"enemies":"3 Shapes","floor":37,"turns":4},{"damage":68,"enemies":"Nemesis","floor":43,"turns":8}],"seed_played":"1511853488003411304","potions_obtained":[{"floor":1,"key":"Guardian:BlockOnCardUsePotion"},{"floor":8,"key":"SpeedPotion"},{"floor":12,"key":"sneckomod:MuddlingPotion"},{"floor":14,"key":"Energy Potion"},{"floor":18,"key":"Guardian:BlockOnCardUsePotion"},{"floor":31,"key":"AttackPotion"},{"floor":35,"key":"Dexterity Potion"}],"is_trial":true,"path_per_floor":["M","?","?","$","PTL","PTL","M","E","?","E","T","M","M","M","?","M","R","B",null,"M","$","?","?","M","E","R","?","T","?","?","E","?","M","R","B",null,"M","?","?","?","$","R","E"],"character_chosen":"THE_SILENT","items_purchased":["Akabeko","Blade Dance+1","Noxious Fumes","conspire:TreasureMap","Vajra","infinitespire:EmpoweringShard"],"campfire_rested":1,"item_purchase_floors":[4,4,4,4,21,41],"current_hp_per_floor":[69,58,58,58,58,58,58,46,46,46,46,46,46,46,46,46,46,46,70,61,61,61,61,61,50,50,50,50,50,50,50,50,47,68,52,70,67,67,67,67,67,67,0,0],"gold":532,"neow_bonus":"","is_daily":false,"chose_seed":false,"campfire_upgraded":3,"win_rate":0.0,"timestamp":1608035698,"path_taken":["M","?","?","?","PTL","PTL","M","E","?","E","T","M","M","M","?","M","R","BOSS","M","$","?","?","M","E","R","?","T","?","?","E","?","M","R","BOSS","M","?","?","?","?","R","E"],"items_purchased_type":["Relic","Card","Card","Relic","Relic","Relic"],"build_version":"2020-12-13","purchased_purges":1,"victory":false,"max_hp_per_floor":[70,70,70,70,70,70,70,70,70,70,70,70,70,70,70,70,70,70,70,70,70,70,70,70,70,70,70,70,70,70,70,70,70,70,70,70,70,70,70,70,70,70,70,70],"card_choices":[{"not_picked":["Outmaneuver","Deflect"],"picked":"Deadly Poison","floor":1},{"not_picked":["Expertise","Setup"],"picked":"Bane","floor":7},{"not_picked":["Night Terror","hubris:SlightOfHand"],"picked":"Backflip","floor":8},{"not_picked":["Deflect","Infinite Blades","Blade Dance"],"picked":"SKIP","floor":10},{"not_picked":["Bane","Flying Knee"],"picked":"ReplayTheSpireMod:Speed Training","floor":12},{"not_picked":["Replay:Poison Smokescreen","ReplayTheSpireMod:Exploit Weakness","Outmaneuver"],"picked":"SKIP","floor":13},{"not_picked":["Acrobatics","Fluid Movement"],"picked":"conspire:PoisonWeapons","floor":14},{"not_picked":["Dash","Calculated Gamble"],"picked":"PiercingWail","floor":16},{"not_picked":["Phantasmal Killer","Replay:Bag of Tricks"],"picked":"Die Die Die","floor":18},{"not_picked":["Riddle With Holes","Prepared","Underhanded Strike"],"picked":"SKIP","floor":20},{"not_picked":["hubris:SlightOfHand","Deflect","Eviscerate"],"picked":"SKIP","floor":24},{"not_picked":["Leg Sweep","Corpse Explosion","hubris:TrickCloak"],"picked":"SKIP","floor":25},{"not_picked":["Predator","Flying Knee","Poisoned Stab"],"picked":"SKIP","floor":31},{"not_picked":["Expertise","Hidden Blade","Slice"],"picked":"SKIP","floor":33},{"not_picked":["Grand Finale","infinitespire:Neurotoxin"],"picked":"Storm of Steel","floor":35},{"not_picked":["Backflip","Flying Knee","Hidden Blade"],"picked":"SKIP","floor":37}],"player_experience":167887,"relics_obtained":[{"floor":8,"key":"Juzu Bracelet"},{"floor":10,"key":"Ginger"},{"floor":11,"key":"aspiration:StickyExplosives"},{"floor":25,"key":"CCEMRelics:Pendulum"},{"floor":28,"key":"infinitespire:FocusingShard"},{"floor":31,"key":"Snake Skull"}],"event_choices":[{"damage_healed":0,"gold_gain":75,"player_choice":"Gold","damage_taken":11,"max_hp_gain":0,"max_hp_loss":0,"event_name":"betterThird:BetterGoop","floor":2,"gold_loss":0},{"damage_healed":0,"gold_gain":0,"player_choice":"Grow","damage_taken":0,"max_hp_gain":0,"max_hp_loss":0,"event_name":"Living Wall","floor":3,"gold_loss":0,"cards_upgraded":["Neutralize"]},{"damage_healed":0,"gold_gain":0,"player_choice":"Invest 1","damage_taken":0,"max_hp_gain":0,"max_hp_loss":0,"event_name":"conspire:Investor","floor":9,"gold_loss":0},{"cards_removed":["ReplayTheSpireMod:Speed Training"],"damage_healed":0,"gold_gain":0,"player_choice":"Give","damage_taken":0,"max_hp_gain":0,"max_hp_loss":0,"event_name":"betterNote:BetterNote","floor":22,"gold_loss":0,"cards_obtained":["Strike_P"]},{"damage_healed":0,"gold_gain":0,"player_choice":"Bet on Owner","damage_taken":0,"max_hp_gain":0,"max_hp_loss":0,"event_name":"The Joust","floor":23,"gold_loss":50},{"damage_healed":0,"gold_gain":0,"player_choice":"Upgraded","damage_taken":0,"max_hp_gain":0,"max_hp_loss":0,"event_name":"Upgrade Shrine","floor":27,"gold_loss":0,"cards_upgraded":["Survivor"]},{"cards_removed":["conspire:SpireCoStock"],"damage_healed":0,"gold_gain":0,"player_choice":"Elegance","damage_taken":0,"max_hp_gain":0,"max_hp_loss":0,"event_name":"betterThird:BetterWriting","floor":32,"gold_loss":0},{"damage_healed":0,"gold_gain":0,"player_choice":"Ignored","damage_taken":0,"max_hp_gain":0,"max_hp_loss":0,"event_name":"Tomb of Lord Red Mask","floor":38,"gold_loss":0},{"cards_removed":["Strike_G"],"damage_healed":0,"gold_gain":0,"player_choice":"Removed Attack","damage_taken":0,"max_hp_gain":0,"max_hp_loss":0,"event_name":"Falling","floor":39,"gold_loss":0}],"is_beta":false,"boss_relics":[{"not_picked":["Philosopher\u0027s Stone","aspiration:SecretTechniqueScroll","energizedSpire:SpiderWeb"]},{"not_picked":["CosmicIsotope","energizedSpire:HighHeels"],"picked":"Replay:Wanted Poster"}],"items_purged_floors":[21],"is_endless":false,"potions_floor_spawned":[1,8,12,14,18,31,35],"killed_by":"Nemesis","ascension_level":0}}