{"host":"d5zlp9udt2hvvjfh","time":1608065566,"event":{"mods":["AchievementEnabler","BaseMod","Minty Spire (QoL Compilation)","Permanent Neow","Relic Stats","StSLib"],"gold_per_floor":[112,112,131,131,141,168,182,182,207,221,254,268,297,317,317,412,412,430,430,441,454,454,454],"floor_reached":22,"playtime":1894,"items_purged":[],"score":336,"play_id":"e9dd046a-0752-40fd-9f83-f99c57de1b56","local_time":"20201215215246","is_ascension_mode":true,"campfire_choices":[{"floor":8.0,"key":"REST"},{"floor":15,"key":"REST"}],"circlet_count":0,"master_deck":["AscendersBane","Strike_B","Strike_B","Strike_B","Defend_B","Defend_B","Defend_B","Defend_B","Zap","Dualcast","Coolheaded","Doom and Gloom","White Noise","Loop","Coolheaded","Skim","Cold Snap","Heatsinks","Barrage","Electrodynamics"],"relics":["Fusion Hammer","Regal Pillow","Akabeko","Vajra","Meat on the Bone","Nuclear Battery","Enchiridion"],"acts_visited":["Exordium","TheCity"],"potions_floor_usage":[21],"damage_taken":[{"damage":4.0,"enemies":"Jaw Worm","floor":1.0,"turns":4.0},{"damage":4.0,"enemies":"2 Louse","floor":3.0,"turns":3.0},{"damage":4.0,"enemies":"Cultist","floor":5.0,"turns":4.0},{"damage":11.0,"enemies":"Gremlin Nob","floor":6.0,"turns":3.0},{"damage":2.0,"enemies":"2 Fungi Beasts","floor":7.0,"turns":3.0},{"damage":13.0,"enemies":"Large Slime","floor":10.0,"turns":5.0},{"damage":11.0,"enemies":"3 Sentries","floor":11.0,"turns":7.0},{"damage":8.0,"enemies":"Blue Slaver","floor":12.0,"turns":4.0},{"damage":1.0,"enemies":"Lagavulin","floor":13.0,"turns":6.0},{"damage":33,"enemies":"Gremlin Gang","floor":14,"turns":4},{"damage":22,"enemies":"Slime Boss","floor":16,"turns":10},{"damage":1,"enemies":"Spheric Guardian","floor":18,"turns":3},{"damage":6,"enemies":"3 Byrds","floor":20,"turns":4},{"damage":25,"enemies":"Shelled Parasite and Fungi","floor":21,"turns":5},{"damage":33,"enemies":"Snake Plant","floor":22,"turns":2}],"seed_played":"6935623581850135072","potions_obtained":[{"floor":1.0,"key":"FocusPotion"},{"floor":4.0,"key":"AttackPotion"},{"floor":6.0,"key":"Dexterity Potion"},{"floor":11.0,"key":"FocusPotion"},{"floor":14,"key":"Fire Potion"},{"floor":16,"key":"CultistPotion"}],"is_trial":false,"path_per_floor":["M","?","M","?","M","E","M","R","T","M","E","M","E","M","R","B",null,"M","?","M","M","M"],"character_chosen":"DEFECT","items_purchased":[],"campfire_rested":2,"item_purchase_floors":[],"current_hp_per_floor":[64,57,53,53,49,38,36,73,73,60,49,41,40,19,56,46,68,67,51,45,32,0,0],"gold":454,"neow_bonus":"BOSS_RELIC","is_daily":false,"chose_seed":false,"campfire_upgraded":0,"win_rate":0.0,"timestamp":1608065566,"path_taken":["M","?","M","?","M","E","M","R","T","?","E","M","E","M","R","BOSS","M","?","M","M","M"],"items_purchased_type":[],"build_version":"2020-12-13","purchased_purges":0,"victory":false,"max_hp_per_floor":[75,75,75,75,75,75,75,75,75,75,75,75,75,75,75,75,75,75,75,75,75,75,75],"relic_stats":{"Regal Pillow":30,"counters":[15,67],"obtain_stats":[{"Regal Pillow":6,"Vajra":11,"Enchiridion":19,"Fusion Hammer":0,"Cracked Core":0,"Akabeko":9,"Meat on the Bone":13,"Nuclear Battery":17},{"Regal Pillow":4,"Vajra":7,"Enchiridion":12,"Fusion Hammer":0,"Cracked Core":0,"Akabeko":5,"Meat on the Bone":9,"Nuclear Battery":11},{"Regal Pillow":14,"Vajra":29,"Enchiridion":56,"Fusion Hammer":0,"Cracked Core":0,"Akabeko":17,"Meat on the Bone":39,"Nuclear Battery":53}],"Meat on the Bone":36},"card_choices":[{"not_picked":["Storm","Redo"],"picked":"Coolheaded","floor":1.0},{"not_picked":["Stack","Compile Driver"],"picked":"Doom and Gloom","floor":3.0},{"not_picked":["Double Energy","Hello World"],"picked":"White Noise","floor":5.0},{"not_picked":["Gash","Turbo"],"picked":"Loop","floor":6.0},{"not_picked":["Blizzard","Leap"],"picked":"Coolheaded","floor":7.0},{"not_picked":["Static Discharge","Blizzard"],"picked":"Skim","floor":10.0},{"not_picked":["Turbo","Fission"],"picked":"Cold Snap","floor":11.0},{"not_picked":["Barrage","Go for the Eyes"],"picked":"Heatsinks","floor":12.0},{"not_picked":["Reinforced Body","Hologram"],"picked":"Barrage","floor":13.0},{"not_picked":["Thunder Strike","Gash","Sunder"],"picked":"SKIP","floor":14},{"not_picked":["Machine Learning","Creative AI"],"picked":"Electrodynamics","floor":16},{"not_picked":["Beam Cell","Stack","Compile Driver"],"picked":"SKIP","floor":18},{"not_picked":["Leap","Sweeping Beam","Sunder"],"picked":"SKIP","floor":20},{"not_picked":["Sweeping Beam","Stack","Leap"],"picked":"SKIP","floor":21}],"player_experience":1121418,"relics_obtained":[{"floor":6.0,"key":"Regal Pillow"},{"floor":9.0,"key":"Akabeko"},{"floor":11.0,"key":"Vajra"},{"floor":13.0,"key":"Meat on the Bone"},{"floor":19,"key":"Enchiridion"}],"event_choices":[{"cards_removed":["Strike_B"],"damage_healed":0.0,"max_hp_gain":0.0,"max_hp_loss":0.0,"gold_gain":0.0,"event_name":"Golden Wing","player_choice":"Card Removal","floor":2.0,"gold_loss":0.0,"damage_taken":7.0},{"damage_healed":0.0,"max_hp_gain":0.0,"max_hp_loss":0.0,"gold_gain":0.0,"event_name":"Lab","player_choice":"Got Potions","floor":4.0,"gold_loss":0.0,"damage_taken":0.0},{"damage_healed":0,"gold_gain":0,"player_choice":"Obtained Book","damage_taken":16,"max_hp_gain":0,"max_hp_loss":0,"event_name":"Cursed Tome","floor":19,"gold_loss":0}],"is_beta":false,"boss_relics":[{"not_picked":["Runic Dome","Snecko Eye"],"picked":"Nuclear Battery"}],"items_purged_floors":[],"is_endless":false,"potions_floor_spawned":[1,6,11,12,14,16,20],"killed_by":"Snake Plant","ascension_level":12}}