{"host":"30nnj7p8788fovb1","time":1608039047,"event":{"mods":["2.2 Compatiblity","AchievementEnabler","Act Like it!","BaseMod","Better Altar","Better Match","Better Note","Better Skull","Better Third Choice","Better Vampires","BetterRewards","Block Reminder","CapriCore","Colored Map","Colored Powertips","Curses Come First","Defuse TimeMaze Blight","Displayed Cursed Tome","Downfall","Hallownest","Hermit","Luminous","Marisa????????","Minty Spire (QoL Compilation)","Permanent Neow","Quick Restart","RNG Fix","Rare Cards Sparkle","Reimu??????","Relic Stats","Replay The Spire","Shade Mod","StSLib","The Bladedancer","The Bug Knight","The Cursed","The Exalted","The Forsaken","The Mystic","The Problem Sleuth","The Servant 0.9.4","The Vixen","Transform Curses","???????????mod"],"gold_per_floor":[199,199,124,137,157,157,183,201,211,237,256,271,288,288,301,301,301],"floor_reached":16,"playtime":1305,"items_purged":[],"score":106,"play_id":"16e94284-e9d5-4025-8ab0-7c0e32ce9c8f","local_time":"20201215093047","is_ascension_mode":false,"campfire_choices":[{"floor":1,"key":"RECALL"},{"data":"champ:Taunt","floor":3,"key":"SMITH"},{"data":"champ:AdrenalArmor","floor":6,"key":"SMITH"}],"circlet_count":0,"master_deck":["champ:Strike","champ:Strike","champ:Strike","champ:Strike","champ:Defend","champ:Defend","champ:Defend","champ:Defend","champ:Execute","champ:Taunt+1","champ:Circumvent","champ:AdrenalArmor+1","champ:SteelEdge","champ:Encircle","champ:HoldFirm","champ:Backstep","champ:FlashCut","champ:SkillfulDodge","Injury","champ:FanOfKnives"],"relics":["champ:ChampionCrown","champ:LiftRelic","downfall:HeartBlessingRed","Replay:Baseball","Ring of Fangs","Ring of Hypnosis"],"acts_visited":["Exordium"],"potions_floor_usage":[16],"damage_taken":[{"damage":10,"enemies":"2 Louse","floor":4,"turns":3},{"damage":0,"enemies":"Cultist","floor":5,"turns":3},{"damage":18,"enemies":"Jaw Worm","floor":8,"turns":3},{"damage":12,"enemies":"Red Slaver","floor":9,"turns":3},{"damage":49,"enemies":"Gremlin Nob","floor":10,"turns":5},{"damage":16,"enemies":"Blue Slaver","floor":11,"turns":4},{"damage":22,"enemies":"Lots of Slimes","floor":12,"turns":4},{"damage":24,"enemies":"Large Slime","floor":13,"turns":6},{"damage":15,"enemies":"2 Fungi Beasts","floor":15,"turns":3},{"damage":59,"enemies":"downfall:Defect","floor":16,"turns":5}],"seed_played":"1176130043326431047","potions_obtained":[{"floor":5,"key":"Death Potion"},{"floor":8,"key":"Elixir"},{"floor":10,"key":"Energy Potion"},{"floor":15,"key":"Reflective Coating"}],"is_trial":false,"path_per_floor":["R","?","R","M","M","R","T","M","M","E","M","M","M","?","M","B"],"character_chosen":"THE_CHAMP","items_purchased":[],"campfire_rested":0,"item_purchase_floors":[],"current_hp_per_floor":[90,90,90,85,85,85,85,85,83,47,41,35,35,35,35,0,0],"gold":301,"neow_bonus":"HUNDRED_GOLD","is_daily":false,"chose_seed":false,"campfire_upgraded":2,"win_rate":0.0,"timestamp":1608039047,"path_taken":["R","?","R","?","M","R","T","M","M","E","M","M","?","?","M","BOSS"],"items_purchased_type":[],"build_version":"2020-12-13","purchased_purges":0,"victory":false,"max_hp_per_floor":[90,90,90,90,90,90,90,90,90,90,90,90,90,90,90,90,90],"relic_stats":{"counters":[10,39],"obtain_stats":[{"Replay:Baseball":10,"Ring of Fangs":14,"downfall:HeartBlessingRed":3,"Ring of Hypnosis":14,"champ:LiftRelic":2,"champ:ChampionCrown":0},{"Replay:Baseball":5,"Ring of Fangs":8,"downfall:HeartBlessingRed":0,"Ring of Hypnosis":8,"champ:LiftRelic":0,"champ:ChampionCrown":0},{"Replay:Baseball":17,"Ring of Fangs":31,"downfall:HeartBlessingRed":0,"Ring of Hypnosis":31,"champ:LiftRelic":0,"champ:ChampionCrown":0}]},"card_choices":[{"not_picked":["champ:Backstep","champ:AdrenalArmor"],"picked":"champ:Circumvent","floor":4},{"not_picked":["champ:FlashCut","champ:BringItOn"],"picked":"champ:AdrenalArmor","floor":5},{"not_picked":["champ:StanceDance","champ:RecklessLeap"],"picked":"champ:SteelEdge","floor":8},{"not_picked":["champ:Haymaker","champ:FlashCut"],"picked":"champ:Encircle","floor":9},{"not_picked":["champ:BladeFlurry","champ:FanOfKnives"],"picked":"champ:HoldFirm","floor":10},{"not_picked":["champ:StanceDance","champ:AdrenalArmor"],"picked":"champ:Backstep","floor":11},{"not_picked":["champ:Shatter","champ:AdrenalArmor"],"picked":"champ:FlashCut","floor":12},{"not_picked":["champ:FlashCut","champ:BringItOn"],"picked":"champ:SkillfulDodge","floor":13},{"not_picked":["champ:Shatter","champ:LastStand"],"picked":"champ:FanOfKnives","floor":15}],"player_experience":909824,"relics_obtained":[{"floor":10,"key":"Replay:Baseball"},{"floor":14,"key":"Ring of Fangs"},{"floor":14,"key":"Ring of Hypnosis"}],"event_choices":[],"is_beta":false,"boss_relics":[],"items_purged_floors":[],"is_endless":false,"potions_floor_spawned":[5,8,10,11,15],"killed_by":"downfall:Defect","ascension_level":0}}