{"host":"jcc708ahli6wuwir","time":1608039868,"event":{"mods":["AchievementEnabler","BaseMod","Better Altar","Better Match","Better Note","Better Sensory Stone","Better Skull","Better Third Choice","Better Vampires","BetterRewards","Block Reminder","Colored Map","Colored Powertips","Curses Come First","Displayed Cursed Tome","Highlight Path","Keyboard Shortcuts","Marisa????????","Minty Spire (QoL Compilation)","Rare Cards Sparkle","Relic Stats","Shop Mod","StSLib"],"gold_per_floor":[110,185,165,179,179,204,204,154,180,2,18,37,67,87,87,187,187,201,62,62,62,78,78,78,78,78,92,16,16,31,48,48,149,149,160,176,20,35,51,51,51,51,128,128,140,140,166,48,48,48,48],"floor_reached":50,"playtime":2972,"items_purged":["Regret","Parasite"],"score":527,"play_id":"c2c61472-da7d-47a5-8e4a-3e25fd6f3ac0","local_time":"20201215144428","is_ascension_mode":false,"campfire_choices":[{"data":"Skewer","floor":15,"key":"SMITH"},{"data":"Glass Knife","floor":23,"key":"SMITH"},{"floor":29,"key":"REST"},{"floor":32,"key":"REST"},{"floor":40,"key":"REST"},{"floor":42,"key":"REST"},{"data":"Adrenaline","floor":44,"key":"SMITH"},{"floor":49,"key":"REST"}],"circlet_count":0,"master_deck":["Strike_G","Strike_G","Strike_G","Strike_G","Defend_G","Defend_G","Defend_G","Defend_G","Survivor","Neutralize","Skewer+1","Dagger Throw","Caltrops","Poisoned Stab","Backstab","Glass Knife+1","Prepared+1","Phantasmal Killer+1","Crippling Poison+1","Masterful Stab+1","Well Laid Plans","Skewer","Caltrops","Finisher","Adrenaline+1","Backstab","Skewer","Footwork"],"relics":["Black Star","Mercury Hourglass","Singing Bowl","Lantern","Vajra","Bronze Scales","Blood Vial","Boot","Bag of Preparation","Astrolabe","Nilry\u0027s Codex","Kunai","Busted Crown","Chemical X","Question Card","Shovel","Ice Cream"],"acts_visited":["Exordium","TheCity","TheBeyond"],"potions_floor_usage":[25,31,33,41,47,50],"damage_taken":[{"damage":1,"enemies":"Cultist","floor":1,"turns":4},{"damage":0,"enemies":"2 Louse","floor":4,"turns":2},{"damage":22,"enemies":"Lagavulin","floor":6,"turns":8},{"damage":0,"enemies":"Small Slimes","floor":11,"turns":2},{"damage":9,"enemies":"Exordium Wildlife","floor":12,"turns":2},{"damage":19,"enemies":"3 Sentries","floor":13,"turns":5},{"damage":0,"enemies":"Large Slime","floor":14,"turns":3},{"damage":34,"enemies":"Hexaghost","floor":16,"turns":8},{"damage":0,"enemies":"Spheric Guardian","floor":18,"turns":2},{"damage":14,"enemies":"2 Thieves","floor":22,"turns":2},{"damage":0,"enemies":"Gremlin Leader","floor":25,"turns":1},{"damage":11,"enemies":"Snecko","floor":27,"turns":3},{"damage":4,"enemies":"Sentry and Sphere","floor":30,"turns":3},{"damage":15,"enemies":"Snake Plant","floor":31,"turns":2},{"damage":53,"enemies":"Champ","floor":33,"turns":9},{"damage":13,"enemies":"3 Darklings","floor":35,"turns":3},{"damage":20,"enemies":"3 Shapes","floor":36,"turns":3},{"damage":26,"enemies":"Spire Growth","floor":38,"turns":3},{"damage":0,"enemies":"3 Darklings","floor":39,"turns":2},{"damage":7,"enemies":"Writhing Mass","floor":41,"turns":3},{"damage":2,"enemies":"Jaw Worm Horde","floor":45,"turns":2},{"damage":36,"enemies":"Nemesis","floor":47,"turns":5},{"damage":92,"enemies":"Donu and Deca","floor":50,"turns":6}],"seed_played":"3155333677338679662","potions_obtained":[{"floor":1,"key":"SmokeBomb"},{"floor":3,"key":"SmokeBomb"},{"floor":12,"key":"DuplicationPotion"},{"floor":30,"key":"GamblersBrew"},{"floor":33,"key":"GamblersBrew"},{"floor":38,"key":"Regen Potion"}],"is_trial":false,"path_per_floor":["M","T","?","M","?","E","?","?","T","$","M","M","E","M","R","B",null,"M","$","?","?","M","R","?","E","T","M","$","R","M","M","R","B",null,"M","M","$","M","M","R","M","R","T","R","M","?","E","$","R","B"],"character_chosen":"THE_SILENT","items_purchased":["Caltrops","Deflect","Well Laid Plans","Caltrops","Chemical X","Skewer","Footwork"],"campfire_rested":5,"item_purchase_floors":[10,10,19,28,37,48,48],"current_hp_per_floor":[69,69,69,69,69,49,67,67,67,67,69,64,47,51,51,19,76,76,73,73,73,59,59,43,45,45,38,38,60,58,47,70,19,77,66,48,48,26,30,54,49,73,73,73,75,75,43,43,69,0,0],"gold":48,"neow_bonus":"BOSS_RELIC","is_daily":false,"chose_seed":false,"campfire_upgraded":3,"win_rate":0.0,"timestamp":1608039868,"path_taken":["M","?","?","?","?","E","?","?","T","$","M","M","E","M","R","BOSS","M","?","?","?","M","R","?","E","T","M","?","R","M","M","R","BOSS","M","M","$","M","M","R","M","R","T","R","M","?","E","$","R","BOSS"],"items_purchased_type":["Card","Card","Card","Card","Relic","Card","Card"],"build_version":"2020-12-13","purchased_purges":2,"victory":false,"max_hp_per_floor":[70,70,70,70,70,72,72,72,72,72,72,74,74,76,76,76,76,76,73,73,73,73,73,73,73,73,75,75,75,75,77,77,77,77,79,79,79,81,83,83,83,83,83,83,85,85,87,87,87,87,87],"relic_stats":{"Singing Bowl":20,"counters":[23,81],"Astrolabe":["Prepared","Phantasmal Killer","Crippling Poison"],"Bag of Preparation":[34],"Boot":[46],"Question Card":2,"Mercury Hourglass":[265],"Blood Vial":34,"Busted Crown":12,"Shovel":0,"Bronze Scales":[144],"Black Star":4,"Kunai":[27],"Chemical X":[10],"obtain_stats":[{"Ice Cream":47,"Lantern":6,"Singing Bowl":5,"Nilry\u0027s Codex":24,"Astrolabe":17,"Vajra":6,"Bag of Preparation":13,"Boot":13,"Question Card":43,"Mercury Hourglass":2,"Blood Vial":9,"Busted Crown":34,"Shovel":47,"Bronze Scales":8,"Black Star":0,"Kunai":26,"Chemical X":37,"Ring of the Snake":0},{"Ice Cream":22,"Lantern":3,"Singing Bowl":2,"Nilry\u0027s Codex":10,"Astrolabe":8,"Vajra":3,"Bag of Preparation":6,"Boot":6,"Question Card":20,"Mercury Hourglass":1,"Blood Vial":3,"Busted Crown":15,"Shovel":22,"Bronze Scales":3,"Black Star":0,"Kunai":11,"Chemical X":17,"Ring of the Snake":0},{"Ice Cream":75,"Lantern":14,"Singing Bowl":6,"Nilry\u0027s Codex":37,"Astrolabe":33,"Vajra":14,"Bag of Preparation":22,"Boot":22,"Question Card":68,"Mercury Hourglass":4,"Blood Vial":14,"Busted Crown":54,"Shovel":75,"Bronze Scales":14,"Black Star":0,"Kunai":38,"Chemical X":60,"Ring of the Snake":0}]},"card_choices":[{"not_picked":["Terror","Underhanded Strike"],"picked":"Skewer","floor":1},{"not_picked":["Masterful Stab","Acrobatics"],"picked":"Dagger Throw","floor":4},{"not_picked":["All Out Attack","Slice","Predator"],"picked":"Singing Bowl","floor":6},{"not_picked":["Deadly Poison","PiercingWail"],"picked":"Poisoned Stab","floor":11},{"not_picked":["Dagger Throw","Distraction","Quick Slash"],"picked":"Singing Bowl","floor":12},{"not_picked":["Bane","Footwork"],"picked":"Backstab","floor":13},{"not_picked":["All Out Attack","Acrobatics","Underhanded Strike"],"picked":"Singing Bowl","floor":14},{"not_picked":["Adrenaline","Unload"],"picked":"Glass Knife","floor":16},{"not_picked":["Escape Plan","Eviscerate"],"picked":"Masterful Stab+1","floor":18},{"not_picked":["Acrobatics+1","Deadly Poison"],"picked":"Skewer","floor":22},{"not_picked":["Cloak And Dagger","Predator","Terror"],"picked":"Singing Bowl","floor":27},{"not_picked":["Riddle With Holes","Catalyst"],"picked":"Finisher","floor":30},{"not_picked":["Flying Knee","Cloak And Dagger","Bouncing Flask"],"picked":"Singing Bowl","floor":31},{"not_picked":["Corpse Explosion","Phantasmal Killer"],"picked":"Adrenaline","floor":33},{"not_picked":["Cloak And Dagger+1"],"picked":"Singing Bowl","floor":35},{"not_picked":[],"picked":"Backstab","floor":36},{"not_picked":["Cloak And Dagger+1"],"picked":"Singing Bowl","floor":38},{"not_picked":["Reflex+1"],"picked":"Singing Bowl","floor":39},{"not_picked":["Cloak And Dagger+1","Slice+1"],"picked":"Singing Bowl","floor":45},{"not_picked":["Poisoned Stab+1","Heel Hook+1"],"picked":"Singing Bowl","floor":47}],"player_experience":106853,"relics_obtained":[{"floor":2,"key":"Mercury Hourglass"},{"floor":6,"key":"Lantern"},{"floor":6,"key":"Vajra"},{"floor":9,"key":"Blood Vial"},{"floor":13,"key":"Boot"},{"floor":13,"key":"Bag of Preparation"},{"floor":26,"key":"Kunai"},{"floor":43,"key":"Question Card"},{"floor":47,"key":"Shovel"},{"floor":47,"key":"Ice Cream"}],"event_choices":[{"damage_healed":0,"gold_gain":0,"player_choice":"Bought 1 Potion","damage_taken":0,"max_hp_gain":0,"max_hp_loss":0,"event_name":"The Woman in Blue","floor":3,"gold_loss":0},{"damage_healed":0,"gold_gain":0,"player_choice":"Box","damage_taken":0,"relics_obtained":["Singing Bowl"],"max_hp_gain":0,"max_hp_loss":0,"event_name":"Big Fish","floor":5,"gold_loss":0,"cards_obtained":["Regret"]},{"damage_healed":18,"gold_gain":0,"player_choice":"Healed and dodged fight","damage_taken":0,"max_hp_gain":0,"max_hp_loss":0,"event_name":"Mushrooms","floor":7,"gold_loss":0,"cards_obtained":["Parasite"]},{"damage_healed":0,"gold_gain":0,"player_choice":"Paid Gold","damage_taken":0,"relics_obtained":["Bronze Scales"],"max_hp_gain":0,"max_hp_loss":0,"event_name":"WeMeetAgain","floor":8,"gold_loss":50},{"damage_healed":0,"gold_gain":0,"player_choice":"Ignored","damage_taken":0,"max_hp_gain":0,"max_hp_loss":0,"event_name":"N\u0027loth","floor":20,"gold_loss":0},{"cards_removed":["Crippling Poison"],"damage_healed":0,"gold_gain":0,"player_choice":"Give","damage_taken":0,"max_hp_gain":0,"max_hp_loss":0,"event_name":"betterNote:BetterNote","floor":21,"gold_loss":0,"cards_obtained":["Defend_P"]},{"damage_healed":0,"gold_gain":0,"player_choice":"Obtained Book","damage_taken":16,"max_hp_gain":0,"max_hp_loss":0,"event_name":"Cursed Tome","floor":24,"gold_loss":0},{"damage_healed":0,"gold_gain":0,"player_choice":"Ignored","damage_taken":0,"max_hp_gain":0,"max_hp_loss":0,"event_name":"Transmorgrifier","floor":46,"gold_loss":0}],"is_beta":false,"boss_relics":[{"not_picked":["Ectoplasm","SlaversCollar"],"picked":"Astrolabe"},{"not_picked":["SacredBark","Tiny House"],"picked":"Busted Crown"}],"items_purged_floors":[10,19],"is_endless":false,"potions_floor_spawned":[1,12,13,22,30,33,38,39],"killed_by":"Donu and Deca","ascension_level":0}}