{"host":"p6y17sixyu8q9v1f","time":1608064267,"event":{"mods":["BaseMod","Colored Map","Minty Spire (QoL Compilation)"],"gold_per_floor":[117,134,134,134,63,90,90,102,182,58,91,91,103,126,126,126,126],"floor_reached":16,"playtime":426,"items_purged":["Strike_B"],"score":130,"play_id":"eae31e51-07c8-43ea-8e56-03921fa07f9b","local_time":"20201215143107","is_ascension_mode":true,"campfire_choices":[{"data":"Self Repair","floor":7,"key":"SMITH"},{"data":"Consume","floor":12,"key":"SMITH"},{"data":"Static Discharge","floor":15,"key":"SMITH"}],"circlet_count":0,"master_deck":["Strike_B","Strike_B","Strike_B","Defend_B","Defend_B","Defend_B","Defend_B","Zap+1","Dualcast","Static Discharge+1","Self Repair+1","Melter","Consume+1","Ball Lightning"],"relics":["Cracked Core","MealTicket","StrikeDummy","Ornamental Fan","Darkstone Periapt"],"acts_visited":["Exordium"],"potions_floor_usage":[6,6,11,13],"damage_taken":[{"damage":1,"enemies":"Cultist","floor":1,"turns":3},{"damage":0,"enemies":"Small Slimes","floor":2,"turns":3},{"damage":21,"enemies":"Lagavulin","floor":6,"turns":8},{"damage":7,"enemies":"Jaw Worm","floor":8,"turns":3},{"damage":10,"enemies":"3 Sentries","floor":11,"turns":6},{"damage":37,"enemies":"Exordium Thugs","floor":13,"turns":3},{"damage":49,"enemies":"Hexaghost","floor":16,"turns":7}],"seed_played":"-2028489101086819073","potions_obtained":[{"floor":1,"key":"SkillPotion"},{"floor":2,"key":"SmokeBomb"},{"floor":4,"key":"AttackPotion"},{"floor":4,"key":"DuplicationPotion"},{"floor":11,"key":"PowerPotion"}],"is_trial":false,"path_per_floor":["M","M","?","?","$","E","R","M","T","$","E","R","M","T","R","B"],"character_chosen":"DEFECT","items_purchased":["Self Repair","Ball Lightning"],"campfire_rested":0,"item_purchase_floors":[5,10],"current_hp_per_floor":[74,74,67,67,75,61,61,64,64,75,75,75,48,48,48,0,0],"gold":126,"neow_bonus":"UPGRADE_CARD","is_daily":false,"chose_seed":false,"campfire_upgraded":3,"win_rate":0.0,"timestamp":1608064267,"path_taken":["M","?","?","?","$","E","R","M","T","$","E","R","?","?","R","BOSS"],"items_purchased_type":["Card","Card"],"build_version":"2020-11-30","purchased_purges":1,"victory":false,"max_hp_per_floor":[75,75,75,75,75,75,75,75,75,75,75,75,75,75,75,75,75],"card_choices":[{"not_picked":["Recycle","Hologram"],"picked":"Static Discharge","floor":1},{"not_picked":["Darkness","Sunder","Turbo"],"picked":"SKIP","floor":2},{"not_picked":["Blizzard","Rainbow"],"picked":"Melter","floor":6},{"not_picked":["Gash","Consume","Hologram"],"picked":"SKIP","floor":8},{"not_picked":["Gash","Hologram"],"picked":"Consume","floor":8},{"not_picked":["FTL","Melter","Reprogram"],"picked":"SKIP","floor":11},{"not_picked":["Skim","Barrage","Steam Power"],"picked":"SKIP","floor":13}],"player_experience":746750,"relics_obtained":[{"floor":6,"key":"StrikeDummy"},{"floor":9,"key":"Ornamental Fan"},{"floor":11,"key":"Darkstone Periapt"}],"event_choices":[{"damage_healed":0,"gold_gain":0,"player_choice":"Success","damage_taken":7,"relics_obtained":["MealTicket"],"max_hp_gain":0,"max_hp_loss":0,"event_name":"Scrap Ooze","floor":3,"gold_loss":0},{"damage_healed":0,"gold_gain":0,"player_choice":"Got Potions","damage_taken":0,"max_hp_gain":0,"max_hp_loss":0,"event_name":"Lab","floor":4,"gold_loss":0}],"is_beta":false,"boss_relics":[],"items_purged_floors":[10],"is_endless":false,"potions_floor_spawned":[1,2,11],"killed_by":"Hexaghost","ascension_level":4}}