{"host":"gkm149kh1ihaqy0o","time":1608063331,"event":{"mods":["AchievementEnabler","BaseMod","Colored Powertips","Googly Eyes","Key Reminder","Minty Spire (QoL Compilation)","Permanent Neow","Quick Restart","Random Character Button","Rare Cards Sparkle","Relic Sorter","Relic Stats","SuperFastMode","Unceasing Turn Reminder","everything is the same but u backflip on backflip"],"gold_per_floor":[113,38,38,48,48,48,61,10,65,15,34,34,34,58,58,187,187,200,214,214,214,114,114,114,114],"floor_reached":24,"playtime":807,"items_purged":["Defend_B","Zap"],"score":383,"play_id":"a1073578-fa74-4f47-8465-94ba89e96e85","local_time":"20201215141531","is_ascension_mode":true,"campfire_choices":[{"data":"Dualcast","floor":6,"key":"SMITH"},{"data":"Darkness","floor":12,"key":"SMITH"},{"floor":15,"key":"REST"},{"data":"Fission","floor":23,"key":"SMITH"}],"circlet_count":0,"master_deck":["Defend_B","Defend_B","Dualcast+1","Darkness+1","Hologram","Fission+1","Necronomicurse"],"relics":["Astrolabe","keyreminder:keyreminder","Golden Idol","Inserter","Necronomicon","Letter Opener"],"acts_visited":["TheCity"],"potions_floor_usage":[16,19,19],"damage_taken":[{"damage":0,"enemies":"Small Slimes","floor":1,"turns":3},{"damage":1,"enemies":"Cultist","floor":4,"turns":3},{"damage":6,"enemies":"2 Louse","floor":7,"turns":3},{"damage":11,"enemies":"Exordium Thugs","floor":11,"turns":5},{"damage":0,"enemies":"2 Fungi Beasts","floor":14,"turns":2},{"damage":13,"enemies":"Hexaghost","floor":16,"turns":5},{"damage":1,"enemies":"Spheric Guardian","floor":18,"turns":3},{"damage":6,"enemies":"Chosen","floor":19,"turns":4},{"damage":58,"enemies":"Gremlin Leader","floor":24,"turns":6}],"seed_played":"6312058015497000698","potions_obtained":[{"floor":4,"key":"Ancient Potion"},{"floor":11,"key":"Weak Potion"},{"floor":14,"key":"Explosive Potion"},{"floor":19,"key":"Energy Potion"}],"is_trial":false,"path_per_floor":["M","$","?","M","?","R","M","$","T","?","M","R","?","M","R","B",null,"M","M","?","T","$","R","E"],"character_chosen":"DEFECT","items_purchased":["Hologram"],"campfire_rested":1,"item_purchase_floors":[8],"current_hp_per_floor":[68,68,68,67,72,72,66,66,66,66,55,55,35,35,59,46,72,71,65,49,49,49,49,0,0],"gold":114,"neow_bonus":"BOSS_RELIC","is_daily":false,"chose_seed":false,"campfire_upgraded":3,"win_rate":0.0,"timestamp":1608063331,"path_taken":["M","$","?","?","?","R","M","?","T","?","M","R","?","M","R","BOSS","M","M","?","?","$","R","E"],"items_purchased_type":["Card"],"build_version":"2020-12-13","purchased_purges":2,"victory":false,"max_hp_per_floor":[75,75,75,75,80,80,80,80,80,80,80,80,80,80,80,80,80,80,80,80,80,80,80,80,80],"relic_stats":{"Inserter":[6],"counters":[9,34],"Golden Idol":37,"Astrolabe":[],"Necronomicon":[0],"Letter Opener":[65],"obtain_stats":[{"keyreminder:keyreminder":9,"Inserter":17,"Golden Idol":13,"Astrolabe":0,"Necronomicon":20,"Letter Opener":21},{"keyreminder:keyreminder":3,"Inserter":6,"Golden Idol":4,"Astrolabe":0,"Necronomicon":8,"Letter Opener":8},{"keyreminder:keyreminder":9,"Inserter":21,"Golden Idol":14,"Astrolabe":0,"Necronomicon":28,"Letter Opener":28}]},"card_choices":[{"not_picked":["Stack","Steam"],"picked":"Darkness","floor":1},{"not_picked":["Loop","Ball Lightning","Barrage"],"picked":"SKIP","floor":4},{"not_picked":["Hologram","Capacitor","Leap"],"picked":"SKIP","floor":7},{"not_picked":["Stack","Heatsinks","Skim"],"picked":"SKIP","floor":11},{"not_picked":["Double Energy","Hello World","Conserve Battery"],"picked":"SKIP","floor":14},{"not_picked":["Hyperbeam","Buffer"],"picked":"Fission","floor":16},{"not_picked":["Glacier","Loop","Capacitor+1"],"picked":"SKIP","floor":18},{"not_picked":["Capacitor+1","Streamline","Redo"],"picked":"SKIP","floor":19}],"player_experience":579092,"relics_obtained":[{"floor":20,"key":"Necronomicon"},{"floor":21,"key":"Letter Opener"}],"event_choices":[{"cards_removed":["Strike_B"],"damage_healed":0,"gold_gain":0,"player_choice":"Purged","damage_taken":0,"max_hp_gain":0,"max_hp_loss":0,"event_name":"Purifier","floor":3,"gold_loss":0},{"damage_healed":0,"gold_gain":0,"player_choice":"Donut","damage_taken":0,"max_hp_gain":5,"max_hp_loss":0,"event_name":"Big Fish","floor":5,"gold_loss":0},{"cards_removed":["Strike_B"],"damage_healed":0,"gold_gain":0,"player_choice":"Card Removal","damage_taken":0,"max_hp_gain":0,"max_hp_loss":0,"event_name":"The Cleric","floor":10,"gold_loss":50},{"damage_healed":0,"gold_gain":0,"player_choice":"Take Damage","damage_taken":20,"relics_obtained":["Golden Idol"],"max_hp_gain":0,"max_hp_loss":0,"event_name":"Golden Idol","floor":13,"gold_loss":0},{"damage_healed":0,"gold_gain":0,"player_choice":"Obtained Book","damage_taken":16,"max_hp_gain":0,"max_hp_loss":0,"event_name":"Cursed Tome","floor":20,"gold_loss":0}],"is_beta":false,"boss_relics":[{"not_picked":["Cursed Key","Philosopher\u0027s Stone"],"picked":"Inserter"}],"items_purged_floors":[2,22],"is_endless":false,"potions_floor_spawned":[4,11,14,19],"killed_by":"Gremlin Leader","ascension_level":7}}