{"host":"51c4v1joeoke7wi1","time":1608046905,"event":{"mods":["BaseMod","BetterRewards","Block Reminder","Colored Map","Colored Powertips","Curses Come First","Custom Start","Displayed Cursed Tome","Downfall","Energized Spire","Highlight Path","Infinite Spire","KinomotoSakuraMod(????)","Marisa????????","Minty Spire (QoL Compilation)","Potion Indicator Mod","Prisma Mod","Random Character Button","Rare Cards Sparkle","Relic Sorter","SIMod","StSLib","The Administrix","The Senshi","The Servant 0.9.4","TheVelvet","Unceasing Turn Reminder","everything is the same but u backflip on backflip"],"gold_per_floor":[131,165,239,255,10,52,71,71,71,84,159,206,206,240,240,240,240],"floor_reached":16,"playtime":2075,"items_purged":["Strike_MRS","Strike_MRS"],"score":231,"play_id":"a978b5ca-cd62-46db-8910-4e60bd69890c","local_time":"20201215094145","is_ascension_mode":true,"campfire_choices":[{"floor":8.0,"key":"REST"},{"data":"Apotheosis","floor":13.0,"key":"SMITH"},{"data":"EscapeVelocity","floor":15.0,"key":"SMITH"}],"circlet_count":0,"master_deck":["Strike_MRS","Strike_MRS","Defend_MRS","Defend_MRS","Defend_MRS","Defend_MRS","MasterSpark","UpSweep","ShootingEcho","MilkyWay","WitchOfGreed","Apotheosis+1","EscapeVelocity+1","GalacticHalo","PowerUp","NonDirectionalLaser","AsteroidBelt","Acceleration"],"relics":["MiniHakkero","Medical Kit","Pen Nib","Membership Card","Shuriken","BreadOfAWashokuLover","infinitespire:Satchel","PreservedInsect","Singing Bowl","Art of War","Bronze Scales","Letter Opener"],"acts_visited":["Exordium"],"potions_floor_usage":[16],"damage_taken":[{"damage":8.0,"enemies":"2 Louse","floor":1.0,"turns":3.0},{"damage":11.0,"enemies":"Cultist","floor":2.0,"turns":4.0},{"damage":0.0,"enemies":"Small Slimes","floor":4.0,"turns":1.0},{"damage":18.0,"enemies":"Gremlin Nob","floor":6.0,"turns":4.0},{"damage":1.0,"enemies":"Looter","floor":7.0,"turns":3.0},{"damage":3.0,"enemies":"3 Louse","floor":10.0,"turns":3.0},{"damage":0.0,"enemies":"Lagavulin","floor":12.0,"turns":4.0},{"damage":4.0,"enemies":"Red Slaver","floor":14.0,"turns":3.0},{"damage":8,"enemies":"The Guardian","floor":16,"turns":8}],"seed_played":"-2036384085372156497","potions_obtained":[{"floor":1.0,"key":"LiquidMemories"},{"floor":2.0,"key":"BottledSpark"},{"floor":4.0,"key":"PowerPotion"},{"floor":6.0,"key":"Block Potion"},{"floor":12.0,"key":"Block Potion"},{"floor":14.0,"key":"Regen Potion"}],"is_trial":false,"path_per_floor":["M","M","?","M","$","E","M","R","T","M","?","E","R","M","R","B"],"character_chosen":"MARISA","items_purchased":["MilkyWay","Pen Nib","Membership Card","Shuriken","WitchOfGreed","Apotheosis","EscapeVelocity","BreadOfAWashokuLover","infinitespire:Satchel","GalacticHalo","PreservedInsect","Singing Bowl"],"campfire_rested":1,"item_purchase_floors":[0,0,0,0,0,0,0,0,0,0,5,5],"current_hp_per_floor":[59,48,48,48,48,32,33,56,56,56,45,47,47,45,45,54,54],"gold":240,"neow_bonus":"","is_daily":false,"chose_seed":false,"campfire_upgraded":2,"win_rate":0.0,"timestamp":1608046905,"path_taken":["M","M","?","M","$","E","M","R","T","M","?","E","R","M","R","BOSS"],"items_purchased_type":["Card","Relic","Relic","Relic","Card","Card","Card","Relic","Relic","Card","Relic","Relic"],"build_version":"2020-12-13","purchased_purges":2,"victory":false,"max_hp_per_floor":[75,75,75,75,75,77,79,79,79,81,81,81,81,83,83,83,83],"card_choices":[{"not_picked":["ShootingEcho","WitchOfGreed"],"picked":"PowerUp","floor":1.0},{"not_picked":["UnstableBomb","AsteroidBelt"],"picked":"NonDirectionalLaser","floor":2.0},{"not_picked":["SporeBomb","ChargingUp"],"picked":"AsteroidBelt","floor":4.0},{"not_picked":["DarkMatter","EscapeVelocity","IllusionStar"],"picked":"Singing Bowl","floor":6.0},{"not_picked":["WitchOfGreed","StarBarrage","NonDirectionalLaser"],"picked":"Singing Bowl","floor":7.0},{"not_picked":["ChargeUpSpray","GalacticHalo","Acceleration"],"picked":"Singing Bowl","floor":10.0},{"not_picked":["CasketOfStar","LuminesStrike"],"picked":"Acceleration","floor":12.0},{"not_picked":["ShootTheMoon","SporeBomb","GravityBeat"],"picked":"Singing Bowl","floor":14.0}],"player_experience":450862,"relics_obtained":[{"floor":6.0,"key":"Art of War"},{"floor":9.0,"key":"Bronze Scales"},{"floor":12.0,"key":"Letter Opener"}],"event_choices":[{"damage_healed":0.0,"max_hp_gain":0.0,"max_hp_loss":0.0,"gold_gain":74.0,"event_name":"Golden Wing","player_choice":"Gained Gold","floor":3.0,"gold_loss":0.0,"damage_taken":0.0},{"damage_healed":0.0,"max_hp_gain":0.0,"max_hp_loss":0.0,"gold_gain":75.0,"event_name":"World of Goop","player_choice":"Gather Gold","floor":11.0,"gold_loss":0.0,"damage_taken":11.0}],"is_beta":false,"boss_relics":[],"items_purged_floors":[0,5],"is_endless":false,"potions_floor_spawned":[4,6,12,16],"killed_by":"The Guardian","ascension_level":2}}