{"host":"kh6fvhxn285ncg0o","time":1608070857,"event":{"mods":["Act Like it!","BaseMod","Colored Map","Friendly Minions","Keyboard Shortcuts","Minty Spire (QoL Compilation)","Quick Restart","Relic Stats","StSLib","SuperFastMode"],"gold_per_floor":[16,34,34,50,70,99,99,117,144,144,162,193,193,203,203,275,275,286,286,298,348,348,378,388,422,422,457,475,503,516,536,536,608,608,628,197,243,260,272,305,317,358,423,435,463,475,487,529,541,553,565,577,589,11,43,43],"floor_reached":57,"playtime":2403,"items_purged":["Strike_R","Battle Trance+1"],"score":3468,"play_id":"a103b092-3531-4a03-84c1-dc6651f4cebf","local_time":"20201216072057","is_ascension_mode":true,"campfire_choices":[{"data":"Bash","floor":7.0,"key":"SMITH"},{"data":"Uppercut","floor":10.0,"key":"SMITH"},{"data":"Battle Trance","floor":13.0,"key":"SMITH"},{"data":"Shrug It Off","floor":15.0,"key":"SMITH"},{"data":"Immolate","floor":32.0,"key":"SMITH"},{"data":"Rage","floor":41.0,"key":"SMITH"},{"data":"Body Slam","floor":44.0,"key":"SMITH"},{"data":"Feel No Pain","floor":47.0,"key":"SMITH"},{"floor":49.0,"key":"RECALL"},{"data":"Barricade","floor":53.0,"key":"SMITH"}],"circlet_count":0,"master_deck":["AscendersBane","Strike_R","Strike_R","Strike_R","Strike_R","Defend_R","Defend_R","Defend_R","Defend_R","Bash+1","Shrug It Off+1","Headbutt","Uppercut+1","Evolve","Immolate+1","Necronomicurse","Feel No Pain+1","Offering","Battle Trance+1","Seeing Red","Barricade+1","Body Slam+1","Second Wind+1","Rage+1","Disarm","Pommel Strike+1","Corruption","Armaments"],"relics":["Burning Blood","Ginger","Question Card","MealTicket","Red Skull","Coffee Dripper","Necronomicon","Anchor","Ancient Tea Set","Mercury Hourglass","The Courier","Bag of Marbles","Black Star","Bronze Scales","Gambling Chip","Prayer Wheel","MawBank","Potion Belt","Vajra","Centennial Puzzle","Strawberry","Mango","Happy Flower","Dead Branch","Blood Vial","CaptainsWheel"],"acts_visited":["Exordium","TheCity","TheBeyond","TheEnding"],"potions_floor_usage":[56,56,56,56,56,56,56,56],"damage_taken":[{"damage":7.0,"enemies":"Cultist","floor":1.0,"turns":4.0},{"damage":4.0,"enemies":"Jaw Worm","floor":2.0,"turns":3.0},{"damage":1.0,"enemies":"2 Louse","floor":4.0,"turns":4.0},{"damage":3.0,"enemies":"2 Fungi Beasts","floor":5.0,"turns":5.0},{"damage":17.0,"enemies":"3 Sentries","floor":6.0,"turns":11.0},{"damage":4.0,"enemies":"Looter","floor":8.0,"turns":3.0},{"damage":5.0,"enemies":"Blue Slaver","floor":11.0,"turns":4.0},{"damage":7.0,"enemies":"Lagavulin","floor":12.0,"turns":6.0},{"damage":2.0,"enemies":"2 Fungi Beasts","floor":14.0,"turns":4.0},{"damage":45.0,"enemies":"The Guardian","floor":16.0,"turns":14.0},{"damage":21.0,"enemies":"Shell Parasite","floor":18.0,"turns":6.0},{"damage":0.0,"enemies":"Spheric Guardian","floor":20.0,"turns":3.0},{"damage":0.0,"enemies":"Slavers","floor":23.0,"turns":1.0},{"damage":0.0,"enemies":"Centurion and Healer","floor":24.0,"turns":2.0},{"damage":10.0,"enemies":"Book of Stabbing","floor":25.0,"turns":3.0},{"damage":0.0,"enemies":"Gremlin Leader","floor":27.0,"turns":3.0},{"damage":0.0,"enemies":"Chosen and Byrds","floor":28.0,"turns":3.0},{"damage":14.0,"enemies":"Book of Stabbing","floor":29.0,"turns":4.0},{"damage":0.0,"enemies":"Cultist and Chosen","floor":30.0,"turns":1.0},{"damage":0.0,"enemies":"Snecko","floor":31.0,"turns":2.0},{"damage":0.0,"enemies":"Collector","floor":33.0,"turns":4.0},{"damage":13.0,"enemies":"3 Shapes","floor":35.0,"turns":2.0},{"damage":0.0,"enemies":"2 Orb Walkers","floor":37.0,"turns":1.0},{"damage":0.0,"enemies":"Orb Walker","floor":38.0,"turns":2.0},{"damage":6.0,"enemies":"Transient","floor":39.0,"turns":6.0},{"damage":8.0,"enemies":"Nemesis","floor":40.0,"turns":5.0},{"damage":0.0,"enemies":"Reptomancer","floor":42.0,"turns":2.0},{"damage":0.0,"enemies":"3 Darklings","floor":45.0,"turns":2.0},{"damage":6.0,"enemies":"Nemesis","floor":48.0,"turns":7.0},{"damage":34.0,"enemies":"Awakened One","floor":50.0,"turns":10.0},{"damage":37.0,"enemies":"Donu and Deca","floor":51.0,"turns":7.0},{"damage":6.0,"enemies":"Shield and Spear","floor":55.0,"turns":2.0},{"damage":11,"enemies":"The Heart","floor":56,"turns":6}],"seed_played":"1133395210437005610","potions_obtained":[{"floor":2.0,"key":"BlessingOfTheForge"},{"floor":4.0,"key":"SneckoOil"},{"floor":5.0,"key":"ColorlessPotion"},{"floor":8.0,"key":"Explosive Potion"},{"floor":24.0,"key":"PowerPotion"},{"floor":25.0,"key":"CultistPotion"},{"floor":28.0,"key":"SteroidPotion"},{"floor":35.0,"key":"DistilledChaos"},{"floor":45.0,"key":"EssenceOfSteel"},{"floor":48.0,"key":"EntropicBrew"},{"floor":55.0,"key":"SkillPotion"}],"is_trial":false,"path_per_floor":["M","M","$","M","M","E","R","M","T","R","M","E","R","M","R","B",null,"M","?","M","?","?","E","M","E","T","E","M","E","M","M","R","B",null,"M","$","?","M","M","E","R","E","T","R","M","?","R","E","R","B","B",null,"R","$","E","B",null],"character_chosen":"IRONCLAD","items_purchased":["Bronze Scales","Gambling Chip","Happy Flower","Dead Branch","Corruption"],"campfire_rested":0,"item_purchase_floors":[36,36,54,54,54],"current_hp_per_floor":[67,69,69,74,75,64,64,66,66,66,67,66,66,70,70,31,64,49,28,34,34,13,19,25,21,21,27,33,25,31,37,37,43,71,64,79,80,80,80,78,78,80,80,80,80,76,76,97,97,69,38,82,82,97,97,92],"gold":43,"neow_bonus":"ONE_RARE_RELIC","is_daily":false,"chose_seed":false,"campfire_upgraded":9,"win_rate":0.0,"timestamp":1608070857,"path_taken":["M","?","?","?","M","E","R","M","T","R","M","E","R","M","R","BOSS","M","?","M","?","?","E","M","E","T","E","M","E","M","M","R","BOSS","M","$","?","M","M","E","R","E","T","R","M","?","R","E","R","BOSS","BOSS","R","$","E","BOSS"],"items_purchased_type":["Relic","Relic","Relic","Relic","Card"],"build_version":"2020-12-13","purchased_purges":2,"victory":true,"max_hp_per_floor":[75,75,75,75,75,75,75,75,75,75,75,75,75,75,75,75,75,75,75,75,75,80,80,80,80,80,80,80,80,80,80,80,80,80,80,80,80,80,80,80,80,80,80,80,80,76,76,97,97,97,97,97,97,97,97,97],"relic_stats":{"Happy Flower":[2],"counters":[33,142],"Dead Branch":[74],"Ginger":[6],"Question Card":28,"MawBank":168,"Burning Blood":175,"Mercury Hourglass":[266],"Blood Vial":0,"Centennial Puzzle":[15],"Bronze Scales":[211],"Gambling Chip":[37],"MealTicket":30,"Prayer Wheel":3,"Necronomicon":[53],"Black Star":4,"obtain_stats":[{"Vajra":42,"Mango":48,"Ginger":0,"Ancient Tea Set":25,"Burning Blood":0,"Blood Vial":55,"Centennial Puzzle":42,"Gambling Chip":36,"Strawberry":48,"MealTicket":9,"Prayer Wheel":37,"Necronomicon":19,"Red Skull":12,"Potion Belt":40,"Happy Flower":54,"Dead Branch":54,"The Courier":27,"Question Card":6,"MawBank":40,"Mercury Hourglass":26,"Anchor":23,"CaptainsWheel":55,"Bronze Scales":36,"Coffee Dripper":17,"Bag of Marbles":29,"Black Star":34},{"Vajra":27,"Mango":29,"Ginger":0,"Ancient Tea Set":15,"Burning Blood":0,"Blood Vial":32,"Centennial Puzzle":27,"Gambling Chip":22,"Strawberry":29,"MealTicket":6,"Prayer Wheel":23,"Necronomicon":11,"Red Skull":8,"Potion Belt":26,"Happy Flower":31,"Dead Branch":31,"The Courier":16,"Question Card":5,"MawBank":26,"Mercury Hourglass":15,"Anchor":13,"CaptainsWheel":32,"Bronze Scales":22,"Coffee Dripper":10,"Bag of Marbles":18,"Black Star":21},{"Vajra":108,"Mango":117,"Ginger":0,"Ancient Tea Set":73,"Burning Blood":0,"Blood Vial":136,"Centennial Puzzle":108,"Gambling Chip":92,"Strawberry":117,"MealTicket":30,"Prayer Wheel":93,"Necronomicon":64,"Red Skull":40,"Potion Belt":106,"Happy Flower":134,"Dead Branch":134,"The Courier":76,"Question Card":27,"MawBank":106,"Mercury Hourglass":73,"Anchor":68,"CaptainsWheel":136,"Bronze Scales":92,"Coffee Dripper":58,"Bag of Marbles":83,"Black Star":90}]},"card_choices":[{"not_picked":["Wild Strike","Pommel Strike"],"picked":"Shrug It Off","floor":1.0},{"not_picked":["Flex","Body Slam"],"picked":"Battle Trance","floor":4.0},{"not_picked":["Warcry","Entrench"],"picked":"Headbutt","floor":5.0},{"not_picked":["Iron Wave","Entrench","Armaments"],"picked":"SKIP","floor":6.0},{"not_picked":["Sword Boomerang","Shrug It Off","Anger"],"picked":"Uppercut","floor":8.0},{"not_picked":["Clash","Blood for Blood","Dual Wield","Flex"],"picked":"SKIP","floor":11.0},{"not_picked":["Heavy Blade","Twin Strike","Clothesline","Pommel Strike"],"picked":"SKIP","floor":12.0},{"not_picked":["Spot Weakness","Warcry","Sword Boomerang"],"picked":"Evolve","floor":14.0},{"not_picked":["Juggernaut","Barricade","Impervious"],"picked":"Immolate","floor":16.0},{"not_picked":["Havoc","Twin Strike","Perfected Strike","Clothesline"],"picked":"SKIP","floor":18.0},{"not_picked":["Anger+1","Clash+1","Pommel Strike+1"],"picked":"Feel No Pain","floor":20.0},{"not_picked":["Perfected Strike","Flex","Carnage","Heavy Blade"],"picked":"SKIP","floor":23.0},{"not_picked":["Dark Embrace","Flex","Clothesline","True Grit"],"picked":"SKIP","floor":24.0},{"not_picked":["Thunderclap","Shrug It Off","Clothesline"],"picked":"Offering","floor":25.0},{"not_picked":["Combust","Infernal Blade","Flame Barrier","Cleave"],"picked":"SKIP","floor":27.0},{"not_picked":["Shrug It Off","Thunderclap","Headbutt","Wild Strike"],"picked":"SKIP","floor":28.0},{"not_picked":["Dark Embrace","Hemokinesis","Cleave"],"picked":"Battle Trance+1","floor":29.0},{"not_picked":["Wild Strike","Armaments","Iron Wave"],"picked":"Seeing Red","floor":30.0},{"not_picked":["Pommel Strike","Pummel","Havoc","Dark Embrace"],"picked":"SKIP","floor":31.0},{"not_picked":["Reaper","Brutality","Feed"],"picked":"Barricade","floor":33.0},{"not_picked":["Armaments","Heavy Blade","Searing Blow"],"picked":"Body Slam","floor":35.0},{"not_picked":["Feel No Pain","Perfected Strike","Wild Strike","Twin Strike"],"picked":"SKIP","floor":38.0},{"not_picked":["Clash","Headbutt","Shrug It Off","Heavy Blade+1"],"picked":"SKIP","floor":38.0},{"not_picked":["Headbutt","Fire Breathing+1","Warcry"],"picked":"Second Wind+1","floor":39.0},{"not_picked":["Clash+1","Clothesline","Shrug It Off"],"picked":"Rage","floor":39.0},{"not_picked":["Searing Blow","Headbutt","Body Slam","Inflame+1"],"picked":"SKIP","floor":40.0},{"not_picked":["Shrug It Off+1","Rampage+1","Headbutt","Heavy Blade"],"picked":"SKIP","floor":42.0},{"not_picked":["Anger","Seeing Red+1","Iron Wave"],"picked":"Disarm","floor":45.0},{"not_picked":["Havoc","Bludgeon","Perfected Strike","True Grit"],"picked":"SKIP","floor":45.0},{"not_picked":["Perfected Strike+1","Iron Wave","Rage"],"picked":"Pommel Strike+1","floor":48.0},{"not_picked":["Iron Wave","Seeing Red","Shrug It Off"],"picked":"Armaments","floor":55.0}],"player_experience":3179295,"relics_obtained":[{"floor":6.0,"key":"Question Card"},{"floor":9.0,"key":"MealTicket"},{"floor":12.0,"key":"Red Skull"},{"floor":19.0,"key":"Necronomicon"},{"floor":23.0,"key":"Anchor"},{"floor":25.0,"key":"Ancient Tea Set"},{"floor":26.0,"key":"Mercury Hourglass"},{"floor":27.0,"key":"The Courier"},{"floor":29.0,"key":"Bag of Marbles"},{"floor":37.0,"key":"Prayer Wheel"},{"floor":40.0,"key":"MawBank"},{"floor":40.0,"key":"Potion Belt"},{"floor":42.0,"key":"Vajra"},{"floor":42.0,"key":"Centennial Puzzle"},{"floor":48.0,"key":"Strawberry"},{"floor":48.0,"key":"Mango"},{"floor":55.0,"key":"Blood Vial"},{"floor":55.0,"key":"CaptainsWheel"}],"event_choices":[{"damage_healed":0.0,"max_hp_gain":0.0,"max_hp_loss":0.0,"gold_gain":0.0,"event_name":"Cursed Tome","player_choice":"Obtained Book","floor":19.0,"gold_loss":0.0,"damage_taken":21.0},{"damage_healed":0.0,"max_hp_gain":0.0,"max_hp_loss":0.0,"gold_gain":50.0,"event_name":"Nest","player_choice":"Stole From Cult","floor":21.0,"gold_loss":0.0,"damage_taken":0.0},{"damage_healed":0.0,"max_hp_gain":5.0,"max_hp_loss":0.0,"gold_gain":0.0,"event_name":"Forgotten Altar","player_choice":"Shed Blood","floor":22.0,"gold_loss":0.0,"damage_taken":26.0},{"damage_healed":0.0,"max_hp_gain":0.0,"max_hp_loss":0.0,"gold_gain":0.0,"event_name":"Mysterious Sphere","player_choice":"Fight","floor":37.0,"gold_loss":0.0,"damage_taken":0.0},{"damage_healed":0.0,"max_hp_gain":0.0,"max_hp_loss":4.0,"gold_gain":0.0,"event_name":"Winding Halls","player_choice":"Max HP","floor":46.0,"gold_loss":0.0,"damage_taken":0.0}],"is_beta":false,"boss_relics":[{"not_picked":["SlaversCollar","Runic Pyramid"],"picked":"Coffee Dripper"},{"not_picked":["Fusion Hammer","Black Blood"],"picked":"Black Star"}],"items_purged_floors":[36,54],"is_endless":false,"potions_floor_spawned":[2,4,5,8,24,25,28,29,35,45,48,55],"ascension_level":20}}