{"host":"sxnl403xm2xmiyj1","time":1608074111,"event":{"mods":["AchievementEnabler","BaseMod","Colored Map","Keyboard Shortcuts","Minty Spire (QoL Compilation)","Quick Restart","StSLib","SuperFastMode"],"gold_per_floor":[369,387,337,39,55,86,105,134,134,162,162,195,208,30,30,130,130,142,5,5,20,39,39,74,88,88,120,120,120],"floor_reached":28,"playtime":562,"items_purged":["Strike_G"],"score":372,"play_id":"43c16737-32d8-46ad-82bb-50312d6264c2","local_time":"20201216081511","is_ascension_mode":true,"campfire_choices":[{"data":"Accuracy","floor":15.0,"key":"SMITH"},{"floor":23.0,"key":"REST"}],"circlet_count":0,"master_deck":["Strike_G","Defend_G","Defend_G","Defend_G","Defend_G","Defend_G","Survivor","Neutralize","Accuracy","Poisoned Stab","Infinite Blades","Terror","Acrobatics","Envenom","Blade Dance","Sucker Punch","Cloak And Dagger","Accuracy+1","Slice","Die Die Die","Escape Plan","Choke","Choke","Footwork","Cloak And Dagger","Tools of the Trade","Sucker Punch+1","Dagger Spray+1","Adrenaline+1","Accuracy","Flash of Steel","Blade Dance","Writhe","Accuracy+1","Backstab","Blade Dance"],"relics":["Ring of the Snake","Orrery","Art of War","StrikeDummy","InkBottle","Shuriken","TungstenRod","Astrolabe","Frozen Egg 2","Red Mask","Oddly Smooth Stone","Pen Nib"],"acts_visited":["Exordium","TheCity"],"potions_floor_usage":[],"damage_taken":[{"damage":0.0,"enemies":"2 Louse","floor":1.0,"turns":3.0},{"damage":1.0,"enemies":"Jaw Worm","floor":2.0,"turns":7.0},{"damage":0.0,"enemies":"Small Slimes","floor":5.0,"turns":3.0},{"damage":13.0,"enemies":"Lagavulin","floor":6.0,"turns":5.0},{"damage":11.0,"enemies":"Exordium Wildlife","floor":7.0,"turns":4.0},{"damage":18.0,"enemies":"Gremlin Nob","floor":8.0,"turns":4.0},{"damage":14.0,"enemies":"3 Sentries","floor":10.0,"turns":5.0},{"damage":0.0,"enemies":"Gremlin Nob","floor":12.0,"turns":2.0},{"damage":2.0,"enemies":"Looter","floor":13.0,"turns":2.0},{"damage":1.0,"enemies":"Hexaghost","floor":16.0,"turns":6.0},{"damage":28.0,"enemies":"Shell Parasite","floor":18.0,"turns":6.0},{"damage":23.0,"enemies":"Spheric Guardian","floor":21.0,"turns":4.0},{"damage":11.0,"enemies":"Shelled Parasite and Fungi","floor":22.0,"turns":2.0},{"damage":0.0,"enemies":"Masked Bandits","floor":24.0,"turns":2.0},{"damage":9.0,"enemies":"Centurion and Healer","floor":25.0,"turns":6.0},{"damage":14,"enemies":"Book of Stabbing","floor":27,"turns":5},{"damage":0,"enemies":"Snake Plant","floor":28,"turns":1}],"seed_played":"2468185417469625724","potions_obtained":[{"floor":2.0,"key":"Explosive Potion"},{"floor":7.0,"key":"Fire Potion"},{"floor":10.0,"key":"LiquidBronze"},{"floor":21.0,"key":"Energy Potion"}],"is_trial":false,"path_per_floor":["M","M","?","$","M","E","M","E","T","E","?","E","M","$","R","B",null,"M","$","?","M","M","R","?","M","T","E","M"],"character_chosen":"THE_SILENT","items_purchased":["Infinite Blades","Orrery","Footwork","Cloak And Dagger","AttackPotion","Flash of Steel","Blade Dance"],"campfire_rested":1,"item_purchase_floors":[4,4,14,14,14,19,19],"current_hp_per_floor":[70,69,69,69,69,56,45,27,27,13,13,13,11,11,11,10,70,42,42,42,19,8,29,29,20,20,6,6,6],"gold":120,"neow_bonus":"TWO_FIFTY_GOLD","is_daily":false,"chose_seed":false,"campfire_upgraded":1,"win_rate":0.0,"timestamp":1608074111,"path_taken":["M","M","?","$","M","E","M","E","T","E","?","E","M","$","R","BOSS","M","$","?","M","M","R","?","M","T","E","M"],"items_purchased_type":["Card","Relic","Card","Card","Potion","Card","Card"],"build_version":"2020-12-13","purchased_purges":1,"victory":false,"max_hp_per_floor":[70,70,70,70,70,70,70,70,70,70,70,70,70,70,70,70,70,70,70,70,70,70,70,70,70,70,70,70,70],"card_choices":[{"not_picked":["Sucker Punch","Dagger Throw"],"picked":"Accuracy","floor":1.0},{"not_picked":["Catalyst","Deflect"],"picked":"Poisoned Stab","floor":2.0},{"not_picked":["Die Die Die","Dodge and Roll"],"picked":"Terror","floor":4.0},{"not_picked":["Slice","Dagger Spray"],"picked":"Acrobatics","floor":4.0},{"not_picked":["Backstab","Setup"],"picked":"Envenom","floor":4.0},{"not_picked":["Choke","PiercingWail"],"picked":"Blade Dance","floor":4.0},{"not_picked":["Poisoned Stab","Outmaneuver"],"picked":"Sucker Punch","floor":4.0},{"not_picked":["Setup","Deadly Poison"],"picked":"Cloak And Dagger","floor":5.0},{"not_picked":["Phantasmal Killer","Deadly Poison"],"picked":"Accuracy","floor":6.0},{"not_picked":["Predator","Deflect"],"picked":"Slice","floor":7.0},{"not_picked":["Die Die Die","Outmaneuver","Dodge and Roll"],"picked":"SKIP","floor":8.0},{"not_picked":["Outmaneuver","Dodge and Roll"],"picked":"Die Die Die","floor":8.0},{"not_picked":["Dagger Spray","Heel Hook"],"picked":"Escape Plan","floor":10.0},{"not_picked":["Outmaneuver","Leg Sweep"],"picked":"Choke","floor":12.0},{"not_picked":["Flying Knee","PiercingWail"],"picked":"Choke","floor":13.0},{"not_picked":["Bullet Time","Venomology"],"picked":"Tools of the Trade","floor":16.0},{"not_picked":["Calculated Gamble","Dagger Spray+1"],"picked":"Accuracy","floor":18.0},{"not_picked":["Footwork+1","Deadly Poison"],"picked":"Accuracy+1","floor":21.0},{"not_picked":["Dagger Throw+1","Setup"],"picked":"Backstab","floor":22.0},{"not_picked":["Sucker Punch+1","Flying Knee","Riddle With Holes+1"],"picked":"SKIP","floor":25.0},{"not_picked":["Dodge and Roll","Outmaneuver"],"picked":"Blade Dance","floor":27}],"player_experience":103075,"relics_obtained":[{"floor":6.0,"key":"Art of War"},{"floor":8.0,"key":"StrikeDummy"},{"floor":9.0,"key":"InkBottle"},{"floor":10.0,"key":"Shuriken"},{"floor":12.0,"key":"TungstenRod"},{"floor":24.0,"key":"Red Mask"},{"floor":26.0,"key":"Oddly Smooth Stone"},{"floor":27,"key":"Pen Nib"}],"event_choices":[{"cards_removed":["Shame"],"damage_healed":0.0,"max_hp_gain":0.0,"max_hp_loss":0.0,"gold_gain":0.0,"event_name":"The Cleric","player_choice":"Card Removal","floor":3.0,"gold_loss":50.0,"damage_taken":0.0},{"damage_healed":0.0,"max_hp_gain":0.0,"max_hp_loss":0.0,"gold_gain":0.0,"event_name":"Shining Light","player_choice":"Ignored","floor":11.0,"gold_loss":0.0,"damage_taken":0.0},{"damage_healed":0.0,"max_hp_gain":0.0,"max_hp_loss":0.0,"gold_gain":0.0,"event_name":"The Mausoleum","player_choice":"Opened","floor":20.0,"gold_loss":0.0,"damage_taken":0.0,"relics_obtained":["Frozen Egg 2"],"cards_obtained":["Writhe"]},{"damage_healed":0.0,"max_hp_gain":0.0,"max_hp_loss":0.0,"gold_gain":0.0,"event_name":"Masked Bandits","player_choice":"Fought Bandits","floor":24.0,"gold_loss":0.0,"damage_taken":0.0}],"is_beta":false,"boss_relics":[{"not_picked":["Philosopher\u0027s Stone","Busted Crown"],"picked":"Astrolabe"}],"items_purged_floors":[4],"is_endless":false,"potions_floor_spawned":[2,7,10,21],"killed_by":"Snake Plant","ascension_level":2}}