{"host":"9z9bilz90zy1bfdt","time":1608017641,"event":{"mods":["BaseMod","Minty Spire (QoL Compilation)","StSLib","SuperFastMode"],"gold_per_floor":[110,120,120,120,131,159,234,234,261,279,48,48,48,62,62,167,167,179,79,4,4,4,30,30,30,30],"floor_reached":25,"playtime":484,"items_purged":["Strike_R","Strike_R"],"score":336,"play_id":"15e6701d-4f4a-4921-9cc5-de78a31c514c","local_time":"20201215163401","is_ascension_mode":true,"campfire_choices":[{"data":"Evolve","floor":8,"key":"SMITH"},{"floor":13,"key":"REST"},{"data":"Power Through","floor":15,"key":"SMITH"},{"floor":24,"key":"REST"}],"circlet_count":0,"master_deck":["AscendersBane","Strike_R+1","Strike_R","Defend_R+1","Defend_R","Defend_R+1","Defend_R+1","Bash+1","Wild Strike","Pommel Strike+1","Fire Breathing","Evolve+1","Power Through+1","Fiend Fire","Decay","Disarm"],"relics":["Burning Blood","NeowsBlessing","War Paint","Nunchaku","Whetstone","Black Star","HornCleat","InkBottle"],"acts_visited":["Exordium","TheCity"],"potions_floor_usage":[6,16],"damage_taken":[{"damage":0,"enemies":"Cultist","floor":1,"turns":1},{"damage":0,"enemies":"Small Slimes","floor":2,"turns":1},{"damage":0,"enemies":"2 Louse","floor":5,"turns":1},{"damage":42,"enemies":"Gremlin Nob","floor":6,"turns":5},{"damage":13,"enemies":"Blue Slaver","floor":10,"turns":4},{"damage":12,"enemies":"3 Louse","floor":14,"turns":4},{"damage":10,"enemies":"Hexaghost","floor":16,"turns":8},{"damage":14,"enemies":"Spheric Guardian","floor":18,"turns":6},{"damage":60,"enemies":"Book of Stabbing","floor":23,"turns":8},{"damage":41,"enemies":"Slavers","floor":25,"turns":4}],"seed_played":"-8136506652879273539","potions_obtained":[{"floor":2,"key":"DuplicationPotion"},{"floor":4,"key":"LiquidBronze"},{"floor":6,"key":"GamblersBrew"},{"floor":10,"key":"FearPotion"}],"is_trial":false,"path_per_floor":["M","M","?","?","M","E","?","R","T","M","$","?","R","M","R","B",null,"M","$","?","?","?","E","R","E"],"character_chosen":"IRONCLAD","items_purchased":["Whetstone"],"campfire_rested":2,"item_purchase_floors":[11],"current_hp_per_floor":[78,80,85,85,85,49,38,38,38,31,31,14,39,33,33,29,71,63,63,63,63,63,9,34,0,0],"gold":30,"neow_bonus":"THREE_ENEMY_KILL","is_daily":false,"chose_seed":false,"campfire_upgraded":2,"win_rate":0.0,"timestamp":1608017641,"path_taken":["M","M","?","?","?","E","?","R","T","M","$","?","R","M","R","BOSS","M","$","?","?","?","E","R","E"],"items_purchased_type":["Relic"],"build_version":"2020-12-13","purchased_purges":2,"victory":false,"max_hp_per_floor":[80,80,85,85,85,85,85,85,85,85,85,85,85,85,85,85,85,85,85,85,85,85,85,85,85,85],"card_choices":[{"not_picked":["Heavy Blade","Havoc"],"picked":"Wild Strike","floor":1},{"not_picked":["Rupture","True Grit"],"picked":"Pommel Strike","floor":2},{"not_picked":["Clash","Combust"],"picked":"Fire Breathing","floor":5},{"not_picked":["Bloodletting","Intimidate"],"picked":"Evolve","floor":6},{"not_picked":["Intimidate","Searing Blow","Iron Wave"],"picked":"SKIP","floor":10},{"not_picked":["Body Slam","Clothesline"],"picked":"Power Through","floor":14},{"not_picked":["Impervious","Corruption"],"picked":"Fiend Fire","floor":16},{"not_picked":["Havoc+1","Flame Barrier+1","Evolve+1"],"picked":"SKIP","floor":18},{"not_picked":["Pummel","Havoc"],"picked":"Disarm","floor":23}],"player_experience":332565,"relics_obtained":[{"floor":6,"key":"War Paint"},{"floor":9,"key":"Nunchaku"},{"floor":23,"key":"HornCleat"},{"floor":23,"key":"InkBottle"}],"event_choices":[{"damage_healed":0,"gold_gain":0,"player_choice":"Donut","damage_taken":0,"max_hp_gain":5,"max_hp_loss":0,"event_name":"Big Fish","floor":3,"gold_loss":0},{"damage_healed":0,"gold_gain":0,"player_choice":"Got Potions","damage_taken":0,"max_hp_gain":0,"max_hp_loss":0,"event_name":"Lab","floor":4,"gold_loss":0},{"damage_healed":0,"gold_gain":75,"player_choice":"Gather Gold","damage_taken":11,"max_hp_gain":0,"max_hp_loss":0,"event_name":"World of Goop","floor":7,"gold_loss":0},{"damage_healed":0,"gold_gain":0,"player_choice":"Entered Light","damage_taken":17,"max_hp_gain":0,"max_hp_loss":0,"event_name":"Shining Light","floor":12,"gold_loss":0,"cards_upgraded":["Bash","Defend_R"]},{"cards_removed":["Strike_R"],"damage_healed":0,"gold_gain":0,"player_choice":"Gave Gold","damage_taken":0,"max_hp_gain":0,"max_hp_loss":0,"event_name":"Beggar","floor":20,"gold_loss":75},{"damage_healed":0,"gold_gain":0,"player_choice":"Smashed Altar","damage_taken":0,"max_hp_gain":0,"max_hp_loss":0,"event_name":"Forgotten Altar","floor":21,"gold_loss":0,"cards_obtained":["Decay"]},{"damage_healed":0,"gold_gain":0,"player_choice":"Ignored","damage_taken":0,"max_hp_gain":0,"max_hp_loss":0,"event_name":"Vampires","floor":22,"gold_loss":0}],"is_beta":false,"boss_relics":[{"not_picked":["Ectoplasm","Tiny House"],"picked":"Black Star"}],"items_purged_floors":[11,19],"is_endless":false,"potions_floor_spawned":[2,5,6,10,14],"killed_by":"Slavers","ascension_level":11}}