{"host":"zi8o4akxlgxypwgb","time":1608049811,"event":{"mods":["BaseMod","Minty Spire (QoL Compilation)","Replay The Spire","StSLib","SuperFastMode"],"gold_per_floor":[116,116,116,134,153,153,185,185,210,242,242,15,34,52,52,156,156,166,166,275,290,85,85,100,131,158,192,192,9,9,9,9,111,111,128,21,21,40,85,85,110,110,110,141,171,221,240,250,250,250],"floor_reached":51,"playtime":11644,"items_purged":["Defend_G","Languid","Voices"],"score":1139,"play_id":"e3d45fdb-eb08-4c06-b9fd-3de442ffb4c7","local_time":"20201216003011","is_ascension_mode":true,"campfire_choices":[{"data":"Cloak And Dagger","floor":6.0,"key":"SMITH"},{"data":"Blade Dance","floor":8.0,"key":"SMITH"},{"data":"Hidden Blade","floor":15.0,"key":"SMITH"},{"data":"Bullet Time","floor":23.0,"key":"SMITH"},{"data":"Crippling Poison","floor":32.0,"key":"SMITH"},{"data":"Mind Blast","floor":40.0,"key":"SMITH"}],"circlet_count":0,"master_deck":["Defend_G","Defend_G","Defend_G","Defend_G","Survivor","Neutralize","Blade Dance+1","Hallucinations","Cloak And Dagger+1","Masterful Stab","Glass Knife","Heel Hook","Prepared","Underhanded Strike","Hidden Blade+1","Quick Slash","Bullet Time+1","Acrobatics+1","Bite","Bite","Bite","Bite","Bite","Cloak And Dagger","Backflip","Fluid Movement","Poisoned Stab","Finisher","Crippling Poison+1","Madness","Terror+1","Cloak And Dagger+1","Atom Bomb","Decay","Eviscerate","Eviscerate","Expertise","Shame","Phantasmal Killer","Blade Dance+1","Dash","Dash","Deep Breath","Mind Blast+1","HandOfGreed","Outmaneuver+1","Predator+1","Choke+1","ReplayTheSpireMod:Faulty Equipment","Footwork+1","Flying Knee+1","Well Laid Plans+1","Cloak And Dagger+1","Doppelganger"],"relics":["Ring of the Snake","NeowsBlessing","Garlic","ReplayTheSpireMod:Ring of Addiction","SacredBark","Potion Belt","Lantern","Orichalcum","Replay:Rubber Ducky","ReplayTheSpireMod:TigerMarble","Cursed Key","Centennial Puzzle","BargainBundle","Anchor","Smiling Mask","Dream Catcher","Akabeko","WristBlade","Counterbalance","Toy Ornithopter","Blue Candle","Vajra","Du-Vu Doll"],"acts_visited":["Exordium","TheCity","TheBeyond"],"potions_floor_usage":[50,50,50,50],"damage_taken":[{"damage":0.0,"enemies":"Cultist","floor":1.0,"turns":1.0},{"damage":0.0,"enemies":"Small Slimes","floor":4.0,"turns":1.0},{"damage":0.0,"enemies":"Jaw Worm","floor":5.0,"turns":1.0},{"damage":18.0,"enemies":"3 Sentries","floor":7.0,"turns":7.0},{"damage":24.0,"enemies":"Lagavulin","floor":10.0,"turns":6.0},{"damage":0.0,"enemies":"Looter","floor":13.0,"turns":1.0},{"damage":0.0,"enemies":"Exordium Thugs","floor":14.0,"turns":3.0},{"damage":4.0,"enemies":"Hexaghost","floor":16.0,"turns":6.0},{"damage":0.0,"enemies":"2 Thieves","floor":18.0,"turns":3.0},{"damage":33.0,"enemies":"Spheric Guardian","floor":21.0,"turns":6.0},{"damage":7.0,"enemies":"Centurion and Healer","floor":24.0,"turns":5.0},{"damage":16.0,"enemies":"Book of Stabbing","floor":25.0,"turns":5.0},{"damage":4.0,"enemies":"Gremlin Leader","floor":27.0,"turns":3.0},{"damage":17.0,"enemies":"Collector","floor":33.0,"turns":6.0},{"damage":0.0,"enemies":"Orb Walker","floor":35.0,"turns":2.0},{"damage":0.0,"enemies":"3 Darklings","floor":38.0,"turns":4.0},{"damage":3.0,"enemies":"2 Orb Walkers","floor":39.0,"turns":3.0},{"damage":7.0,"enemies":"Giant Head","floor":41.0,"turns":4.0},{"damage":20.0,"enemies":"Reptomancer","floor":44.0,"turns":5.0},{"damage":0.0,"enemies":"Jaw Worm Horde","floor":45.0,"turns":1.0},{"damage":1.0,"enemies":"Mind Bloom Boss Battle","floor":46.0,"turns":3.0},{"damage":0.0,"enemies":"Maw","floor":47.0,"turns":3.0},{"damage":1.0,"enemies":"Transient","floor":48.0,"turns":5.0},{"damage":32,"enemies":"Time Eater","floor":50,"turns":7}],"seed_played":"-7021417800346875618","potions_obtained":[{"floor":3.0,"key":"Ancient Potion"},{"floor":3.0,"key":"Languid Potion"},{"floor":3.0,"key":"ColorlessPotion"},{"floor":4.0,"key":"Poison Potion"},{"floor":10.0,"key":"PowerPotion"},{"floor":13.0,"key":"Flashbang"},{"floor":14.0,"key":"ColorlessPotion"},{"floor":21.0,"key":"SneckoOil"},{"floor":27.0,"key":"CultistPotion"},{"floor":33.0,"key":"Block Potion"},{"floor":35.0,"key":"BlessingOfTheForge"},{"floor":41.0,"key":"DuplicationPotion"},{"floor":44.0,"key":"EssenceOfSteel"},{"floor":46.0,"key":"Weak Potion"},{"floor":49.0,"key":"Dexterity Potion"},{"floor":49.0,"key":"SkillPotion"}],"is_trial":false,"path_per_floor":["M","T","?","M","M","R","E","R","T","E","?","$","M","M","R","B",null,"M","?","?","M","$","R","M","E","T","E","?","$","$","?","R","B",null,"M","$","?","M","?","R","E","?","T","E","M","?","M","M","R","B",null],"character_chosen":"THE_SILENT","items_purchased":["Prepared","Underhanded Strike","ReplayTheSpireMod:TigerMarble","BargainBundle","Poisoned Stab","Finisher","EntropicBrew","Crippling Poison","Madness","Eviscerate","Expertise","Dash"],"campfire_rested":0,"item_purchase_floors":[12,12,12,22,22,22,22,22,22,29,29,36],"current_hp_per_floor":[63,63,63,63,63,63,45,45,45,21,21,21,21,21,21,17,52,52,44,42,15,15,15,18,10,10,12,12,12,12,12,12,9,29,33,33,23,25,24,24,25,25,25,16,16,19,26,34,34,16],"gold":250,"neow_bonus":"THREE_ENEMY_KILL","is_daily":false,"chose_seed":false,"campfire_upgraded":6,"win_rate":0.0,"timestamp":1608049811,"path_taken":["M","?","?","M","?","R","E","R","T","E","?","$","M","M","R","BOSS","M","?","?","M","?","R","M","E","T","E","?","?","$","?","R","BOSS","M","$","?","M","?","R","E","?","T","E","M","?","?","M","R","BOSS"],"items_purchased_type":["Card","Card","Relic","Relic","Card","Card","Potion","Card","Card","Card","Card","Card"],"build_version":"2020-12-13","purchased_purges":3,"victory":true,"max_hp_per_floor":[70,70,70,70,70,70,68,68,68,68,66,66,66,64,64,64,64,64,44,42,42,42,40,40,40,40,40,40,38,38,38,36,36,36,36,36,34,34,34,34,34,34,34,34,34,34,34,34,34,34],"card_choices":[{"not_picked":["Deflect","Deadly Poison"],"picked":"Blade Dance","floor":1.0},{"not_picked":["Accuracy","Predator"],"picked":"Cloak And Dagger","floor":4.0},{"not_picked":["Cloak And Dagger","All Out Attack"],"picked":"Masterful Stab","floor":5.0},{"not_picked":["Bouncing Flask","ReplayTheSpireMod:Tripwire"],"picked":"Glass Knife","floor":7.0},{"not_picked":["Dodge and Roll","Bane"],"picked":"Heel Hook","floor":10.0},{"not_picked":["Finisher","Dagger Throw"],"picked":"Hidden Blade","floor":13.0},{"not_picked":["Deadly Poison","Dagger Throw"],"picked":"Quick Slash","floor":14.0},{"not_picked":["After Image","Wraith Form v2"],"picked":"Bullet Time","floor":16.0},{"not_picked":["Well Laid Plans","Deadly Poison"],"picked":"Acrobatics+1","floor":18.0},{"not_picked":["Deflect","Prepared"],"picked":"Cloak And Dagger","floor":20.0},{"not_picked":["Dodge and Roll","Toxin Wave"],"picked":"Backflip","floor":20.0},{"not_picked":["Deadly Poison","Outmaneuver"],"picked":"Fluid Movement","floor":21.0},{"not_picked":["ReplayTheSpireMod:Scrap Shanks","Acrobatics+1"],"picked":"Terror+1","floor":24.0},{"not_picked":["Predator","Masterful Stab"],"picked":"Cloak And Dagger+1","floor":25.0},{"not_picked":["Poisoned Stab","Endless Agony+1"],"picked":"Atom Bomb","floor":27.0},{"not_picked":["Unload","Envenom"],"picked":"Phantasmal Killer","floor":33.0},{"not_picked":["Hidden Blade","Draining Mist+1"],"picked":"Blade Dance+1","floor":35.0},{"not_picked":["Blind","Enlightenment"],"picked":"Deep Breath","floor":37.0},{"not_picked":["Finesse","Replay:BasicMightCard"],"picked":"Mind Blast","floor":37.0},{"not_picked":["Trip","Blind"],"picked":"HandOfGreed","floor":37.0},{"not_picked":["Poisoned Stab+1","PiercingWail"],"picked":"Outmaneuver+1","floor":38.0},{"not_picked":["Underhanded Strike+1","Concentrate+1"],"picked":"Predator+1","floor":39.0},{"not_picked":["PiercingWail","Hidden Blade"],"picked":"Choke+1","floor":41.0},{"not_picked":["Poisoned Stab","ReplayTheSpireMod:Tripwire+1"],"picked":"Footwork+1","floor":44.0},{"not_picked":["Blade Dance","Riddle With Holes"],"picked":"Flying Knee+1","floor":45.0},{"not_picked":["Eviscerate","Dagger Throw"],"picked":"Well Laid Plans+1","floor":46.0},{"not_picked":["Toxin Wave","Dagger Spray+1"],"picked":"Cloak And Dagger+1","floor":47.0},{"not_picked":["Quick Slash+1","Dodge and Roll"],"picked":"Doppelganger","floor":48.0}],"player_experience":315171,"relics_obtained":[{"floor":2.0,"key":"Garlic"},{"floor":3.0,"key":"ReplayTheSpireMod:Ring of Addiction"},{"floor":3.0,"key":"SacredBark"},{"floor":3.0,"key":"Potion Belt"},{"floor":7.0,"key":"Lantern"},{"floor":9.0,"key":"Orichalcum"},{"floor":10.0,"key":"Replay:Rubber Ducky"},{"floor":20.0,"key":"Centennial Puzzle"},{"floor":25.0,"key":"Anchor"},{"floor":26.0,"key":"Smiling Mask"},{"floor":27.0,"key":"Dream Catcher"},{"floor":39.0,"key":"Counterbalance"},{"floor":41.0,"key":"Toy Ornithopter"},{"floor":43.0,"key":"Blue Candle"},{"floor":44.0,"key":"Vajra"},{"floor":46.0,"key":"Du-Vu Doll"}],"event_choices":[{"damage_healed":0.0,"max_hp_gain":0.0,"max_hp_loss":0.0,"gold_gain":0.0,"cards_transformed":["Strike_G"],"event_name":"Transmorgrifier","player_choice":"Transformed","floor":11.0,"gold_loss":0.0,"damage_taken":0.0,"cards_obtained":["Tools of the Trade"]},{"damage_healed":0.0,"max_hp_gain":0.0,"max_hp_loss":20.0,"gold_gain":0.0,"event_name":"Vampires","player_choice":"Became a vampire","floor":19.0,"gold_loss":0.0,"damage_taken":0.0,"cards_obtained":["Bite","Bite","Bite","Bite","Bite"]},{"damage_healed":0.0,"max_hp_gain":0.0,"max_hp_loss":0.0,"gold_gain":0.0,"event_name":"Forgotten Altar","player_choice":"Smashed Altar","floor":28.0,"gold_loss":0.0,"damage_taken":0.0,"cards_obtained":["Decay"]},{"damage_healed":0.0,"max_hp_gain":0.0,"max_hp_loss":0.0,"gold_gain":0.0,"event_name":"Addict","player_choice":"Stole Relic","floor":31.0,"gold_loss":0.0,"damage_taken":0.0,"relics_obtained":["Akabeko"],"cards_obtained":["Shame"]},{"damage_healed":0.0,"max_hp_gain":0.0,"max_hp_loss":0.0,"gold_gain":0.0,"event_name":"SensoryStone","player_choice":"Memory 3","floor":37.0,"gold_loss":0.0,"damage_taken":10.0},{"damage_healed":0.0,"max_hp_gain":0.0,"max_hp_loss":0.0,"gold_gain":0.0,"event_name":"Mysterious Sphere","player_choice":"Fight","floor":39.0,"gold_loss":0.0,"damage_taken":0.0},{"cards_removed":["Tools of the Trade"],"damage_healed":0.0,"max_hp_gain":0.0,"max_hp_loss":0.0,"gold_gain":0.0,"event_name":"Falling","player_choice":"Removed Power","floor":42.0,"gold_loss":0.0,"damage_taken":0.0},{"damage_healed":0.0,"max_hp_gain":0.0,"max_hp_loss":0.0,"gold_gain":0.0,"event_name":"MindBloom","player_choice":"Fight","floor":46.0,"gold_loss":0.0,"damage_taken":0.0}],"is_beta":false,"boss_relics":[{"not_picked":["Replay:Bronze Core","Painkiller Herb"],"picked":"Cursed Key"},{"not_picked":["SlaversCollar","Philosopher\u0027s Stone"],"picked":"WristBlade"}],"items_purged_floors":[22,29,36],"is_endless":false,"potions_floor_spawned":[4,10,13,14,21,27,33,35,41,44,46],"ascension_level":7}}