{"host":"l8lm1goh5xm9tkuw","time":1608014643,"event":{"mods":["Act Like it!","Alarm Clock","Astrologer","BaseMod","Colored Map","Colored Powertips","GungeonMod","Hermit","KinomotoSakuraMod(Ä¾Ö®±¾Ó£)","KomeijiMod","Library of Ruina","Library of Ruina Extra","Lobotomy","LobotomyExtend","Marisa£¨ìFÓê¡¡Ä§ÀíÉ³£©","Minty Spire (QoL Compilation)","MostiFishMod","Quick Restart","Replay The Spire","Shade Mod","StSLib","TestMod","The Animator","The Bug Knight","The Hierophant","UnlockEverythingMod","vexMod","¡¾ÒÅÎï¿¨ÅÆ¡¿REMEMod"],"gold_per_floor":[110,110,35,35,54,88,88,113,113,113,113],"floor_reached":10,"playtime":254,"items_purged":["Strike_P"],"score":130,"play_id":"7be31c93-2848-407b-a111-7ca8ee3ab1b9","local_time":"20201215144403","is_ascension_mode":true,"campfire_choices":[{"data":"CutThroughFate","floor":7.0,"key":"SMITH"}],"circlet_count":0,"master_deck":["AscendersBane","Strike_P","Strike_P","Strike_P","Defend_P","Defend_P","Defend_P","Defend_P","Eruption","Vigilance","Replay:Hum","CutThroughFate+1","Scrawl"],"relics":["DaveBox","testmod-TestBox","REME_ComplimentaryCards","Nloth\u0027s Gift","testmod-Prudence","testmod-SaigiyounoYou","Question Card","LetterFromLob","Question Card","DemoMod:PinkGuonStone","Replay:Baseball","Golden Egg"],"acts_visited":["Exordium"],"potions_floor_usage":[],"damage_taken":[{"damage":1.0,"enemies":"Small Slimes","floor":1.0,"turns":4.0},{"damage":2.0,"enemies":"2 Louse","floor":5.0,"turns":6.0},{"damage":52.0,"enemies":"Lagavulin","floor":6.0,"turns":6.0},{"damage":28.0,"enemies":"Gremlin Nob","floor":8.0,"turns":4.0},{"damage":0,"enemies":"3 Sentries","floor":10,"turns":1}],"seed_played":"6695056319778262091","potions_obtained":[{"floor":8.0,"key":"BlessingOfTheForge"}],"is_trial":false,"path_per_floor":["M","?","$","?","M","E","R","E","T","E"],"character_chosen":"WATCHER","items_purchased":[],"campfire_rested":0,"item_purchase_floors":[],"current_hp_per_floor":[66,66,66,66,67,28,28,8,8,8,8],"gold":113,"neow_bonus":"BOSS_RELIC","is_daily":false,"chose_seed":false,"campfire_upgraded":1,"win_rate":0.0,"timestamp":1608014643,"path_taken":["M","?","$","?","M","E","R","E","T","E"],"items_purchased_type":[],"build_version":"2020-12-13","purchased_purges":1,"victory":false,"max_hp_per_floor":[68,68,68,68,68,75,75,75,75,75,75],"card_choices":[{"not_picked":["FollowUp","Evaluate","Halt"],"picked":"SKIP","floor":1.0},{"not_picked":["WaveOfTheHand","ClearTheMind","FlurryOfBlows","ForeignInfluence"],"picked":"Replay:Hum","floor":5.0},{"not_picked":["MostiFishMod:FlowState","Worship","MostiFishMod:LegendTransform","MostiFishMod:StarWish"],"picked":"CutThroughFate","floor":6.0},{"not_picked":["Pray","REME_WorshipGod","FlyingSleeves","Brilliance"],"picked":"Scrawl","floor":8.0}],"player_experience":305412,"relics_obtained":[{"floor":1.0,"key":"Question Card"},{"floor":1.0,"key":"LetterFromLob"},{"floor":6.0,"key":"DemoMod:PinkGuonStone"},{"floor":8.0,"key":"Replay:Baseball"},{"floor":9.0,"key":"Golden Egg"}],"event_choices":[{"damage_healed":0.0,"max_hp_gain":0.0,"max_hp_loss":0.0,"gold_gain":0.0,"event_name":"Big Fish","player_choice":"Box","floor":2.0,"gold_loss":0.0,"damage_taken":0.0,"relics_obtained":["Question Card"],"cards_obtained":["Regret"]},{"cards_removed":["Regret"],"damage_healed":0.0,"max_hp_gain":0.0,"max_hp_loss":0.0,"gold_gain":0.0,"event_name":"Purifier","player_choice":"Purged","floor":4.0,"gold_loss":0.0,"damage_taken":0.0}],"is_beta":false,"boss_relics":[],"items_purged_floors":[3],"is_endless":false,"potions_floor_spawned":[8],"killed_by":"3 Sentries","ascension_level":15}}