{"host":"fbqvzfq8f1yzoo4u","time":1608043320,"event":{"mods":["BaseMod","Minty Spire (QoL Compilation)","Replay The Spire","StSLib"],"gold_per_floor":[18,36,36,52,52,52,68,93,93,145,165,178,204,222,222,297,297,317,317,44,60,71,99,113,113,113,126,24,41,41,41,41,116,116,131,406,421,421,434,467,467,86,109,144,144,144,176,186,186,186,186],"floor_reached":52,"playtime":2424,"items_purged":["Writhe"],"score":2648,"play_id":"6c384310-83fd-4aab-964b-9a230f31c1b6","local_time":"20201215224200","is_ascension_mode":true,"campfire_choices":[{"floor":6.0,"key":"REST"},{"floor":15.0,"key":"REST"},{"data":"Pommel Strike","floor":30.0,"key":"SMITH"},{"data":"Berserk","floor":32.0,"key":"SMITH"},{"floor":41.0,"key":"REST"},{"data":"Rupture","floor":46.0,"key":"SMITH"},{"floor":49.0,"key":"REST"}],"circlet_count":0,"master_deck":["AscendersBane","Strike_R+1","Strike_R+1","Strike_R+1","Strike_R+1","Strike_R+1","Defend_R+1","Defend_R+1","Defend_R+1","Bash","Clothesline","Havoc","Seeing Red","Replay:Undeath\u0027s Touch+1","Sentinel","Dark Embrace","ReplayTheSpireMod:Strike From Hell","Pommel Strike+1","Impervious","Flex","Berserk+1","Clash","Flex+1","Offering","Inflame","Battle Trance","Dark Embrace","Panacea","Feel No Pain+1","Fiend Fire","Sentinel+1","Regret","Pummel","Bandage Up","Bandage Up","Sentinel+1","Seeing Red","Sever Soul","Rupture+1","Hemokinesis","Juggernaut","Shockwave"],"relics":["Burning Blood","Mercury Hourglass","Calipers","FossilizedHelix","Bag of Marbles","InkBottle","ReplayTheSpireMod:DimensionalGlitch","Bag of Preparation","PreservedInsect","StoneCalendar","Quantum Egg","Replay:Bronze Core","Pear","King of Hearts","Akabeko","Meat on the Bone","Turnip"],"acts_visited":["Exordium","TheCity","TheBeyond"],"potions_floor_usage":[51,51],"damage_taken":[{"damage":11.0,"enemies":"Jaw Worm","floor":1.0,"turns":4.0},{"damage":3.0,"enemies":"2 Louse","floor":2.0,"turns":4.0},{"damage":4.0,"enemies":"Cultist","floor":4.0,"turns":3.0},{"damage":0.0,"enemies":"2 Fungi Beasts","floor":7.0,"turns":3.0},{"damage":31.0,"enemies":"Gremlin Nob","floor":8.0,"turns":4.0},{"damage":0.0,"enemies":"3 Louse","floor":11.0,"turns":3.0},{"damage":10.0,"enemies":"Gremlin Gang","floor":12.0,"turns":4.0},{"damage":24.0,"enemies":"3 Sentries","floor":13.0,"turns":7.0},{"damage":0.0,"enemies":"Exordium Wildlife","floor":14.0,"turns":4.0},{"damage":0.0,"enemies":"Slime Boss","floor":16.0,"turns":9.0},{"damage":16.0,"enemies":"Shell Parasite","floor":18.0,"turns":5.0},{"damage":3.0,"enemies":"Chosen","floor":21.0,"turns":5.0},{"damage":17.0,"enemies":"Snake Plant","floor":22.0,"turns":3.0},{"damage":0.0,"enemies":"Book of Stabbing","floor":23.0,"turns":3.0},{"damage":0.0,"enemies":"Centurion and Healer","floor":24.0,"turns":5.0},{"damage":9.0,"enemies":"Shelled Parasite and Fungi","floor":27.0,"turns":3.0},{"damage":0.0,"enemies":"Snecko","floor":29.0,"turns":3.0},{"damage":19.0,"enemies":"Pondfish","floor":33.0,"turns":7.0},{"damage":0.0,"enemies":"Orb Walker","floor":35.0,"turns":2.0},{"damage":10.0,"enemies":"3 Shapes","floor":37.0,"turns":7.0},{"damage":0.0,"enemies":"Maw","floor":39.0,"turns":6.0},{"damage":22.0,"enemies":"Giant Head","floor":40.0,"turns":3.0},{"damage":0.0,"enemies":"Reptomancer","floor":44.0,"turns":3.0},{"damage":31.0,"enemies":"Nemesis","floor":47.0,"turns":7.0},{"damage":9.0,"enemies":"Writhing Mass","floor":48.0,"turns":2.0},{"damage":52.0,"enemies":"Donu and Deca","floor":50.0,"turns":6.0},{"damage":66,"enemies":"Time Eater","floor":51,"turns":9}],"seed_played":"-2564427936827472012","potions_obtained":[{"floor":1.0,"key":"Fire Potion"},{"floor":2.0,"key":"Energy Potion"},{"floor":12.0,"key":"Flashbang"},{"floor":14.0,"key":"Strength Potion"},{"floor":16.0,"key":"BloodPotion"},{"floor":18.0,"key":"Languid Potion"},{"floor":21.0,"key":"Milkshake"},{"floor":22.0,"key":"SpeedPotion"},{"floor":23.0,"key":"BloodPotion"},{"floor":39.0,"key":"Dexterity Potion"},{"floor":44.0,"key":"BlessingOfTheForge"}],"is_trial":false,"path_per_floor":["M","M","?","M","?","R","M","E","T","T","M","M","E","M","R","B",null,"M","?","$","M","M","E","M","?","T","M","$","M","R","?","R","B",null,"M","?","M","?","M","E","R","$","T","E","?","R","E","M","R","B","B",null],"character_chosen":"IRONCLAD","items_purchased":["Flex+1","PreservedInsect","Panacea","Seeing Red","Sever Soul","Rupture","King of Hearts"],"campfire_rested":4,"item_purchase_floors":[20,20,28,42,42,42,42],"current_hp_per_floor":[77,80,54,56,56,82,88,63,63,63,69,65,47,53,79,85,88,75,75,75,75,78,81,84,89,89,83,83,86,86,86,86,70,84,87,87,80,65,72,67,96,96,96,99,99,99,73,71,99,58,13],"gold":186,"neow_bonus":"TWENTY_PERCENT_HP_BONUS","is_daily":false,"chose_seed":false,"campfire_upgraded":3,"win_rate":0.0,"timestamp":1608043320,"path_taken":["M","M","?","M","?","R","M","E","T","?","?","M","E","M","R","BOSS","M","?","$","M","M","E","M","?","T","M","$","?","R","?","R","BOSS","M","?","?","?","M","E","R","$","T","E","?","R","E","M","R","BOSS","BOSS"],"items_purchased_type":["Card","Relic","Card","Card","Card","Card","Relic"],"build_version":"2020-12-13","purchased_purges":1,"victory":true,"max_hp_per_floor":[89,89,89,89,89,89,89,89,89,89,89,89,89,89,89,89,89,89,89,89,89,89,89,89,89,89,89,89,89,89,89,89,89,89,89,89,89,89,89,99,99,99,99,99,99,99,99,99,99,99,99],"card_choices":[{"not_picked":["Abandon","Pommel Strike"],"picked":"Clothesline","floor":1.0},{"not_picked":["Feel No Pain","Flex"],"picked":"Havoc","floor":2.0},{"not_picked":["True Grit","Twin Strike"],"picked":"Seeing Red","floor":4.0},{"not_picked":["Metallicize","Replay:Undeath\u0027s Touch"],"picked":"Sentinel","floor":7.0},{"not_picked":["Replay:Many Hands","Body Slam"],"picked":"Dark Embrace","floor":8.0},{"not_picked":["Rampage","Pommel Strike"],"picked":"ReplayTheSpireMod:Strike From Hell","floor":11.0},{"not_picked":["Pummel","Uppercut"],"picked":"Pommel Strike","floor":12.0},{"not_picked":["Dropkick","Carnage"],"picked":"Impervious","floor":13.0},{"not_picked":["Warcry","Cleave"],"picked":"Flex","floor":14.0},{"not_picked":["Hemogenesis","Juggernaut"],"picked":"Berserk","floor":16.0},{"not_picked":["Run Through+1","Massacre"],"picked":"Clash","floor":18.0},{"not_picked":["Twin Strike","True Grit"],"picked":"Offering","floor":21.0},{"not_picked":["Thunderclap","Ghostly Armor"],"picked":"Inflame","floor":22.0},{"not_picked":["Rage","Sword Boomerang"],"picked":"Battle Trance","floor":23.0},{"not_picked":["Havoc","Brutality"],"picked":"Replay:Undeath\u0027s Touch","floor":24.0},{"not_picked":["Shrug It Off","Warcry"],"picked":"Dark Embrace","floor":27.0},{"not_picked":["Iron Wave","Cleave"],"picked":"Feel No Pain+1","floor":29.0},{"not_picked":["Impervious","Feed"],"picked":"Fiend Fire","floor":33.0},{"not_picked":["Fire Breathing","ReplayTheSpireMod:Strike From Hell"],"picked":"Sentinel+1","floor":35.0},{"not_picked":["Blood for Blood+1","Iron Wave+1"],"picked":"Pummel","floor":37.0},{"not_picked":["Finesse","Replay:Sssssssssstrike"],"picked":"Bandage Up","floor":38.0},{"not_picked":["Secret Technique","Finesse"],"picked":"Bandage Up","floor":38.0},{"not_picked":["Perfected Strike","Warcry"],"picked":"Sentinel+1","floor":39.0},{"not_picked":["Cleave+1","ReplayReversal","Clothesline"],"picked":"SKIP","floor":40.0},{"not_picked":["Sword Boomerang","Havoc+1"],"picked":"Hemokinesis","floor":44.0},{"not_picked":["Shrug It Off+1","Life Link"],"picked":"Juggernaut","floor":47.0},{"not_picked":["Armaments","ReplayTheSpireMod:Strike From Hell+1"],"picked":"Shockwave","floor":48.0}],"player_experience":588372,"relics_obtained":[{"floor":8.0,"key":"Calipers"},{"floor":9.0,"key":"FossilizedHelix"},{"floor":10.0,"key":"Bag of Marbles"},{"floor":13.0,"key":"InkBottle"},{"floor":23.0,"key":"StoneCalendar"},{"floor":26.0,"key":"Quantum Egg"},{"floor":40.0,"key":"Pear"},{"floor":43.0,"key":"Akabeko"},{"floor":44.0,"key":"Meat on the Bone"},{"floor":47.0,"key":"Turnip"}],"event_choices":[{"damage_healed":0.0,"max_hp_gain":0.0,"max_hp_loss":0.0,"gold_gain":0.0,"event_name":"Scrap Ooze","player_choice":"Success","floor":3.0,"gold_loss":0.0,"damage_taken":26.0,"relics_obtained":["Mercury Hourglass"]},{"damage_healed":0.0,"max_hp_gain":0.0,"max_hp_loss":0.0,"gold_gain":0.0,"event_name":"The Mausoleum","player_choice":"Opened","floor":19.0,"gold_loss":0.0,"damage_taken":0.0,"relics_obtained":["Bag of Preparation"],"cards_obtained":["Writhe"]},{"cards_removed":["Replay:Undeath\u0027s Touch"],"damage_healed":5.0,"max_hp_gain":0.0,"max_hp_loss":0.0,"gold_gain":0.0,"event_name":"Bonfire Elementals","player_choice":"Offered Common","floor":25.0,"gold_loss":0.0,"damage_taken":0.0},{"cards_removed":["Replay:Undeath\u0027s Touch"],"damage_healed":5.0,"max_hp_gain":0.0,"max_hp_loss":0.0,"gold_gain":0.0,"event_name":"Bonfire Elementals","player_choice":"Offered Special","floor":25.0,"gold_loss":0.0,"damage_taken":0.0},{"damage_healed":0.0,"max_hp_gain":0.0,"max_hp_loss":0.0,"gold_gain":0.0,"event_name":"Back to Basics","player_choice":"Simplicity","floor":31.0,"gold_loss":0.0,"damage_taken":0.0,"cards_upgraded":["Strike_R","Strike_R","Strike_R","Strike_R","Strike_R","Defend_R","Defend_R","Defend_R"]},{"damage_healed":0.0,"max_hp_gain":0.0,"max_hp_loss":0.0,"gold_gain":275.0,"event_name":"Golden Shrine","player_choice":"Desecrate","floor":36.0,"gold_loss":0.0,"damage_taken":0.0,"cards_obtained":["Regret"]},{"damage_healed":0.0,"max_hp_gain":0.0,"max_hp_loss":0.0,"gold_gain":0.0,"event_name":"SensoryStone","player_choice":"Memory 3","floor":38.0,"gold_loss":0.0,"damage_taken":10.0}],"is_beta":false,"boss_relics":[{"not_picked":["Snecko Eye","Ectoplasm"],"picked":"ReplayTheSpireMod:DimensionalGlitch"},{"not_picked":["Velvet Choker","Astrolabe"],"picked":"Replay:Bronze Core"}],"items_purged_floors":[20],"is_endless":false,"potions_floor_spawned":[1,2,12,14,16,18,21,22,23,39,44],"ascension_level":20}}