{"host":"mvlqq966zh3ccmv5","time":1608039197,"event":{"mods":["AchievementEnabler","BaseMod","DeckTracker","Minty Spire (QoL Compilation)","SuperFastMode"],"gold_per_floor":[118,138,156,171,190,190,200,225,225,251,261,261,261,261,261,364,364,378,65,137,67,67,93,192,216,265,265,290,290,300,319,319,319,319],"floor_reached":33,"playtime":708,"items_purged":[],"score":465,"play_id":"c1ad676a-0a6f-4921-ab69-4fce7cbe7e5a","local_time":"20201215223317","is_ascension_mode":true,"campfire_choices":[{"data":"Whirlwind","floor":6.0,"key":"SMITH"},{"data":"Blood for Blood","floor":12.0,"key":"SMITH"},{"data":"Evolve","floor":15.0,"key":"SMITH"},{"floor":27.0,"key":"REST"},{"floor":29,"key":"REST"},{"floor":32,"key":"REST"}],"circlet_count":0,"master_deck":["AscendersBane","Strike_R","Strike_R","Strike_R","Defend_R","Defend_R","Defend_R","Bash","Flex","Exhume","Whirlwind+1","Flame Barrier","Armaments+1","Twin Strike","Blood for Blood+1","Evolve+1","Flex","Impervious","Limit Break","Pommel Strike+1","Dropkick","True Grit+1"],"relics":["Burning Blood","Juzu Bracelet","HornCleat","Odd Mushroom","Runic Cube","Lizard Tail","Bottled Tornado","Regal Pillow","Red Skull","Blood Vial","Shuriken"],"acts_visited":["Exordium","TheCity"],"potions_floor_usage":[31],"damage_taken":[{"damage":6.0,"enemies":"Cultist","floor":1.0,"turns":3.0},{"damage":0.0,"enemies":"2 Louse","floor":2.0,"turns":1.0},{"damage":15.0,"enemies":"Small Slimes","floor":3.0,"turns":6.0},{"damage":28.0,"enemies":"Exordium Thugs","floor":4.0,"turns":6.0},{"damage":10.0,"enemies":"Red Slaver","floor":5.0,"turns":4.0},{"damage":14.0,"enemies":"Blue Slaver","floor":7.0,"turns":4.0},{"damage":0.0,"enemies":"Gremlin Nob","floor":8.0,"turns":2.0},{"damage":18.0,"enemies":"The Mushroom Lair","floor":10.0,"turns":3.0},{"damage":0.0,"enemies":"Exordium Wildlife","floor":11.0,"turns":2.0},{"damage":24.0,"enemies":"The Guardian","floor":16.0,"turns":12.0},{"damage":26.0,"enemies":"2 Thieves","floor":18.0,"turns":5.0},{"damage":38.0,"enemies":"Slavers","floor":23.0,"turns":7.0},{"damage":56,"enemies":"Gremlin Leader","floor":28,"turns":8},{"damage":22,"enemies":"Spheric Guardian","floor":30,"turns":4},{"damage":37,"enemies":"3 Cultists","floor":31,"turns":5},{"damage":0,"enemies":"Automaton","floor":33,"turns":2}],"seed_played":"2209420319426012684","potions_obtained":[{"floor":1.0,"key":"Regen Potion"},{"floor":2.0,"key":"BloodPotion"},{"floor":7.0,"key":"DistilledChaos"},{"floor":10.0,"key":"Block Potion"},{"floor":16.0,"key":"FearPotion"},{"floor":30,"key":"ColorlessPotion"},{"floor":31,"key":"Ancient Potion"}],"is_trial":false,"path_per_floor":["M","M","M","M","M","R","M","E","T","?","M","R","?","?","R","B",null,"M","$","T","$","?","E","?","T","T","R","E","R","M","M","R","B"],"character_chosen":"IRONCLAD","items_purchased":["Lizard Tail","Dropkick"],"campfire_rested":3,"item_purchase_floors":[19,21],"current_hp_per_floor":[51,57,48,40,36,36,28,34,34,22,28,28,28,28,28,10,63,43,43,43,43,43,27,27,27,27,66,18,57,43,14,53,55,55],"gold":319,"neow_bonus":"TRANSFORM_TWO_CARDS","is_daily":false,"chose_seed":false,"campfire_upgraded":3,"win_rate":0.0,"timestamp":1608039197,"path_taken":["M","M","M","M","M","R","M","E","T","?","M","R","?","?","R","BOSS","M","$","?","?","?","E","?","?","T","R","E","R","M","M","R","BOSS"],"items_purchased_type":["Relic","Card"],"build_version":"2020-12-13","purchased_purges":0,"victory":false,"max_hp_per_floor":[80,80,80,80,80,80,80,80,80,80,80,80,80,80,80,80,80,80,80,80,80,80,80,80,80,80,80,80,80,80,80,80,80,80],"card_choices":[{"not_picked":["Heavy Blade","Dual Wield"],"picked":"Whirlwind","floor":1.0},{"not_picked":["Clash","Carnage"],"picked":"Flame Barrier","floor":2.0},{"not_picked":["Wild Strike","Cleave"],"picked":"Armaments","floor":3.0},{"not_picked":["Bloodletting","Dark Embrace"],"picked":"Twin Strike","floor":4.0},{"not_picked":["Flex","Sword Boomerang"],"picked":"Blood for Blood","floor":5.0},{"not_picked":["Body Slam","Infernal Blade","Brutality"],"picked":"SKIP","floor":7.0},{"not_picked":["Burning Pact","Sever Soul"],"picked":"Evolve","floor":8.0},{"not_picked":["Havoc","Sword Boomerang"],"picked":"Flex","floor":10.0},{"not_picked":["Flex","Wild Strike","Shockwave"],"picked":"SKIP","floor":11.0},{"not_picked":["Impervious","Corruption"],"picked":"Limit Break","floor":16.0},{"not_picked":["Clothesline","Cleave"],"picked":"Pommel Strike+1","floor":18.0},{"not_picked":["Feel No Pain","Barricade","Iron Wave+1"],"picked":"SKIP","floor":23.0},{"not_picked":["Iron Wave","Ghostly Armor","Warcry"],"picked":"SKIP","floor":28},{"not_picked":["Headbutt","Warcry"],"picked":"True Grit+1","floor":30},{"not_picked":["Iron Wave","Twin Strike","Body Slam"],"picked":"SKIP","floor":31}],"player_experience":206171,"relics_obtained":[{"floor":8.0,"key":"Juzu Bracelet"},{"floor":9.0,"key":"HornCleat"},{"floor":10.0,"key":"Odd Mushroom"},{"floor":20.0,"key":"Bottled Tornado"},{"floor":23.0,"key":"Regal Pillow"},{"floor":25.0,"key":"Red Skull"},{"floor":26.0,"key":"Blood Vial"},{"floor":28,"key":"Shuriken"}],"event_choices":[{"damage_healed":0.0,"max_hp_gain":0.0,"max_hp_loss":0.0,"gold_gain":0.0,"event_name":"Mushrooms","player_choice":"Fought Mushrooms","floor":10.0,"gold_loss":0.0,"damage_taken":0.0},{"damage_healed":0.0,"max_hp_gain":0.0,"max_hp_loss":0.0,"gold_gain":0.0,"event_name":"Living Wall","player_choice":"Grow","floor":13.0,"gold_loss":0.0,"damage_taken":0.0,"cards_upgraded":["Armaments"]},{"damage_healed":0.0,"max_hp_gain":0.0,"max_hp_loss":0.0,"gold_gain":0.0,"cards_transformed":["Strike_R"],"event_name":"Transmorgrifier","player_choice":"Transformed","floor":14.0,"gold_loss":0.0,"damage_taken":0.0,"cards_obtained":["Impervious"]},{"damage_healed":0.0,"max_hp_gain":0.0,"max_hp_loss":0.0,"gold_gain":0.0,"event_name":"Vampires","player_choice":"Ignored","floor":22.0,"gold_loss":0.0,"damage_taken":0.0},{"damage_healed":0.0,"max_hp_gain":0.0,"max_hp_loss":0.0,"gold_gain":99.0,"event_name":"Nest","player_choice":"Stole From Cult","floor":24.0,"gold_loss":0.0,"damage_taken":0.0}],"is_beta":false,"boss_relics":[{"not_picked":["Velvet Choker","Pandora\u0027s Box"],"picked":"Runic Cube"}],"items_purged_floors":[],"is_endless":false,"potions_floor_spawned":[1,2,7,10,16,30,31],"killed_by":"Automaton","ascension_level":10}}