{"host":"fdq5pmhluajjrf8d","time":1608053805,"event":{"mods":["BaseMod","Minty Spire (QoL Compilation)"],"gold_per_floor":[111,128,93,93,112,140,156,64,64,64,76,95,95,95,95,171,171,189,189,204,204,204],"floor_reached":21,"playtime":927,"items_purged":[],"score":353,"play_id":"c66b6b85-30a0-4bc4-92ad-6b3aa9188452","local_time":"20201215123645","is_ascension_mode":true,"campfire_choices":[{"data":"Trip","floor":10,"key":"SMITH"},{"data":"Beam Cell","floor":13,"key":"SMITH"},{"data":"Rebound","floor":15,"key":"SMITH"}],"circlet_count":0,"master_deck":["AscendersBane","Strike_B","Strike_B","Strike_B","Strike_B","Defend_B","Defend_B","Defend_B","Defend_B","Zap+1","Dualcast","Compile Driver","White Noise+1","Beam Cell+1","Rebound+1","Trip+1","FTL","Thunder Strike","CurseOfTheBell","Hologram","White Noise+1","Auto Shields"],"relics":["Cracked Core","Shuriken","Bottled Lightning","Bottled Flame","Calling Bell","Art of War","Darkstone Periapt","Unceasing Top"],"acts_visited":["Exordium","TheCity"],"potions_floor_usage":[12,16,18,21],"damage_taken":[{"damage":7,"enemies":"Jaw Worm","floor":1,"turns":2},{"damage":1,"enemies":"2 Louse","floor":2,"turns":2},{"damage":1,"enemies":"Cultist","floor":5,"turns":4},{"damage":20,"enemies":"Lagavulin","floor":6,"turns":7},{"damage":0,"enemies":"Exordium Wildlife","floor":7,"turns":2},{"damage":0,"enemies":"Red Slaver","floor":11,"turns":3},{"damage":3,"enemies":"Lots of Slimes","floor":12,"turns":2},{"damage":45,"enemies":"The Guardian","floor":16,"turns":10},{"damage":19,"enemies":"3 Byrds","floor":18,"turns":4},{"damage":23,"enemies":"2 Thieves","floor":20,"turns":3},{"damage":16,"enemies":"Sentry and Sphere","floor":21,"turns":3}],"seed_played":"-4919799804681299375","potions_obtained":[{"floor":2,"key":"Explosive Potion"},{"floor":6,"key":"DistilledChaos"},{"floor":16,"key":"Explosive Potion"},{"floor":18,"key":"Ancient Potion"},{"floor":20,"key":"SkillPotion"}],"is_trial":false,"path_per_floor":["M","M","?","?","M","E","M","$","T","R","M","M","R","T","R","B",null,"M","?","M","M"],"character_chosen":"DEFECT","items_purchased":["Trip"],"campfire_rested":0,"item_purchase_floors":[8],"current_hp_per_floor":[57,56,71,71,70,50,50,50,50,50,50,47,47,47,47,2,54,35,35,12,0,0],"gold":204,"neow_bonus":"UPGRADE_CARD","is_daily":false,"chose_seed":false,"campfire_upgraded":3,"win_rate":0.0,"timestamp":1608053805,"path_taken":["M","M","?","?","?","E","M","$","T","R","M","M","R","?","R","BOSS","M","?","?","M"],"items_purchased_type":["Card"],"build_version":"2020-12-13","purchased_purges":0,"victory":false,"max_hp_per_floor":[71,71,71,71,71,71,71,71,71,71,71,71,71,71,71,71,71,71,71,71,71,71],"card_choices":[{"not_picked":["Turbo","Double Energy"],"picked":"Compile Driver","floor":1},{"not_picked":["Hologram","Sweeping Beam"],"picked":"White Noise","floor":2},{"not_picked":["Stack","Sweeping Beam","Recycle"],"picked":"SKIP","floor":5},{"not_picked":["Rebound","Biased Cognition"],"picked":"Beam Cell","floor":6},{"not_picked":["Beam Cell","Stack"],"picked":"Rebound","floor":7},{"not_picked":["Streamline","Compile Driver","Recycle"],"picked":"SKIP","floor":11},{"not_picked":["Chaos","Defragment"],"picked":"FTL","floor":12},{"not_picked":["Fission","Electrodynamics"],"picked":"Thunder Strike","floor":16},{"not_picked":["Force Field","Lockon"],"picked":"Hologram","floor":18},{"not_picked":["Rebound","Barrage"],"picked":"Auto Shields","floor":20}],"player_experience":1858690,"relics_obtained":[{"floor":6,"key":"Shuriken"},{"floor":9,"key":"Bottled Lightning"},{"floor":14,"key":"Bottled Flame"},{"floor":17,"key":"Art of War"},{"floor":17,"key":"Darkstone Periapt"},{"floor":17,"key":"Unceasing Top"}],"event_choices":[{"damage_healed":17,"gold_gain":0,"player_choice":"Healed","damage_taken":0,"max_hp_gain":0,"max_hp_loss":0,"event_name":"The Cleric","floor":3,"gold_loss":35},{"damage_healed":0,"gold_gain":0,"player_choice":"Upgraded","damage_taken":0,"max_hp_gain":0,"max_hp_loss":0,"event_name":"Upgrade Shrine","floor":4,"gold_loss":0,"cards_upgraded":["White Noise"]},{"damage_healed":0,"gold_gain":0,"player_choice":"Copied","damage_taken":0,"max_hp_gain":0,"max_hp_loss":0,"event_name":"Duplicator","floor":19,"gold_loss":0,"cards_obtained":["White Noise"]}],"is_beta":false,"boss_relics":[{"not_picked":["Astrolabe","FrozenCore"],"picked":"Calling Bell"}],"items_purged_floors":[],"is_endless":false,"potions_floor_spawned":[2,6,11,16,18,20],"killed_by":"Sentry and Sphere","ascension_level":19}}