{"host":"llpusn9usp8rznkj","time":1608008402,"event":{"mods":["2.2 Compatiblity","BaseMod","Colored Map","Colored Powertips","Conspire","Downfall","Hubris","Minty Spire (QoL Compilation)","Rare Cards Sparkle","Replay The Spire","StSLib","The Cursed"],"gold_per_floor":[114,114,133,133,133,48,71,71,71,71],"floor_reached":9,"playtime":683,"items_purged":[],"score":98,"play_id":"56719170-412b-4f4d-8a02-e561e4e33570","local_time":"20201215000002","is_ascension_mode":true,"campfire_choices":[{"data":"Zap","floor":8,"key":"SMITH"}],"circlet_count":0,"master_deck":["AscendersBane","Strike_B","Strike_B","Strike_B","Strike_B","Defend_B","Defend_B","Defend_B","Defend_B","Zap+1","Dualcast","Time Bomb+1","White Noise","Lockon"],"relics":["Cracked Core","Bronze Scales","Odd Mushroom"],"acts_visited":["Exordium"],"potions_floor_usage":[9],"damage_taken":[{"damage":1,"enemies":"2 Louse","floor":1,"turns":2},{"damage":1,"enemies":"Cultist","floor":3,"turns":4},{"damage":37,"enemies":"The Mushroom Lair","floor":7,"turns":5},{"damage":49,"enemies":"Gremlin Nob","floor":9,"turns":3}],"seed_played":"-3454941227911795081","potions_obtained":[{"floor":7,"key":"Adrenaline Potion"}],"is_trial":false,"path_per_floor":["M","?","M","PTL","PTL","$","?","R","E"],"character_chosen":"DEFECT","items_purchased":["White Noise"],"campfire_rested":0,"item_purchase_floors":[6],"current_hp_per_floor":[63,63,62,62,62,62,25,25,0,0],"gold":71,"neow_bonus":"RANDOM_COMMON_RELIC","is_daily":false,"chose_seed":false,"campfire_upgraded":1,"win_rate":0.0,"timestamp":1608008402,"path_taken":["M","?","?","PTL","PTL","$","?","R","E"],"items_purchased_type":["Card"],"build_version":"2020-12-13","purchased_purges":0,"victory":false,"max_hp_per_floor":[71,71,71,71,71,71,71,71,71,71],"card_choices":[{"not_picked":["Conserve Battery","Loop"],"picked":"Time Bomb","floor":1},{"not_picked":["Barrage","Streamline","Go for the Eyes"],"picked":"SKIP","floor":3},{"not_picked":["Force Field","Sweeping Beam"],"picked":"Lockon","floor":7}],"player_experience":968432,"relics_obtained":[{"floor":7,"key":"Odd Mushroom"}],"event_choices":[{"damage_healed":0,"gold_gain":0,"player_choice":"Upgraded","damage_taken":0,"max_hp_gain":0,"max_hp_loss":0,"event_name":"Upgrade Shrine","floor":2,"gold_loss":0,"cards_upgraded":["Time Bomb"]},{"damage_healed":0,"gold_gain":0,"player_choice":"Fought Mushrooms","damage_taken":0,"max_hp_gain":0,"max_hp_loss":0,"event_name":"Mushrooms","floor":7,"gold_loss":0}],"is_beta":false,"boss_relics":[],"items_purged_floors":[],"is_endless":false,"potions_floor_spawned":[7],"killed_by":"Gremlin Nob","ascension_level":20}}