{"host":"m9i7qe3hvz6jihjh","time":1608041189,"event":{"mods":["BaseMod","Colored Powertips","Infinite Spire","Minty Spire (QoL Compilation)","Quick Restart","StSLib","The Animator","Waifu the Spire"],"gold_per_floor":[110,129,143,143,160,193,213,213,288,44,63,95,114,128,128,227,227,242,242,152,169,2,2,2,18,18,29,29,29,29,49,49,49,49],"floor_reached":33,"playtime":1366,"items_purged":["Strike_P"],"score":261,"play_id":"66243cf0-5679-45f3-9a75-39c308295a3c","local_time":"20201215150629","is_ascension_mode":false,"campfire_choices":[{"floor":15,"key":"REST"},{"floor":23,"key":"REST"},{"floor":30,"key":"REST"},{"floor":32,"key":"REST"}],"circlet_count":0,"master_deck":["Strike_P+1","Strike_P","Strike_P","Defend_P","Defend_P","Defend_P","Eruption","Vigilance","Crescendo","EmptyBody","Consecrate","CrushJoints","Crescendo","JustLucky","DevaForm","Swift Strike","CrushJoints","Halt","ThirdEye","TalkToTheHand","Omniscience","BowlingBash","Consecrate","Conclude","infinitespire:UltimateForm","infinitespire:Execution","Nirvana","JustLucky","Writhe","Decay","Protect"],"relics":["PureWater","White Beast Statue","Mercury Hourglass","Question Card","Bottled Lightning","Smiling Mask","Fusion Hammer","Membership Card","Letter Opener","Anchor"],"acts_visited":["Exordium","TheCity"],"potions_floor_usage":[0,5,5,6,11,12,13,14,16,16,21,21,25,27,31,33],"damage_taken":[{"damage":0,"enemies":"Cultist","floor":1,"turns":2},{"damage":0,"enemies":"2 Louse","floor":2,"turns":3},{"damage":0,"enemies":"Small Slimes","floor":3,"turns":3},{"damage":18,"enemies":"Exordium Thugs","floor":5,"turns":3},{"damage":13,"enemies":"3 Sentries","floor":6,"turns":9},{"damage":3,"enemies":"Large Slime","floor":7,"turns":4},{"damage":3,"enemies":"Looter","floor":11,"turns":2},{"damage":26,"enemies":"Lagavulin","floor":12,"turns":5},{"damage":0,"enemies":"2 Fungi Beasts","floor":13,"turns":1},{"damage":0,"enemies":"Blue Slaver","floor":14,"turns":3},{"damage":44,"enemies":"The Guardian","floor":16,"turns":13},{"damage":34,"enemies":"Spheric Guardian","floor":18,"turns":6},{"damage":13,"enemies":"3 Byrds","floor":21,"turns":3},{"damage":6,"enemies":"Snake Plant","floor":25,"turns":3},{"damage":29,"enemies":"3 Cultists","floor":27,"turns":5},{"damage":27,"enemies":"Centurion and Healer","floor":31,"turns":6},{"damage":54,"enemies":"Automaton","floor":33,"turns":6}],"seed_played":"7827766925813818000","potions_obtained":[{"floor":0,"key":"Fruit Juice"},{"floor":0,"key":"BottledMiracle"},{"floor":0,"key":"SteroidPotion"},{"floor":1,"key":"infinitespire:BlackPotion"},{"floor":2,"key":"BlessingOfTheForge"},{"floor":5,"key":"AttackPotion"},{"floor":6,"key":"StancePotion"},{"floor":7,"key":"FairyPotion"},{"floor":11,"key":"SkillPotion"},{"floor":12,"key":"FearPotion"},{"floor":13,"key":"ColorlessPotion"},{"floor":14,"key":"StancePotion"},{"floor":16,"key":"Explosive Potion"},{"floor":18,"key":"Fire Potion"},{"floor":21,"key":"Swift Potion"},{"floor":25,"key":"Energy Potion"},{"floor":27,"key":"Swift Potion"},{"floor":31,"key":"Fire Potion"}],"is_trial":false,"path_per_floor":["M","M","M","T","M","E","M","?","T","$","M","E","M","M","R","B",null,"M","?","?","M","$","R","AVR","M","T","M","?","?","R","M","R","B"],"character_chosen":"WATCHER","items_purchased":["DevaForm","Swift Strike","Membership Card","Conclude"],"campfire_rested":4,"item_purchase_floors":[10,10,22,22],"current_hp_per_floor":[77,77,77,77,59,46,43,43,43,43,40,14,14,14,37,22,77,43,43,43,30,30,53,53,47,47,18,18,18,41,14,37,0,0],"gold":49,"neow_bonus":"THREE_SMALL_POTIONS","is_daily":false,"chose_seed":false,"campfire_upgraded":0,"win_rate":0.0,"timestamp":1608041189,"path_taken":["M","M","M","?","M","E","M","?","T","$","M","E","M","M","R","BOSS","M","?","?","?","$","R","AVR","M","T","M","?","?","R","M","R","BOSS"],"items_purchased_type":["Card","Card","Relic","Card"],"build_version":"2020-11-30","purchased_purges":1,"victory":false,"max_hp_per_floor":[77,77,77,77,77,77,77,77,77,77,77,77,77,77,77,77,77,77,77,77,77,77,77,77,77,77,77,77,77,77,77,77,77,77],"card_choices":[{"not_picked":["ClearTheMind","Meditate"],"picked":"Crescendo","floor":1},{"not_picked":["Study","SashWhip"],"picked":"EmptyBody","floor":2},{"not_picked":["ClearTheMind","Adaptation"],"picked":"Consecrate","floor":3},{"not_picked":["EmptyBody","SignatureMove"],"picked":"CrushJoints","floor":5},{"not_picked":["DeusExMachina","EmptyBody"],"picked":"Crescendo","floor":6},{"not_picked":["BowlingBash","WindmillStrike"],"picked":"JustLucky","floor":7},{"not_picked":["Study","EmptyBody","Consecrate"],"picked":"CrushJoints","floor":11},{"not_picked":["Evaluate","Crescendo","Study"],"picked":"Halt","floor":12},{"not_picked":["WreathOfFlame","SignatureMove","Meditate"],"picked":"ThirdEye","floor":13},{"not_picked":["SignatureMove","Halt","Tantrum"],"picked":"TalkToTheHand","floor":14},{"not_picked":["Judgement","Scrawl","Vault"],"picked":"Omniscience","floor":16},{"not_picked":["Tantrum+1","ClearTheMind","EmptyBody"],"picked":"BowlingBash","floor":18},{"not_picked":["CrushJoints","BattleHymn","EmptyFist"],"picked":"Consecrate","floor":21},{"not_picked":["FlyingSleeves","EmptyFist","Weave"],"picked":"Nirvana","floor":25},{"not_picked":["Fasting2","Perseverance","CrushJoints"],"picked":"JustLucky","floor":27},{"not_picked":["EmptyFist","WreathOfFlame","FlyingSleeves"],"picked":"Protect","floor":31}],"player_experience":855531,"relics_obtained":[{"floor":4,"key":"White Beast Statue"},{"floor":6,"key":"Mercury Hourglass"},{"floor":8,"key":"Question Card"},{"floor":9,"key":"Bottled Lightning"},{"floor":12,"key":"Smiling Mask"},{"floor":26,"key":"Letter Opener"}],"event_choices":[{"damage_healed":0,"gold_gain":0,"player_choice":"Relic","damage_taken":0,"max_hp_gain":0,"max_hp_loss":0,"event_name":"Wheel of Change","floor":8,"gold_loss":0},{"damage_healed":0,"gold_gain":0,"player_choice":"Ignored","damage_taken":0,"max_hp_gain":0,"max_hp_loss":0,"event_name":"Ghosts","floor":19,"gold_loss":0},{"cards_removed":["Defend_P"],"damage_healed":0,"gold_gain":0,"player_choice":"Upgrade and Remove","damage_taken":0,"max_hp_gain":0,"max_hp_loss":0,"event_name":"Designer","floor":20,"gold_loss":90,"cards_upgraded":["Strike_P"]},{"damage_healed":0,"gold_gain":0,"player_choice":"Opened","damage_taken":0,"relics_obtained":["Anchor"],"max_hp_gain":0,"max_hp_loss":0,"event_name":"The Mausoleum","floor":28,"gold_loss":0,"cards_obtained":["Writhe"]},{"damage_healed":0,"gold_gain":0,"player_choice":"Smashed Altar","damage_taken":0,"max_hp_gain":0,"max_hp_loss":0,"event_name":"Forgotten Altar","floor":29,"gold_loss":0,"cards_obtained":["Decay"]}],"is_beta":false,"boss_relics":[{"not_picked":["Velvet Choker","Busted Crown"],"picked":"Fusion Hammer"}],"items_purged_floors":[10],"is_endless":false,"potions_floor_spawned":[1,2,3,5,6,7,11,12,13,14,16,18,21,25,27,31],"killed_by":"Automaton","ascension_level":0}}