{"host":"k5dhp0bkccqfauyu","time":1608043526,"event":{"mods":["BaseMod","Better Note","Better Skull","Better Vampires","Colored Map","Colored Powertips","DeckTracker","Minty Spire (QoL Compilation)","Permanent Neow","StSLib","SuperFastMode"],"gold_per_floor":[111,121,135,151,151,151,179,199,246,272,291,291,317,334,334,408,408,426,426,426],"floor_reached":19,"playtime":730,"items_purged":[],"score":382,"play_id":"82a5d80b-9c20-4e2a-8ff9-9272540d23e9","local_time":"20201216014526","is_ascension_mode":true,"campfire_choices":[{"data":"Armaments","floor":6,"key":"SMITH"},{"data":"Double Tap","floor":15,"key":"SMITH"}],"circlet_count":0,"master_deck":["AscendersBane","Strike_R","Strike_R","Strike_R","Strike_R","Strike_R","Defend_R","Defend_R","Defend_R","Defend_R","Bash","Double Tap+1","Shrug It Off","Spot Weakness","Armaments+1","Fiend Fire","Sword Boomerang","Second Wind","Shrug It Off","Battle Trance","Barricade","Sentinel+1"],"relics":["Burning Blood","Lantern","Mummified Hand","Red Skull","Blood Vial","Paper Frog","Coffee Dripper"],"acts_visited":["Exordium","TheCity"],"potions_floor_usage":[7,7,10,13,18],"damage_taken":[{"damage":2,"enemies":"Cultist","floor":1,"turns":4},{"damage":1,"enemies":"Small Slimes","floor":2,"turns":4},{"damage":6,"enemies":"Jaw Worm","floor":3,"turns":5},{"damage":2,"enemies":"2 Fungi Beasts","floor":4,"turns":6},{"damage":20,"enemies":"3 Sentries","floor":7,"turns":12},{"damage":1,"enemies":"Looter","floor":8,"turns":3},{"damage":40,"enemies":"Lagavulin","floor":10,"turns":5},{"damage":10,"enemies":"Exordium Thugs","floor":11,"turns":4},{"damage":6,"enemies":"Gremlin Nob","floor":13,"turns":3},{"damage":6,"enemies":"3 Louse","floor":14,"turns":3},{"damage":16,"enemies":"Slime Boss","floor":16,"turns":8},{"damage":22,"enemies":"3 Byrds","floor":18,"turns":6},{"damage":53,"enemies":"Masked Bandits","floor":19,"turns":3}],"seed_played":"6932268768660958384","potions_obtained":[{"floor":2,"key":"EssenceOfSteel"},{"floor":3,"key":"Fire Potion"},{"floor":8,"key":"AttackPotion"},{"floor":10,"key":"GamblersBrew"},{"floor":16,"key":"AttackPotion"},{"floor":18,"key":"BlessingOfTheForge"}],"is_trial":false,"path_per_floor":["M","M","M","M","?","R","E","M","T","E","M","?","E","M","R","B",null,"M","?"],"character_chosen":"IRONCLAD","items_purchased":[],"campfire_rested":0,"item_purchase_floors":[],"current_hp_per_floor":[72,75,75,75,70,70,56,61,61,27,25,25,27,29,29,21,62,48,0,0],"gold":426,"neow_bonus":"ONE_RANDOM_RARE_CARD","is_daily":false,"chose_seed":false,"campfire_upgraded":2,"win_rate":0.0,"timestamp":1608043526,"path_taken":["M","M","?","M","?","R","E","M","T","E","M","?","E","M","R","BOSS","M","?"],"items_purchased_type":[],"build_version":"2020-12-13","purchased_purges":0,"victory":false,"max_hp_per_floor":[75,75,75,75,75,75,75,75,75,75,75,75,75,75,75,75,75,75,75,75],"card_choices":[{"not_picked":["Thunderclap","Flex"],"picked":"Shrug It Off","floor":1},{"not_picked":["Cleave","Heavy Blade"],"picked":"Spot Weakness","floor":2},{"not_picked":["Thunderclap","Infernal Blade"],"picked":"Armaments","floor":3},{"not_picked":["Sentinel","Blood for Blood"],"picked":"Fiend Fire","floor":4},{"not_picked":["Sever Soul","Intimidate"],"picked":"Sword Boomerang","floor":7},{"not_picked":["Sword Boomerang","Intimidate"],"picked":"Second Wind","floor":8},{"not_picked":["Twin Strike","Headbutt"],"picked":"Shrug It Off","floor":10},{"not_picked":["Hemokinesis","Sword Boomerang","Second Wind"],"picked":"SKIP","floor":11},{"not_picked":["Clothesline","Perfected Strike","Dropkick"],"picked":"SKIP","floor":13},{"not_picked":["Havoc","Iron Wave"],"picked":"Battle Trance","floor":14},{"not_picked":["Limit Break","Fiend Fire"],"picked":"Barricade","floor":16},{"not_picked":["Clothesline","Flex"],"picked":"Sentinel+1","floor":18}],"player_experience":1757102,"relics_obtained":[{"floor":7,"key":"Mummified Hand"},{"floor":9,"key":"Red Skull"},{"floor":10,"key":"Blood Vial"},{"floor":13,"key":"Paper Frog"}],"event_choices":[{"damage_healed":0,"gold_gain":0,"player_choice":"Success","damage_taken":5,"relics_obtained":["Lantern"],"max_hp_gain":0,"max_hp_loss":0,"event_name":"Scrap Ooze","floor":5,"gold_loss":0},{"damage_healed":0,"gold_gain":0,"player_choice":"Ignored","damage_taken":0,"max_hp_gain":0,"max_hp_loss":0,"event_name":"Shining Light","floor":12,"gold_loss":0},{"damage_healed":0,"gold_gain":0,"player_choice":"Fought Bandits","damage_taken":0,"max_hp_gain":0,"max_hp_loss":0,"event_name":"Masked Bandits","floor":19,"gold_loss":0}],"is_beta":false,"boss_relics":[{"not_picked":["SacredBark","Pandora\u0027s Box"],"picked":"Coffee Dripper"}],"items_purged_floors":[],"is_endless":false,"potions_floor_spawned":[2,3,8,10,16,18],"killed_by":"Masked Bandits","ascension_level":20}}