{"host":"jt62yzdgnrkmwwqv","time":1608045685,"event":{"mods":["AchievementEnabler","BaseMod","CapriCore","Colored Map","Colored Powertips","GungeonMod","Lobotomy","LobotomyExtend","Minty Spire (QoL Compilation)","StSLib","SuperFastMode","The Animator","The Construct","The Immortal"],"gold_per_floor":[112,187,187,201,201,235,245,273,299,299,317,317,317,333,333,433,433,433,433,446,464,477,509,263,293,318,233,263,263,115,149,149,247,247,266,279,299,316,331,360,360,360,360,370,403,403,313,327,327,327],"floor_reached":51,"playtime":2087,"items_purged":[],"score":1305,"play_id":"bf904a45-0eaa-4a93-a3ad-c26085ce39fb","local_time":"20201216002125","is_ascension_mode":true,"campfire_choices":[{"floor":10,"key":"REST"},{"floor":12,"key":"RECALL"},{"data":"Calculated Gamble","floor":15,"key":"SMITH"},{"floor":29,"key":"REST"},{"data":"A Thousand Cuts","floor":32,"key":"SMITH"},{"data":"After Image","floor":41,"key":"SMITH"},{"data":"Backflip","floor":46,"key":"SMITH"},{"floor":49,"key":"REST"}],"circlet_count":0,"master_deck":["Grand Finale+1","Acrobatics+1","Acrobatics+1","Backflip+1","Tactician+1","Escape Plan+1","Calculated Gamble+1","CurseOfTheBell","Masterful Stab+1","After Image+1","Backstab+1","Backflip+1"],"relics":["Ring of the Snake","LetterFromLob","DemoMod:MemoryAlloy","Letter Opener","DemoMod:Relodestone","Regal Pillow","Calling Bell","Vajra","Blue Candle","StoneCalendar","PreservedInsect","Toxic Egg 2","Boot","DemoMod:Metronome","Bag of Marbles","DemoMod:PinkGuonStone","Sling","Blood Vial","SlaversCollar","Oddly Smooth Stone","Frozen Egg 2","Bag of Preparation"],"acts_visited":["Exordium","TheCity","TheBeyond"],"potions_floor_usage":[40,51,51],"damage_taken":[{"damage":0,"enemies":"Cultist","floor":1,"turns":1},{"damage":0,"enemies":"2 Louse","floor":4,"turns":1},{"damage":0,"enemies":"Gremlin Nob","floor":6,"turns":1},{"damage":0,"enemies":"Jaw Worm","floor":7,"turns":1},{"damage":0,"enemies":"3 Sentries","floor":8,"turns":1},{"damage":0,"enemies":"3 Louse","floor":11,"turns":1},{"damage":0,"enemies":"Red Slaver","floor":14,"turns":1},{"damage":0,"enemies":"Hexaghost","floor":16,"turns":1},{"damage":0,"enemies":"3 Byrds","floor":20,"turns":1},{"damage":0,"enemies":"Spheric Guardian","floor":21,"turns":1},{"damage":0,"enemies":"Snake Plant","floor":22,"turns":1},{"damage":0,"enemies":"Gremlin Leader","floor":23,"turns":1},{"damage":0,"enemies":"Book of Stabbing","floor":25,"turns":1},{"damage":0,"enemies":"Slavers","floor":28,"turns":1},{"damage":0,"enemies":"Gremlin Leader","floor":31,"turns":1},{"damage":0,"enemies":"Collector","floor":33,"turns":1},{"damage":0,"enemies":"Orb Walker","floor":35,"turns":1},{"damage":0,"enemies":"3 Shapes","floor":36,"turns":1},{"damage":0,"enemies":"Maw","floor":37,"turns":1},{"damage":0,"enemies":"4 Shapes","floor":38,"turns":1},{"damage":0,"enemies":"Jaw Worm Horde","floor":39,"turns":1},{"damage":0,"enemies":"Nemesis","floor":40,"turns":3},{"damage":0,"enemies":"Spire Growth","floor":44,"turns":1},{"damage":0,"enemies":"Giant Head","floor":45,"turns":1},{"damage":0,"enemies":"4 Shapes","floor":48,"turns":1},{"damage":0,"enemies":"Donu and Deca","floor":50,"turns":1},{"damage":0,"enemies":"Malkuth","floor":51,"turns":2},{"damage":0,"enemies":"Netzach","floor":51,"turns":1},{"damage":0,"enemies":"Geburah","floor":51,"turns":4},{"damage":25,"enemies":"Binah","floor":51,"turns":4},{"damage":0,"enemies":"Angela","floor":51,"turns":1}],"seed_played":"7116028601232685169","potions_obtained":[{"floor":1,"key":"SkillPotion"},{"floor":11,"key":"ColorlessPotion"},{"floor":14,"key":"Explosive Potion"},{"floor":40,"key":"DemoMod:BlankPotion"}],"is_trial":false,"path_per_floor":["M","?","?","M","T","E","M","E","T","R","M","R","?","M","R","B",null,"M","T","M","M","M","E","$","E","T","?","E","R","$","E","R","B",null,"M","M","M","M","M","E","R","?","T","M","E","R","?","M","R","B",null],"character_chosen":"THE_SILENT","items_purchased":["Toxic Egg 2","Sling"],"campfire_rested":3,"item_purchase_floors":[24,30],"current_hp_per_floor":[70,59,59,59,59,59,59,59,59,70,70,70,70,70,70,70,70,70,70,70,70,70,70,70,70,70,70,77,77,77,77,77,77,77,77,77,77,77,77,77,77,77,77,77,77,77,77,77,77,77],"gold":327,"neow_bonus":"TRANSFORM_CARD","is_daily":false,"chose_seed":false,"campfire_upgraded":4,"win_rate":0.0,"timestamp":1608045685,"path_taken":["M","?","?","M","?","E","M","E","T","R","M","R","?","M","R","BOSS","M","?","?","M","M","E","?","E","T","?","E","R","$","E","R","BOSS","M","M","M","M","M","E","R","?","T","M","E","R","?","M","R","BOSS"],"items_purchased_type":["Relic","Relic"],"build_version":"2020-12-13","purchased_purges":0,"victory":true,"max_hp_per_floor":[70,70,70,70,70,70,70,70,70,70,70,70,70,70,70,70,70,70,70,70,70,70,70,70,70,70,70,77,77,77,77,77,77,77,77,77,77,77,77,77,77,77,77,77,77,77,77,77,77,77],"card_choices":[{"not_picked":["Glass Knife","Eviscerate","Predator"],"picked":"SKIP","floor":1},{"not_picked":["PiercingWail","Caltrops","Deflect"],"picked":"SKIP","floor":4},{"not_picked":["Blade Dance","Prepared","Slice"],"picked":"SKIP","floor":6},{"not_picked":["Deflect","Blur","Heel Hook"],"picked":"SKIP","floor":7},{"not_picked":["Deflect","Deadly Poison","A Thousand Cuts"],"picked":"SKIP","floor":8},{"not_picked":["Caltrops","Underhanded Strike","Dodge and Roll"],"picked":"SKIP","floor":11},{"not_picked":["Distraction","Masterful Stab"],"picked":"Calculated Gamble","floor":14},{"not_picked":["Adrenaline","After Image"],"picked":"A Thousand Cuts","floor":16},{"not_picked":["Endless Agony","Dash"],"picked":"Masterful Stab+1","floor":20},{"not_picked":["Noxious Fumes+1","Flying Knee","Acrobatics"],"picked":"SKIP","floor":21},{"not_picked":["Outmaneuver","Sucker Punch","PiercingWail+1"],"picked":"SKIP","floor":22},{"not_picked":["Unload","Dagger Spray+1","Acrobatics"],"picked":"SKIP","floor":23},{"not_picked":["Footwork+1","Skewer","Blade Dance+1"],"picked":"SKIP","floor":25},{"not_picked":["Quick Slash","Prepared+1","All Out Attack"],"picked":"SKIP","floor":28},{"not_picked":["Bane","Quick Slash","Expertise+1"],"picked":"SKIP","floor":31},{"not_picked":["Glass Knife","Bullet Time+1"],"picked":"After Image","floor":33},{"not_picked":["Blade Dance+1","Prepared+1","Slice"],"picked":"SKIP","floor":35},{"not_picked":["Expertise+1","Prepared+1","Dodge and Roll+1"],"picked":"SKIP","floor":36},{"not_picked":["Blade Dance+1","Flying Knee","Dagger Throw"],"picked":"SKIP","floor":37},{"not_picked":["Crippling Poison+1","Deflect+1","Skewer"],"picked":"SKIP","floor":38},{"not_picked":["Quick Slash","Skewer+1"],"picked":"Backstab+1","floor":39},{"not_picked":["Deadly Poison+1","Bane"],"picked":"Backflip+1","floor":40},{"not_picked":["Caltrops+1","Poisoned Stab","Blade Dance+1"],"picked":"SKIP","floor":44},{"not_picked":["Calculated Gamble+1","Dodge and Roll+1","Prepared+1"],"picked":"SKIP","floor":45},{"not_picked":["Blade Dance+1","Catalyst+1","Distraction+1"],"picked":"SKIP","floor":48}],"player_experience":219529,"relics_obtained":[{"floor":1,"key":"LetterFromLob"},{"floor":5,"key":"DemoMod:MemoryAlloy"},{"floor":6,"key":"Letter Opener"},{"floor":8,"key":"DemoMod:Relodestone"},{"floor":9,"key":"Regal Pillow"},{"floor":17,"key":"Vajra"},{"floor":17,"key":"Blue Candle"},{"floor":17,"key":"StoneCalendar"},{"floor":23,"key":"PreservedInsect"},{"floor":25,"key":"Boot"},{"floor":26,"key":"DemoMod:Metronome"},{"floor":28,"key":"DemoMod:PinkGuonStone"},{"floor":31,"key":"Blood Vial"},{"floor":40,"key":"DemoMod:WeirdEgg"},{"floor":43,"key":"Frozen Egg 2"},{"floor":45,"key":"Bag of Preparation"}],"event_choices":[{"damage_healed":0,"gold_gain":75,"player_choice":"Gather Gold","damage_taken":11,"max_hp_gain":0,"max_hp_loss":0,"event_name":"World of Goop","floor":2,"gold_loss":0},{"damage_healed":0,"gold_gain":0,"player_choice":"Ignored","damage_taken":0,"max_hp_gain":0,"max_hp_loss":0,"event_name":"Golden Wing","floor":3,"gold_loss":0},{"damage_healed":0,"gold_gain":0,"player_choice":"Ignored","damage_taken":0,"max_hp_gain":0,"max_hp_loss":0,"event_name":"Purifier","floor":13,"gold_loss":0},{"damage_healed":0,"gold_gain":0,"player_choice":"Obtained Relic","damage_taken":0,"relics_obtained":["Bag of Marbles"],"max_hp_gain":0,"max_hp_loss":0,"event_name":"Addict","floor":27,"gold_loss":85},{"cards_removed":["A Thousand Cuts"],"damage_healed":0,"gold_gain":0,"player_choice":"Upgrade and Remove","damage_taken":0,"max_hp_gain":0,"max_hp_loss":0,"event_name":"Designer","floor":47,"gold_loss":90,"cards_upgraded":["Acrobatics"]}],"is_beta":false,"boss_relics":[{"not_picked":["Busted Crown","Tiny House"],"picked":"Calling Bell"},{"not_picked":["Philosopher\u0027s Stone","Astrolabe"],"picked":"SlaversCollar"}],"items_purged_floors":[],"is_endless":false,"potions_floor_spawned":[1,11,14,16,23,25,31,33,38,39,40],"ascension_level":1}}