{"host":"x6tlfgqpy55vgxdn","time":1608016568,"event":{"mods":["AchievementEnabler","BaseMod","DeckTracker","Minty Spire (QoL Compilation)","Permanent Neow","StSLib","SuperFastMode"],"gold_per_floor":[119,129,149,160,180,180,209,209,209,209,223,249,41,89,89,186,186,219,219,219,254,169,220,270,330,330,379,414,482,482,163,163,235,235,268,268,283,283,292,343,343,393,471,337,384,400,452,469,469,469,469,469,469,53,87,107],"floor_reached":57,"playtime":1489,"items_purged":["Defend_R","Bash+1","Defend_R+1"],"score":3451,"play_id":"963668cb-b0b8-4c08-b2cd-d34c473842f0","local_time":"20201215161608","is_ascension_mode":true,"campfire_choices":[{"data":"Perfected Strike","floor":6.0,"key":"SMITH"},{"data":"Perfected Strike","floor":8.0,"key":"SMITH"},{"data":"1","floor":15.0,"key":"LIFT"},{"floor":30.0,"key":"RECALL"},{"data":"2","floor":32.0,"key":"LIFT"},{"data":"3","floor":41.0,"key":"LIFT"},{"data":"Shockwave","floor":49.0,"key":"SMITH"},{"data":"Limit Break","floor":53.0,"key":"SMITH"}],"circlet_count":0,"master_deck":["AscendersBane","Perfected Strike+1","Perfected Strike+1","Perfected Strike+1","Perfected Strike+1","Perfected Strike+1","Perfected Strike+1","HandOfGreed","Perfected Strike","Demon Form","Perfected Strike","Perfected Strike+1","Perfected Strike+1","Perfected Strike","Limit Break+1","Perfected Strike+1","Perfected Strike+1","Perfected Strike+1","Perfected Strike+1","Perfected Strike+1","Perfected Strike+1","Evolve+1","Shockwave+1","Dark Embrace"],"relics":["Snecko Eye","WingedGreaves","Meat on the Bone","Odd Mushroom","Girya","Nunchaku","Shuriken","Mark of Pain","MutagenicStrength","Akabeko","Anchor","Gremlin Horn","PreservedInsect","FossilizedHelix","Pen Nib","Sozu","DollysMirror","Kunai","Oddly Smooth Stone","Bag of Preparation","Mercury Hourglass","Bottled Flame","Lizard Tail","Calipers"],"acts_visited":["Exordium","TheCity","TheBeyond","TheEnding"],"potions_floor_usage":[56],"damage_taken":[{"damage":2.0,"enemies":"2 Louse","floor":1.0,"turns":2.0},{"damage":2.0,"enemies":"Jaw Worm","floor":2.0,"turns":2.0},{"damage":0.0,"enemies":"Small Slimes","floor":3.0,"turns":2.0},{"damage":0.0,"enemies":"3 Louse","floor":4.0,"turns":1.0},{"damage":0.0,"enemies":"2 Fungi Beasts","floor":5.0,"turns":1.0},{"damage":0.0,"enemies":"Gremlin Nob","floor":7.0,"turns":2.0},{"damage":7.0,"enemies":"Exordium Thugs","floor":11.0,"turns":2.0},{"damage":0.0,"enemies":"The Mushroom Lair","floor":12.0,"turns":2.0},{"damage":10.0,"enemies":"3 Sentries","floor":14.0,"turns":3.0},{"damage":40.0,"enemies":"Hexaghost","floor":16.0,"turns":5.0},{"damage":0.0,"enemies":"Chosen","floor":18.0,"turns":2.0},{"damage":3.0,"enemies":"Spheric Guardian","floor":21.0,"turns":3.0},{"damage":12.0,"enemies":"Book of Stabbing","floor":23.0,"turns":2.0},{"damage":17.0,"enemies":"Cultist and Chosen","floor":25.0,"turns":4.0},{"damage":14.0,"enemies":"Gremlin Leader","floor":27.0,"turns":2.0},{"damage":14.0,"enemies":"Snake Plant","floor":28.0,"turns":2.0},{"damage":14.0,"enemies":"Slavers","floor":29.0,"turns":3.0},{"damage":21.0,"enemies":"Collector","floor":33.0,"turns":3.0},{"damage":6.0,"enemies":"Orb Walker","floor":35.0,"turns":2.0},{"damage":0.0,"enemies":"3 Shapes","floor":37.0,"turns":1.0},{"damage":0.0,"enemies":"Reptomancer","floor":40.0,"turns":1.0},{"damage":0.0,"enemies":"Giant Head","floor":42.0,"turns":2.0},{"damage":0.0,"enemies":"Reptomancer","floor":45.0,"turns":2.0},{"damage":0.0,"enemies":"Maw","floor":46.0,"turns":3.0},{"damage":0.0,"enemies":"Giant Head","floor":47.0,"turns":1.0},{"damage":0.0,"enemies":"Spire Growth","floor":48.0,"turns":1.0},{"damage":0.0,"enemies":"Time Eater","floor":50.0,"turns":2.0},{"damage":0.0,"enemies":"Donu and Deca","floor":51.0,"turns":2.0},{"damage":0,"enemies":"Shield and Spear","floor":55,"turns":1},{"damage":112,"enemies":"The Heart","floor":56,"turns":5}],"seed_played":"-4061983212938084767","potions_obtained":[{"floor":5.0,"key":"FairyPotion"},{"floor":7.0,"key":"CultistPotion"},{"floor":23.0,"key":"Fire Potion"},{"floor":29.0,"key":"EssenceOfSteel"}],"is_trial":false,"path_per_floor":["M","M","M","M","M","R","E","R","T","?","M","?","$","E","R","B",null,"M","?","?","M","?","E","?","M","T","E","M","E","R","$","R","B",null,"M","?","M","?","$","E","R","E","T","?","E","M","E","M","R","B","B",null,"R","$","E","B",null],"character_chosen":"IRONCLAD","items_purchased":["Girya","HandOfGreed","Nunchaku","Perfected Strike","Pen Nib","DollysMirror","Lizard Tail","Dark Embrace"],"campfire_rested":0,"item_purchase_floors":[13,13,13,31,31,39,54,54],"current_hp_per_floor":[66,64,64,64,64,64,64,64,64,41,46,46,46,48,48,20,61,61,61,40,49,49,49,49,44,44,42,40,38,38,38,38,29,67,61,61,61,61,61,61,61,61,61,61,61,61,61,61,61,61,61,75,75,75,75,22],"gold":107,"neow_bonus":"BOSS_RELIC","is_daily":false,"chose_seed":false,"campfire_upgraded":4,"win_rate":0.0,"timestamp":1608016568,"path_taken":["M","M","M","M","M","R","E","R","T","?","M","?","$","E","R","BOSS","M","?","?","M","?","E","?","M","T","E","?","E","R","$","R","BOSS","M","?","M","?","$","E","R","E","T","?","E","?","E","M","R","BOSS","BOSS","R","$","E","BOSS"],"items_purchased_type":["Relic","Card","Relic","Card","Relic","Relic","Relic","Card"],"build_version":"2020-12-13","purchased_purges":3,"victory":true,"max_hp_per_floor":[75,75,75,75,75,75,75,75,75,75,75,75,75,75,75,75,75,75,75,80,80,80,80,80,80,80,80,80,80,80,80,80,80,80,80,80,80,80,80,80,80,80,80,80,80,80,80,80,80,80,80,80,80,80,80,80],"card_choices":[{"not_picked":["Iron Wave","Dark Embrace"],"picked":"Perfected Strike","floor":1.0},{"not_picked":["Carnage","Cleave","Sever Soul"],"picked":"SKIP","floor":2.0},{"not_picked":["Carnage","Cleave","Sever Soul"],"picked":"SKIP","floor":2.0},{"not_picked":["Seeing Red","Cleave","Reckless Charge"],"picked":"SKIP","floor":3.0},{"not_picked":["Iron Wave","Sword Boomerang","Anger"],"picked":"SKIP","floor":4.0},{"not_picked":["Blood for Blood","Flex","Warcry"],"picked":"SKIP","floor":5.0},{"not_picked":["Demon Form","Intimidate"],"picked":"Perfected Strike","floor":7.0},{"not_picked":["Sword Boomerang","Heavy Blade","Bloodletting"],"picked":"SKIP","floor":11.0},{"not_picked":["Fiend Fire","Headbutt"],"picked":"Perfected Strike","floor":14.0},{"not_picked":["Juggernaut","Limit Break"],"picked":"Offering","floor":16.0},{"not_picked":["Armaments","Power Through+1","Dropkick"],"picked":"SKIP","floor":18.0},{"not_picked":["Cleave","Flame Barrier","Carnage+1"],"picked":"SKIP","floor":21.0},{"not_picked":["Combust","Flex"],"picked":"Demon Form","floor":23.0},{"not_picked":["Ghostly Armor","Rupture+1","Armaments+1"],"picked":"SKIP","floor":25.0},{"not_picked":["Cleave","Headbutt"],"picked":"Perfected Strike","floor":27.0},{"not_picked":["Inflame","Whirlwind","Reckless Charge"],"picked":"SKIP","floor":28.0},{"not_picked":["Second Wind","Rage","Offering"],"picked":"SKIP","floor":29.0},{"not_picked":["Second Wind","Rage","Offering"],"picked":"SKIP","floor":29.0},{"not_picked":["Second Wind","Rage","Offering"],"picked":"SKIP","floor":29.0},{"not_picked":["Fiend Fire","Feed"],"picked":"Limit Break","floor":33.0},{"not_picked":["Twin Strike+1","Warcry","Intimidate"],"picked":"SKIP","floor":35.0},{"not_picked":["Havoc","Body Slam","Combust"],"picked":"SKIP","floor":37.0},{"not_picked":["Rupture","Headbutt+1"],"picked":"Evolve+1","floor":40.0},{"not_picked":["Thunderclap","Cleave+1","Searing Blow"],"picked":"SKIP","floor":42.0},{"not_picked":["Thunderclap","Twin Strike","Reckless Charge"],"picked":"SKIP","floor":45.0},{"not_picked":["Heavy Blade","Corruption"],"picked":"Shockwave","floor":46.0},{"not_picked":["Iron Wave+1","Metallicize","Rupture"],"picked":"SKIP","floor":47.0},{"not_picked":["Clash","True Grit","Headbutt"],"picked":"SKIP","floor":48.0},{"not_picked":["Rage","Searing Blow","Whirlwind"],"picked":"SKIP","floor":55}],"player_experience":173709,"relics_obtained":[{"floor":7.0,"key":"WingedGreaves"},{"floor":9.0,"key":"Meat on the Bone"},{"floor":12.0,"key":"Odd Mushroom"},{"floor":14.0,"key":"Shuriken"},{"floor":23.0,"key":"Anchor"},{"floor":26.0,"key":"Gremlin Horn"},{"floor":27.0,"key":"PreservedInsect"},{"floor":29.0,"key":"FossilizedHelix"},{"floor":40.0,"key":"Kunai"},{"floor":42.0,"key":"Oddly Smooth Stone"},{"floor":45.0,"key":"Mercury Hourglass"},{"floor":47.0,"key":"Bottled Flame"},{"floor":55,"key":"Calipers"}],"event_choices":[{"damage_healed":0.0,"max_hp_gain":0.0,"max_hp_loss":0.0,"gold_gain":0.0,"event_name":"Shining Light","player_choice":"Entered Light","floor":10.0,"gold_loss":0.0,"damage_taken":23.0,"cards_upgraded":["Bash","Defend_R"]},{"damage_healed":0.0,"max_hp_gain":0.0,"max_hp_loss":0.0,"gold_gain":0.0,"event_name":"Mushrooms","player_choice":"Fought Mushrooms","floor":12.0,"gold_loss":0.0,"damage_taken":0.0},{"damage_healed":0.0,"max_hp_gain":0.0,"max_hp_loss":0.0,"gold_gain":0.0,"event_name":"Drug Dealer","player_choice":"Inject Mutagens","floor":19.0,"gold_loss":0.0,"damage_taken":0.0,"relics_obtained":["MutagenicStrength"]},{"damage_healed":0.0,"max_hp_gain":5.0,"max_hp_loss":0.0,"gold_gain":0.0,"event_name":"Forgotten Altar","player_choice":"Shed Blood","floor":20.0,"gold_loss":0.0,"damage_taken":26.0},{"damage_healed":0.0,"max_hp_gain":0.0,"max_hp_loss":0.0,"gold_gain":0.0,"event_name":"Addict","player_choice":"Obtained Relic","floor":22.0,"gold_loss":85.0,"damage_taken":0.0,"relics_obtained":["Akabeko"]},{"damage_healed":0.0,"max_hp_gain":0.0,"max_hp_loss":0.0,"gold_gain":50.0,"event_name":"Golden Shrine","player_choice":"Pray","floor":24.0,"gold_loss":0.0,"damage_taken":0.0},{"damage_healed":0.0,"max_hp_gain":0.0,"max_hp_loss":0.0,"gold_gain":0.0,"event_name":"Tomb of Lord Red Mask","player_choice":"Ignored","floor":36.0,"gold_loss":0.0,"damage_taken":0.0},{"cards_removed":["Offering"],"damage_healed":0.0,"max_hp_gain":0.0,"max_hp_loss":0.0,"gold_gain":0.0,"event_name":"Falling","player_choice":"Removed Skill","floor":38.0,"gold_loss":0.0,"damage_taken":0.0},{"damage_healed":0.0,"max_hp_gain":0.0,"max_hp_loss":0.0,"gold_gain":0.0,"event_name":"WeMeetAgain","player_choice":"Paid Gold","floor":44.0,"gold_loss":134.0,"damage_taken":0.0,"relics_obtained":["Bag of Preparation"]}],"is_beta":false,"boss_relics":[{"not_picked":["Tiny House","Runic Pyramid"],"picked":"Mark of Pain"},{"not_picked":["Pandora\u0027s Box","Snecko Eye"],"picked":"Sozu"}],"items_purged_floors":[13,31,39],"is_endless":false,"potions_floor_spawned":[5,7,11,14,16,18,23,27,29,42,45,46,47],"ascension_level":20}}