{"host":"9c5kazgg71l3jb6l","time":1608047547,"event":{"mods":["BaseMod","Minty Spire (QoL Compilation)","StSLib","The Alterego","Waifu the Spire"],"gold_per_floor":[111,111,123,135,135,135,168,180,180,217,246,256,278,310,322,438,450,481,592,574,325,337,337,348,348,348,383,398,409,409,422,422,524,524,540,550,550,550,18,18,47,47,47,47,57,83,98,108,108,78],"floor_reached":51,"playtime":4128,"items_purged":["alterego_mod:Strike"],"score":771,"play_id":"37188dae-793c-495b-88e6-6d4e6e92b58f","local_time":"20201215235227","is_ascension_mode":false,"campfire_choices":[{"data":"alterego_mod:DustData","floor":6.0,"key":"SMITH"},{"data":"alterego_mod:Mirror","floor":15.0,"key":"SMITH"},{"data":"alterego_mod:AlterEgo","floor":23.0,"key":"SMITH"},{"data":"alterego_mod:Mirror","floor":25.0,"key":"SMITH"},{"data":"alterego_mod:Impale","floor":30.0,"key":"SMITH"},{"data":"alterego_mod:BigMeatyClaws","floor":32.0,"key":"SMITH"},{"data":"alterego_mod:Vow","floor":40.0,"key":"SMITH"},{"data":"alterego_mod:Smother","floor":42.0,"key":"SMITH"},{"data":"alterego_mod:Smother","floor":44.0,"key":"SMITH"},{"data":"alterego_mod:BrynhildrsRune","floor":49,"key":"SMITH"}],"circlet_count":0,"master_deck":["alterego_mod:Strike","alterego_mod:Strike","alterego_mod:Defend","alterego_mod:Defend","alterego_mod:Defend","alterego_mod:Impale+1","alterego_mod:BigMeatyClaws+1","alterego_mod:BrynhildrsRune+1","alterego_mod:Cooking","alterego_mod:Smother+1","alterego_mod:Clones","alterego_mod:Mirror+1","alterego_mod:AlterEgo+1","alterego_mod:Valentines","alterego_mod:Undulate","alterego_mod:Pet","alterego_mod:InsideBaseball","alterego_mod:Rake","alterego_mod:1TonWallop","alterego_mod:ChallengeComplete+1","alterego_mod:Mirror+1","alterego_mod:Weigh","alterego_mod:Smother+1","alterego_mod:Vow+1","The Bomb","alterego_mod:Collar+1"],"relics":["alterego_mod:MasochisticConstitution","NeowsBlessing","Art of War","MawBank","InkBottle","Centennial Puzzle","Snecko Eye","Gremlin Horn","Kunai","Ornamental Fan","Coffee Dripper","Calipers","TheAbacus","Pantograph","Omamori","Lantern"],"acts_visited":["Exordium","TheCity","TheBeyond"],"potions_floor_usage":[50,50,50],"damage_taken":[{"damage":1.0,"enemies":"Jaw Worm","floor":1.0,"turns":2.0},{"damage":1.0,"enemies":"Cultist","floor":3.0,"turns":3.0},{"damage":2.0,"enemies":"Small Slimes","floor":4.0,"turns":2.0},{"damage":0.0,"enemies":"Lagavulin","floor":7.0,"turns":1.0},{"damage":8.0,"enemies":"3 Louse","floor":8.0,"turns":6.0},{"damage":36.0,"enemies":"Gremlin Nob","floor":10.0,"turns":5.0},{"damage":0.0,"enemies":"Blue Slaver","floor":11.0,"turns":5.0},{"damage":23.0,"enemies":"3 Sentries","floor":12.0,"turns":9.0},{"damage":3.0,"enemies":"2 Fungi Beasts","floor":13.0,"turns":4.0},{"damage":21.0,"enemies":"Exordium Wildlife","floor":14.0,"turns":6.0},{"damage":4.0,"enemies":"Slime Boss","floor":16.0,"turns":9.0},{"damage":3.0,"enemies":"3 Byrds","floor":18.0,"turns":6.0},{"damage":5.0,"enemies":"Spheric Guardian","floor":20.0,"turns":2.0},{"damage":0.0,"enemies":"3 Cultists","floor":22.0,"turns":4.0},{"damage":46.0,"enemies":"Snake Plant","floor":24.0,"turns":4.0},{"damage":12.0,"enemies":"Book of Stabbing","floor":27.0,"turns":8.0},{"damage":0.0,"enemies":"Snecko","floor":28.0,"turns":8.0},{"damage":4.0,"enemies":"Sentry and Sphere","floor":29.0,"turns":4.0},{"damage":17.0,"enemies":"3 Cultists","floor":31.0,"turns":5.0},{"damage":0.0,"enemies":"Champ","floor":33.0,"turns":6.0},{"damage":0.0,"enemies":"Orb Walker","floor":35.0,"turns":3.0},{"damage":19.0,"enemies":"3 Darklings","floor":36.0,"turns":3.0},{"damage":0.0,"enemies":"Reptomancer","floor":41.0,"turns":2.0},{"damage":0.0,"enemies":"Sphere and 2 Shapes","floor":45.0,"turns":5.0},{"damage":0.0,"enemies":"Writhing Mass","floor":47.0,"turns":4.0},{"damage":3,"enemies":"3 Darklings","floor":48,"turns":4},{"damage":12,"enemies":"Awakened One","floor":50,"turns":6}],"seed_played":"-6255785201656707592","potions_obtained":[{"floor":7.0,"key":"PowerPotion"},{"floor":10.0,"key":"Swift Potion"},{"floor":11.0,"key":"Energy Potion"},{"floor":12.0,"key":"Block Potion"},{"floor":14.0,"key":"AttackPotion"},{"floor":18.0,"key":"Fire Potion"},{"floor":24.0,"key":"Dexterity Potion"},{"floor":33.0,"key":"Strength Potion"}],"is_trial":false,"path_per_floor":["M","?","M","M","?","R","E","M","T","E","M","E","M","M","R","B",null,"M","?","M","$","M","R","M","R","T","E","M","M","R","M","R","B",null,"M","M","?","?","$","R","E","R","T","R","M","T","M","M","R","B",null],"character_chosen":"The_Alterego","items_purchased":["Gremlin Horn","Calipers","TheAbacus"],"campfire_rested":0,"item_purchase_floors":[21,39,39],"current_hp_per_floor":[70,70,72,73,73,73,73,74,74,42,45,40,55,52,52,66,79,80,80,76,76,81,81,46,46,46,45,55,55,55,49,49,52,85,85,67,67,67,67,67,81,81,81,81,82,82,82,81,81,79],"gold":78,"neow_bonus":"THREE_ENEMY_KILL","is_daily":false,"chose_seed":false,"campfire_upgraded":10,"win_rate":0.0,"timestamp":1608047547,"path_taken":["M","?","M","?","?","R","E","M","T","E","?","E","M","M","R","BOSS","M","?","M","$","M","R","M","R","T","E","M","M","R","M","R","BOSS","M","M","?","?","$","R","E","R","T","R","M","?","M","M","R","BOSS"],"items_purchased_type":["Relic","Relic","Relic"],"build_version":"2020-12-13","purchased_purges":1,"victory":true,"max_hp_per_floor":[71,71,72,73,73,73,73,74,74,75,75,76,77,78,78,79,79,80,80,81,81,81,81,82,82,82,83,83,84,84,85,85,85,85,85,86,86,82,82,82,82,82,82,82,82,82,82,83,83,84],"card_choices":[{"not_picked":["alterego_mod:PerceptionDisorder","alterego_mod:HighServant","alterego_mod:Cooking"],"picked":"SKIP","floor":1.0},{"not_picked":["alterego_mod:PerceptionDisorder","alterego_mod:HighServant"],"picked":"alterego_mod:Cooking","floor":1.0},{"not_picked":["alterego_mod:DeftHands","alterego_mod:MagicResistance"],"picked":"alterego_mod:Smother","floor":3.0},{"not_picked":["alterego_mod:MagicResistance","alterego_mod:Crossover"],"picked":"alterego_mod:DustData","floor":4.0},{"not_picked":["alterego_mod:Schoolgirl","alterego_mod:PerceptionDisorder"],"picked":"alterego_mod:Clones","floor":7.0},{"not_picked":["alterego_mod:Maid","alterego_mod:RidiculouslyBig"],"picked":"alterego_mod:Mirror","floor":8.0},{"not_picked":["alterego_mod:PerceptionDisorder","alterego_mod:DeftHands"],"picked":"alterego_mod:AlterEgo","floor":10.0},{"not_picked":["alterego_mod:Smother","alterego_mod:SakuraLabyrinth"],"picked":"alterego_mod:Valentines","floor":11.0},{"not_picked":["alterego_mod:DiscoLights","alterego_mod:VirginLaserPalladion"],"picked":"alterego_mod:Undulate","floor":12.0},{"not_picked":["alterego_mod:HighServant","alterego_mod:BustOut"],"picked":"alterego_mod:Pet","floor":13.0},{"not_picked":["alterego_mod:TrashNCrash","alterego_mod:Rip"],"picked":"alterego_mod:InsideBaseball","floor":14.0},{"not_picked":["alterego_mod:IdEs","alterego_mod:Lift"],"picked":"alterego_mod:Rake","floor":16.0},{"not_picked":["alterego_mod:SakuraLabyrinth","alterego_mod:Maid+1"],"picked":"alterego_mod:1TonWallop","floor":18.0},{"not_picked":["alterego_mod:Bounce","alterego_mod:Birthday+1"],"picked":"alterego_mod:ChallengeComplete+1","floor":20.0},{"not_picked":["alterego_mod:Rip","alterego_mod:ChallengeComplete"],"picked":"alterego_mod:Mirror","floor":22.0},{"not_picked":["alterego_mod:Skirt","alterego_mod:Punishment","alterego_mod:Schoolgirl"],"picked":"SKIP","floor":24.0},{"not_picked":["alterego_mod:Pet","alterego_mod:GachaTicket","alterego_mod:Skirt"],"picked":"SKIP","floor":27.0},{"not_picked":["alterego_mod:Punishment","alterego_mod:Jiggle"],"picked":"alterego_mod:Weigh","floor":28.0},{"not_picked":["alterego_mod:DustData","alterego_mod:HighServant"],"picked":"alterego_mod:Smother","floor":29.0},{"not_picked":["alterego_mod:Support","alterego_mod:Jiggle","alterego_mod:Punishment"],"picked":"SKIP","floor":31.0},{"not_picked":["alterego_mod:VirginLaserPalladion","alterego_mod:IdEs"],"picked":"alterego_mod:Vow","floor":33.0},{"not_picked":["alterego_mod:1TonWallop","alterego_mod:HighServant+1","alterego_mod:BoobPocket+1"],"picked":"SKIP","floor":35.0},{"not_picked":["alterego_mod:SuperDuperMasochism","alterego_mod:Clones","alterego_mod:Swimsuit"],"picked":"SKIP","floor":36.0},{"not_picked":["Thinking Ahead","Secret Weapon"],"picked":"The Bomb","floor":37.0},{"not_picked":["alterego_mod:BiFurious+1","alterego_mod:GachaTicket","alterego_mod:PerceptionDisorder"],"picked":"SKIP","floor":41.0},{"not_picked":["alterego_mod:TrashNCrash+1","alterego_mod:BiFurious","alterego_mod:RidiculouslyBig+1"],"picked":"SKIP","floor":45.0},{"not_picked":["alterego_mod:Skirt+1","alterego_mod:GoddessCore"],"picked":"alterego_mod:Collar+1","floor":47.0},{"not_picked":["alterego_mod:Bunnysuit+1","alterego_mod:MagicResistance","alterego_mod:Clap"],"picked":"SKIP","floor":48}],"player_experience":1285642,"relics_obtained":[{"floor":7.0,"key":"Art of War"},{"floor":9.0,"key":"MawBank"},{"floor":10.0,"key":"InkBottle"},{"floor":12.0,"key":"Centennial Puzzle"},{"floor":26.0,"key":"Kunai"},{"floor":27.0,"key":"Ornamental Fan"},{"floor":41.0,"key":"Pantograph"},{"floor":43.0,"key":"Omamori"},{"floor":46.0,"key":"Lantern"}],"event_choices":[{"cards_removed":["alterego_mod:Strike"],"damage_healed":0.0,"max_hp_gain":0.0,"max_hp_loss":0.0,"gold_gain":0.0,"event_name":"Purifier","player_choice":"Purged","floor":2.0,"gold_loss":0.0,"damage_taken":0.0},{"cards_removed":["alterego_mod:Defend"],"damage_healed":0.0,"max_hp_gain":0.0,"max_hp_loss":0.0,"gold_gain":0.0,"event_name":"Bonfire Elementals","player_choice":"Offered Basic","floor":5.0,"gold_loss":0.0,"damage_taken":0.0},{"damage_healed":0.0,"max_hp_gain":0.0,"max_hp_loss":0.0,"gold_gain":99.0,"event_name":"Nest","player_choice":"Stole From Cult","floor":19.0,"gold_loss":0.0,"damage_taken":0.0},{"damage_healed":0.0,"max_hp_gain":0.0,"max_hp_loss":0.0,"gold_gain":0.0,"event_name":"SensoryStone","player_choice":"Memory 1","floor":37.0,"gold_loss":0.0,"damage_taken":0.0},{"damage_healed":0.0,"max_hp_gain":0.0,"max_hp_loss":4.0,"gold_gain":0.0,"event_name":"Winding Halls","player_choice":"Max HP","floor":38.0,"gold_loss":0.0,"damage_taken":0.0}],"is_beta":false,"boss_relics":[{"not_picked":["SlaversCollar","Empty Cage"],"picked":"Snecko Eye"},{"not_picked":["Fusion Hammer","Tiny House"],"picked":"Coffee Dripper"}],"items_purged_floors":[39],"is_endless":false,"potions_floor_spawned":[7,10,11,12,14,18,24,28,29,33,41,45,48],"ascension_level":0}}