{"host":"yfjdi361m7pxsbqz","time":1608036757,"event":{"mods":["BaseMod","Minty Spire (QoL Compilation)","StSLib","SuperFastMode","The Hierophant"],"gold_per_floor":[109,109,129,54,71,71,105,105,105,105,139,158,158,233,233,329,329,329],"floor_reached":17,"playtime":376,"items_purged":["hierophant:Strike_Hierophant"],"score":138,"play_id":"32939eb7-5ac8-42e9-8956-43081d551627","local_time":"20201215215237","is_ascension_mode":false,"campfire_choices":[{"data":"hierophant:ChurchCoffers","floor":6.0,"key":"SMITH"},{"data":"hierophant:Chorus","floor":10.0,"key":"SMITH"},{"data":"hierophant:Chorus","floor":13.0,"key":"SMITH"},{"data":"hierophant:Alms","floor":15.0,"key":"SMITH"}],"circlet_count":0,"master_deck":["hierophant:Strike_Hierophant","hierophant:Strike_Hierophant","hierophant:Punish","hierophant:Defend_Hierophant","hierophant:Defend_Hierophant","hierophant:Defend_Hierophant","hierophant:Defend_Hierophant","hierophant:ChurchCoffers+1","hierophant:Chorus+1","hierophant:Chorus+1","hierophant:FieryStrike","hierophant:Alms+1"],"relics":["hierophant:PropheticMaskRelic","NeowsBlessing","StrikeDummy","Pen Nib","Kunai","Runic Pyramid"],"acts_visited":["TheCity"],"potions_floor_usage":[],"damage_taken":[{"damage":0.0,"enemies":"2 Louse","floor":1.0,"turns":1.0},{"damage":0.0,"enemies":"Cultist","floor":3.0,"turns":1.0},{"damage":0.0,"enemies":"Small Slimes","floor":5.0,"turns":2.0},{"damage":37.0,"enemies":"Lagavulin","floor":7.0,"turns":8.0},{"damage":0.0,"enemies":"Gremlin Nob","floor":11.0,"turns":2.0},{"damage":0.0,"enemies":"3 Louse","floor":12.0,"turns":2.0},{"damage":0.0,"enemies":"Slime Boss","floor":16.0,"turns":4.0}],"seed_played":"-4569272103267268478","potions_obtained":[{"floor":5.0,"key":"Fruit Juice"},{"floor":7.0,"key":"Swift Potion"},{"floor":16.0,"key":"SkillPotion"}],"is_trial":false,"path_per_floor":["M","?","M","$","M","R","E","?","T","R","E","M","R","?","R","B",null],"character_chosen":"HIEROPHANT","items_purchased":[],"campfire_rested":0,"item_purchase_floors":[],"current_hp_per_floor":[75,75,75,75,80,80,43,69,69,69,69,69,69,58,58,58,80,80],"gold":329,"neow_bonus":"THREE_ENEMY_KILL","is_daily":false,"chose_seed":false,"campfire_upgraded":4,"win_rate":0.0,"timestamp":1608036757,"path_taken":["M","?","M","$","?","R","E","?","T","R","E","M","R","?","R","BOSS"],"items_purchased_type":[],"build_version":"2020-12-13","purchased_purges":1,"victory":false,"max_hp_per_floor":[75,75,75,75,80,80,80,80,80,80,80,80,80,80,80,80,80,80],"card_choices":[{"not_picked":["hierophant:RustyCrate","hierophant:DisplayOfPower","hierophant:SolarFlare"],"picked":"SKIP","floor":1.0},{"not_picked":["hierophant:HammerAndAnvil","hierophant:Dazzle"],"picked":"hierophant:Chorus","floor":3.0},{"not_picked":["hierophant:Bribe","hierophant:ThreeLashes"],"picked":"hierophant:FieryStrike","floor":5.0},{"not_picked":["hierophant:FieryStrike","hierophant:Zeal"],"picked":"hierophant:Alms","floor":7.0},{"not_picked":["hierophant:SecretStash","hierophant:PassingBell","hierophant:RecallFunds"],"picked":"SKIP","floor":11.0},{"not_picked":["hierophant:Repentance","hierophant:Zeal","hierophant:FieryStrike"],"picked":"SKIP","floor":12.0}],"player_experience":217058,"relics_obtained":[{"floor":7.0,"key":"StrikeDummy"},{"floor":9.0,"key":"Pen Nib"},{"floor":11.0,"key":"Kunai"}],"event_choices":[{"damage_healed":0.0,"max_hp_gain":0.0,"max_hp_loss":0.0,"gold_gain":0.0,"cards_transformed":["hierophant:Strike_Hierophant"],"event_name":"Transmorgrifier","player_choice":"Transformed","floor":2.0,"gold_loss":0.0,"damage_taken":0.0,"cards_obtained":["hierophant:Chorus"]},{"damage_healed":26.0,"max_hp_gain":0.0,"max_hp_loss":0.0,"gold_gain":0.0,"event_name":"Big Fish","player_choice":"Banana","floor":8.0,"gold_loss":0.0,"damage_taken":0.0},{"damage_healed":0.0,"max_hp_gain":0.0,"max_hp_loss":0.0,"gold_gain":75.0,"event_name":"World of Goop","player_choice":"Gather Gold","floor":14.0,"gold_loss":0.0,"damage_taken":11.0}],"is_beta":false,"boss_relics":[{"not_picked":["Runic Dome","Snecko Eye"],"picked":"Runic Pyramid"}],"items_purged_floors":[4],"is_endless":false,"potions_floor_spawned":[5,7,16],"ascension_level":0}}