{"host":"dz1qwalix8eproj8","time":1608048968,"event":{"mods":["AchievementEnabler","BaseMod","Block Reminder","Minty Spire (QoL Compilation)","Relic Stats","StSLib","SuperFastMode"],"gold_per_floor":[119,137,148,148,148,148,181,199,224,224,242,242,257,285,285,384,384,402,412,5,21,21,21,49,49,117,136,136,156,156,174,174,275,275,288,64,64,79,97,122,122,155,155,35,57,84,84,102,102,102,102],"floor_reached":50,"playtime":3240,"items_purged":["Defend_B"],"score":750,"play_id":"20138c35-e7c7-44f6-8e75-d0e8a0d87698","local_time":"20201215171608","is_ascension_mode":true,"campfire_choices":[{"data":"Sunder","floor":6.0,"key":"SMITH"},{"floor":10.0,"key":"REST"},{"data":"Barrage","floor":12.0,"key":"SMITH"},{"data":"Reinforced Body","floor":15.0,"key":"SMITH"},{"data":"White Noise","floor":23.0,"key":"SMITH"},{"floor":25.0,"key":"REST"},{"floor":30.0,"key":"REST"},{"floor":32.0,"key":"REST"},{"floor":41.0,"key":"REST"},{"data":"Loop","floor":47.0,"key":"SMITH"},{"floor":49.0,"key":"REST"}],"circlet_count":0,"master_deck":["Strike_B","Strike_B","Strike_B","Defend_B","Defend_B","Defend_B+1","Zap+1","Dualcast","Doom and Gloom","Sunder+1","Glacier+1","Compile Driver","Coolheaded","Barrage+1","Reinforced Body+1","Ball Lightning","Reboot","Go for the Eyes","White Noise+1","Loop+1","Core Surge","Consume","Rip and Tear","Leap+1","Reboot","Barrage+1","Tempest+1","Blizzard+1","Reinforced Body","Parasite","Hologram"],"relics":["FrozenCore","Oddly Smooth Stone","Bag of Marbles","Bronze Scales","Inserter","White Beast Statue","Toy Ornithopter","Akabeko","Bottled Tornado","Chemical X","The Courier","Potion Belt","Frozen Egg 2","CeramicFish"],"acts_visited":["Exordium","TheCity","TheBeyond"],"potions_floor_usage":[50,50,50],"damage_taken":[{"damage":0.0,"enemies":"Cultist","floor":1.0,"turns":4.0},{"damage":0.0,"enemies":"2 Louse","floor":2.0,"turns":1.0},{"damage":0.0,"enemies":"Jaw Worm","floor":3.0,"turns":3.0},{"damage":23.0,"enemies":"Gremlin Nob","floor":7.0,"turns":4.0},{"damage":10.0,"enemies":"Exordium Wildlife","floor":8.0,"turns":2.0},{"damage":5.0,"enemies":"Exordium Thugs","floor":11.0,"turns":2.0},{"damage":0.0,"enemies":"Blue Slaver","floor":13.0,"turns":4.0},{"damage":2.0,"enemies":"3 Sentries","floor":14.0,"turns":2.0},{"damage":9.0,"enemies":"The Guardian","floor":16.0,"turns":8.0},{"damage":0.0,"enemies":"3 Byrds","floor":18.0,"turns":3.0},{"damage":6.0,"enemies":"2 Thieves","floor":19.0,"turns":4.0},{"damage":19.0,"enemies":"Snake Plant","floor":21.0,"turns":6.0},{"damage":41.0,"enemies":"Book of Stabbing","floor":24.0,"turns":6.0},{"damage":8.0,"enemies":"3 Cultists","floor":27.0,"turns":3.0},{"damage":12.0,"enemies":"Centurion and Healer","floor":29.0,"turns":3.0},{"damage":33.0,"enemies":"Snake Plant","floor":31.0,"turns":3.0},{"damage":11.0,"enemies":"Champ","floor":33.0,"turns":12.0},{"damage":6.0,"enemies":"Orb Walker","floor":35.0,"turns":6.0},{"damage":7.0,"enemies":"3 Shapes","floor":38.0,"turns":11.0},{"damage":0.0,"enemies":"Sphere and 2 Shapes","floor":39.0,"turns":5.0},{"damage":32.0,"enemies":"Giant Head","floor":40.0,"turns":11.0},{"damage":24.0,"enemies":"Reptomancer","floor":42.0,"turns":4.0},{"damage":0.0,"enemies":"Writhing Mass","floor":45.0,"turns":9.0},{"damage":0.0,"enemies":"Jaw Worm Horde","floor":46.0,"turns":4.0},{"damage":18.0,"enemies":"4 Shapes","floor":48.0,"turns":5.0},{"damage":67,"enemies":"Donu and Deca","floor":50,"turns":8}],"seed_played":"9072050957004152337","potions_obtained":[{"floor":2.0,"key":"Strength Potion"},{"floor":7.0,"key":"SteroidPotion"},{"floor":11.0,"key":"PowerPotion"},{"floor":14.0,"key":"Strength Potion"},{"floor":16.0,"key":"LiquidBronze"},{"floor":18.0,"key":"Strength Potion"},{"floor":19.0,"key":"Ancient Potion"},{"floor":24.0,"key":"Fire Potion"},{"floor":27.0,"key":"FearPotion"},{"floor":29.0,"key":"FocusPotion"},{"floor":31.0,"key":"Ancient Potion"},{"floor":33.0,"key":"Energy Potion"},{"floor":35.0,"key":"LiquidBronze"},{"floor":38.0,"key":"Block Potion"},{"floor":39.0,"key":"DistilledChaos"},{"floor":40.0,"key":"AttackPotion"},{"floor":42.0,"key":"SkillPotion"},{"floor":45.0,"key":"Ancient Potion"},{"floor":46.0,"key":"Explosive Potion"},{"floor":48.0,"key":"ColorlessPotion"}],"is_trial":false,"path_per_floor":["M","M","M","?","?","R","E","M","T","R","M","R","M","E","R","B",null,"M","M","$","M","?","R","E","R","T","M","?","M","R","M","R","B",null,"M","$","?","M","M","E","R","E","T","?","M","M","R","M","R","B"],"character_chosen":"DEFECT","items_purchased":["White Beast Statue","Toy Ornithopter","Chemical X"],"campfire_rested":6,"item_purchase_floors":[20,20,36],"current_hp_per_floor":[68,68,68,53,53,53,30,20,20,42,37,37,37,35,35,26,63,63,57,57,38,38,38,2,24,24,21,7,5,29,1,25,19,65,59,59,59,52,52,35,59,40,40,40,45,45,45,27,51,0,0],"gold":102,"neow_bonus":"UPGRADE_CARD","is_daily":false,"chose_seed":false,"campfire_upgraded":5,"win_rate":0.0,"timestamp":1608048968,"path_taken":["M","M","M","?","?","R","E","M","T","R","M","R","M","E","R","BOSS","M","M","$","M","?","R","E","R","T","M","?","M","R","M","R","BOSS","M","$","?","M","M","E","R","E","T","?","M","M","R","?","R","BOSS"],"items_purchased_type":["Relic","Relic","Relic"],"build_version":"2020-12-13","purchased_purges":1,"victory":false,"max_hp_per_floor":[75,75,75,75,75,75,75,75,75,75,75,75,75,75,75,75,75,75,75,75,75,75,75,75,75,75,75,80,80,80,80,80,80,80,80,80,80,80,80,80,80,80,80,80,80,80,80,80,80,80,80],"relic_stats":{"Inserter":[51],"counters":[26,132],"Bronze Scales":[333],"CeramicFish":18,"Chemical X":[18],"obtain_stats":[{"Potion Belt":42,"Inserter":17,"CeramicFish":44,"Oddly Smooth Stone":7,"The Courier":40,"Bottled Tornado":26,"Frozen Egg 2":43,"White Beast Statue":20,"Akabeko":24,"FrozenCore":34,"Bronze Scales":14,"Bag of Marbles":9,"Chemical X":36,"Cracked Core":0,"Toy Ornithopter":20},{"Potion Belt":22,"Inserter":9,"CeramicFish":22,"Oddly Smooth Stone":4,"The Courier":21,"Bottled Tornado":13,"Frozen Egg 2":22,"White Beast Statue":11,"Akabeko":13,"FrozenCore":17,"Bronze Scales":8,"Bag of Marbles":5,"Chemical X":18,"Cracked Core":0,"Toy Ornithopter":11},{"Potion Belt":106,"Inserter":30,"CeramicFish":106,"Oddly Smooth Stone":12,"The Courier":102,"Bottled Tornado":49,"Frozen Egg 2":106,"White Beast Statue":37,"Akabeko":49,"FrozenCore":70,"Bronze Scales":22,"Bag of Marbles":14,"Chemical X":75,"Cracked Core":0,"Toy Ornithopter":37}],"Toy Ornithopter":70,"FrozenCore":[29]},"card_choices":[{"not_picked":["Redo","Stack"],"picked":"Doom and Gloom","floor":1.0},{"not_picked":["Go for the Eyes","Steam"],"picked":"Sunder","floor":2.0},{"not_picked":["Streamline","Conserve Battery"],"picked":"Glacier","floor":3.0},{"not_picked":["Darkness","Aggregate"],"picked":"Compile Driver","floor":7.0},{"not_picked":["Reprogram","Static Discharge"],"picked":"Coolheaded","floor":8.0},{"not_picked":["Auto Shields","Loop"],"picked":"Barrage","floor":11.0},{"not_picked":["Sweeping Beam","Amplify"],"picked":"Reinforced Body","floor":13.0},{"not_picked":["Recycle","Steam"],"picked":"Ball Lightning","floor":14.0},{"not_picked":["Hyperbeam","Creative AI"],"picked":"Reboot","floor":16.0},{"not_picked":["Leap","Steam"],"picked":"Go for the Eyes","floor":18.0},{"not_picked":["Capacitor","Compile Driver+1"],"picked":"White Noise","floor":19.0},{"not_picked":["Cold Snap","Compile Driver+1"],"picked":"Loop","floor":21.0},{"not_picked":["Reprogram","White Noise"],"picked":"Consume","floor":24.0},{"not_picked":["Beam Cell","Compile Driver"],"picked":"Rip and Tear","floor":27.0},{"not_picked":["Reprogram","Glacier","Hello World"],"picked":"SKIP","floor":29.0},{"not_picked":["Beam Cell","Ball Lightning"],"picked":"Leap+1","floor":31.0},{"not_picked":["Creative AI","All For One"],"picked":"Reboot","floor":33.0},{"not_picked":["Streamline","Reinforced Body"],"picked":"Barrage+1","floor":35.0},{"not_picked":["Turbo","Heatsinks+1","Sweeping Beam"],"picked":"SKIP","floor":38.0},{"not_picked":["Defragment+1","Redo+1"],"picked":"Tempest+1","floor":39.0},{"not_picked":["Barrage","Turbo+1"],"picked":"Blizzard+1","floor":40.0},{"not_picked":["Darkness+1","Stack+1"],"picked":"Reinforced Body","floor":42.0},{"not_picked":["Redo","Cold Snap+1","Beam Cell+1"],"picked":"SKIP","floor":45.0},{"not_picked":["Conserve Battery+1","Reinforced Body"],"picked":"Hologram","floor":46.0},{"not_picked":["BootSequence","Steam+1","Static Discharge+1"],"picked":"SKIP","floor":48.0}],"player_experience":581562,"relics_obtained":[{"floor":7.0,"key":"Oddly Smooth Stone"},{"floor":9.0,"key":"Bag of Marbles"},{"floor":14.0,"key":"Bronze Scales"},{"floor":24.0,"key":"Akabeko"},{"floor":26.0,"key":"Bottled Tornado"},{"floor":40.0,"key":"The Courier"},{"floor":42.0,"key":"Potion Belt"},{"floor":43.0,"key":"Frozen Egg 2"}],"event_choices":[{"damage_healed":0.0,"max_hp_gain":0.0,"max_hp_loss":0.0,"gold_gain":0.0,"event_name":"Shining Light","player_choice":"Entered Light","floor":4.0,"gold_loss":0.0,"damage_taken":15.0,"cards_upgraded":["Defend_B","Glacier"]},{"damage_healed":0.0,"max_hp_gain":0.0,"max_hp_loss":0.0,"gold_gain":0.0,"event_name":"The Woman in Blue","player_choice":"Bought 0 Potions","floor":5.0,"gold_loss":0.0,"damage_taken":0.0},{"damage_healed":0.0,"max_hp_gain":0.0,"max_hp_loss":0.0,"gold_gain":0.0,"event_name":"The Library","player_choice":"Read","floor":22.0,"gold_loss":0.0,"damage_taken":0.0,"cards_obtained":["Core Surge"]},{"damage_healed":0.0,"max_hp_gain":5.0,"max_hp_loss":0.0,"gold_gain":0.0,"event_name":"Forgotten Altar","player_choice":"Shed Blood","floor":28.0,"gold_loss":0.0,"damage_taken":19.0},{"cards_removed":["Strike_B"],"damage_healed":0.0,"max_hp_gain":0.0,"max_hp_loss":0.0,"gold_gain":0.0,"event_name":"Falling","player_choice":"Removed Attack","floor":37.0,"gold_loss":0.0,"damage_taken":0.0},{"damage_healed":0.0,"max_hp_gain":0.0,"max_hp_loss":0.0,"gold_gain":0.0,"event_name":"WeMeetAgain","player_choice":"Paid Gold","floor":44.0,"gold_loss":120.0,"damage_taken":0.0,"relics_obtained":["CeramicFish"]}],"is_beta":false,"boss_relics":[{"not_picked":["SlaversCollar","Coffee Dripper"],"picked":"Inserter"},{"not_picked":["Astrolabe","Busted Crown"],"picked":"FrozenCore"}],"items_purged_floors":[36],"is_endless":false,"potions_floor_spawned":[2,7,11,14,16,18,19,21,24,27,29,31,33,35,38,39,40,42,45,46,48],"killed_by":"Donu and Deca","ascension_level":8}}