{"host":"b3p2mc8zhjyw3mtc","time":1608024293,"event":{"mods":["BaseMod","Colored Map","Colored Powertips","DeckTracker","Friendly Minions","Minty Spire (QoL Compilation)","SuperFastMode"],"gold_per_floor":[110,120,295,295,167,195,155,188,188,208,235,235,235,67,67,172,172,190,201,219,15,15,15],"floor_reached":22,"playtime":1414,"items_purged":["Regret","Defend_B","Strike_B"],"score":212,"play_id":"28d89941-8c46-4577-9916-ede6f8c7a959","local_time":"20201215182453","is_ascension_mode":true,"campfire_choices":[{"data":"Coolheaded","floor":12,"key":"SMITH"},{"data":"Consume","floor":15,"key":"SMITH"}],"circlet_count":0,"master_deck":["Strike_B","Strike_B","Defend_B","Defend_B","Defend_B","Zap","Dualcast","Sweeping Beam","Hologram","Loop","Coolheaded+1","Consume+1","Chill","Blizzard","Coolheaded+1","Blizzard"],"relics":["Cracked Core","Lizard Tail","Matryoshka","Meat on the Bone","Strawberry","Orichalcum","Juzu Bracelet","SlaversCollar"],"acts_visited":["Exordium","TheCity"],"potions_floor_usage":[6,8,8,11,16],"damage_taken":[{"damage":2,"enemies":"Small Slimes","floor":1,"turns":2},{"damage":0,"enemies":"2 Louse","floor":2,"turns":1},{"damage":19,"enemies":"3 Sentries","floor":6,"turns":4},{"damage":26,"enemies":"Lagavulin","floor":8,"turns":5},{"damage":0,"enemies":"Cultist","floor":10,"turns":3},{"damage":24,"enemies":"3 Sentries","floor":11,"turns":8},{"damage":33,"enemies":"Hexaghost","floor":16,"turns":16},{"damage":14,"enemies":"Spheric Guardian","floor":18,"turns":10},{"damage":18,"enemies":"Shell Parasite","floor":19,"turns":14},{"damage":23,"enemies":"3 Cultists","floor":20,"turns":5},{"damage":42,"enemies":"Snake Plant","floor":22,"turns":7}],"seed_played":"4706740185500333538","potions_obtained":[{"floor":2,"key":"EssenceOfDarkness"},{"floor":7,"key":"PotionOfCapacity"},{"floor":7,"key":"SneckoOil"},{"floor":7,"key":"Swift Potion"},{"floor":11,"key":"Block Potion"}],"is_trial":false,"path_per_floor":["M","M","?","?","$","E","?","E","T","M","E","R","?","$","R","B",null,"M","M","M","$","M"],"character_chosen":"DEFECT","items_purchased":["Hologram","Chill","Blizzard"],"campfire_rested":0,"item_purchase_floors":[5,14,21],"current_hp_per_floor":[73,73,73,73,73,54,54,28,35,47,35,35,28,28,28,50,82,68,50,39,39,0,0],"gold":15,"neow_bonus":"ONE_RARE_RELIC","is_daily":false,"chose_seed":false,"campfire_upgraded":2,"win_rate":0.0,"timestamp":1608024293,"path_taken":["M","M","?","?","$","E","?","E","T","?","E","R","?","?","R","BOSS","M","M","M","$","M"],"items_purchased_type":["Card","Card","Card"],"build_version":"2020-12-13","purchased_purges":3,"victory":false,"max_hp_per_floor":[75,75,75,75,75,75,75,75,82,82,82,82,82,82,82,82,82,82,82,82,82,82,82],"card_choices":[{"not_picked":["Double Energy","Barrage","Compile Driver"],"picked":"SKIP","floor":1},{"not_picked":["Go for the Eyes","Ball Lightning"],"picked":"Sweeping Beam","floor":2},{"not_picked":["Compile Driver","Redo"],"picked":"Loop","floor":6},{"not_picked":["Darkness","White Noise"],"picked":"Coolheaded","floor":8},{"not_picked":["Redo","Steam","White Noise"],"picked":"SKIP","floor":10},{"not_picked":["Steam","Streamline"],"picked":"Consume","floor":11},{"not_picked":["Cold Snap","Force Field"],"picked":"Blizzard","floor":18},{"not_picked":["Doom and Gloom+1","Gash+1"],"picked":"Coolheaded+1","floor":19},{"not_picked":["Rebound","Ball Lightning+1","Turbo"],"picked":"SKIP","floor":20}],"player_experience":61451,"relics_obtained":[{"floor":6,"key":"Matryoshka"},{"floor":8,"key":"Meat on the Bone"},{"floor":9,"key":"Strawberry"},{"floor":9,"key":"Orichalcum"},{"floor":11,"key":"Juzu Bracelet"}],"event_choices":[{"damage_healed":0,"gold_gain":175,"player_choice":"AGREE","damage_taken":0,"max_hp_gain":0,"max_hp_loss":0,"event_name":"Liars Game","floor":3,"gold_loss":0,"cards_obtained":["Doubt"]},{"cards_removed":["Doubt"],"damage_healed":0,"gold_gain":0,"player_choice":"Forget","damage_taken":0,"max_hp_gain":0,"max_hp_loss":0,"event_name":"Living Wall","floor":4,"gold_loss":0},{"damage_healed":0,"gold_gain":0,"player_choice":"Bought 3 Potions","damage_taken":0,"max_hp_gain":0,"max_hp_loss":0,"event_name":"The Woman in Blue","floor":7,"gold_loss":0},{"cards_removed":["Strike_B"],"damage_healed":0,"gold_gain":0,"player_choice":"Card Removal","damage_taken":7,"max_hp_gain":0,"max_hp_loss":0,"event_name":"Golden Wing","floor":13,"gold_loss":0}],"is_beta":false,"boss_relics":[{"not_picked":["Empty Cage","Busted Crown"],"picked":"SlaversCollar"}],"items_purged_floors":[5,14,21],"is_endless":false,"potions_floor_spawned":[2,11],"killed_by":"Snake Plant","ascension_level":1}}