{"host":"qw1m3zcvi888b4j7","time":1608074930,"event":{"mods":["BaseMod","Block Reminder","Colored Map","Colored Powertips","DeckTracker","Highlight Path","Hubris","Minty Spire (QoL Compilation)","Quick Restart","Rare Cards Sparkle","Relic Sorter","Relic Stats","Replay The Spire","StSLib","The Blue Laboratory","The Cursed"],"gold_per_floor":[10,10,23,23,23,23,53,53,53,87,100,100,125,125,125,229,229,246,246,246,265,277,277,311,311,338,46,46,77,77,96,96,96,96],"floor_reached":33,"playtime":2108,"items_purged":[],"score":366,"play_id":"e18b10ce-c329-4dc0-97c2-548355208cc6","local_time":"20201216002850","is_ascension_mode":true,"campfire_choices":[{"floor":6,"key":"REST"},{"floor":8,"key":"REST"},{"floor":15,"key":"RECALL"},{"data":"Demonic Infusion","floor":23,"key":"SMITH"},{"data":"Replay:Undeath\u0027s Touch","floor":25,"key":"SMITH"},{"data":"Armaments","floor":28,"key":"SMITH"},{"floor":30,"key":"DIG"}],"circlet_count":0,"master_deck":["Strike_R","Strike_R","Strike_R","Strike_R","Strike_R","Defend_R","Defend_R","Defend_R","Bash","Replay:Undeath\u0027s Touch+1","Flex","Demonic Infusion+1","Dagger Spray","Flame Barrier","hubris:CleavingFinish","Bullet Time+1","Sucker Punch","Footwork","Replay:Bag of Tricks","Sword Boomerang+1","Cleave","Armaments+1","Reckless Charge","Offering","Sword Boomerang"],"relics":["Burning Blood","hubris:Icosahedron","Replay:Accelerometer","hubris:Spice","hubris:FruitBowl","hubris:EvacipatedBox","Pantograph","Happy Flower","hubris:DisguiseKit","hubris:Metronome","Replay:Mystery Machine","hubris:ScarierMask","hubris:Towel","Matryoshka","Bird Faced Urn","MawBank","MealTicket","Shovel"],"acts_visited":["Exordium","TheCity"],"potions_floor_usage":[10,13,33,33,33],"damage_taken":[{"damage":6,"enemies":"Cultist","floor":1,"turns":3},{"damage":2,"enemies":"2 Louse","floor":3,"turns":3},{"damage":31,"enemies":"Lagavulin","floor":7,"turns":6},{"damage":0,"enemies":"Gremlin Nob","floor":10,"turns":3},{"damage":0,"enemies":"Small Slimes","floor":11,"turns":2},{"damage":0,"enemies":"Lagavulin","floor":13,"turns":2},{"damage":38,"enemies":"Fading Forest","floor":16,"turns":11},{"damage":10,"enemies":"Chosen","floor":18,"turns":4},{"damage":0,"enemies":"3 Byrds","floor":21,"turns":2},{"damage":7,"enemies":"Snake Plant","floor":22,"turns":4},{"damage":36,"enemies":"Book of Stabbing","floor":24,"turns":6},{"damage":11,"enemies":"Slavers","floor":29,"turns":4},{"damage":6,"enemies":"Snecko","floor":31,"turns":3},{"damage":105,"enemies":"Collector","floor":33,"turns":7}],"seed_played":"5067648625455237980","potions_obtained":[{"floor":7,"key":"AttackPotion"},{"floor":10,"key":"Death Potion"},{"floor":11,"key":"DuplicationPotion"},{"floor":16,"key":"blueLaboratory:RememoryPotion"},{"floor":22,"key":"blueLaboratory:TrueEctoplasm"}],"is_trial":false,"path_per_floor":["M","?","M","$","?","R","E","R","T","E","M","?","E","T","R","B",null,"M","?","?","M","M","R","E","R","T","$","R","E","R","M","R_BF","B"],"character_chosen":"IRONCLAD","items_purchased":["hubris:FruitBowl","hubris:EvacipatedBox","Replay:Accelerometer","Pantograph","Happy Flower","MealTicket","Cleave","Armaments","Reckless Charge"],"campfire_rested":2,"item_purchase_floors":[4,4,4,4,4,27,27,27,27],"current_hp_per_floor":[88,88,88,8,8,34,9,35,35,41,47,47,53,65,65,82,100,96,96,96,100,99,99,69,69,69,69,69,64,64,66,66,0,0],"gold":96,"neow_bonus":"ONE_RARE_RELIC","is_daily":false,"chose_seed":false,"campfire_upgraded":3,"win_rate":0.0,"timestamp":1608074930,"path_taken":["M","?","M","?","?","R","E","R","T","E","M","?","E","?","R","BOSS","M","?","?","M","M","R","E","R","T","$","R","E","R","M","R_BF","BOSS"],"items_purchased_type":["Relic","Relic","Relic","Relic","Relic","Relic","Card","Card","Card"],"build_version":"2020-12-13","purchased_purges":0,"victory":false,"max_hp_per_floor":[88,88,88,88,88,88,88,88,88,88,88,88,88,100,100,100,100,100,100,100,100,100,100,100,100,100,100,100,100,88,88,88,88,88],"relic_stats":{"Shovel":1,"Happy Flower":[18],"counters":[14,60],"Pantograph":47,"Bird Faced Urn":[4],"MealTicket":0,"MawBank":12,"obtain_stats":[{"Replay:Accelerometer":4,"hubris:DisguiseKit":7,"hubris:Metronome":10,"Happy Flower":4,"hubris:FruitBowl":4,"Replay:Mystery Machine":13,"hubris:Towel":20,"MawBank":26,"Burning Blood":0,"hubris:EvacipatedBox":4,"hubris:Icosahedron":5,"Matryoshka":24,"Shovel":29,"hubris:Spice":0,"Pantograph":4,"Bird Faced Urn":26,"hubris:ScarierMask":17,"MealTicket":27},{"Replay:Accelerometer":2,"hubris:DisguiseKit":3,"hubris:Metronome":4,"Happy Flower":2,"hubris:FruitBowl":2,"Replay:Mystery Machine":6,"hubris:Towel":8,"MawBank":11,"Burning Blood":0,"hubris:EvacipatedBox":2,"hubris:Icosahedron":2,"Matryoshka":11,"Shovel":12,"hubris:Spice":0,"Pantograph":2,"Bird Faced Urn":11,"hubris:ScarierMask":7,"MealTicket":11},{"Replay:Accelerometer":6,"hubris:DisguiseKit":12,"hubris:Metronome":15,"Happy Flower":6,"hubris:FruitBowl":6,"Replay:Mystery Machine":19,"hubris:Towel":34,"MawBank":46,"Burning Blood":0,"hubris:EvacipatedBox":6,"hubris:Icosahedron":6,"Matryoshka":46,"Shovel":50,"hubris:Spice":0,"Pantograph":6,"Bird Faced Urn":46,"hubris:ScarierMask":30,"MealTicket":46}],"Burning Blood":72},"card_choices":[{"not_picked":["Twin Strike","Warcry"],"picked":"Replay:Undeath\u0027s Touch","floor":1},{"not_picked":["Havoc","Thunderclap"],"picked":"Flex","floor":3},{"not_picked":["Inflame","Rupture"],"picked":"Demonic Infusion","floor":7},{"not_picked":["Evolve","Spot Weakness","Shockwave"],"picked":"Dagger Spray","floor":10},{"not_picked":["Clothesline","Run Through","Bane"],"picked":"Flame Barrier","floor":11},{"not_picked":["Power Through","Heavy Blade","Bane"],"picked":"hubris:CleavingFinish","floor":13},{"not_picked":["Immolate","Hemogenesis","Corruption"],"picked":"Bullet Time","floor":16},{"not_picked":["Sword Boomerang","Sentinel","Body Slam"],"picked":"Sucker Punch","floor":18},{"not_picked":["Thunderclap","Flame Barrier","Havoc+1"],"picked":"Footwork","floor":21},{"not_picked":["Sentinel+1","Massacre","Run Through"],"picked":"Replay:Bag of Tricks","floor":22},{"not_picked":["Clash","Havoc","Poisoned Stab"],"picked":"Sword Boomerang+1","floor":24},{"not_picked":["Heavy Blade","Anger","Hidden Blade"],"picked":"Offering","floor":29},{"not_picked":["Warcry","hubris:SpiceAddiction","Quick Slash"],"picked":"Sword Boomerang","floor":31}],"player_experience":81936,"relics_obtained":[{"floor":7,"key":"hubris:DisguiseKit"},{"floor":10,"key":"hubris:Metronome"},{"floor":13,"key":"Replay:Mystery Machine"},{"floor":14,"key":"hubris:Spice"},{"floor":24,"key":"Matryoshka"},{"floor":26,"key":"Bird Faced Urn"},{"floor":26,"key":"MawBank"},{"floor":29,"key":"Shovel"},{"floor":30,"key":"hubris:Spice"}],"event_choices":[{"cards_removed":["Defend_R"],"damage_healed":0,"gold_gain":0,"player_choice":"Card Removal","damage_taken":0,"max_hp_gain":0,"max_hp_loss":0,"event_name":"Wheel of Change","floor":2,"gold_loss":0},{"damage_healed":0,"gold_gain":0,"player_choice":"Ignored","damage_taken":0,"max_hp_gain":0,"max_hp_loss":0,"event_name":"Golden Wing","floor":12,"gold_loss":0},{"damage_healed":0,"gold_gain":0,"player_choice":"Ignored","damage_taken":0,"max_hp_gain":0,"max_hp_loss":0,"event_name":"Beggar","floor":32,"gold_loss":0}],"is_beta":false,"boss_relics":[{"not_picked":["Mark of Pain","hubris:Spice","hubris:Spice"],"picked":"hubris:ScarierMask"}],"items_purged_floors":[],"is_endless":false,"potions_floor_spawned":[7,10,11,16,22,31],"killed_by":"Collector","ascension_level":1}}