{"host":"dij4iqdhjit0agg1","time":1608002587,"event":{"mods":["Act Like it!","BaseMod","Better Note","Colored Powertips","Minty Spire (QoL Compilation)","Permanent Neow","Rare Cards Sparkle","StSLib"],"gold_per_floor":[360,22,36,36,36,66,66,76,76,89,89,89],"floor_reached":11,"playtime":848,"items_purged":["Shame"],"score":84,"play_id":"693d79cc-0f6c-4b05-a2bb-19bb00b54edf","local_time":"20201215042307","is_ascension_mode":true,"campfire_choices":[{"data":"Entrench","floor":7,"key":"SMITH"}],"circlet_count":0,"master_deck":["Strike_R","Strike_R","Strike_R","Strike_R","Strike_R","Defend_R","Defend_R","Defend_R","Defend_R","Bash","Inflame","Bash","Good Instincts","Limit Break","Entrench+1"],"relics":["Burning Blood","Membership Card","Strawberry","Omamori","Shuriken","Ornamental Fan"],"acts_visited":["Exordium"],"potions_floor_usage":[6,10,11,11],"damage_taken":[{"damage":6,"enemies":"Cultist","floor":1,"turns":4},{"damage":0,"enemies":"Small Slimes","floor":3,"turns":3},{"damage":40,"enemies":"3 Sentries","floor":6,"turns":9},{"damage":18,"enemies":"Jaw Worm","floor":8,"turns":4},{"damage":18,"enemies":"Exordium Thugs","floor":10,"turns":4},{"damage":29,"enemies":"Lagavulin","floor":11,"turns":6}],"seed_played":"-8353727930277622445","potions_obtained":[{"floor":3,"key":"Fire Potion"},{"floor":6,"key":"SpeedPotion"},{"floor":8,"key":"SkillPotion"},{"floor":10,"key":"ElixirPotion"}],"is_trial":false,"path_per_floor":["M","$","M","?","?","E","R","M","T","M","E"],"character_chosen":"IRONCLAD","items_purchased":["Membership Card","Strawberry","Omamori"],"campfire_rested":0,"item_purchase_floors":[2,2,2],"current_hp_per_floor":[80,87,87,87,87,53,53,41,41,29,0,0],"gold":89,"neow_bonus":"TWO_FIFTY_GOLD","is_daily":false,"chose_seed":false,"campfire_upgraded":1,"win_rate":0.0,"timestamp":1608002587,"path_taken":["M","$","M","?","?","E","R","?","T","M","E"],"items_purchased_type":["Relic","Relic","Relic"],"build_version":"2020-12-13","purchased_purges":1,"victory":false,"max_hp_per_floor":[80,87,87,87,87,87,87,87,87,87,87,87],"card_choices":[{"not_picked":["Pummel","Perfected Strike","Pommel Strike"],"picked":"SKIP","floor":1},{"not_picked":["True Grit","Evolve"],"picked":"Inflame","floor":3},{"not_picked":["Sword Boomerang","Shrug It Off"],"picked":"Entrench","floor":6},{"not_picked":["Pommel Strike","Thunderclap","Headbutt"],"picked":"SKIP","floor":8},{"not_picked":["Wild Strike","Rage","Blood for Blood"],"picked":"SKIP","floor":10}],"player_experience":881008,"relics_obtained":[{"floor":6,"key":"Shuriken"},{"floor":9,"key":"Ornamental Fan"}],"event_choices":[{"damage_healed":0,"gold_gain":0,"player_choice":"Leave","damage_taken":0,"max_hp_gain":0,"max_hp_loss":0,"event_name":"The Cleric","floor":4,"gold_loss":0},{"damage_healed":0,"gold_gain":0,"player_choice":"3 cards matched","damage_taken":0,"max_hp_gain":0,"max_hp_loss":0,"event_name":"Match and Keep!","floor":5,"gold_loss":0,"cards_obtained":["Bash","Good Instincts","Limit Break"]}],"is_beta":false,"boss_relics":[],"items_purged_floors":[2],"is_endless":false,"potions_floor_spawned":[3,6,8,10],"killed_by":"Lagavulin","ascension_level":3}}