{"host":"os7ajuuouznx3pj7","time":1608052395,"event":{"mods":["AchievementEnabler","BaseMod","Bestiary","Block Reminder","Colored Map","Colored Powertips","Keyboard Shortcuts","Minty Spire (QoL Compilation)","Quick Restart","Relic Stats","SuperFastMode"],"gold_per_floor":[112,112,112,130,55,55,89,89,89,89,106,106,118,130,130,203,203,217,227,227,239,44,44,59,59,59,59,39,67,79,93,93,170,220,237,247,247,247,260,294,294,320,320,21,48,0,29,40,40,40],"floor_reached":51,"playtime":6574,"items_purged":["Defend_R"],"score":1409,"play_id":"b207fab5-c20f-4f8b-a342-15625e149d68","local_time":"20201215151315","is_ascension_mode":true,"campfire_choices":[{"data":"Headbutt","floor":6.0,"key":"SMITH"},{"data":"Bash","floor":8.0,"key":"SMITH"},{"data":"Whirlwind","floor":12.0,"key":"SMITH"},{"data":"Flex","floor":15.0,"key":"SMITH"},{"data":"Flex","floor":23.0,"key":"SMITH"},{"data":"Feed","floor":25.0,"key":"SMITH"},{"data":"Offering","floor":27.0,"key":"SMITH"},{"floor":32.0,"key":"REST"},{"floor":41.0,"key":"REST"},{"data":"Sword Boomerang","floor":49.0,"key":"SMITH"}],"circlet_count":0,"master_deck":["AscendersBane","Strike_R+1","Strike_R+1","Strike_R","Strike_R","Defend_R","Defend_R","Bash+1","Headbutt+1","Offering+1","Whirlwind+1","Flex+1","Feed+1","Flame Barrier+1","Twin Strike+1","Flex+1","Flame Barrier","Sword Boomerang+1","Limit Break+1","Limit Break+1","Inflame+1","Disarm","Warcry","Shrug It Off","Headbutt","Shrug It Off+1"],"relics":["Burning Blood","Whetstone","CaptainsWheel","Velvet Choker","Enchiridion","ClockworkSouvenir","Frozen Egg 2","Calipers","Tiny House","Question Card","Anchor","War Paint","Chemical X","Juzu Bracelet","Red Mask","MealTicket"],"acts_visited":["Exordium","TheCity","TheBeyond"],"potions_floor_usage":[50,50],"damage_taken":[{"damage":0.0,"enemies":"2 Louse","floor":1.0,"turns":3.0},{"damage":1.0,"enemies":"Cultist","floor":4.0,"turns":3.0},{"damage":20.0,"enemies":"Lagavulin","floor":7.0,"turns":4.0},{"damage":6.0,"enemies":"Small Slimes","floor":11.0,"turns":2.0},{"damage":15.0,"enemies":"Exordium Thugs","floor":13.0,"turns":3.0},{"damage":0.0,"enemies":"3 Louse","floor":14.0,"turns":1.0},{"damage":30.0,"enemies":"The Guardian","floor":16.0,"turns":6.0},{"damage":12.0,"enemies":"Spheric Guardian","floor":18.0,"turns":4.0},{"damage":14.0,"enemies":"Shell Parasite","floor":19.0,"turns":3.0},{"damage":0.0,"enemies":"3 Cultists","floor":21.0,"turns":4.0},{"damage":15.0,"enemies":"Chosen and Byrds","floor":24.0,"turns":4.0},{"damage":23.0,"enemies":"Book of Stabbing","floor":29.0,"turns":4.0},{"damage":19.0,"enemies":"Snake Plant","floor":30.0,"turns":2.0},{"damage":18.0,"enemies":"Shelled Parasite and Fungi","floor":31.0,"turns":3.0},{"damage":34.0,"enemies":"Collector","floor":33.0,"turns":7.0},{"damage":6.0,"enemies":"3 Darklings","floor":35.0,"turns":2.0},{"damage":0.0,"enemies":"Orb Walker","floor":36.0,"turns":2.0},{"damage":3.0,"enemies":"Transient","floor":39.0,"turns":5.0},{"damage":41.0,"enemies":"Nemesis","floor":40.0,"turns":5.0},{"damage":6.0,"enemies":"Giant Head","floor":42.0,"turns":5.0},{"damage":29.0,"enemies":"Reptomancer","floor":47.0,"turns":3.0},{"damage":11.0,"enemies":"Sphere and 2 Shapes","floor":48.0,"turns":3.0},{"damage":52,"enemies":"Awakened One","floor":50,"turns":5}],"seed_played":"-3373508176316303509","potions_obtained":[{"floor":0.0,"key":"PowerPotion"},{"floor":0.0,"key":"Regen Potion"},{"floor":11.0,"key":"BloodPotion"},{"floor":16.0,"key":"Swift Potion"},{"floor":21.0,"key":"EssenceOfSteel"},{"floor":28.0,"key":"Regen Potion"},{"floor":34.0,"key":"Explosive Potion"},{"floor":36.0,"key":"BlessingOfTheForge"},{"floor":39.0,"key":"Strength Potion"},{"floor":48.0,"key":"LiquidBronze"}],"is_trial":false,"path_per_floor":["M","?","?","M","$","R","E","R","T","?","M","R","M","M","R","B",null,"M","M","?","M","$","R","M","R","T","R","?","E","M","M","R","B",null,"M","M","?","?","M","E","R","E","T","$","T","?","E","M","R","B",null],"character_chosen":"IRONCLAD","items_purchased":["ClockworkSouvenir","Flex","Chemical X","LiquidMemories","Shrug It Off"],"campfire_rested":2,"item_purchase_floors":[22,22,44,44,44],"current_hp_per_floor":[74,79,79,80,80,80,66,66,66,66,66,66,57,63,63,55,74,71,66,45,63,63,63,57,57,57,57,57,40,31,23,52,39,88,88,94,94,94,97,66,97,97,97,97,97,97,78,73,73,31],"gold":40,"neow_bonus":"THREE_SMALL_POTIONS","is_daily":false,"chose_seed":false,"campfire_upgraded":8,"win_rate":0.0,"timestamp":1608052395,"path_taken":["M","?","?","?","?","R","E","R","T","?","M","R","M","?","R","BOSS","M","M","?","M","$","R","M","R","T","R","?","E","M","M","R","BOSS","BOSS","M","M","?","?","M","E","R","E","T","$","?","?","E","M","R","BOSS"],"items_purchased_type":["Relic","Card","Relic","Potion","Card"],"build_version":"2020-12-13","purchased_purges":1,"victory":true,"max_hp_per_floor":[75,80,80,80,80,80,80,80,80,80,80,80,80,80,80,80,80,83,86,86,86,86,86,89,89,89,89,89,89,93,97,97,97,102,102,102,102,102,102,106,106,106,106,106,106,106,110,110,110,114],"relic_stats":{"counters":[23,83],"MealTicket":0,"Juzu Bracelet":0,"Whetstone":["Strike_R","Strike_R"],"Chemical X":[3],"War Paint":["Limit Break","Flame Barrier"],"Question Card":3,"obtain_stats":[{"Calipers":29,"Tiny House":34,"Velvet Choker":17,"Enchiridion":20,"Juzu Bracelet":45,"Whetstone":7,"Frozen Egg 2":26,"War Paint":43,"Question Card":40,"Burning Blood":0,"ClockworkSouvenir":22,"CaptainsWheel":9,"Anchor":42,"MealTicket":47,"Red Mask":46,"Chemical X":44},{"Calipers":12,"Tiny House":15,"Velvet Choker":7,"Enchiridion":9,"Juzu Bracelet":20,"Whetstone":3,"Frozen Egg 2":11,"War Paint":20,"Question Card":19,"Burning Blood":0,"ClockworkSouvenir":10,"CaptainsWheel":3,"Anchor":20,"MealTicket":21,"Red Mask":20,"Chemical X":20},{"Calipers":41,"Tiny House":53,"Velvet Choker":22,"Enchiridion":29,"Juzu Bracelet":72,"Whetstone":10,"Frozen Egg 2":37,"War Paint":72,"Question Card":67,"Burning Blood":0,"ClockworkSouvenir":33,"CaptainsWheel":10,"Anchor":72,"MealTicket":75,"Red Mask":72,"Chemical X":72}],"Burning Blood":134},"card_choices":[{"not_picked":["Sentinel","Disarm","Shrug It Off"],"picked":"SKIP","floor":1.0},{"not_picked":["Flex","Infernal Blade"],"picked":"Headbutt","floor":4.0},{"not_picked":["Cleave","Warcry"],"picked":"Offering","floor":7.0},{"not_picked":["Spot Weakness","Combust"],"picked":"Whirlwind","floor":11.0},{"not_picked":["Perfected Strike","Fire Breathing","Wild Strike"],"picked":"SKIP","floor":13.0},{"not_picked":["Heavy Blade","Headbutt"],"picked":"Flex","floor":14.0},{"not_picked":["Immolate","Barricade"],"picked":"Feed","floor":16.0},{"not_picked":["Sword Boomerang","Thunderclap"],"picked":"Flame Barrier","floor":18.0},{"not_picked":["Blood for Blood","Sentinel"],"picked":"Twin Strike+1","floor":19.0},{"not_picked":["Clash+1","True Grit","Body Slam"],"picked":"SKIP","floor":21.0},{"not_picked":["Wild Strike","Combust"],"picked":"Flame Barrier","floor":24.0},{"not_picked":["Twin Strike","Havoc"],"picked":"Sword Boomerang","floor":29.0},{"not_picked":["Second Wind","Heavy Blade"],"picked":"Limit Break","floor":30.0},{"not_picked":["Perfected Strike","Clash","Rage"],"picked":"SKIP","floor":31.0},{"not_picked":["Demon Form+1","Impervious"],"picked":"Limit Break","floor":33.0},{"not_picked":["Dark Embrace+1","Body Slam"],"picked":"Inflame+1","floor":35.0},{"not_picked":["Body Slam","True Grit"],"picked":"Disarm","floor":36.0},{"not_picked":["Wild Strike+1","Bloodletting+1"],"picked":"Warcry","floor":39.0},{"not_picked":["Juggernaut+1","Second Wind+1","Fiend Fire"],"picked":"SKIP","floor":40.0},{"not_picked":["Second Wind","Bloodletting+1","Wild Strike","Fire Breathing+1"],"picked":"SKIP","floor":42.0},{"not_picked":["Entrench","Dark Embrace+1","Exhume"],"picked":"Headbutt","floor":47.0},{"not_picked":["Iron Wave","Fire Breathing+1","Flex"],"picked":"Shrug It Off+1","floor":48.0}],"player_experience":677966,"relics_obtained":[{"floor":7.0,"key":"Whetstone"},{"floor":9.0,"key":"CaptainsWheel"},{"floor":20.0,"key":"Enchiridion"},{"floor":26.0,"key":"Frozen Egg 2"},{"floor":29.0,"key":"Calipers"},{"floor":40.0,"key":"Question Card"},{"floor":42.0,"key":"Anchor"},{"floor":43.0,"key":"War Paint"},{"floor":45.0,"key":"Juzu Bracelet"},{"floor":47.0,"key":"MealTicket"}],"event_choices":[{"damage_healed":0.0,"max_hp_gain":5.0,"max_hp_loss":0.0,"gold_gain":0.0,"event_name":"Big Fish","player_choice":"Donut","floor":2.0,"gold_loss":0.0,"damage_taken":0.0},{"damage_healed":0.0,"max_hp_gain":0.0,"max_hp_loss":0.0,"gold_gain":0.0,"event_name":"Match and Keep!","player_choice":"0 cards matched","floor":3.0,"gold_loss":0.0,"damage_taken":0.0,"cards_obtained":[]},{"cards_removed":["Strike_R"],"damage_healed":0.0,"max_hp_gain":0.0,"max_hp_loss":0.0,"gold_gain":0.0,"event_name":"Purifier","player_choice":"Purged","floor":10.0,"gold_loss":0.0,"damage_taken":0.0},{"damage_healed":0.0,"max_hp_gain":0.0,"max_hp_loss":0.0,"gold_gain":0.0,"event_name":"Cursed Tome","player_choice":"Obtained Book","floor":20.0,"gold_loss":0.0,"damage_taken":21.0},{"damage_healed":0.0,"max_hp_gain":0.0,"max_hp_loss":0.0,"gold_gain":0.0,"event_name":"The Woman in Blue","player_choice":"Bought 1 Potion","floor":28.0,"gold_loss":0.0,"damage_taken":0.0},{"cards_removed":["Defend_R"],"damage_healed":0.0,"max_hp_gain":0.0,"max_hp_loss":0.0,"gold_gain":0.0,"event_name":"Falling","player_choice":"Removed Skill","floor":37.0,"gold_loss":0.0,"damage_taken":0.0},{"damage_healed":0.0,"max_hp_gain":0.0,"max_hp_loss":0.0,"gold_gain":0.0,"event_name":"Mysterious Sphere","player_choice":"Ignored","floor":38.0,"gold_loss":0.0,"damage_taken":0.0},{"damage_healed":0.0,"max_hp_gain":0.0,"max_hp_loss":0.0,"gold_gain":0.0,"event_name":"Tomb of Lord Red Mask","player_choice":"Paid","floor":46.0,"gold_loss":48.0,"damage_taken":0.0,"relics_obtained":["Red Mask"]}],"is_beta":false,"boss_relics":[{"not_picked":["Ectoplasm","Cursed Key"],"picked":"Velvet Choker"},{"not_picked":["Fusion Hammer","Runic Cube"],"picked":"Tiny House"}],"items_purged_floors":[5],"is_endless":false,"potions_floor_spawned":[11,16,19,21,29,36,39,48],"ascension_level":16}}