{"host":"pznoee1ygrmkiojf","time":1608023045,"event":{"mods":["BaseMod","Friendly Minions","GifTheSpireLib","Hermit","Kiyohime????","KomeijiMod","Marisa????????","Minty Spire (QoL Compilation)","Prisma Mod","Quick Restart","Reimu??????","Replay The Spire","StSLib","The Alterego","The Cursed","The Jungle","The Wild Card","Waifu the Spire","egg","slay the spire mod where everything is the same but ironclad has a cowboy hat"],"gold_per_floor":[119,119,48,80,90,90,136,101,101,101,132,57,87,87,87,200,200,235,248,275,303,5,5,5,5,76,7,33,33,66,82,82,200,200,235,261,272,355,389,389,389,389],"floor_reached":41,"playtime":3024,"items_purged":["Exhaustion"],"score":422,"play_id":"47655896-47c8-49bf-a2f7-6335dc3f7150","local_time":"20201215020405","is_ascension_mode":false,"campfire_choices":[{"data":"AsteroidBelt","floor":6,"key":"SMITH"},{"floor":15,"key":"REST"},{"floor":23,"key":"REST"},{"floor":32,"key":"REST"},{"floor":40,"key":"REST"}],"circlet_count":0,"master_deck":["Strike_MRS","Strike_MRS","Strike_MRS","Defend_MRS","Defend_MRS","Defend_MRS","MasterSpark","UpSweep","UnstableBomb","MillisecondPulsars+1","WitchOfGreed","AsteroidBelt+1","GrandCross","NonDirectionalLaser","SatelliteIllusion","GalacticHalo","MagicAbsorber","TreasureHunter","CurseOfTheBell","EarthLightRay+1","AsteroidBelt+1","OrrerysSun","EnergyFlow+1","MagicChant","ChargingUp","AbsoluteMagnitude","PulseMagic","Robbery","PowerUp"],"relics":["MiniHakkero","Blood Vial","Sundial","Singing Bowl","Ring of Fangs","ReplayTheSpireMod:Ring of Collecting","Calling Bell","Happy Flower","Letter Opener","Unceasing Top","SimpleLauncher","theJungle:WildPear","Ring of Panic","CrazyTorch:ReiMu","Thread and Needle","Replay:Bronze Core","Lantern"],"acts_visited":["Exordium","Exordium","TheBeyond"],"potions_floor_usage":[16,16,16,21,33,33,36,37,37,39,41,41],"damage_taken":[{"damage":0,"enemies":"Cultist","floor":1,"turns":3},{"damage":0,"enemies":"Small Slimes","floor":4,"turns":4},{"damage":0,"enemies":"Jaw Worm","floor":5,"turns":3},{"damage":11,"enemies":"3 Sentries","floor":7,"turns":7},{"damage":9,"enemies":"Exordium Thugs","floor":11,"turns":5},{"damage":35,"enemies":"Gremlin Gang","floor":13,"turns":5},{"damage":6,"enemies":"The Guardian","floor":16,"turns":10},{"damage":8,"enemies":"theJungle:GiantWrat","floor":18,"turns":8},{"damage":29,"enemies":"theJungle:MUSHROOMGANG","floor":19,"turns":5},{"damage":19,"enemies":"theJungle:SlimyTreeVines","floor":20,"turns":11},{"damage":38,"enemies":"theJungle:2_Flameangoes","floor":21,"turns":7},{"damage":8,"enemies":"theJungle:Snecko_Cultist_And_Trap","floor":28,"turns":7},{"damage":0,"enemies":"theJungle:SlimyTreeVines","floor":30,"turns":7},{"damage":30,"enemies":"theJungle:2_Snecko_Cultists","floor":31,"turns":5},{"damage":50,"enemies":"theJungle:QueenSpyder","floor":33,"turns":15},{"damage":22,"enemies":"3 Shapes","floor":35,"turns":8},{"damage":0,"enemies":"3 Darklings","floor":36,"turns":10},{"damage":39,"enemies":"Transient","floor":37,"turns":5},{"damage":29,"enemies":"Spire Growth","floor":39,"turns":6},{"damage":71,"enemies":"Nemesis","floor":41,"turns":6}],"seed_played":"-7639160676785485082","potions_obtained":[{"floor":4,"key":"SmokeBomb"},{"floor":5,"key":"ZuzhouPotion:ReiMu"},{"floor":7,"key":"Ancient Potion"},{"floor":11,"key":"Toxic Potion"},{"floor":11,"key":"BottledSpark"},{"floor":16,"key":"LiquidMemories"},{"floor":18,"key":"Milkshake"},{"floor":19,"key":"ColorlessPotion"},{"floor":21,"key":"CultistPotion"},{"floor":31,"key":"BlessingOfTheForge"},{"floor":33,"key":"AttackPotion"},{"floor":35,"key":"Death Potion"},{"floor":36,"key":"SpeedPotion"},{"floor":36,"key":"Toxic Potion"},{"floor":37,"key":"AttackPotion"},{"floor":39,"key":"Strength Potion"},{"floor":39,"key":"GamblersBrew"}],"is_trial":false,"path_per_floor":["M","?","$","M","M","R","E","?","T","?","M","$","M","$","R","B",null,"M","M","M","M","$","R","?","$","T","$","M","?","M","M","R","B",null,"M","M","M","?","M","R","E"],"character_chosen":"MARISA","items_purchased":["WitchOfGreed","AsteroidBelt","SimpleLauncher","OrrerysSun"],"campfire_rested":4,"item_purchase_floors":[3,3,22,27],"current_hp_per_floor":[75,75,75,75,75,75,64,75,75,75,66,66,33,33,55,51,75,67,46,43,15,15,38,48,48,48,48,48,48,64,42,69,27,91,71,81,46,46,25,54,0,0],"gold":389,"neow_bonus":"RANDOM_COMMON_RELIC","is_daily":false,"chose_seed":false,"campfire_upgraded":1,"win_rate":0.0,"timestamp":1608023045,"path_taken":["M","?","$","M","M","R","E","?","T","?","?","?","M","$","R","BOSS","M","?","M","M","$","R","?","$","T","?","?","?","M","M","R","BOSS","M","?","M","?","M","R","E"],"items_purchased_type":["Card","Card","Relic","Card"],"build_version":"2020-12-13","purchased_purges":1,"victory":false,"max_hp_per_floor":[75,75,75,75,75,75,75,75,75,75,75,75,75,75,75,75,75,75,75,77,79,79,79,89,89,89,89,89,89,91,91,91,91,91,93,95,97,97,97,97,97,97],"card_choices":[{"not_picked":["IllusionStar","Occultation"],"picked":"UnstableBomb","floor":1},{"not_picked":["DarkSpark","ChargingUp"],"picked":"GrandCross","floor":4},{"not_picked":["GrandCross","IllusionStar"],"picked":"NonDirectionalLaser","floor":5},{"not_picked":["GravityBeat","UnstableBomb"],"picked":"SatelliteIllusion","floor":7},{"not_picked":["GrandCross","DoubleSpark"],"picked":"GalacticHalo","floor":11},{"not_picked":["GrandCross","OrrerysSun"],"picked":"MagicAbsorber","floor":13},{"not_picked":["EscapeVelocity","MillisecondPulsars"],"picked":"TreasureHunter","floor":16},{"not_picked":["StarlightTyphoon","DoubleSpark+1"],"picked":"EarthLightRay+1","floor":18},{"not_picked":["MilkyWay","ShootTheMoon+1"],"picked":"AsteroidBelt+1","floor":19},{"not_picked":["DC","NonDirectionalLaser+1","OpenUniverse"],"picked":"Singing Bowl","floor":20},{"not_picked":["CollectingQuirk","SuperPerseids","Acceleration"],"picked":"Singing Bowl","floor":21},{"not_picked":["AlicesGift","Robbery"],"picked":"EnergyFlow+1","floor":28},{"not_picked":["DarkMatter+1","ShootingEcho+1","FairyDestructionRay+1"],"picked":"Singing Bowl","floor":30},{"not_picked":["DoubleSpark+1","Acceleration"],"picked":"ChargingUp","floor":31},{"not_picked":["BlazingStar","JA"],"picked":"AbsoluteMagnitude","floor":33},{"not_picked":["MilkyWay+1","IllusionStar","MachineGunSpark+1"],"picked":"Singing Bowl","floor":35},{"not_picked":["DragonMeteor","AlicesGift","DoubleSpark+1"],"picked":"Singing Bowl","floor":36},{"not_picked":["MachineGunSpark+1","IllusionStar","MagicChant+1"],"picked":"Singing Bowl","floor":37},{"not_picked":["EnergyRecoil","IllusionStar+1"],"picked":"PulseMagic","floor":38},{"not_picked":["DC","ShootingEcho"],"picked":"Robbery","floor":38},{"not_picked":["DeepEcoloBomb","NonDirectionalLaser+1"],"picked":"PowerUp","floor":39}],"player_experience":1418201,"relics_obtained":[{"floor":7,"key":"Sundial"},{"floor":9,"key":"Singing Bowl"},{"floor":10,"key":"Ring of Fangs"},{"floor":10,"key":"ReplayTheSpireMod:Ring of Collecting"},{"floor":17,"key":"Happy Flower"},{"floor":17,"key":"Letter Opener"},{"floor":17,"key":"Unceasing Top"},{"floor":26,"key":"Ring of Panic"},{"floor":26,"key":"CrazyTorch:ReiMu"},{"floor":33,"key":"Thread and Needle"},{"floor":38,"key":"Lantern"}],"event_choices":[{"damage_healed":18,"gold_gain":0,"player_choice":"Healed","damage_taken":0,"max_hp_gain":0,"max_hp_loss":0,"event_name":"The Cleric","floor":8,"gold_loss":35},{"damage_healed":0,"gold_gain":0,"cards_transformed":["Strike_MRS"],"player_choice":"Transformed","damage_taken":0,"max_hp_gain":0,"max_hp_loss":0,"event_name":"Transmorgrifier","floor":29,"gold_loss":0,"cards_obtained":["MagicChant"]}],"is_beta":false,"boss_relics":[{"not_picked":["Replay:Grab Bag","ChewingGum"],"picked":"Calling Bell"},{"not_picked":["Astrolabe","Honey Jar"],"picked":"Replay:Bronze Core"}],"items_purged_floors":[12],"is_endless":false,"potions_floor_spawned":[5,11,13,19,21,30,31,36,37,39],"killed_by":"Nemesis","ascension_level":0}}