{"host":"iphsb0ccnjx0pfn6","time":1608008907,"event":{"mods":["2.2 Compatiblity","AchievementEnabler","BaseMod","Colored Map","DeckTracker","Keyboard Shortcuts","Minty Spire (QoL Compilation)","Permanent Neow","Quick Restart","Relic Stats","StSLib","SuperFastMode","Uncapped","everything is the same but u backflip on backflip"],"gold_per_floor":[113,263,263,98,112,112,139,139,139,172,186,202,202,202,202,274,274,289,289,55,72,97,97,97],"floor_reached":23,"playtime":455,"items_purged":["Doubt","Strike_G"],"score":394,"play_id":"5d23f0a4-63b6-41d9-9653-dcfcf5bbfa91","local_time":"20201215140827","is_ascension_mode":true,"campfire_choices":[{"data":"Choke","floor":6.0,"key":"SMITH"},{"floor":8.0,"key":"REST"},{"data":"Glass Knife","floor":13.0,"key":"SMITH"},{"floor":15.0,"key":"REST"}],"circlet_count":0,"master_deck":["AscendersBane","Strike_G","Strike_G","Strike_G","Strike_G","Defend_G","Defend_G","Defend_G","Defend_G","Defend_G","Survivor","Neutralize","Slice","Choke+1","Underhanded Strike","Terror","Deflect","Escape Plan","Glass Knife+1","Bullet Time","Reflex","Footwork","Finesse"],"relics":["Runic Pyramid","InkBottle","Tiny Chest","Centennial Puzzle","Black Star","Lantern"],"acts_visited":["Exordium","TheCity"],"potions_floor_usage":[],"damage_taken":[{"damage":9.0,"enemies":"2 Louse","floor":1.0,"turns":2.0},{"damage":20.0,"enemies":"Small Slimes","floor":5.0,"turns":3.0},{"damage":26.0,"enemies":"Gremlin Nob","floor":7.0,"turns":4.0},{"damage":12.0,"enemies":"Lagavulin","floor":10.0,"turns":6.0},{"damage":0.0,"enemies":"Jaw Worm","floor":11.0,"turns":3.0},{"damage":8.0,"enemies":"3 Louse","floor":12.0,"turns":4.0},{"damage":1.0,"enemies":"The Guardian","floor":16.0,"turns":10.0},{"damage":2.0,"enemies":"2 Thieves","floor":18.0,"turns":3.0},{"damage":9.0,"enemies":"Shell Parasite","floor":21.0,"turns":4.0},{"damage":30,"enemies":"Slavers","floor":23,"turns":1}],"seed_played":"891737605447914314","potions_obtained":[{"floor":1.0,"key":"GhostInAJar"},{"floor":5.0,"key":"ColorlessPotion"},{"floor":7.0,"key":"Weak Potion"},{"floor":16.0,"key":"LiquidBronze"}],"is_trial":false,"path_per_floor":["M","?","?","$","M","R","E","R","T","E","M","M","R","?","R","B",null,"M","?","$","M","T","E"],"character_chosen":"THE_SILENT","items_purchased":["Choke","Footwork","Finesse"],"campfire_rested":2,"item_purchase_floors":[4,20,20],"current_hp_per_floor":[50,50,55,55,35,35,9,30,30,18,18,10,10,10,31,30,61,59,39,39,30,30,0,0],"gold":97,"neow_bonus":"BOSS_RELIC","is_daily":false,"chose_seed":false,"campfire_upgraded":2,"win_rate":0.0,"timestamp":1608008907,"path_taken":["M","?","?","$","M","R","E","R","T","E","M","M","R","?","R","BOSS","M","?","$","M","?","E"],"items_purchased_type":["Card","Card","Card"],"build_version":"2020-12-13","purchased_purges":2,"victory":false,"max_hp_per_floor":[66,66,71,71,71,71,71,71,71,71,71,71,71,71,71,71,71,71,76,76,76,76,76,76],"relic_stats":{"Centennial Puzzle":[15],"counters":[10,40],"Tiny Chest":0,"Black Star":0,"obtain_stats":[{"Centennial Puzzle":10,"Lantern":22,"Tiny Chest":9,"Black Star":17,"InkBottle":7,"Ring of the Snake":0,"Runic Pyramid":0},{"Centennial Puzzle":4,"Lantern":9,"Tiny Chest":3,"Black Star":7,"InkBottle":3,"Ring of the Snake":0,"Runic Pyramid":0},{"Centennial Puzzle":15,"Lantern":39,"Tiny Chest":9,"Black Star":32,"InkBottle":9,"Ring of the Snake":0,"Runic Pyramid":0}],"InkBottle":[8]},"card_choices":[{"not_picked":["Sucker Punch","Outmaneuver"],"picked":"Slice","floor":1.0},{"not_picked":["Well Laid Plans","Calculated Gamble"],"picked":"Underhanded Strike","floor":5.0},{"not_picked":["Calculated Gamble","Bouncing Flask"],"picked":"Terror","floor":7.0},{"not_picked":["Choke","Flying Knee"],"picked":"Deflect","floor":10.0},{"not_picked":["Backflip","Accuracy"],"picked":"Escape Plan","floor":11.0},{"not_picked":["Choke","Prepared"],"picked":"Glass Knife","floor":12.0},{"not_picked":["Venomology","Malaise"],"picked":"Bullet Time","floor":16.0},{"not_picked":["Deflect+1","Setup"],"picked":"Reflex","floor":18.0},{"not_picked":["Sucker Punch","Crippling Poison","Outmaneuver"],"picked":"SKIP","floor":21.0}],"player_experience":1164446,"relics_obtained":[{"floor":7.0,"key":"InkBottle"},{"floor":9.0,"key":"Tiny Chest"},{"floor":10.0,"key":"Centennial Puzzle"},{"floor":22.0,"key":"Lantern"}],"event_choices":[{"damage_healed":0.0,"max_hp_gain":0.0,"max_hp_loss":0.0,"gold_gain":150.0,"event_name":"Liars Game","player_choice":"AGREE","floor":2.0,"gold_loss":0.0,"damage_taken":0.0,"cards_obtained":["Doubt"]},{"damage_healed":0.0,"max_hp_gain":5.0,"max_hp_loss":0.0,"gold_gain":0.0,"event_name":"Big Fish","player_choice":"Donut","floor":3.0,"gold_loss":0.0,"damage_taken":0.0},{"damage_healed":0.0,"max_hp_gain":0.0,"max_hp_loss":0.0,"gold_gain":0.0,"event_name":"Scrap Ooze","player_choice":"Fled","floor":14.0,"gold_loss":0.0,"damage_taken":0.0},{"damage_healed":0.0,"max_hp_gain":5.0,"max_hp_loss":0.0,"gold_gain":0.0,"event_name":"Forgotten Altar","player_choice":"Shed Blood","floor":19.0,"gold_loss":0.0,"damage_taken":25.0}],"is_beta":false,"boss_relics":[{"not_picked":["HoveringKite","Runic Dome"],"picked":"Black Star"}],"items_purged_floors":[4,20],"is_endless":false,"potions_floor_spawned":[1,5,7,16],"killed_by":"Slavers","ascension_level":20}}