{"host":"sc0o2qwpf9j16a4i","time":1608046740,"event":{"mods":["AchievementEnabler","BaseMod","BetterRewards","Block Reminder","Colored Map","Colored Powertips","Custom Start","Highlight Path","Minty Spire (QoL Compilation)","Relic Stats"],"gold_per_floor":[119,64,77,95,12,12,41,41,41,41,41,41,73,84,84,158,158,177,189,189,239,9,38,38,38,38],"floor_reached":25,"playtime":768,"items_purged":[],"score":679,"play_id":"54be8d29-7021-4434-8b7e-350a570dc944","local_time":"20201215173900","is_ascension_mode":true,"campfire_choices":[{"data":"Combust","floor":6.0,"key":"SMITH"},{"data":"Body Slam","floor":8.0,"key":"SMITH"},{"data":"Twin Strike","floor":10.0,"key":"SMITH"},{"data":"Clothesline","floor":12.0,"key":"SMITH"},{"data":"Armaments","floor":15,"key":"SMITH"},{"data":"Uppercut","floor":24,"key":"SMITH"}],"circlet_count":0,"master_deck":["AscendersBane","Strike_R","Strike_R","Strike_R","Strike_R","Strike_R","Defend_R","Defend_R","Defend_R","Defend_R","Bash","Clothesline+1","Twin Strike+1","Impervious","Combust+1","Body Slam+1","Uppercut+1","Blood for Blood","Armaments+1","Feed","Shrug It Off","Headbutt","Disarm","Thunderclap","Flame Barrier+1"],"relics":["Burning Blood","Paper Frog","Meat on the Bone","Thread and Needle","Prayer Wheel","Unceasing Top","Cursed Key","Lee\u0027s Waffle","Toxic Egg 2"],"acts_visited":["Exordium","TheCity"],"potions_floor_usage":[16,18,25],"damage_taken":[{"damage":12.0,"enemies":"Cultist","floor":1.0,"turns":4.0},{"damage":4.0,"enemies":"Jaw Worm","floor":3.0,"turns":5.0},{"damage":7.0,"enemies":"2 Louse","floor":4.0,"turns":3.0},{"damage":27.0,"enemies":"Gremlin Nob","floor":7.0,"turns":4.0},{"damage":19.0,"enemies":"3 Sentries","floor":13.0,"turns":6.0},{"damage":2.0,"enemies":"Blue Slaver","floor":14.0,"turns":3.0},{"damage":21,"enemies":"The Guardian","floor":16,"turns":13},{"damage":5,"enemies":"2 Thieves","floor":18,"turns":3},{"damage":6,"enemies":"Spheric Guardian","floor":19,"turns":6},{"damage":47,"enemies":"Slavers","floor":23,"turns":5},{"damage":62,"enemies":"Gremlin Leader","floor":25,"turns":5}],"seed_played":"-3547759241506295797","potions_obtained":[{"floor":1.0,"key":"Regen Potion"},{"floor":14,"key":"ColorlessPotion"},{"floor":23,"key":"DuplicationPotion"}],"is_trial":false,"path_per_floor":["M","$","M","M","$","R","E","R","T","R","$","R","E","M","R","B",null,"M","M","?","?","$","E","R","E"],"character_chosen":"IRONCLAD","items_purchased":["Paper Frog","Meat on the Bone","Block Potion","Combust","Lee\u0027s Waffle","Thunderclap"],"campfire_rested":0,"item_purchase_floors":[0,0,2,5,22,22],"current_hp_per_floor":[54,54,56,55,55,55,48,48,48,48,48,48,47,51,51,48,68,69,73,50,50,91,54,54,0,0],"gold":38,"neow_bonus":"","is_daily":false,"chose_seed":false,"campfire_upgraded":6,"win_rate":0.0,"timestamp":1608046740,"path_taken":["M","?","M","M","?","R","E","R","T","R","?","R","E","M","R","BOSS","M","M","?","?","$","E","R","E"],"items_purchased_type":["Relic","Relic","Potion","Card","Relic","Card"],"build_version":"2020-12-13","purchased_purges":0,"victory":false,"max_hp_per_floor":[75,75,75,75,75,75,75,75,75,75,75,75,75,75,75,75,75,75,79,84,84,91,95,95,95,95],"relic_stats":{"Lee\u0027s Waffle":41,"counters":[28,131],"Prayer Wheel":4,"Cursed Key":0,"obtain_stats":[{"Lee\u0027s Waffle":22,"Happy Flower":11,"Singing Bowl":21,"Nilry\u0027s Codex":20,"Astrolabe":0,"Thread and Needle":7,"Ancient Tea Set":9,"Cursed Key":17,"Burning Blood":0,"White Beast Statue":26,"Snecko Eye":17,"MealTicket":30,"Prayer Wheel":9,"Toxic Egg 2":23,"InkBottle":7,"Unceasing Top":13,"Paper Frog":0,"Meat on the Bone":0},{"Lee\u0027s Waffle":26,"Happy Flower":7,"Singing Bowl":12,"Nilry\u0027s Codex":12,"Astrolabe":0,"Thread and Needle":21,"Ancient Tea Set":5,"Cursed Key":24,"Burning Blood":0,"White Beast Statue":13,"Snecko Eye":10,"MealTicket":16,"Prayer Wheel":21,"Toxic Egg 2":27,"InkBottle":4,"Unceasing Top":22,"Paper Frog":17,"Meat on the Bone":17},{"Lee\u0027s Waffle":121,"Happy Flower":25,"Singing Bowl":49,"Nilry\u0027s Codex":49,"Astrolabe":0,"Thread and Needle":90,"Ancient Tea Set":13,"Cursed Key":112,"Burning Blood":0,"White Beast Statue":53,"Snecko Eye":43,"MealTicket":67,"Prayer Wheel":90,"Toxic Egg 2":126,"InkBottle":10,"Unceasing Top":96,"Paper Frog":74,"Meat on the Bone":74}],"Burning Blood":60,"Unceasing Top":[0],"Meat on the Bone":72},"card_choices":[{"not_picked":["True Grit","Body Slam"],"picked":"Clothesline","floor":1.0},{"not_picked":["Sword Boomerang","Perfected Strike"],"picked":"Twin Strike","floor":3.0},{"not_picked":["Body Slam","Hemokinesis"],"picked":"Impervious","floor":4.0},{"not_picked":["Whirlwind","True Grit"],"picked":"Body Slam","floor":7.0},{"not_picked":["Ghostly Armor","Dropkick"],"picked":"Uppercut","floor":13.0},{"not_picked":["Intimidate","Perfected Strike"],"picked":"Blood for Blood","floor":14},{"not_picked":["Clash","Rage"],"picked":"Armaments","floor":14},{"not_picked":["Limit Break","Impervious"],"picked":"Feed","floor":16},{"not_picked":["Second Wind","Thunderclap"],"picked":"Shrug It Off","floor":18},{"not_picked":["Warcry","Second Wind","Pummel+1"],"picked":"SKIP","floor":18},{"not_picked":["Pommel Strike","Flex"],"picked":"Headbutt","floor":19},{"not_picked":["Searing Blow","Shrug It Off"],"picked":"Disarm","floor":19},{"not_picked":["Anger","Flex+1"],"picked":"Flame Barrier+1","floor":23}],"player_experience":336596,"relics_obtained":[{"floor":7.0,"key":"Thread and Needle"},{"floor":9.0,"key":"Prayer Wheel"},{"floor":13.0,"key":"Unceasing Top"},{"floor":23,"key":"Toxic Egg 2"}],"event_choices":[{"damage_healed":0,"gold_gain":0,"player_choice":"Shed Blood","damage_taken":28,"max_hp_gain":5,"max_hp_loss":0,"event_name":"Forgotten Altar","floor":20,"gold_loss":0},{"damage_healed":0,"gold_gain":50,"player_choice":"Stole From Cult","damage_taken":0,"max_hp_gain":0,"max_hp_loss":0,"event_name":"Nest","floor":21,"gold_loss":0}],"is_beta":false,"boss_relics":[{"not_picked":["Black Blood","Empty Cage"],"picked":"Cursed Key"}],"items_purged_floors":[],"is_endless":false,"potions_floor_spawned":[1,4,14,23],"killed_by":"Gremlin Leader","ascension_level":20}}