{"host":"5gc11emcm5chfr5t","time":1608074743,"event":{"mods":["2.2 Compatiblity","AchievementEnabler","BaseMod","Bestiary","Better Note","Colored Map","Colored Powertips","Downfall","Googly Eyes","Minty Spire (QoL Compilation)","Rare Cards Sparkle","StSLib"],"gold_per_floor":[99,84,99,118,293,312,312,345,195,224,243,253,353,353,364,364,364],"floor_reached":16,"playtime":663,"items_purged":[],"score":140,"play_id":"ea9aab51-0703-4a56-9125-2f91323fc364","local_time":"20201215182543","is_ascension_mode":true,"campfire_choices":[{"floor":1.0,"key":"RECALL"},{"floor":9.0,"key":"REST"}],"circlet_count":0,"master_deck":["sneckomod:Strike","sneckomod:Strike","sneckomod:Defend","sneckomod:Defend","sneckomod:Defend","sneckomod:TailWhip","sneckomod:SnekBite","sneckomod:Unknown","sneckomod:Unknown","sneckomod:UnknownUncommonAttack","sneckomod:Unknown1Cost","sneckomod:SnekBeam","sneckomod:ImprovisedGuard","sneckomod:UnknownVulnerable","sneckomod:Restock+1","sneckomod:Nope","sneckomod:UnknownClassTHE_CHAMP_GRAY","sneckomod:SoulExchange+1","sneckomod:WideSting","sneckomod:SerpentIdol"],"relics":["sneckomod:SneckoSoul","Du-Vu Doll","sneckomod:ConfusingCodex","Vajra","downfall:HeartBlessingRed","downfall:HeartBlessingGreen","Omamori"],"acts_visited":["Exordium"],"potions_floor_usage":[13,16],"damage_taken":[{"damage":0.0,"enemies":"downfall:FleeingMerchant","floor":2.0,"turns":4.0},{"damage":3.0,"enemies":"2 Louse","floor":3.0,"turns":2.0},{"damage":7.0,"enemies":"Jaw Worm","floor":4.0,"turns":6.0},{"damage":0.0,"enemies":"Cultist","floor":6.0,"turns":2.0},{"damage":35.0,"enemies":"Gremlin Nob","floor":8.0,"turns":6.0},{"damage":16.0,"enemies":"Lagavulin","floor":10.0,"turns":7.0},{"damage":6.0,"enemies":"Blue Slaver","floor":11.0,"turns":2.0},{"damage":0.0,"enemies":"Red Slaver","floor":12.0,"turns":4.0},{"damage":30,"enemies":"downfall:Heads","floor":13,"turns":5},{"damage":0,"enemies":"Gremlin Gang","floor":15,"turns":1},{"damage":14,"enemies":"downfall:Ironclad","floor":16,"turns":2}],"seed_played":"8608483114593797149","potions_obtained":[{"floor":4.0,"key":"DistilledChaos"},{"floor":6.0,"key":"Energy Potion"},{"floor":10.0,"key":"GamblersBrew"},{"floor":15,"key":"Ancient Potion"}],"is_trial":false,"path_per_floor":["R","$","M","M","?","M","T","E","R","E","M","M","?","?","M","B"],"character_chosen":"THE_SNECKO","items_purchased":[],"campfire_rested":1,"item_purchase_floors":[],"current_hp_per_floor":[81,82,80,73,73,73,73,39,64,48,42,43,13,13,13,0,0],"gold":364,"neow_bonus":"ONE_RARE_RELIC","is_daily":false,"chose_seed":false,"campfire_upgraded":0,"win_rate":0.0,"timestamp":1608074743,"path_taken":["R","$","M","M","?","M","T","E","R","E","M","M","?","?","M","BOSS"],"items_purchased_type":[],"build_version":"2020-12-13","purchased_purges":0,"victory":false,"max_hp_per_floor":[81,82,83,83,83,83,83,84,84,84,84,85,85,85,85,85,85],"card_choices":[{"not_picked":["sneckomod:Unknown1Cost","sneckomod:QuickBite"],"picked":"sneckomod:UnknownUncommonAttack","floor":2.0},{"not_picked":["sneckomod:RainOfDice","sneckomod:SoulDraw"],"picked":"sneckomod:Unknown1Cost","floor":3.0},{"not_picked":["sneckomod:WideSting","sneckomod:QuickMove"],"picked":"sneckomod:SnekBeam","floor":4.0},{"not_picked":["sneckomod:UnknownWeak","sneckomod:UnknownClassSLIMEBOUND"],"picked":"sneckomod:ImprovisedGuard","floor":6.0},{"not_picked":["sneckomod:DiceBlock","sneckomod:UnknownWeak"],"picked":"sneckomod:UnknownVulnerable","floor":8.0},{"not_picked":["sneckomod:ImprovisedGuard","sneckomod:Nope"],"picked":"sneckomod:Restock","floor":10.0},{"not_picked":["sneckomod:MixItUp","sneckomod:UnknownVulnerable"],"picked":"sneckomod:Nope","floor":11.0},{"not_picked":["sneckomod:SoulRoll","sneckomod:Nope"],"picked":"sneckomod:UnknownClassTHE_CHAMP_GRAY","floor":12.0},{"not_picked":["sneckomod:QuickBite","sneckomod:UnknownCommonAttack"],"picked":"sneckomod:WideSting","floor":13},{"not_picked":["sneckomod:UnknownClassGREEN","sneckomod:UnknownVulnerable"],"picked":"sneckomod:SerpentIdol","floor":15}],"player_experience":383154,"relics_obtained":[{"floor":7.0,"key":"sneckomod:ConfusingCodex"},{"floor":8.0,"key":"Vajra"},{"floor":10.0,"key":"Omamori"}],"event_choices":[{"damage_healed":0,"gold_gain":0,"player_choice":"Forge","damage_taken":0,"max_hp_gain":0,"max_hp_loss":0,"event_name":"Accursed Blacksmith","floor":14,"gold_loss":0,"cards_upgraded":["sneckomod:SoulExchange"]}],"is_beta":false,"boss_relics":[],"items_purged_floors":[],"is_endless":false,"potions_floor_spawned":[4,6,10,15],"killed_by":"downfall:Ironclad","ascension_level":5}}