{"host":"ygqjzatmv950topu","time":1608063309,"event":{"mods":["Aspiration","BaseMod","Colored Map","Colored Powertips","Downfall","Jorbs\u0027s Wanderer Trilogy","Minty Spire (QoL Compilation)","StSLib","The Hierophant","The Runesmith"],"gold_per_floor":[116,127,142,157,9,9,25,34,34,56,81,81,121,121,121,231,231,150,100,120,148,174,174,203,203,203,203,231,251,251,251,251],"floor_reached":31,"playtime":2526,"items_purged":["Regret"],"score":241,"play_id":"b64f3397-a214-4df4-bda9-1f6ac7110f64","local_time":"20201215121509","is_ascension_mode":false,"campfire_choices":[{"data":"Runesmith:Empowerment","floor":6,"key":"SMITH"},{"data":"Runesmith:Grindstone","floor":12,"key":"SMITH"},{"floor":15,"key":"REST"},{"floor":23,"key":"REST"},{"floor":25,"key":"REST"},{"data":"Runesmith:Firestorm","floor":27,"key":"SMITH"}],"circlet_count":0,"master_deck":["Runesmith:Strike_RS","Runesmith:Strike_RS","Runesmith:Strike_RS","Runesmith:Defend_RS","Runesmith:Defend_RS","Runesmith:Defend_RS","Runesmith:Defend_RS","Runesmith:CraftFirestone","Runesmith:Fortify","Runesmith:ChiselStab","Runesmith:Empowerment+1","Runesmith:EarthShield","Runesmith:CraftProtectio","Runesmith:HeatedChisel","Runesmith:LithiumIon","Runesmith:Grindstone+1","Runesmith:UnlimitedPower","Runesmith:LightningRod","Runesmith:FieryHammer","Runesmith:Firestorm+1","Runesmith:HammerThrow+1","Runesmith:HammerThrow+1","Runesmith:CraftMagma","Runesmith:BackupBattery+1","Runesmith:ChaoticBlast+1","Runesmith:HeatExchange"],"relics":["Runesmith:CoreCrystal","Bag of Preparation","Membership Card","CeramicFish","Pen Nib","The Courier"],"acts_visited":["Exordium","TheCity"],"potions_floor_usage":[10,16,18,21,22,24,31],"damage_taken":[{"damage":0,"enemies":"Small Slimes","floor":1,"turns":3},{"damage":0,"enemies":"2 Louse","floor":2,"turns":2},{"damage":9,"enemies":"Cultist","floor":3,"turns":4},{"damage":10,"enemies":"Red Slaver","floor":4,"turns":4},{"damage":0,"enemies":"Blue Slaver","floor":7,"turns":5},{"damage":4,"enemies":"Lots of Slimes","floor":10,"turns":5},{"damage":5,"enemies":"Exordium Wildlife","floor":11,"turns":5},{"damage":26,"enemies":"3 Sentries","floor":13,"turns":8},{"damage":27,"enemies":"Hexaghost","floor":16,"turns":11},{"damage":24,"enemies":"2 Thieves","floor":18,"turns":5},{"damage":5,"enemies":"Shell Parasite","floor":20,"turns":10},{"damage":1,"enemies":"Shelled Parasite and Fungi","floor":21,"turns":13},{"damage":27,"enemies":"Centurion and Healer","floor":22,"turns":12},{"damage":17,"enemies":"Snake Plant","floor":24,"turns":6},{"damage":24,"enemies":"Chosen and Byrds","floor":28,"turns":6},{"damage":16,"enemies":"Sentry and Sphere","floor":29,"turns":8},{"damage":21,"enemies":"Snake Plant","floor":31,"turns":4}],"seed_played":"-3840430485162065960","potions_obtained":[{"floor":3,"key":"DistilledChaos"},{"floor":4,"key":"Ancient Potion"},{"floor":10,"key":"FairyPotion"},{"floor":11,"key":"Block Potion"},{"floor":14,"key":"hexamod:EctoCoolerPotion"},{"floor":16,"key":"Ancient Potion"},{"floor":21,"key":"DuplicationPotion"},{"floor":22,"key":"SneckoOil"},{"floor":29,"key":"SkillPotion"}],"is_trial":false,"path_per_floor":["M","M","M","M","$","R","M","?","T","M","M","R","E","?","R","B",null,"M","$","M","M","M","R","M","R","T","R","M","M","?","M"],"character_chosen":"RUNESMITH_CLASS","items_purchased":["Membership Card","Runesmith:Firestorm"],"campfire_rested":3,"item_purchase_floors":[5,19],"current_hp_per_floor":[70,70,61,51,51,51,51,51,51,47,42,42,16,16,37,10,70,46,46,41,40,13,34,17,38,38,38,14,21,21,0,0],"gold":251,"neow_bonus":"RANDOM_COMMON_RELIC","is_daily":false,"chose_seed":false,"campfire_upgraded":3,"win_rate":0.0,"timestamp":1608063309,"path_taken":["M","M","M","M","$","R","M","?","T","M","M","R","E","?","R","BOSS","M","?","M","M","M","R","M","R","T","R","M","?","?","M"],"items_purchased_type":["Relic","Card"],"build_version":"2020-12-13","purchased_purges":1,"victory":false,"max_hp_per_floor":[70,70,70,70,70,70,70,70,70,70,70,70,70,70,70,70,70,70,70,70,70,70,70,70,70,70,70,70,70,70,70,70],"card_choices":[{"not_picked":["Runesmith:Prism","Runesmith:Repurpose"],"picked":"Runesmith:ChiselStab","floor":1},{"not_picked":["Runesmith:LithiumIon","Runesmith:Attraction"],"picked":"Runesmith:Empowerment","floor":2},{"not_picked":["Runesmith:Discharge","Runesmith:BackupBattery"],"picked":"Runesmith:EarthShield","floor":3},{"not_picked":["Runesmith:CraftVitae","Runesmith:HeatedChisel"],"picked":"Runesmith:CraftProtectio","floor":4},{"not_picked":["Runesmith:GoWithTheFlow","Runesmith:MakeshiftArmor"],"picked":"Runesmith:HeatedChisel","floor":7},{"not_picked":["Runesmith:EarthShield","Runesmith:HammerThrow"],"picked":"Runesmith:LithiumIon","floor":10},{"not_picked":["Runesmith:EnergizedChisel","Runesmith:ChargedHammer"],"picked":"Runesmith:Grindstone","floor":11},{"not_picked":["Runesmith:GoWithTheFlow","Runesmith:PerfectChisel"],"picked":"Runesmith:UnlimitedPower","floor":13},{"not_picked":["Runesmith:UnlimitedPower","Runesmith:Supernova"],"picked":"Runesmith:LightningRod","floor":16},{"not_picked":["Runesmith:HammerThrow","Runesmith:Superposition+1"],"picked":"Runesmith:FieryHammer","floor":18},{"not_picked":["Runesmith:Discharge","Runesmith:ShiftingStrike"],"picked":"Runesmith:HammerThrow+1","floor":20},{"not_picked":["Runesmith:UnstableHammer+1","Runesmith:ChiselStab"],"picked":"Runesmith:HammerThrow+1","floor":21},{"not_picked":["Runesmith:CraftProtectio","Runesmith:Accelerate+1"],"picked":"Runesmith:CraftMagma","floor":22},{"not_picked":["Runesmith:ChiselStab+1","Runesmith:Supernova"],"picked":"Runesmith:BackupBattery+1","floor":24},{"not_picked":["Runesmith:Overpower","Runesmith:ChiselStab+1"],"picked":"Runesmith:ChaoticBlast+1","floor":28},{"not_picked":["Runesmith:ShiftingStrike+1","Runesmith:Firewall"],"picked":"Runesmith:HeatExchange","floor":29}],"player_experience":731449,"relics_obtained":[{"floor":13,"key":"Pen Nib"},{"floor":26,"key":"The Courier"}],"event_choices":[{"damage_healed":0,"gold_gain":0,"player_choice":"Box","damage_taken":0,"relics_obtained":["CeramicFish"],"max_hp_gain":0,"max_hp_loss":0,"event_name":"Big Fish","floor":8,"gold_loss":0,"cards_obtained":["Regret"]},{"damage_healed":0,"gold_gain":0,"player_choice":"Got Potions","damage_taken":0,"max_hp_gain":0,"max_hp_loss":0,"event_name":"Lab","floor":14,"gold_loss":0},{"cards_removed":["Runesmith:Strike_RS"],"damage_healed":0,"gold_gain":0,"player_choice":"Offered Basic","damage_taken":0,"max_hp_gain":0,"max_hp_loss":0,"event_name":"Bonfire Elementals","floor":30,"gold_loss":0}],"is_beta":false,"boss_relics":[{"not_picked":["Astrolabe","Tiny House"],"picked":"Runesmith:CoreCrystal"}],"items_purged_floors":[19],"is_endless":false,"potions_floor_spawned":[3,4,10,11,16,21,22,29],"killed_by":"Snake Plant","ascension_level":0}}