{"host":"d0verjtbj2sjunpo","time":1608017106,"event":{"mods":["AchievementEnabler","Aspiration","BaseMod","Better Altar","Better Third Choice","BetterRewards","Downfall","Marisa????????","Minty Spire (QoL Compilation)","Replay The Spire","StSLib","The Cursed","The Servant 0.9.4"],"gold_per_floor":[111,72,84,103,120,120,153,153,153,153,167,167,181,197,197,300,300,311,311,311,321,166,166,179,212,212,212,212,227,258,183,183,287,287,305,322,372,372,392,392,392,392],"floor_reached":41,"playtime":4880,"items_purged":["Decay"],"score":458,"play_id":"58226ffe-7bdd-4cc3-b2b6-8feedd144f7a","local_time":"20201215012506","is_ascension_mode":false,"campfire_choices":[{"data":"PropBag","floor":6,"key":"SMITH"},{"floor":8,"key":"REST"},{"floor":12,"key":"REST"},{"floor":15,"key":"REST"},{"data":"PropBag","floor":23,"key":"SMITH"},{"floor":27,"key":"REST"},{"floor":32,"key":"REST"},{"floor":40,"key":"REST"}],"circlet_count":0,"master_deck":["Strike_MRS+1","Strike_MRS+1","Strike_MRS+1","Strike_MRS+1","Defend_MRS+1","Defend_MRS+1","Defend_MRS+1","Defend_MRS+1","MasterSpark","UpSweep","PowerUp","GrandCross","GrandCross","PropBag+1","MagicAbsorber","PowerUp","BlazeAway","6A","OrrerysSun","PropBag+1","JA","OpenUniverse","MagicChant","StarBarrage","MilkyWay","AbsoluteMagnitude","DeepEcoloBomb","BlazingStar","CurseOfTheBell","GrandCross","GalacticHalo+1","PowerUp","Madness","Madness","SprinkleStarSeal"],"relics":["MiniHakkero","NeowsBlessing","HandmadeGrimoire","Akabeko","Enchiridion","Lee\u0027s Waffle","Ginger","Thread and Needle","Incense Burner","Calling Bell","Blue Doll","Kunai","FossilizedHelix","Replay:Multitool","Sundial","Shuriken"],"acts_visited":["Exordium","TheCity","TheBeyond"],"potions_floor_usage":[16,16,16,30,33,35,41,41],"damage_taken":[{"damage":0,"enemies":"2 Louse","floor":1,"turns":1},{"damage":0,"enemies":"Small Slimes","floor":3,"turns":1},{"damage":0,"enemies":"Cultist","floor":4,"turns":1},{"damage":1,"enemies":"3 Louse","floor":5,"turns":3},{"damage":39,"enemies":"3 Sentries","floor":7,"turns":10},{"damage":0,"enemies":"2 Fungi Beasts","floor":11,"turns":2},{"damage":10,"enemies":"Looter","floor":13,"turns":2},{"damage":11,"enemies":"Exordium Thugs","floor":14,"turns":3},{"damage":41,"enemies":"Fading Forest","floor":16,"turns":11},{"damage":12,"enemies":"Chosen","floor":18,"turns":3},{"damage":12,"enemies":"Shell Parasite","floor":21,"turns":4},{"damage":18,"enemies":"Snake Plant","floor":24,"turns":5},{"damage":18,"enemies":"Replay:Snechameleon","floor":25,"turns":7},{"damage":14,"enemies":"Shelled Parasite and Fungi","floor":29,"turns":5},{"damage":48,"enemies":"Gremlin Leader","floor":30,"turns":8},{"damage":13,"enemies":"Automaton","floor":33,"turns":10},{"damage":31,"enemies":"3 Darklings","floor":35,"turns":7},{"damage":0,"enemies":"Orb Walker","floor":36,"turns":2},{"damage":0,"enemies":"Mind Bloom Boss Battle","floor":37,"turns":3},{"damage":20,"enemies":"3 Darklings","floor":39,"turns":10},{"damage":51,"enemies":"Giant Head","floor":41,"turns":8}],"seed_played":"-716047436457629790","potions_obtained":[{"floor":1,"key":"Weak Potion"},{"floor":5,"key":"sneckomod:MuddlingPotion"},{"floor":7,"key":"AttackPotion"},{"floor":21,"key":"Explosive Potion"},{"floor":24,"key":"BlessingOfTheForge"},{"floor":33,"key":"AttackPotion"},{"floor":35,"key":"Swift Potion"},{"floor":36,"key":"GamblersBrew"}],"is_trial":false,"path_per_floor":["M","$","M","M","M","R","E","R","T","?","M","R","M","M","R","B",null,"M","?","?","M","$","R","M","E","T","R","?","M","E","$","R","B",null,"M","M","?","?","M","R","E"],"character_chosen":"MARISA","items_purchased":["GrandCross","Lee\u0027s Waffle"],"campfire_rested":6,"item_purchase_floors":[2,22],"current_hp_per_floor":[75,75,75,75,74,74,47,69,69,44,44,66,56,45,67,38,75,63,63,47,35,82,82,64,46,46,70,70,56,8,8,32,19,82,51,51,51,41,21,45,0,0],"gold":392,"neow_bonus":"THREE_ENEMY_KILL","is_daily":false,"chose_seed":false,"campfire_upgraded":2,"win_rate":0.0,"timestamp":1608017106,"path_taken":["M","$","M","M","M","R","E","R","T","?","M","R","M","M","R","BOSS","M","?","?","M","$","R","M","E","T","R","?","M","E","$","R","BOSS","M","?","?","?","M","R","E"],"items_purchased_type":["Card","Relic"],"build_version":"2020-12-13","purchased_purges":1,"victory":false,"max_hp_per_floor":[75,75,75,75,75,75,75,75,75,75,75,75,75,75,75,75,75,75,75,75,75,82,82,82,82,82,82,82,82,82,82,82,82,82,82,82,82,82,82,82,82,82],"card_choices":[{"not_picked":["LuminesStrike","IllusionStar"],"picked":"PowerUp","floor":1},{"not_picked":["EnergyRecoil","NonDirectionalLaser"],"picked":"PropBag","floor":3},{"not_picked":["MysteriousBeam","DoubleSpark"],"picked":"MagicAbsorber","floor":4},{"not_picked":["EventHorizon","MilkyWay"],"picked":"PowerUp","floor":5},{"not_picked":["ShootingEcho","GalacticHalo"],"picked":"BlazeAway","floor":7},{"not_picked":["OneTimeOff","SporeBomb"],"picked":"6A","floor":11},{"not_picked":["ShootingEcho","Acceleration"],"picked":"OrrerysSun","floor":13},{"not_picked":["DarkSpark","MagicAbsorber"],"picked":"PropBag","floor":14},{"not_picked":["StarDustReverie","MaximisePower"],"picked":"JA","floor":16},{"not_picked":["ShootingEcho","UnstableBomb"],"picked":"OpenUniverse","floor":18},{"not_picked":["ShootingEcho","Acceleration+1"],"picked":"MagicChant","floor":21},{"not_picked":["ShootingEcho","DragonMeteor"],"picked":"StarBarrage","floor":24},{"not_picked":["DC","UnstableBomb+1"],"picked":"MilkyWay","floor":25},{"not_picked":["DeepEcoloBomb","GalacticHalo"],"picked":"AbsoluteMagnitude","floor":29},{"not_picked":["UnstableBomb+1","DoubleSpark"],"picked":"DeepEcoloBomb","floor":30},{"not_picked":["SuperNova","BigCrunch"],"picked":"BlazingStar","floor":33},{"not_picked":["Acceleration+1","WitchLeyline"],"picked":"GrandCross","floor":35},{"not_picked":["WitchOfGreed+1","GrandCross+1"],"picked":"GalacticHalo+1","floor":36},{"not_picked":["ChargingUp+1","IllusionStar+1"],"picked":"PowerUp","floor":37},{"not_picked":["WitchOfGreed","GasGiant"],"picked":"SprinkleStarSeal","floor":39}],"player_experience":160775,"relics_obtained":[{"floor":7,"key":"HandmadeGrimoire"},{"floor":20,"key":"Enchiridion"},{"floor":25,"key":"Ginger"},{"floor":26,"key":"Thread and Needle"},{"floor":30,"key":"Incense Burner"},{"floor":34,"key":"Blue Doll"},{"floor":34,"key":"Kunai"},{"floor":34,"key":"FossilizedHelix"},{"floor":37,"key":"Replay:Multitool"}],"event_choices":[{"damage_healed":0,"gold_gain":1,"player_choice":"Relic ","damage_taken":25,"max_hp_gain":0,"max_hp_loss":0,"event_name":"betterThird:BetterScrap","floor":10,"gold_loss":0,"cards_obtained":["Pummel"]},{"damage_healed":0,"gold_gain":0,"player_choice":"Simplicity","damage_taken":0,"max_hp_gain":0,"max_hp_loss":8,"event_name":"betterThird:BetterWriting","floor":19,"gold_loss":0},{"damage_healed":0,"gold_gain":0,"player_choice":"Obtained Book","damage_taken":16,"max_hp_gain":0,"max_hp_loss":0,"event_name":"Cursed Tome","floor":20,"gold_loss":0},{"damage_healed":0,"gold_gain":0,"player_choice":"Cursed","damage_taken":0,"max_hp_gain":0,"max_hp_loss":0,"event_name":"Wheel of Change","floor":28,"gold_loss":0,"cards_obtained":["Decay"]},{"damage_healed":0,"gold_gain":0,"player_choice":"Fight","damage_taken":0,"max_hp_gain":0,"max_hp_loss":0,"event_name":"MindBloom","floor":37,"gold_loss":0},{"damage_healed":0,"gold_gain":0,"player_choice":"Embrace Madness","damage_taken":10,"max_hp_gain":0,"max_hp_loss":0,"event_name":"Winding Halls","floor":38,"gold_loss":0,"cards_obtained":["Madness","Madness"]}],"is_beta":false,"boss_relics":[{"not_picked":["Replay:Drink Me","Coffee Dripper","Kintsugi"]},{"not_picked":["Snecko Eye","ExperimentalFamiliar"],"picked":"Calling Bell"}],"items_purged_floors":[31],"is_endless":false,"potions_floor_spawned":[1,5,7,14,21,24,33,35,36],"killed_by":"Giant Head","ascension_level":0}}