{"host":"sle1h3v1q4bnun10","time":1608004837,"event":{"mods":["BaseMod","Challenge The Spire","Downfall","Minty Spire (QoL Compilation)","READ ME - Guardian Mod","Replay The Spire","Shop Mod","StSLib","The Cursed"],"gold_per_floor":[99,99,114,114,28,44,67,78,91,16,32,17,17,2,14,114,114,114,132,148,168,168,179,206,206,306,320,59,59,100,100,120,219,219,219,237,237,252,252,264,264,264,38,63,82,30,43,4,14,14],"floor_reached":51,"playtime":3996,"items_purged":["TheCursedMod:Dregs","Guardian:Defend_Guardian"],"score":746,"play_id":"c1ade360-500b-4110-be1f-7f14ffad4a3d","local_time":"20201215120037","is_ascension_mode":false,"campfire_choices":[{"floor":1.0,"key":"RECALL"},{"data":"Guardian:EvasiveProtocol","floor":10.0,"key":"SMITH"},{"data":"Guardian:BaubleBeam","floor":18.0,"key":"SMITH"},{"data":"Guardian:TimeSifter","floor":22.0,"key":"SMITH"},{"data":"Guardian:ChargeUp","floor":25,"key":"SMITH"},{"data":"expansioncontent:QuickStudy","floor":35,"key":"SMITH"},{"data":"Guardian:AncientConstruct","floor":37,"key":"SMITH"},{"data":"Guardian:TimeCapacitor","floor":39,"key":"SMITH"},{"data":"Guardian:TemporalShield","floor":42,"key":"SMITH"}],"circlet_count":0,"master_deck":["Guardian:Defend_Guardian+1","Guardian:CurlUp+1","Guardian:TwinSlam","Guardian:TemporalShield","Guardian:TemporalStrike","Guardian:EvasiveProtocol+1","Guardian:PiercingHide","Guardian:BaubleBeam+1","Guardian:ChargeUp+1","Guardian:ChargeCore","Guardian:BronzeOrb","Guardian:TimeSifter+1","Guardian:PiercingHide+1","Guardian:Suspension+1","Guardian:Suspension+1","Guardian:StasisField","Guardian:RevengeProtocol","Guardian:TemporalShield+1","Dramatic Entrance","expansioncontent:QuickStudy+1","Guardian:Orbwalk+1","Guardian:TimeCapacitor+1","Guardian:AncientConstruct+1","CurseOfTheBell","Guardian:Orbwalk+1","Guardian:DecasProtection","Guardian:WalkerClaw+1","Guardian:Gem_Blue"],"relics":["Painkiller Herb","Boot","downfall:HeartBlessingRed","Replay:Drink Me","War Paint","downfall:GremlinSack","Replay:Baseball","Calling Bell","Happy Flower","Mercury Hourglass","FossilizedHelix","Bottled Flame","OrangePellets","TungstenRod"],"acts_visited":["Exordium","TheCity","TheBeyond"],"potions_floor_usage":[26,33,33,33,49,50,50],"damage_taken":[{"damage":0.0,"enemies":"Small Slimes","floor":3.0,"turns":3.0},{"damage":0.0,"enemies":"downfall:FleeingMerchant","floor":5.0,"turns":4.0},{"damage":0.0,"enemies":"Jaw Worm","floor":6.0,"turns":4.0},{"damage":0.0,"enemies":"Cultist","floor":8.0,"turns":4.0},{"damage":3.0,"enemies":"Exordium Thugs","floor":9.0,"turns":4.0},{"damage":0.0,"enemies":"3 Louse","floor":11.0,"turns":3.0},{"damage":0.0,"enemies":"downfall:FleeingMerchant","floor":12.0,"turns":4.0},{"damage":0.0,"enemies":"downfall:FleeingMerchant","floor":14.0,"turns":4.0},{"damage":0.0,"enemies":"Gremlin Gang","floor":15.0,"turns":3.0},{"damage":46.0,"enemies":"downfall:Defect","floor":16.0,"turns":8.0},{"damage":0.0,"enemies":"Chosen","floor":19.0,"turns":3.0},{"damage":0.0,"enemies":"3 Cultists","floor":20.0,"turns":6.0},{"damage":0.0,"enemies":"Snake Plant","floor":21.0,"turns":3.0},{"damage":0,"enemies":"Centurion and Healer","floor":23,"turns":5},{"damage":0,"enemies":"Centurion and Healer","floor":26,"turns":3},{"damage":0,"enemies":"3 Cultists","floor":27,"turns":6},{"damage":0,"enemies":"downfall:FleeingMerchant","floor":28,"turns":4},{"damage":0,"enemies":"downfall:FleeingMerchant","floor":30,"turns":3},{"damage":0,"enemies":"Chosen and Byrds","floor":32,"turns":3},{"damage":7,"enemies":"downfall:Ironclad","floor":33,"turns":6},{"damage":0,"enemies":"Orb Walker","floor":36,"turns":3},{"damage":0,"enemies":"3 Darklings","floor":38,"turns":5},{"damage":0,"enemies":"Spire Growth","floor":40,"turns":4},{"damage":0,"enemies":"Giant Head","floor":44,"turns":6},{"damage":0,"enemies":"Jaw Worm Horde","floor":45,"turns":4},{"damage":0,"enemies":"3 Darklings","floor":47,"turns":4},{"damage":0,"enemies":"4 Shapes","floor":49,"turns":4},{"damage":0,"enemies":"downfall:Silent","floor":50,"turns":8}],"seed_played":"6853898485546010636","potions_obtained":[{"floor":6.0,"key":"Venom Potion"},{"floor":9.0,"key":"FearPotion"},{"floor":11.0,"key":"SkillPotion"},{"floor":15.0,"key":"FearPotion"},{"floor":16.0,"key":"ColorlessPotion"},{"floor":21.0,"key":"Fire Potion"},{"floor":26,"key":"DuplicationPotion"},{"floor":29,"key":"CultistPotion"},{"floor":32,"key":"Milkshake"},{"floor":40,"key":"SpeedPotion"},{"floor":45,"key":"Fire Potion"}],"is_trial":false,"path_per_floor":["T","?","?","?","T","?","T","?","?","T","?","T","?","T","?","B",null,"T","?","?","?","T","?","T","T","?","?","T","?","T","?","?","B",null,"T","?","T","?","T","?","T","T","T","E","?","T","?","T","?","B",null],"character_chosen":"GUARDIAN","items_purchased":["Guardian:Gem_White","expansioncontent:QuickStudy","Replay:Baseball","Guardian:Orbwalk","OrangePellets","Guardian:DecasProtection","PowerPotion","Guardian:WalkerClaw+1"],"campfire_rested":0,"item_purchase_floors":[5,28,30,30,43,43,46,48],"current_hp_per_floor":[80,80,80,80,80,80,80,80,77,77,77,77,77,77,77,31,60,60,60,60,60,60,60,60,60,60,60,60,60,60,52,52,45,60,60,60,60,60,60,60,60,60,60,60,60,60,60,60,60,60],"gold":14,"neow_bonus":"BOSS_RELIC","is_daily":false,"chose_seed":false,"campfire_upgraded":8,"win_rate":0.0,"timestamp":1608004837,"path_taken":["T","?","?","?","T","?","T","?","?","T","?","T","?","T","?","BOSS","T","?","?","?","T","?","T","T","?","?","T","?","T","?","?","BOSS","T","?","T","?","T","?","T","T","T","E","?","T","?","T","?","BOSS"],"items_purchased_type":["Card","Card","Relic","Card","Relic","Card","Potion","Card"],"build_version":"2020-12-13","purchased_purges":2,"victory":true,"max_hp_per_floor":[80,80,80,80,80,80,80,80,80,80,80,80,80,80,80,80,60,60,60,60,60,60,60,60,60,60,60,60,60,60,60,60,60,60,60,60,60,60,60,60,60,60,60,60,60,60,60,60,60,60],"card_choices":[{"not_picked":["Guardian:ChargeCore","Guardian:PrismaticBarrier"],"picked":"Guardian:TemporalShield","floor":3.0},{"not_picked":["Guardian:TemporalShield","Guardian:Recover"],"picked":"Guardian:TemporalStrike","floor":5.0},{"not_picked":["Guardian:TemporalStrike","Guardian:RollAttack"],"picked":"Guardian:EvasiveProtocol","floor":6.0},{"not_picked":["Guardian:RollAttack","Guardian:PolyBeam"],"picked":"Guardian:PiercingHide","floor":8.0},{"not_picked":["Guardian:Gem_Red","Guardian:TemporalStrike"],"picked":"Guardian:BaubleBeam","floor":9.0},{"not_picked":["Guardian:Gem_Lightblue","Guardian:TemporalShield"],"picked":"Guardian:ChargeUp","floor":11.0},{"not_picked":["Guardian:TimeCapacitor","Guardian:Gem_Fragmented"],"picked":"Guardian:ChargeCore","floor":12.0},{"not_picked":["Guardian:PiercingHide","Guardian:ChargeCore"],"picked":"Guardian:BronzeOrb","floor":14.0},{"not_picked":["Guardian:Gem_Lightblue","Guardian:DecasProtection"],"picked":"Guardian:TimeSifter","floor":15.0},{"not_picked":["Guardian:CrystalBeam","Guardian:TemporalShield+1"],"picked":"Guardian:PiercingHide+1","floor":19.0},{"not_picked":["Guardian:PrismaticBeam","Guardian:Planning+1"],"picked":"Guardian:Suspension+1","floor":20.0},{"not_picked":["Guardian:PrismaticBarrier","Guardian:Gem_Green","Guardian:TemporalShield"],"picked":"SKIP","floor":21.0},{"not_picked":["Guardian:RollAttack","Guardian:Planning+1"],"picked":"Guardian:Suspension+1","floor":23},{"not_picked":["Guardian:Gem_Cyan","Guardian:Incinerate"],"picked":"Guardian:StasisField","floor":26},{"not_picked":["Guardian:PrismaticBeam+1","Guardian:Recover","Guardian:TemporalShield+1"],"picked":"SKIP","floor":27},{"not_picked":["Guardian:ShieldCharger+1","Guardian:BaubleBeam"],"picked":"Guardian:Gem_White","floor":28},{"not_picked":["Guardian:BronzeOrb","Guardian:ChargeCore","Guardian:Harden"],"picked":"SKIP","floor":30},{"not_picked":["Guardian:VentSteam","Guardian:PiercingHide+1"],"picked":"Guardian:TimeCapacitor","floor":32},{"not_picked":["Guardian:RevengeProtocol","Guardian:SphericShield"],"picked":"Guardian:AncientConstruct","floor":33},{"not_picked":["Guardian:RollAttack+1","Guardian:Gem_Green","Guardian:Gem_Red"],"picked":"SKIP","floor":36},{"not_picked":["Guardian:RollAttack+1","Guardian:Planning+1"],"picked":"Guardian:Orbwalk+1","floor":38},{"not_picked":["Guardian:Gem_Lightblue","Guardian:PrismaticBeam"],"picked":"Guardian:Gem_White","floor":40},{"not_picked":["Guardian:PiercingHide+1","Guardian:TemporalStrike","Guardian:PrimingBeam+1"],"picked":"SKIP","floor":44},{"not_picked":["Guardian:FierceBash","Guardian:Gem_Crimson","Guardian:TemporalStrike+1"],"picked":"SKIP","floor":45},{"not_picked":["Guardian:ShieldCharger+1","Guardian:Planning","Guardian:Reroute"],"picked":"SKIP","floor":47},{"not_picked":["Guardian:MultiBeam","Guardian:DonusPower"],"picked":"Guardian:Gem_Blue","floor":49}],"player_experience":173812,"relics_obtained":[{"floor":7.0,"key":"Boot"},{"floor":24,"key":"War Paint"},{"floor":26,"key":"downfall:GremlinSack"},{"floor":34,"key":"Happy Flower"},{"floor":34,"key":"Mercury Hourglass"},{"floor":34,"key":"FossilizedHelix"},{"floor":41,"key":"Bottled Flame"},{"floor":44,"key":"TungstenRod"}],"event_choices":[{"cards_removed":["Guardian:Strike_Guardian"],"damage_healed":0.0,"max_hp_gain":0.0,"max_hp_loss":0.0,"gold_gain":0.0,"event_name":"The Cleric","player_choice":"Card Removal","floor":2.0,"gold_loss":0.0,"damage_taken":0.0}],"is_beta":false,"boss_relics":[{"not_picked":["Sozu","Astrolabe"],"picked":"Replay:Drink Me"},{"not_picked":["Replay:Bronze Core","Honey Jar"],"picked":"Calling Bell"}],"items_purged_floors":[28,30],"is_endless":false,"potions_floor_spawned":[6,9,11,15,16,21,26,32,40,45],"ascension_level":0}}