{"host":"oh2im4g9zxdu5z5u","time":1608003247,"event":{"mods":["2.2 Compatiblity","AchievementEnabler","BaseMod","Colored Map","Colored Powertips","Downfall","Highlight Path","Minty Spire (QoL Compilation)","StSLib","everything is the same but u backflip on backflip"],"gold_per_floor":[118,132,150,100,114,149,99,374,422,422,432,467,484,498,498,596,596,611,629,663,663,663],"floor_reached":21,"playtime":2074,"items_purged":[],"score":218,"play_id":"624cc540-0d8e-481a-a384-c14a20042e2f","local_time":"20201214213407","is_ascension_mode":false,"campfire_choices":[{"data":"Judgement","floor":10,"key":"SMITH"},{"data":"Pray","floor":15,"key":"SMITH"}],"circlet_count":0,"master_deck":["Defend_P","Defend_P","Defend_P","Defend_P","Eruption","Vigilance","Consecrate","CarveReality","EmptyBody","Crescendo","Judgement+1","CrushJoints","Regret","Pray+1","CutThroughFate","Omniscience","Perseverance+1","ThirdEye+1","CutThroughFate+1","EmptyMind+1","Halt","JustLucky+1"],"relics":["PureWater","HornCleat","Smiling Mask","Pen Nib","Astrolabe","Red Mask"],"acts_visited":["Exordium","TheCity"],"potions_floor_usage":[12,16,20,20,21],"damage_taken":[{"damage":3,"enemies":"2 Louse","floor":1,"turns":2},{"damage":0,"enemies":"Jaw Worm","floor":2,"turns":3},{"damage":1,"enemies":"Cultist","floor":3,"turns":3},{"damage":0,"enemies":"Looter","floor":5,"turns":3},{"damage":23,"enemies":"Lagavulin","floor":6,"turns":5},{"damage":5,"enemies":"2 Fungi Beasts","floor":11,"turns":2},{"damage":0,"enemies":"Gremlin Nob","floor":12,"turns":3},{"damage":9,"enemies":"Exordium Thugs","floor":13,"turns":3},{"damage":6,"enemies":"Lots of Slimes","floor":14,"turns":2},{"damage":14,"enemies":"Hexaghost","floor":16,"turns":8},{"damage":3,"enemies":"2 Thieves","floor":18,"turns":3},{"damage":47,"enemies":"Chosen","floor":19,"turns":5},{"damage":28,"enemies":"Masked Bandits","floor":20,"turns":5},{"damage":1,"enemies":"Shelled Parasite and Fungi","floor":21,"turns":2}],"seed_played":"5963920426139312951","potions_obtained":[{"floor":2,"key":"CultistPotion"},{"floor":3,"key":"Strength Potion"},{"floor":5,"key":"Ancient Potion"},{"floor":13,"key":"PowerPotion"},{"floor":20,"key":"hexamod:EctoCoolerPotion"}],"is_trial":false,"path_per_floor":["M","M","M","?","M","E","$","?","T","R","M","E","M","M","R","B",null,"M","M","?","M"],"character_chosen":"WATCHER","items_purchased":["CrushJoints"],"campfire_rested":0,"item_purchase_floors":[7],"current_hp_per_floor":[76,76,75,75,75,52,52,52,52,52,47,47,38,32,32,18,79,76,29,1,0,0],"gold":663,"neow_bonus":"TEN_PERCENT_HP_BONUS","is_daily":false,"chose_seed":false,"campfire_upgraded":2,"win_rate":0.0,"timestamp":1608003247,"path_taken":["M","M","M","?","M","E","$","?","T","R","M","E","?","M","R","BOSS","M","M","?","M"],"items_purchased_type":["Card"],"build_version":"2020-12-13","purchased_purges":0,"victory":false,"max_hp_per_floor":[79,79,79,79,79,79,79,79,79,79,79,79,79,79,79,79,79,79,79,79,79,79],"card_choices":[{"not_picked":["ClearTheMind","CrushJoints"],"picked":"Consecrate","floor":1},{"not_picked":["Halt","CutThroughFate"],"picked":"CarveReality","floor":2},{"not_picked":["Indignation","Pray"],"picked":"EmptyBody","floor":3},{"not_picked":["ClearTheMind","ThirdEye"],"picked":"Crescendo","floor":5},{"not_picked":["EmptyFist","Indignation"],"picked":"Judgement","floor":6},{"not_picked":["CarveReality","Nirvana"],"picked":"Pray","floor":11},{"not_picked":["EmptyBody","PathToVictory","Halt"],"picked":"SKIP","floor":12},{"not_picked":["Meditate","ThirdEye"],"picked":"CutThroughFate","floor":13},{"not_picked":["Crescendo","Halt","WreathOfFlame"],"picked":"SKIP","floor":14},{"not_picked":["Crescendo","Halt","WreathOfFlame"],"picked":"SKIP","floor":14},{"not_picked":["MasterReality","Scrawl"],"picked":"Omniscience","floor":16},{"not_picked":["BowlingBash","FlyingSleeves+1"],"picked":"EmptyMind+1","floor":18},{"not_picked":["BattleHymn+1","Indignation"],"picked":"Halt","floor":19},{"not_picked":["Conclude","EmptyMind"],"picked":"JustLucky+1","floor":20}],"player_experience":42205,"relics_obtained":[{"floor":6,"key":"HornCleat"},{"floor":9,"key":"Smiling Mask"},{"floor":12,"key":"Pen Nib"},{"floor":20,"key":"Red Mask"}],"event_choices":[{"cards_removed":["Strike_P"],"damage_healed":0,"gold_gain":0,"player_choice":"Card Removal","damage_taken":0,"max_hp_gain":0,"max_hp_loss":0,"event_name":"The Cleric","floor":4,"gold_loss":50},{"damage_healed":0,"gold_gain":275,"player_choice":"Desecrate","damage_taken":0,"max_hp_gain":0,"max_hp_loss":0,"event_name":"Golden Shrine","floor":8,"gold_loss":0,"cards_obtained":["Regret"]},{"damage_healed":0,"gold_gain":0,"player_choice":"Fought Bandits","damage_taken":0,"max_hp_gain":0,"max_hp_loss":0,"event_name":"Masked Bandits","floor":20,"gold_loss":0}],"is_beta":false,"boss_relics":[{"not_picked":["Black Star","Cursed Key"],"picked":"Astrolabe"}],"items_purged_floors":[],"is_endless":false,"potions_floor_spawned":[2,3,5,13,20],"killed_by":"Shelled Parasite and Fungi","ascension_level":0}}