{"host":"aljlpqwbzkm6w4ix","time":1608049857,"event":{"mods":["AchievementEnabler","BaseMod","Colored Map","Colored Powertips","Curses Come First","Friendly Minions","Infinite Spire","Mimic Mod","Minty Spire (QoL Compilation)","Relic Sorter","Shop Mod","StSLib","SuperFastMode"],"gold_per_floor":[114,114,39,56,71,97,109,154,166,194,206,237,249,271,283,393,455,479,511,523,551,580,618,630,642,654,684,596,623,623,641,641,641,641],"floor_reached":33,"playtime":1521,"items_purged":["Strike_R","Strike_R"],"score":304,"play_id":"052862f9-b1ce-4114-b4b7-f32adde676a9","local_time":"20201215173057","is_ascension_mode":false,"campfire_choices":[{"data":"Armaments","floor":7.0,"key":"SMITH"},{"data":"Seeing Red","floor":15.0,"key":"SMITH"},{"data":"Clash","floor":24,"key":"SMITH"},{"data":"Cleave","floor":30,"key":"SMITH"},{"data":"Bludgeon","floor":32,"key":"SMITH"}],"circlet_count":0,"master_deck":["Strike_R","Strike_R","Strike_R","Defend_R","Defend_R","Defend_R","Defend_R","Bash","Thunderclap","Clash+1","Armaments+1","Seeing Red+1","Pommel Strike+1","Bludgeon+1","Pummel","Seeing Red+1","Cleave+1"],"relics":["Burning Blood","NeowsBlessing","MawBank","Meat on the Bone","Boot","infinitespire:ShieldingShard","Singing Bowl","Tiny House","Bag of Marbles","infinitespire:WardingShard","Centennial Puzzle"],"acts_visited":["Exordium","TheCity"],"potions_floor_usage":[33],"damage_taken":[{"damage":0.0,"enemies":"2 Louse","floor":1.0,"turns":1.0},{"damage":0.0,"enemies":"Cultist","floor":4.0,"turns":1.0},{"damage":0.0,"enemies":"Jaw Worm","floor":5.0,"turns":1.0},{"damage":41.0,"enemies":"Lagavulin","floor":6.0,"turns":8.0},{"damage":32.0,"enemies":"3 Sentries","floor":8.0,"turns":9.0},{"damage":6.0,"enemies":"Large Slime","floor":10.0,"turns":4.0},{"damage":16.0,"enemies":"Gremlin Gang","floor":12.0,"turns":3.0},{"damage":6.0,"enemies":"2 Fungi Beasts","floor":14.0,"turns":2.0},{"damage":42.0,"enemies":"Hexaghost","floor":16.0,"turns":11.0},{"damage":11.0,"enemies":"3 Byrds","floor":18.0,"turns":6.0},{"damage":20.0,"enemies":"Chosen","floor":19.0,"turns":6.0},{"damage":12.0,"enemies":"Snake Plant","floor":21.0,"turns":4.0},{"damage":24.0,"enemies":"Sentry and Sphere","floor":22.0,"turns":6.0},{"damage":79.0,"enemies":"Book of Stabbing","floor":23.0,"turns":7.0},{"damage":0,"enemies":"Shelled Parasite and Fungi","floor":27,"turns":2},{"damage":0,"enemies":"Centurion and Healer","floor":31,"turns":5},{"damage":80,"enemies":"Collector","floor":33,"turns":7}],"seed_played":"513495235774536427","potions_obtained":[{"floor":1.0,"key":"Swift Potion"},{"floor":6.0,"key":"Weak Potion"},{"floor":12.0,"key":"LiquidBronze"},{"floor":14.0,"key":"BloodPotion"},{"floor":16.0,"key":"Block Potion"},{"floor":18.0,"key":"BloodPotion"},{"floor":23,"key":"Ancient Potion"}],"is_trial":false,"path_per_floor":["M","?","$","M","M","E","R","E","T","M","?","M","?","M","R","B",null,"M","M","?","M","M","E","R","?","T","M","$","T","R","M","R","B"],"character_chosen":"IRONCLAD","items_purchased":[],"campfire_rested":0,"item_purchase_floors":[],"current_hp_per_floor":[80,80,80,80,80,45,45,19,19,31,31,33,33,45,45,21,87,84,72,72,68,62,21,21,21,21,39,39,39,39,59,59,0,0],"gold":641,"neow_bonus":"THREE_ENEMY_KILL","is_daily":false,"chose_seed":false,"campfire_upgraded":5,"win_rate":0.0,"timestamp":1608049857,"path_taken":["M","?","$","M","?","E","R","E","T","?","?","M","?","M","R","BOSS","M","?","?","M","M","E","R","?","T","M","$","?","R","M","R","BOSS"],"items_purchased_type":[],"build_version":"2020-12-13","purchased_purges":2,"victory":false,"max_hp_per_floor":[80,80,80,80,80,80,80,80,80,80,80,80,80,80,80,80,87,89,91,91,93,93,95,95,95,95,95,95,95,95,97,97,97,97],"card_choices":[{"not_picked":["Burning Pact","Sentinel"],"picked":"Thunderclap","floor":1.0},{"not_picked":["Sword Boomerang","Flex"],"picked":"Clash","floor":4.0},{"not_picked":["Sword Boomerang","Body Slam","Blood for Blood"],"picked":"SKIP","floor":5.0},{"not_picked":["Flex","Burning Pact"],"picked":"Armaments","floor":6.0},{"not_picked":["Shockwave","Headbutt","Hemokinesis"],"picked":"SKIP","floor":8.0},{"not_picked":["Clothesline","Pummel"],"picked":"Seeing Red","floor":10.0},{"not_picked":["Disarm","Sentinel","Brutality"],"picked":"SKIP","floor":12.0},{"not_picked":["Heavy Blade","Havoc"],"picked":"Pommel Strike","floor":14.0},{"not_picked":["Demon Form","Berserk"],"picked":"Bludgeon","floor":16.0},{"not_picked":["Anger","Iron Wave","Evolve"],"picked":"Singing Bowl","floor":17.0},{"not_picked":["Twin Strike","Sever Soul","Heavy Blade+1"],"picked":"Singing Bowl","floor":18.0},{"not_picked":["Anger","Havoc","Warcry"],"picked":"Singing Bowl","floor":19.0},{"not_picked":["Shrug It Off","Entrench+1","Sever Soul+1"],"picked":"Singing Bowl","floor":21.0},{"not_picked":["Sword Boomerang","Uppercut"],"picked":"Pummel","floor":22.0},{"not_picked":["Feed","Disarm","Wild Strike+1"],"picked":"Singing Bowl","floor":23},{"not_picked":["Rampage","Headbutt"],"picked":"Cleave","floor":27},{"not_picked":["Blood for Blood","Clothesline","Clash"],"picked":"Singing Bowl","floor":31}],"player_experience":316308,"relics_obtained":[{"floor":6.0,"key":"MawBank"},{"floor":8.0,"key":"Meat on the Bone"},{"floor":9.0,"key":"Boot"},{"floor":11.0,"key":"infinitespire:ShieldingShard"},{"floor":23,"key":"Bag of Marbles"},{"floor":26,"key":"infinitespire:WardingShard"},{"floor":29,"key":"Centennial Puzzle"}],"event_choices":[{"damage_healed":0.0,"max_hp_gain":0.0,"max_hp_loss":0.0,"gold_gain":0.0,"event_name":"The Woman in Blue","player_choice":"Bought 0 Potions","floor":2.0,"gold_loss":0.0,"damage_taken":0.0},{"damage_healed":0.0,"max_hp_gain":0.0,"max_hp_loss":0.0,"gold_gain":0.0,"event_name":"WeMeetAgain","player_choice":"Gave Potion","floor":13.0,"gold_loss":0.0,"damage_taken":0.0,"relics_obtained":["Singing Bowl"]},{"damage_healed":0.0,"max_hp_gain":0.0,"max_hp_loss":0.0,"gold_gain":0.0,"event_name":"Ghosts","player_choice":"Ignored","floor":20.0,"gold_loss":0.0,"damage_taken":0.0},{"damage_healed":0,"gold_gain":0,"player_choice":"Copied","damage_taken":0,"max_hp_gain":0,"max_hp_loss":0,"event_name":"Duplicator","floor":25,"gold_loss":0,"cards_obtained":["Seeing Red"]}],"is_beta":false,"boss_relics":[{"not_picked":["Pandora\u0027s Box","Runic Dome"],"picked":"Tiny House"}],"items_purged_floors":[3,28],"is_endless":false,"potions_floor_spawned":[1,6,12,14,16,18,19,23],"killed_by":"Collector","ascension_level":0}}