{"host":"mx3flx92pejuhdxl","time":1608056778,"event":{"mods":["BaseMod","Better Third Choice","Block Reminder","Colored Map","Downfall","Hermit","Infinite Spire","Minty Spire (QoL Compilation)","READ ME - Guardian Mod","Rare Cards Sparkle","Replay The Spire","StSLib","The Cursed","everything is the same but u backflip on backflip"],"gold_per_floor":[211,231,258,278,278,313,313,28,81,81,81,156,156,180,180,288,288,308,81,81,116,128,128],"floor_reached":22,"playtime":1282,"items_purged":["Guardian:Aged"],"score":180,"play_id":"2e9a5bfa-6548-41ff-a05f-acc795e7e265","local_time":"20201215132618","is_ascension_mode":false,"campfire_choices":[{"floor":7,"key":"REST"},{"floor":10,"key":"REST"},{"floor":13,"key":"REST"},{"data":"Madness","floor":15,"key":"SMITH"}],"circlet_count":0,"master_deck":["hermit:Strike_Hermit","hermit:Strike_Hermit","hermit:Strike_Hermit","hermit:Strike_Hermit","hermit:Defend_Hermit","hermit:Defend_Hermit","hermit:Defend_Hermit","hermit:Defend_Hermit","hermit:Snapshot","hermit:Covet","hermit:Scavenge","hermit:Quickdraw","hermit:Determination","Madness+1","hermit:BigShot","ReplayTheSpireMod:IOU","Secret Weapon","Spot Weakness","TheCursedMod:FleshFromBone"],"relics":["hermit:Momento","ReplayTheSpireMod:Lightbulb","PrismaticShard","Replay:Baseball","ReplayTheSpireMod:CursedCoin","Bag of Marbles","Ornamental Fan","Centennial Puzzle","Lantern","Honey Jar","Replay:Bandana"],"acts_visited":["Exordium","TheCity"],"potions_floor_usage":[6,16,16],"damage_taken":[{"damage":0,"enemies":"Cultist","floor":1,"turns":5},{"damage":5,"enemies":"Small Slimes","floor":2,"turns":6},{"damage":3,"enemies":"Jaw Worm","floor":4,"turns":3},{"damage":54,"enemies":"Gremlin Nob","floor":6,"turns":6},{"damage":36,"enemies":"Fading Forest","floor":16,"turns":11},{"damage":13,"enemies":"Shell Parasite","floor":18,"turns":6},{"damage":36,"enemies":"3 Byrds","floor":21,"turns":6},{"damage":32,"enemies":"Snake Plant","floor":22,"turns":4}],"seed_played":"-1891477980449678783","potions_obtained":[{"floor":1,"key":"PowerPotion"},{"floor":2,"key":"Weak Potion"},{"floor":4,"key":"Weak Potion"}],"is_trial":false,"path_per_floor":["M","M","T","M","?","E","R","$","T","R","?","?","R","T","R","B",null,"M","$","$","M","M"],"character_chosen":"HERMIT","items_purchased":["ReplayTheSpireMod:CursedCoin","Bag of Marbles","Ornamental Fan","hermit:BigShot","Replay:Bandana"],"campfire_rested":3,"item_purchase_floors":[8,8,8,8,19],"current_hp_per_floor":[75,70,70,67,67,13,35,35,35,57,57,46,68,68,68,42,75,62,62,62,26,0,0],"gold":128,"neow_bonus":"HUNDRED_GOLD","is_daily":false,"chose_seed":false,"campfire_upgraded":1,"win_rate":0.0,"timestamp":1608056778,"path_taken":["M","M","?","?","?","E","R","$","T","R","?","?","R","?","R","BOSS","M","?","$","M","M"],"items_purchased_type":["Relic","Relic","Relic","Card","Relic"],"build_version":"2020-12-13","purchased_purges":1,"victory":false,"max_hp_per_floor":[75,75,75,75,75,75,75,75,75,75,75,75,75,75,75,75,75,75,75,75,75,75,75],"card_choices":[{"not_picked":["hermit:Snipe","hermit:Desperado"],"picked":"hermit:Scavenge","floor":1},{"not_picked":["hermit:Glare","hermit:WideOpen"],"picked":"hermit:Quickdraw","floor":2},{"not_picked":["hermit:BodyArmor","hermit:Misfire"],"picked":"hermit:Determination","floor":4},{"not_picked":["FollowUp","Quick Slash"],"picked":"Madness","floor":6},{"not_picked":["hexamod:WildfireWeapon","hexamod:HexaLevel"],"picked":"Secret Weapon","floor":16},{"not_picked":["Stack","hermit:Determination","Slimebound:GoopSpray"],"picked":"Spot Weakness","floor":18},{"not_picked":["Heavy Blade","Guardian:TemporalShield+1","hexamod:HeatCrush"],"picked":"TheCursedMod:FleshFromBone","floor":21}],"player_experience":467911,"relics_obtained":[{"floor":3,"key":"ReplayTheSpireMod:Lightbulb"},{"floor":6,"key":"Replay:Baseball"},{"floor":9,"key":"Centennial Puzzle"},{"floor":14,"key":"Lantern"}],"event_choices":[{"damage_healed":0,"gold_gain":0,"cards_transformed":["Languid"],"player_choice":"Change","damage_taken":0,"max_hp_gain":0,"max_hp_loss":0,"event_name":"Living Wall","floor":11,"gold_loss":0,"cards_obtained":["ReplayTheSpireMod:IOU"]},{"damage_healed":0,"gold_gain":75,"player_choice":"Gold","damage_taken":11,"max_hp_gain":0,"max_hp_loss":0,"event_name":"betterThird:BetterGoop","floor":12,"gold_loss":0}],"is_beta":false,"boss_relics":[{"not_picked":["Replay:Wanted Poster","ChewingGum"],"picked":"Honey Jar"}],"items_purged_floors":[19],"is_endless":false,"potions_floor_spawned":[1,2,4],"killed_by":"Snake Plant","ascension_level":0}}