{"host":"ocll6kdfqxraqtza","time":1608053725,"event":{"mods":["2.2 Compatiblity","Act Like it!","Aspiration","BaseMod","Better Third Choice","Gensokyo","Hallownest","Hermit","Hubris","Jorbs\u0027s Wanderer Trilogy","Luminous","Marisa（霧雨　魔理沙）","Minty Spire (QoL Compilation)","Reimu（博??梦）","Replay The Spire","Shade Mod","StSLib","The Alterego","The Bug Knight","The Cursed","The Hierophant","The Runesmith","TheBandit","Wandering Minibosses","vexMod"],"gold_per_floor":[118,118,43,43,43,72,83,103,177,211,211,211,211,236,236,335,335,302,324,324,345,358,393,417,442,492,492,492,492],"floor_reached":28,"playtime":2046,"items_purged":["Pain"],"score":295,"play_id":"e50c85cd-6ddb-416a-b377-672c378564a7","local_time":"20201216013525","is_ascension_mode":true,"campfire_choices":[{"data":"hermit:Manifest","floor":11,"key":"SMITH"},{"data":"hermit:Snapshot","floor":15,"key":"SMITH"},{"data":"hermit:HeroicBravado","floor":27,"key":"SMITH"}],"circlet_count":0,"master_deck":["hermit:Strike_Hermit","hermit:Strike_Hermit","hermit:Strike_Hermit","hermit:Strike_Hermit","hermit:Defend_Hermit","hermit:Defend_Hermit","hermit:Defend_Hermit","hermit:Defend_Hermit","hermit:Snapshot+1","hermit:Covet","hermit:Horror","hermit:Manifest+1","hermit:Malice","hermit:ItchyTrigger","hermit:Scavenge","hermit:HeroicBravado+1","hermit:Cheat+1","hermit:TrackingShot","Gensokyo:AllTheWorldsEvil","hermit:FatalDesire","hermit:Enervate","hermit:EyeOfTheStorm","hermit:Maintenance+1","hermit:BodyArmor+1"],"relics":["hermit:Momento","NeowsBlessing","Gensokyo:LunaticRedEyes","Gensokyo:Mercy","vexMod:InvisibilityCloak","Counterbalance","Gensokyo:OccultBall","Tiny Chest","Ring of Chaos","ReplayTheSpireMod:Ninjato","Replay:Baseball","Frozen Eye"],"acts_visited":["Gensokyo:Gensokyo","Gensokyo:Gensokyoer"],"potions_floor_usage":[25],"damage_taken":[{"damage":0,"enemies":"Gensokyo:3_Fairies","floor":1,"turns":1},{"damage":0,"enemies":"Gensokyo:Cirno","floor":6,"turns":2},{"damage":0,"enemies":"Gensokyo:Gryphon","floor":7,"turns":1},{"damage":0,"enemies":"Gensokyo:Python","floor":8,"turns":2},{"damage":19,"enemies":"Gensokyo:Aya","floor":10,"turns":6},{"damage":22,"enemies":"Gensokyo:Cirno","floor":14,"turns":8},{"damage":26,"enemies":"Gensokyo:Kokoro","floor":16,"turns":11},{"damage":0,"enemies":"Gensokyo:2_Gloops","floor":18,"turns":6},{"damage":9,"enemies":"Gensokyo:CosmicMonolith","floor":19,"turns":4},{"damage":1,"enemies":"Gensokyo:Chomper_and_Gloop","floor":21,"turns":9},{"damage":5,"enemies":"Gensokyo:Swordslinger","floor":22,"turns":5},{"damage":12,"enemies":"Gensokyo:Tenshi","floor":23,"turns":5},{"damage":3,"enemies":"Gensokyo:3_Gloops","floor":24,"turns":4},{"damage":8,"enemies":"Gensokyo:Slime_Group","floor":25,"turns":5},{"damage":21,"enemies":"Gensokyo:Koishi","floor":28,"turns":5}],"seed_played":"8806768589217440783","potions_obtained":[{"floor":1,"key":"Dexterity Potion"},{"floor":8,"key":"Languid Potion"},{"floor":10,"key":"Block Potion"},{"floor":19,"key":"Adrenaline Potion"},{"floor":21,"key":"hermit:Tonic"}],"is_trial":false,"path_per_floor":["M","?","$","?","$","E","M","M","T","E","R","?","?","E","R","B",null,"M","M","?","M","M","E","M","M","T","R","E"],"character_chosen":"HERMIT","items_purchased":[],"campfire_rested":0,"item_purchase_floors":[],"current_hp_per_floor":[75,75,75,75,75,75,75,75,75,56,56,56,56,34,34,8,75,75,66,66,65,60,48,45,37,37,37,16,16],"gold":492,"neow_bonus":"THREE_ENEMY_KILL","is_daily":false,"chose_seed":false,"campfire_upgraded":3,"win_rate":0.0,"timestamp":1608053725,"path_taken":["M","?","$","?","$","E","M","M","T","E","R","?","?","E","R","BOSS","M","M","?","M","M","E","?","M","T","R","E"],"items_purchased_type":[],"build_version":"2020-12-13","purchased_purges":1,"victory":false,"max_hp_per_floor":[75,75,75,75,75,75,75,75,75,75,75,75,75,75,75,75,75,75,75,75,75,75,75,75,75,75,75,75,75],"card_choices":[{"not_picked":["hermit:WideOpen","hermit:HighCaliber"],"picked":"hermit:Spite","floor":1},{"not_picked":["hermit:LowProfile","hermit:TrackingShot"],"picked":"hermit:Horror","floor":6},{"not_picked":["hermit:HighCaliber","hermit:Shortfuse"],"picked":"hermit:Manifest","floor":7},{"not_picked":["hermit:Vantage","hermit:Feint"],"picked":"hermit:Malice","floor":8},{"not_picked":["hermit:TrackingShot","hermit:Gestalt"],"picked":"hermit:ItchyTrigger","floor":10},{"not_picked":["hermit:LowProfile","hermit:BlackWind"],"picked":"hermit:Scavenge","floor":14},{"not_picked":["hermit:OverwhelmingPower","hermit:Gambit"],"picked":"hermit:HeroicBravado","floor":16},{"not_picked":["hermit:Headshot","hermit:Coalescence"],"picked":"hermit:Cheat+1","floor":18},{"not_picked":["hermit:Manifest","hermit:Ricochet"],"picked":"hermit:TrackingShot","floor":19},{"not_picked":["hermit:ItchyTrigger","hermit:LoneWolf"],"picked":"hermit:FatalDesire","floor":21},{"not_picked":["hermit:Malice+1","hermit:Quickdraw"],"picked":"hermit:Enervate","floor":22},{"not_picked":["hermit:BodyArmor","hermit:Glare"],"picked":"hermit:EyeOfTheStorm","floor":23},{"not_picked":["hermit:Midnight+1","hermit:BodyArmor"],"picked":"hermit:Maintenance+1","floor":24},{"not_picked":["hermit:GoldenBullet","hermit:Desperado"],"picked":"hermit:BodyArmor+1","floor":25}],"player_experience":462628,"relics_obtained":[{"floor":6,"key":"Replay:WaspNest"},{"floor":9,"key":"vexMod:InvisibilityCloak"},{"floor":10,"key":"Counterbalance"},{"floor":14,"key":"Tiny Chest"},{"floor":16,"key":"Gensokyo:OccultBall"},{"floor":23,"key":"Gensokyo:OccultBall"},{"floor":23,"key":"ReplayTheSpireMod:Ninjato"},{"floor":26,"key":"Replay:Baseball"}],"event_choices":[],"is_beta":false,"boss_relics":[{"not_picked":["vexMod:MegatonBomb","hubris:Stopwatch"],"picked":"Ring of Chaos"}],"items_purged_floors":[3],"is_endless":false,"potions_floor_spawned":[1,8,10,16,19,21],"killed_by":"Gensokyo:Koishi","ascension_level":1}}