{"host":"njruw0b0uprlitpx","time":1608007872,"event":{"mods":["2.2 Compatiblity","BaseMod","Better Altar","Better Match","Better Note","Better Sensory Stone","Better Skull","Better Third Choice","Block Reminder","Colored Map","Colored Powertips","Downfall","Energized Spire","Keyboard Shortcuts","Minty Spire (QoL Compilation)","Quick Restart","Relic Stats","Replay The Spire","SacredBarkPlus","Spicy Shops","StSLib","SuperFastMode"],"gold_per_floor":[99,131,147,72,72,72,72,72,44,44,64,77,91,266,276,379,379,379],"floor_reached":17,"playtime":2425,"items_purged":["Regret"],"score":171,"play_id":"19cfb871-02fd-4cf7-aa77-c4f2476a7040","local_time":"20201214225112","is_ascension_mode":true,"campfire_choices":[{"floor":1,"key":"RECALL"},{"floor":4,"key":"REST"},{"data":"champ:Taunt","floor":6,"key":"SMITH"},{"floor":10,"key":"REST"}],"circlet_count":0,"master_deck":["champ:Strike","champ:Strike","champ:Strike","champ:Strike","champ:Defend+1","champ:Defend","champ:Defend+1","champ:Defend","champ:Execute","champ:Taunt+1","expansioncontent:GuardianWhirl","champ:Aggression+1","champ:StanceDance","champ:Haymaker","champ:DefensiveStyle","champ:EnGarde","champ:CalledShot","champ:FlashCut","Doubt","champ:DefensiveShout","champ:VampiricStrike"],"relics":["champ:ChampionCrown","Garlic","downfall:HeartBlessingRed","downfall:ShatteredFragment","Sundial","Cursed Key"],"acts_visited":["Exordium","TheCity"],"potions_floor_usage":[16],"damage_taken":[{"damage":24,"enemies":"3 Sentries","floor":2,"turns":7},{"damage":8,"enemies":"Cultist","floor":3,"turns":3},{"damage":12,"enemies":"downfall:FleeingMerchant","floor":9,"turns":4},{"damage":0,"enemies":"2 Louse","floor":11,"turns":1},{"damage":0,"enemies":"Small Slimes","floor":12,"turns":1},{"damage":5,"enemies":"Blue Slaver","floor":13,"turns":3},{"damage":0,"enemies":"Red Slaver","floor":15,"turns":2},{"damage":26,"enemies":"downfall:Silent","floor":16,"turns":7}],"seed_played":"-1682939098414080559","potions_obtained":[{"floor":12,"key":"PowerPotion"},{"floor":13,"key":"sneckomod:MuddlingPotion"},{"floor":15,"key":"sneckomod:MuddlingPotion"},{"floor":16,"key":"Dexterity Potion"}],"is_trial":false,"path_per_floor":["R","E","M","R","?","R","T","?","$","R","M","M","M","?","M","B",null],"character_chosen":"THE_CHAMP","items_purchased":["champ:DefensiveStyle"],"campfire_rested":2,"item_purchase_floors":[9],"current_hp_per_floor":[90,76,73,90,63,63,63,63,59,86,86,86,86,86,86,71,90,90],"gold":379,"neow_bonus":"RANDOM_COLORLESS","is_daily":false,"chose_seed":false,"campfire_upgraded":1,"win_rate":0.0,"timestamp":1608007872,"path_taken":["R","E","M","R","?","R","T","?","$","R","M","M","M","?","M","BOSS"],"items_purchased_type":["Card"],"build_version":"2020-12-13","purchased_purges":1,"victory":false,"max_hp_per_floor":[90,90,90,90,90,90,90,90,90,90,90,90,90,90,90,90,90,90],"relic_stats":{"counters":[8,28],"Sundial":[2],"Cursed Key":0,"obtain_stats":[{"downfall:ShatteredFragment":5,"downfall:HeartBlessingRed":4,"Sundial":7,"champ:ChampionCrown":0,"Garlic":2,"Cursed Key":17},{"downfall:ShatteredFragment":2,"downfall:HeartBlessingRed":2,"Sundial":2,"champ:ChampionCrown":0,"Garlic":1,"Cursed Key":8},{"downfall:ShatteredFragment":10,"downfall:HeartBlessingRed":10,"Sundial":10,"champ:ChampionCrown":0,"Garlic":7,"Cursed Key":28}]},"card_choices":[{"not_picked":["Replay:SS_hec_4","Purity"],"picked":"expansioncontent:GuardianWhirl","floor":0},{"not_picked":["champ:GladiatorsShout","champ:Circumvent"],"picked":"champ:Aggression","floor":2},{"not_picked":["champ:FocusedBerserking","champ:FanOfKnives"],"picked":"champ:StanceDance","floor":3},{"not_picked":["champ:FightOn","champ:GutPunch"],"picked":"champ:Haymaker","floor":9},{"not_picked":["champ:PerfectedStrike","champ:PreciseThrust"],"picked":"champ:EnGarde","floor":11},{"not_picked":["champ:FanOfKnives","champ:GladiatorStyle"],"picked":"champ:CalledShot","floor":12},{"not_picked":["champ:RecklessLeap","champ:LastStand"],"picked":"champ:FlashCut","floor":13},{"not_picked":["champ:DeathBlow","champ:RageSigil"],"picked":"champ:DefensiveShout","floor":15},{"not_picked":["champ:SteelEdge","champ:IgnorePain"],"picked":"champ:VampiricStrike","floor":16}],"player_experience":1331225,"relics_obtained":[{"floor":2,"key":"Garlic"},{"floor":7,"key":"Sundial"}],"event_choices":[],"is_beta":false,"boss_relics":[{"not_picked":["Astrolabe","Runic Pyramid"],"picked":"Cursed Key"}],"items_purged_floors":[9],"is_endless":false,"potions_floor_spawned":[12,13,15,16],"ascension_level":2}}