{"host":"cr9rpoy6dx9riis3","time":1608069459,"event":{"mods":["AchievementEnabler","BaseMod","Better Altar","Better Note","Better Sensory Stone","Better Skull","Better Third Choice","Better-Laid Plans","BetterRewards","Block Reminder","Curses Come First","Displayed Cursed Tome","Emptier Cage","Marked Mod","Minty Spire (QoL Compilation)","Permanent Neow","Relic Sorter","StSLib","The Blue Laboratory","Transform Curses"],"gold_per_floor":[111,7,17,33,3,3,23,23,23,35,35,35,50,50,50,50,50],"floor_reached":16,"playtime":554,"items_purged":["Strike_R"],"score":163,"play_id":"78b3c307-68a0-491c-83a2-efb65305ea71","local_time":"20201215225739","is_ascension_mode":true,"campfire_choices":[{"data":"Fire Breathing","floor":6,"key":"SMITH"},{"data":"Double Tap","floor":8,"key":"SMITH"},{"data":"Feel No Pain","floor":12,"key":"SMITH"},{"floor":15,"key":"REST"}],"circlet_count":0,"master_deck":["Strike_R","Strike_R","Strike_R","Strike_R","Defend_R","Defend_R","Defend_R","Defend_R","Bash","Fire Breathing+1","Rampage","Reckless Charge","Reckless Charge","Feel No Pain+1","Double Tap+1"],"relics":["Burning Blood","Meat on the Bone"],"acts_visited":[],"potions_floor_usage":[3,7,7,16],"damage_taken":[{"damage":5,"enemies":"Small Slimes","floor":1,"turns":3},{"damage":0,"enemies":"Cultist","floor":3,"turns":3},{"damage":16,"enemies":"2 Louse","floor":4,"turns":3},{"damage":12,"enemies":"Looter","floor":5,"turns":4},{"damage":35,"enemies":"Gremlin Gang","floor":7,"turns":4},{"damage":22,"enemies":"2 Fungi Beasts","floor":10,"turns":4},{"damage":9,"enemies":"Exordium Wildlife","floor":13,"turns":3},{"damage":65,"enemies":"The Guardian","floor":16,"turns":10}],"seed_played":"-957176471636043453","potions_obtained":[{"floor":3,"key":"blueLaboratory:BottleOfRum"},{"floor":4,"key":"GamblersBrew"},{"floor":7,"key":"SpeedPotion"}],"is_trial":false,"path_per_floor":["M","$","M","M","M","R","M","R","T","M","?","R","M","$","R","B"],"character_chosen":"IRONCLAD","items_purchased":["Fire Breathing","Rampage","Fruit Juice","Reckless Charge","Feel No Pain"],"campfire_rested":1,"item_purchase_floors":[0,0,0,2,2],"current_hp_per_floor":[68,68,79,69,63,63,34,34,34,30,30,30,39,39,64,0,0],"gold":50,"neow_bonus":"","is_daily":false,"chose_seed":false,"campfire_upgraded":3,"win_rate":0.0,"timestamp":1608069459,"path_taken":["M","$","M","M","M","R","M","R","T","M","?","R","M","$","R","BOSS"],"items_purchased_type":["Card","Card","Potion","Card","Card"],"build_version":"2020-12-13","purchased_purges":1,"victory":false,"max_hp_per_floor":[80,80,85,85,85,85,85,85,85,85,85,85,85,85,85,85,85],"card_choices":[{"not_picked":["Fire Breathing","Havoc"],"picked":"Reckless Charge","floor":1},{"not_picked":["Clash","Twin Strike","Heavy Blade"],"picked":"SKIP","floor":3},{"not_picked":["Sword Boomerang","Warcry","Clash"],"picked":"SKIP","floor":4},{"not_picked":["Shrug It Off","Thunderclap","Armaments"],"picked":"SKIP","floor":5},{"not_picked":["Thunderclap","Rage"],"picked":"Double Tap","floor":7},{"not_picked":["Anger","Cleave","Hemokinesis"],"picked":"SKIP","floor":10},{"not_picked":["Sentinel","Perfected Strike","Inflame"],"picked":"SKIP","floor":13}],"player_experience":704417,"relics_obtained":[{"floor":9,"key":"Meat on the Bone"}],"event_choices":[{"damage_healed":0,"gold_gain":0,"player_choice":"Ignored","damage_taken":0,"max_hp_gain":0,"max_hp_loss":0,"event_name":"Transmorgrifier","floor":11,"gold_loss":0}],"is_beta":false,"boss_relics":[],"items_purged_floors":[0],"is_endless":false,"potions_floor_spawned":[3,4,7],"killed_by":"The Guardian","ascension_level":3}}