{"host":"1kq2ingo3j45gyyp","time":1608007762,"event":{"mods":["BaseMod","Better Note","Better Third Choice","Minty Spire (QoL Compilation)","StSLib","The Gatherer"],"gold_per_floor":[116,116,127,28,28,62,62,62,112,136,167,198,198,222,222,222,222,222],"floor_reached":16,"playtime":504,"items_purged":[],"score":118,"play_id":"3a8a2bff-1258-4af6-b886-a6540bbf599f","local_time":"20201214234922","daily_mods":["Chimera","Blue Cards","DeadlyEvents"],"is_ascension_mode":false,"metric_token":401,"campfire_choices":[{"floor":8,"key":"REST"},{"floor":13,"key":"REST"},{"data":"Gatherer:FlowerFalling","floor":15,"key":"SMITH"}],"circlet_count":0,"master_deck":["Bash","Survivor","Zap","Eruption","Strike_R","Strike_G","Strike_B","Defend_R","Defend_G","Defend_P","Gatherer:Misfortune","Gatherer:CollectorsShot","Gatherer:AcidicSpray","Gatherer:Snatch","Gatherer:EchoOfNature","Gatherer:GlowingPlant","Gatherer:Shadow","Gatherer:Light","Gatherer:FlowerFalling+1","Gatherer:CarefulStrike+1","Gatherer:CollectorsShot+1"],"relics":["Gatherer:AlchemyBag","Golden Idol","Blue Candle","Anchor","Darkstone Periapt","Molten Egg 2"],"acts_visited":["Exordium"],"potions_floor_usage":[12,16,16],"damage_taken":[{"damage":0,"enemies":"Small Slimes","floor":1,"turns":3},{"damage":0,"enemies":"Cultist","floor":3,"turns":2},{"damage":44,"enemies":"Lagavulin","floor":6,"turns":4},{"damage":0,"enemies":"2 Louse","floor":10,"turns":3},{"damage":10,"enemies":"Gremlin Nob","floor":11,"turns":3},{"damage":11,"enemies":"3 Sentries","floor":12,"turns":6},{"damage":0,"enemies":"Large Slime","floor":14,"turns":3},{"damage":46,"enemies":"Hexaghost","floor":16,"turns":9}],"seed_played":"-8928332740271662287","potions_obtained":[{"floor":10,"key":"SkillPotion"},{"floor":11,"key":"LiquidBronze"},{"floor":14,"key":"Explosive Potion"}],"is_trial":true,"path_per_floor":["M","?","M","$","?","E","$","R","T","M","E","E","R","M","R","B"],"character_chosen":"THE_GATHERER","items_purchased":["Gatherer:AcidicSpray","Gatherer:Snatch"],"campfire_rested":2,"item_purchase_floors":[4,4],"current_hp_per_floor":[72,77,77,77,58,14,14,37,37,37,27,16,39,39,39,0,0,0],"gold":222,"neow_bonus":"","is_daily":false,"chose_seed":false,"campfire_upgraded":1,"win_rate":0.0,"timestamp":1608007762,"path_taken":["M","?","M","$","?","E","?","R","T","M","?","E","R","M","R","BOSS"],"items_purchased_type":["Card","Card"],"build_version":"2020-12-13","purchased_purges":0,"victory":false,"max_hp_per_floor":[72,77,77,77,77,77,77,77,77,77,77,77,77,77,77,77,77,77],"card_choices":[{"not_picked":["Gatherer:FragileHammer","Gatherer:DrugPower"],"picked":"Gatherer:Misfortune","floor":1},{"not_picked":["Gatherer:FlowerShield","Gatherer:Convert"],"picked":"Gatherer:CollectorsShot","floor":3},{"not_picked":["Gatherer:FlowerPower","Gatherer:LuckyClover"],"picked":"Gatherer:EchoOfNature","floor":6},{"not_picked":["Gatherer:DrugPower","Gatherer:Transmute"],"picked":"Gatherer:GlowingPlant","floor":10},{"not_picked":["Gatherer:WoolGloves","Gatherer:EchoOfNature"],"picked":"Gatherer:FlowerFalling","floor":11},{"not_picked":["Gatherer:Frenzy+1","Gatherer:Snatch+1"],"picked":"Gatherer:CarefulStrike+1","floor":12},{"not_picked":["Gatherer:TacticalStrike+1","Gatherer:MiningStrike+1"],"picked":"Gatherer:CollectorsShot+1","floor":14}],"player_experience":805234,"relics_obtained":[{"floor":6,"key":"Blue Candle"},{"floor":9,"key":"Anchor"},{"floor":11,"key":"Darkstone Periapt"},{"floor":12,"key":"Molten Egg 2"}],"event_choices":[{"damage_healed":0,"gold_gain":0,"player_choice":"Donut","damage_taken":0,"max_hp_gain":5,"max_hp_loss":0,"event_name":"Big Fish","floor":2,"gold_loss":0},{"damage_healed":0,"gold_gain":0,"player_choice":"Take Damage","damage_taken":19,"relics_obtained":["Golden Idol"],"max_hp_gain":0,"max_hp_loss":0,"event_name":"Golden Idol","floor":5,"gold_loss":0}],"is_beta":false,"boss_relics":[],"items_purged_floors":[],"is_endless":false,"potions_floor_spawned":[10,11,14],"killed_by":"Hexaghost","ascension_level":0}}