{"host":"4oozkyb2rmpv0j2l","time":1608027303,"event":{"mods":["Act Like it!","Aspiration","BaseMod","Colored Map","Conspire","Gensokyo","Hallownest","Hubris","KinomotoSakuraMod(木之本樱)","Koishi","Lobotomy","LobotomyExtend","Marisa（F雨　魔理沙）","Minty Spire (QoL Compilation)","Prisma Mod","Quick Restart","Rare Cards Sparkle","Reimu（博丽灵梦）","Remilia（蕾米莉亚）","Replay The Spire","Robot Space Explorer","Shop Mod","Spicy Shops","StSLib","TestMod","The Animator","The Bladedancer","The Bug Knight","The Cursed","The Disciple","The Hierophant","The Mystic","The Necromancer","The Runesmith","The Servant 0.9.4","WarShipGirlsR/战舰少女R mod","Youmu（魂魄妖梦）","Yuri Mod","Yuyuko","vexMod","yUi","【东方二次创作】八云紫mod","【遗物卡牌】REMEMod"],"gold_per_floor":[109,109,227,227,227,227,227],"floor_reached":6,"playtime":514,"items_purged":[],"score":89,"play_id":"6b066acb-7e38-475d-b601-1dc4c27f3d11","local_time":"20201215181503","is_ascension_mode":true,"campfire_choices":[],"circlet_count":0,"master_deck":["Koishi:BasicStrike","Koishi:BasicStrike","Koishi:BasicStrike","Koishi:BasicStrike","Koishi:BasicDefend","Koishi:BasicDefend","Koishi:BasicDefend","Koishi:BasicDefend","Koishi:Provoke","Koishi:HauntingSlash","Runesmith:MetallurgicalResearch","Koishi:SprinkleStarAndHeart","Koishi:UnconsciousUprising"],"relics":["Koishi:ImaginaryFriend","testmod-TestBox","REME_ComplimentaryCards","testmod-HarvestTotem","aspiration:Nostalgia","animator:TheMissingPiece","LetterFromLob","hubris:Icosahedron","Gensokyo:PortableGap"],"acts_visited":["Gensokyo:Gensokyo"],"potions_floor_usage":[6],"damage_taken":[{"damage":6,"enemies":"Gensokyo:Gryphon","floor":1,"turns":4},{"damage":4,"enemies":"Gensokyo:3_Fairies","floor":3,"turns":5},{"damage":30,"enemies":"Gensokyo:Cirno","floor":6,"turns":17}],"seed_played":"6732399956577411352","potions_obtained":[{"floor":3,"key":"MagicPotion:ReiMu"}],"is_trial":false,"path_per_floor":["M","?","M","?","?","E"],"character_chosen":"KOISHI","items_purchased":[],"campfire_rested":0,"item_purchase_floors":[],"current_hp_per_floor":[118,118,114,108,108,88,88],"gold":227,"neow_bonus":"NOSTALGIA","is_daily":false,"chose_seed":false,"campfire_upgraded":0,"win_rate":0.0,"timestamp":1608027303,"path_taken":["M","?","M","?","?","E"],"items_purchased_type":[],"build_version":"2020-12-13","purchased_purges":0,"victory":false,"max_hp_per_floor":[120,120,120,108,108,108,108],"card_choices":[{"not_picked":["Koishi:RacingHeart","Koishi:ReflexRadar"],"picked":"Koishi:SprinkleStarAndHeart","floor":1},{"not_picked":["Koishi:UnansweredLove","Koishi:YoukaiPolygraph","Koishi:FleetingPhantom"],"picked":"SKIP","floor":3},{"not_picked":["Koishi:CatchAndRose","Koishi:PhantomStrike"],"picked":"Koishi:UnconsciousUprising","floor":5}],"player_experience":531874,"relics_obtained":[{"floor":1,"key":"LetterFromLob"}],"event_choices":[],"is_beta":false,"boss_relics":[],"items_purged_floors":[],"is_endless":false,"potions_floor_spawned":[3],"killed_by":"Gensokyo:Cirno","ascension_level":3}}