{"host":"6ko66ogg91i6g7xq","time":1608027707,"event":{"mods":["AchievementEnabler","Act Like it!","BaseMod","Colored Map","Colored Powertips","Downfall","Hermit","Minty Spire (QoL Compilation)","Quick Restart","Relic Stats","StSLib","The Jungle","everything is the same but u backflip on backflip"],"gold_per_floor":[109,109,284,109,129,159,159,159,159],"floor_reached":8,"playtime":127,"items_purged":["Doubt"],"score":87,"play_id":"4b05be87-5a14-4e39-a722-a6602ad5ba1c","local_time":"20201215052147","is_ascension_mode":true,"campfire_choices":[{"floor":7,"key":"RECALL"}],"circlet_count":0,"master_deck":["Strike_G","Strike_G","Strike_G","Strike_G","Strike_G","Defend_G","Defend_G","Defend_G","Defend_G","Defend_G","Survivor","Neutralize","Caltrops","Blade Dance","Crippling Poison","Storm of Steel"],"relics":["Ring of the Snake","NeowsBlessing","Bottled Lightning"],"acts_visited":["Exordium"],"potions_floor_usage":[],"damage_taken":[{"damage":0,"enemies":"Small Slimes","floor":1,"turns":1},{"damage":0,"enemies":"Cultist","floor":5,"turns":1},{"damage":0,"enemies":"3 Sentries","floor":6,"turns":1},{"damage":22,"enemies":"Lagavulin","floor":8,"turns":6}],"seed_played":"-1839860885182485896","potions_obtained":[{"floor":5,"key":"GhostInAJar"}],"is_trial":false,"path_per_floor":["M","$","?","$","M","E","R","E"],"character_chosen":"THE_SILENT","items_purchased":["Caltrops","Blade Dance"],"campfire_rested":0,"item_purchase_floors":[4,4],"current_hp_per_floor":[70,70,70,70,70,70,70,48,48],"gold":159,"neow_bonus":"THREE_ENEMY_KILL","is_daily":false,"chose_seed":false,"campfire_upgraded":0,"win_rate":0.0,"timestamp":1608027707,"path_taken":["M","$","?","$","M","E","R","E"],"items_purchased_type":["Card","Card"],"build_version":"2020-12-13","purchased_purges":1,"victory":false,"max_hp_per_floor":[70,70,70,70,70,70,70,70,70],"relic_stats":{"counters":[4,9],"obtain_stats":[{"NeowsBlessing":0,"Bottled Lightning":6,"Ring of the Snake":0},{"NeowsBlessing":0,"Bottled Lightning":3,"Ring of the Snake":0},{"NeowsBlessing":0,"Bottled Lightning":3,"Ring of the Snake":0}],"Ring of the Snake":[8]},"card_choices":[{"not_picked":["Dagger Throw","Flying Knee","Quick Slash"],"picked":"SKIP","floor":1},{"not_picked":["Acrobatics","Sucker Punch"],"picked":"Crippling Poison","floor":5},{"not_picked":["Sucker Punch","Eviscerate"],"picked":"Storm of Steel","floor":6}],"player_experience":270888,"relics_obtained":[{"floor":6,"key":"Bottled Lightning"}],"event_choices":[{"damage_healed":0,"gold_gain":175,"player_choice":"AGREE","damage_taken":0,"max_hp_gain":0,"max_hp_loss":0,"event_name":"Liars Game","floor":3,"gold_loss":0,"cards_obtained":["Doubt"]}],"is_beta":false,"boss_relics":[],"items_purged_floors":[4],"is_endless":false,"potions_floor_spawned":[5],"killed_by":"Lagavulin","ascension_level":2}}