{"host":"kh6fvhxn285ncg0o","time":1608014906,"event":{"mods":["Act Like it!","BaseMod","Colored Map","Friendly Minions","Keyboard Shortcuts","Minty Spire (QoL Compilation)","Quick Restart","Relic Stats","StSLib","SuperFastMode"],"gold_per_floor":[111,129,129,41,41,41,73,73,73,73,73],"floor_reached":10,"playtime":236,"items_purged":[],"score":128,"play_id":"f4bd4d42-5c25-4922-b6a2-101b8b8c4c0a","local_time":"20201215154826","is_ascension_mode":true,"campfire_choices":[{"data":"Bash","floor":6,"key":"SMITH"},{"data":"Feel No Pain","floor":8,"key":"SMITH"}],"circlet_count":0,"master_deck":["AscendersBane","Strike_R","Strike_R","Defend_R","Defend_R","Defend_R","Defend_R","Bash+1","Flex","Armaments","Feel No Pain+1","Second Wind","Dropkick"],"relics":["Burning Blood","Strawberry","Sundial"],"acts_visited":["Exordium"],"potions_floor_usage":[7,10],"damage_taken":[{"damage":12,"enemies":"Small Slimes","floor":1,"turns":3},{"damage":12,"enemies":"Cultist","floor":2,"turns":4},{"damage":20,"enemies":"Lagavulin","floor":7,"turns":6},{"damage":33,"enemies":"Gremlin Nob","floor":10,"turns":4}],"seed_played":"-1029345212343439623","potions_obtained":[{"floor":1,"key":"BlessingOfTheForge"},{"floor":2,"key":"CultistPotion"}],"is_trial":false,"path_per_floor":["M","M","?","$","?","R","E","R","T","E"],"character_chosen":"IRONCLAD","items_purchased":["Dropkick"],"campfire_rested":0,"item_purchase_floors":[4],"current_hp_per_floor":[44,38,38,38,38,38,31,31,31,0,0],"gold":73,"neow_bonus":"TRANSFORM_TWO_CARDS","is_daily":false,"chose_seed":false,"campfire_upgraded":2,"win_rate":0.0,"timestamp":1608014906,"path_taken":["M","M","?","?","?","R","E","R","T","E"],"items_purchased_type":["Card"],"build_version":"2020-12-13","purchased_purges":0,"victory":false,"max_hp_per_floor":[75,75,75,75,75,75,82,82,82,82,82],"relic_stats":{"counters":[4,17],"Sundial":[0],"obtain_stats":[{"Sundial":9,"Strawberry":7,"Burning Blood":0},{"Sundial":3,"Strawberry":3,"Burning Blood":0},{"Sundial":13,"Strawberry":13,"Burning Blood":0}],"Burning Blood":18},"card_choices":[{"not_picked":["Body Slam","Shrug It Off"],"picked":"Feel No Pain","floor":1},{"not_picked":["Rampage","Feel No Pain"],"picked":"Second Wind","floor":2},{"not_picked":["Thunderclap","Sword Boomerang","Rupture"],"picked":"SKIP","floor":7}],"player_experience":3168542,"relics_obtained":[{"floor":7,"key":"Strawberry"},{"floor":9,"key":"Sundial"}],"event_choices":[{"cards_removed":["Strike_R"],"damage_healed":0,"gold_gain":0,"player_choice":"Purged","damage_taken":0,"max_hp_gain":0,"max_hp_loss":0,"event_name":"Purifier","floor":3,"gold_loss":0},{"damage_healed":0,"gold_gain":0,"player_choice":"Ignored","damage_taken":0,"max_hp_gain":0,"max_hp_loss":0,"event_name":"Liars Game","floor":5,"gold_loss":0}],"is_beta":false,"boss_relics":[],"items_purged_floors":[],"is_endless":false,"potions_floor_spawned":[1,2],"killed_by":"Gremlin Nob","ascension_level":20}}