{"host":"f55lpzc7830gmx23","time":1608073237,"event":{"mods":["BaseMod","Better Note","Downfall","Hermit","Minty Spire (QoL Compilation)","StSLib","The Blackbeard","The Cursed","The Necromancer"],"gold_per_floor":[112,112,129,129,156,189,218,230,242,267,279,319,331,293,305,418,430,458,489,776,473,473,473,486,520,547,562,562,562,594,95,95,192,192,207,207,28,28,28,60,72,72,72,72,127,127,156,167,167,167],"floor_reached":51,"playtime":3416,"items_purged":["Regret"],"score":1107,"play_id":"dae68e18-72ef-4cdc-aec9-57885b93dd34","local_time":"20201216000037","is_ascension_mode":true,"campfire_choices":[{"data":"blackbeard:Cutlass","floor":11,"key":"SMITH"},{"floor":13,"key":"REST"},{"floor":15,"key":"REST"},{"data":"blackbeard:PowerHungry","floor":23,"key":"SMITH"},{"floor":32,"key":"REST"},{"data":"blackbeard:Salvager","floor":42,"key":"SMITH"},{"floor":44,"key":"REST"},{"floor":49,"key":"DIG"}],"circlet_count":0,"master_deck":["blackbeard:IntimidatingStrike","blackbeard:Cutlass+1","blackbeard:Spear","blackbeard:RearmingStrike+1","blackbeard:PowerHungry+1","blackbeard:GoldenStrike","blackbeard:JollyRoger","blackbeard:SmithingHammer","blackbeard:GoldenStrike+1","blackbeard:GoldenCannonball","blackbeard:BrownPants","blackbeard:Shrapnel","blackbeard:GoldenStrike","blackbeard:Salvager+1","blackbeard:CatONineTails+1","blackbeard:SmithingHammer+1","blackbeard:InfiniteBarrage","blackbeard:GoldenRain","blackbeard:GoldenRain","blackbeard:Revenge","blackbeard:PirateEarring","blackbeard:Dagger+1","blackbeard:Toast+1","blackbeard:TheDrunkenSailor","blackbeard:DeadlyArsenal","blackbeard:Sword+1","blackbeard:Rum","Writhe","blackbeard:TerrorOfTheSeas","blackbeard:BrownPants+1","blackbeard:PowderKeg+1","Doubt","blackbeard:CannonBarrage+1","blackbeard:WoodenLeg"],"relics":["blackbeard:LoadTheCannons","Orichalcum","MawBank","InkBottle","Odd Mushroom","blackbeard:SoberMinded","blackbeard:Spearhead","Sundial","Art of War","Lizard Tail","HornCleat","Bird Faced Urn","Chemical X","Pandora\u0027s Box","Mummified Hand","blackbeard:WhitePearl","Shovel","Blood Vial","War Paint"],"acts_visited":["Exordium","TheCity","TheBeyond"],"potions_floor_usage":[6,6,6,12,12,16,16,24,25,30,33,33,45],"damage_taken":[{"damage":3,"enemies":"2 Louse","floor":1,"turns":2},{"damage":1,"enemies":"Cultist","floor":3,"turns":3},{"damage":0,"enemies":"Gremlin Nob","floor":6,"turns":2},{"damage":2,"enemies":"Jaw Worm","floor":7,"turns":3},{"damage":7,"enemies":"2 Fungi Beasts","floor":10,"turns":3},{"damage":12,"enemies":"The Mushroom Lair","floor":12,"turns":4},{"damage":22,"enemies":"Hexaghost","floor":16,"turns":9},{"damage":2,"enemies":"Spheric Guardian","floor":18,"turns":3},{"damage":4,"enemies":"Chosen","floor":19,"turns":3},{"damage":1,"enemies":"Sentry and Sphere","floor":24,"turns":3},{"damage":25,"enemies":"Book of Stabbing","floor":25,"turns":4},{"damage":2,"enemies":"Snecko","floor":27,"turns":3},{"damage":38,"enemies":"Slavers","floor":30,"turns":4},{"damage":58,"enemies":"Automaton","floor":33,"turns":7},{"damage":33,"enemies":"3 Shapes","floor":35,"turns":5},{"damage":39,"enemies":"Nemesis","floor":40,"turns":7},{"damage":0,"enemies":"3 Darklings","floor":41,"turns":2},{"damage":23,"enemies":"2 Orb Walkers","floor":45,"turns":4},{"damage":0,"enemies":"Giant Head","floor":47,"turns":5},{"damage":8,"enemies":"Maw","floor":48,"turns":7},{"damage":74,"enemies":"Time Eater","floor":50,"turns":7}],"seed_played":"-3299315594878026111","potions_obtained":[{"floor":1,"key":"LiquidMemories"},{"floor":2,"key":"PowerPotion"},{"floor":2,"key":"BlessingOfTheForge"},{"floor":2,"key":"EntropicBrew"},{"floor":12,"key":"SpeedPotion"},{"floor":16,"key":"SteroidPotion"},{"floor":18,"key":"CultistPotion"},{"floor":25,"key":"Block Potion"},{"floor":30,"key":"Explosive Potion"},{"floor":40,"key":"GamblersBrew"},{"floor":41,"key":"BlessingOfTheForge"}],"is_trial":false,"path_per_floor":["M","?","M","?","T","E","M","$","T","M","R","?","R","?","R","B",null,"M","M","?","$","?","R","M","E","T","M","?","T","E","$","R","B",null,"M","?","$","?","$","E","M","R","T","R","?","?","E","M","R","B",null],"character_chosen":"BLACKBEARD_CLASS","items_purchased":["blackbeard:Spearhead","blackbeard:BrownPants","AttackPotion","Bird Faced Urn","blackbeard:InfiniteBarrage","Chemical X","blackbeard:Rum","FairyPotion"],"campfire_rested":4,"item_purchase_floors":[21,21,21,31,31,31,37,37],"current_hp_per_floor":[65,65,64,49,49,49,47,47,47,40,40,36,58,58,75,53,70,68,64,64,64,64,64,63,38,38,36,75,75,37,37,59,7,58,35,35,35,54,54,27,33,33,33,55,46,75,75,67,67,11],"gold":167,"neow_bonus":"RANDOM_COLORLESS","is_daily":false,"chose_seed":false,"campfire_upgraded":3,"win_rate":0.0,"timestamp":1608073237,"path_taken":["M","?","?","?","?","E","M","$","T","M","R","?","R","?","R","BOSS","M","M","?","$","?","R","M","E","T","?","?","?","E","?","R","BOSS","M","?","$","?","$","E","M","R","T","R","?","?","E","?","R","BOSS"],"items_purchased_type":["Relic","Card","Potion","Relic","Card","Relic","Card","Potion"],"build_version":"2020-12-13","purchased_purges":1,"victory":true,"max_hp_per_floor":[75,75,75,75,75,75,75,75,75,75,75,75,75,75,75,75,75,75,75,75,75,75,75,75,75,75,75,75,75,75,75,75,75,75,75,75,75,75,75,75,75,75,75,75,75,75,75,75,75,75],"card_choices":[{"not_picked":["expansioncontent:AwakenDeath","Forethought"],"picked":"Swift Strike","floor":0},{"not_picked":["blackbeard:TacticalRetreat","blackbeard:Eyepatch"],"picked":"blackbeard:Spear","floor":1},{"not_picked":["blackbeard:CatONineTails","blackbeard:Shrapnel"],"picked":"blackbeard:RearmingStrike","floor":3},{"not_picked":["blackbeard:Dagger","blackbeard:PiratesWill"],"picked":"blackbeard:PowerHungry","floor":6},{"not_picked":["blackbeard:TerrorOfTheSeas","blackbeard:FishingNets"],"picked":"blackbeard:GoldenStrike","floor":7},{"not_picked":["blackbeard:Lifeboat","blackbeard:BlindAttacks"],"picked":"blackbeard:JollyRoger","floor":10},{"not_picked":["blackbeard:WiseDefense","blackbeard:Shrapnel"],"picked":"blackbeard:SmithingHammer","floor":12},{"not_picked":["blackbeard:AgileStrike+1","blackbeard:SwordDance"],"picked":"blackbeard:GoldenCannonball","floor":18},{"not_picked":["blackbeard:Recklessness","blackbeard:FishingNets"],"picked":"blackbeard:WoodenLeg+1","floor":19},{"not_picked":["blackbeard:CloakAndCannonball+1","blackbeard:Dagger"],"picked":"blackbeard:GoldenStrike","floor":24},{"not_picked":["blackbeard:Fencing","blackbeard:Upgrade+1"],"picked":"blackbeard:Salvager","floor":25},{"not_picked":["blackbeard:BlindAttacks+1","blackbeard:Shrapnel"],"picked":"blackbeard:CatONineTails+1","floor":27},{"not_picked":["blackbeard:CatONineTails","blackbeard:SwordDance+1"],"picked":"blackbeard:SmithingHammer+1","floor":30},{"not_picked":["blackbeard:UndeadForm","blackbeard:FinalBarrage"],"picked":"blackbeard:GoldenRain","floor":33},{"not_picked":["blackbeard:AgileStrike","blackbeard:PiratesWill"],"picked":"blackbeard:Sword+1","floor":35},{"not_picked":["blackbeard:Shrapnel","blackbeard:WiseDefense+1"],"picked":"blackbeard:TerrorOfTheSeas","floor":40},{"not_picked":["blackbeard:BlindAttacks+1","blackbeard:PirateEarring"],"picked":"blackbeard:BrownPants+1","floor":41},{"not_picked":["blackbeard:FieryDefense","blackbeard:PirateEarring+1"],"picked":"blackbeard:PowderKeg+1","floor":45},{"not_picked":["blackbeard:CaptainsCabin","blackbeard:Recklessness"],"picked":"blackbeard:CannonBarrage+1","floor":47},{"not_picked":["blackbeard:GoldenRain","blackbeard:CaptainsCabin+1"],"picked":"blackbeard:WoodenLeg","floor":48}],"player_experience":414474,"relics_obtained":[{"floor":5,"key":"Orichalcum"},{"floor":6,"key":"MawBank"},{"floor":9,"key":"InkBottle"},{"floor":12,"key":"Odd Mushroom"},{"floor":25,"key":"Sundial"},{"floor":26,"key":"Art of War"},{"floor":29,"key":"Lizard Tail"},{"floor":30,"key":"HornCleat"},{"floor":40,"key":"Mummified Hand"},{"floor":43,"key":"blackbeard:WhitePearl"},{"floor":45,"key":"Shovel"},{"floor":47,"key":"Blood Vial"},{"floor":49,"key":"War Paint"}],"event_choices":[{"damage_healed":0,"gold_gain":0,"player_choice":"Got Potions","damage_taken":0,"max_hp_gain":0,"max_hp_loss":0,"event_name":"Lab","floor":2,"gold_loss":0},{"damage_healed":0,"gold_gain":0,"player_choice":"Entered Light","damage_taken":15,"max_hp_gain":0,"max_hp_loss":0,"event_name":"Shining Light","floor":4,"gold_loss":0,"cards_upgraded":["blackbeard:BlackbeardStrike","blackbeard:RearmingStrike"]},{"damage_healed":0,"gold_gain":0,"player_choice":"Fought Mushrooms","damage_taken":0,"max_hp_gain":0,"max_hp_loss":0,"event_name":"Mushrooms","floor":12,"gold_loss":0},{"damage_healed":0,"gold_gain":0,"player_choice":"blackbeard:GoldenStrike","damage_taken":0,"max_hp_gain":0,"max_hp_loss":0,"event_name":"blackbeard:GoldsmithEvent","floor":14,"gold_loss":0,"cards_obtained":["blackbeard:GoldenStrike"]},{"damage_healed":0,"gold_gain":275,"player_choice":"Desecrate","damage_taken":0,"max_hp_gain":0,"max_hp_loss":0,"event_name":"Golden Shrine","floor":20,"gold_loss":0,"cards_obtained":["Regret"]},{"damage_healed":0,"gold_gain":0,"cards_transformed":["blackbeard:WoodenLeg"],"player_choice":"Transformed","damage_taken":0,"max_hp_gain":0,"max_hp_loss":0,"event_name":"Transmorgrifier","floor":22,"gold_loss":0,"cards_obtained":["blackbeard:Shrapnel"]},{"cards_removed":["Swift Strike"],"damage_healed":39,"gold_gain":0,"player_choice":"Offered Uncommon","damage_taken":0,"max_hp_gain":0,"max_hp_loss":0,"event_name":"Bonfire Elementals","floor":28,"gold_loss":0},{"damage_healed":0,"gold_gain":0,"player_choice":"Ignored","damage_taken":0,"max_hp_gain":0,"max_hp_loss":0,"event_name":"Tomb of Lord Red Mask","floor":36,"gold_loss":0},{"damage_healed":19,"gold_gain":0,"player_choice":"Writhe","damage_taken":0,"max_hp_gain":0,"max_hp_loss":0,"event_name":"Winding Halls","floor":38,"gold_loss":0,"cards_obtained":["Writhe"]},{"damage_healed":0,"gold_gain":0,"player_choice":"Fight","damage_taken":0,"max_hp_gain":0,"max_hp_loss":0,"event_name":"Mysterious Sphere","floor":45,"gold_loss":0},{"damage_healed":29,"gold_gain":0,"player_choice":"Heal","damage_taken":0,"max_hp_gain":0,"max_hp_loss":0,"event_name":"MindBloom","floor":46,"gold_loss":0,"cards_obtained":["Doubt"]}],"is_beta":false,"boss_relics":[{"not_picked":["Velvet Choker","Black Star"],"picked":"blackbeard:SoberMinded"},{"not_picked":["Empty Cage","Runic Pyramid"],"picked":"Pandora\u0027s Box"}],"items_purged_floors":[21],"is_endless":false,"potions_floor_spawned":[1,10,12,16,18,25,30,40,41],"ascension_level":8}}