{"host":"a3oe3gstxz77c7qu","time":1608065574,"event":{"mods":["2.2 Compatiblity","Act Like it!","BaseMod","Bestiary","Better Altar","Better Match","Better Note","Better Sensory Stone","Better Skull","Better Third Choice","Block Reminder","Conspire","Curses Come First","Custom Start","Downfall","Friendly Minions","GifTheSpireLib","Humility","Infinite Spire","Lobotomy","LobotomyExtend","Marisa????????","Minty Spire (QoL Compilation)","Permanent Neow","Quick Restart","Relic Stats","Replay The Spire","Robot Space Explorer","StSLib","The Blue Laboratory","Uncapped","Wandering Minibosses"],"gold_per_floor":[116,132,182,182,197,197,197,197],"floor_reached":7,"playtime":288,"items_purged":[],"score":78,"play_id":"6ce7f45c-ad00-442f-a7a2-f2c44f241173","local_time":"20201215205254","is_ascension_mode":true,"campfire_choices":[{"floor":6,"key":"REST"}],"circlet_count":0,"master_deck":["AscendersBane","Strike_R","Strike_R","Strike_R","Strike_R","Strike_R","Defend_R","Defend_R","Defend_R","Defend_R","Bash","ReplayTheSpireMod:Corrosion Curse","Replay:Undeath\u0027s Touch","Hallucinations","Cleave"],"relics":["Burning Blood","CogitoBucket","RabbitCall","LetterFromLob","Ring of Panic","Ring of Greed","MealTicket","Blue Doll","CultistMask"],"acts_visited":["Exordium"],"potions_floor_usage":[],"damage_taken":[{"damage":7,"enemies":"2 Louse","floor":1,"turns":4},{"damage":31,"enemies":"Jaw Worm","floor":2,"turns":7},{"damage":11,"enemies":"Cultist","floor":5,"turns":4},{"damage":51,"enemies":"Lagavulin","floor":7,"turns":7}],"seed_played":"6340819925413902870","potions_obtained":[{"floor":2,"key":"SteroidPotion"}],"is_trial":false,"path_per_floor":["M","M","?","?","M","R","E"],"character_chosen":"IRONCLAD","items_purchased":[],"campfire_rested":1,"item_purchase_floors":[],"current_hp_per_floor":[67,42,42,42,37,59,8,8],"gold":197,"neow_bonus":"","is_daily":false,"chose_seed":false,"campfire_upgraded":0,"win_rate":0.0,"timestamp":1608065574,"path_taken":["M","M","?","?","?","R","E"],"items_purchased_type":[],"build_version":"2020-12-13","purchased_purges":0,"victory":false,"max_hp_per_floor":[75,75,75,75,75,75,75,75],"relic_stats":{"counters":[4,22],"MealTicket":0,"obtain_stats":[{"RabbitCall":0,"CogitoBucket":0,"MealTicket":3,"Blue Doll":3,"CultistMask":4,"LetterFromLob":1,"Ring of Greed":3,"Ring of Panic":3,"Burning Blood":0},{"RabbitCall":0,"CogitoBucket":0,"MealTicket":2,"Blue Doll":2,"CultistMask":2,"LetterFromLob":1,"Ring of Greed":2,"Ring of Panic":2,"Burning Blood":0},{"RabbitCall":0,"CogitoBucket":0,"MealTicket":11,"Blue Doll":11,"CultistMask":11,"LetterFromLob":4,"Ring of Greed":11,"Ring of Panic":11,"Burning Blood":0}],"Burning Blood":18},"card_choices":[{"not_picked":["ReplayTheSpireMod:Strike From Hell","Rupture"],"picked":"ReplayTheSpireMod:Corrosion Curse","floor":1},{"not_picked":["FieryBird","ShyLook","FairyFestival"],"picked":"Singing Bowl","floor":1},{"not_picked":["Bloodletting","Power Through"],"picked":"Replay:Undeath\u0027s Touch","floor":2},{"not_picked":["Laetitia","ShyLook","CrumblingArmor"],"picked":"Singing Bowl","floor":2},{"not_picked":["Sentinel","Sever Soul"],"picked":"Cleave","floor":5},{"not_picked":["CherryBlossoms","ShyLook","VoidDream"],"picked":"Singing Bowl","floor":5}],"player_experience":813480,"relics_obtained":[{"floor":1,"key":"LetterFromLob"},{"floor":3,"key":"Ring of Panic"},{"floor":3,"key":"Ring of Greed"},{"floor":3,"key":"MealTicket"},{"floor":3,"key":"Blue Doll"}],"event_choices":[{"damage_healed":0,"gold_gain":0,"player_choice":"Trade","damage_taken":0,"relics_obtained":["CultistMask"],"max_hp_gain":0,"max_hp_loss":0,"event_name":"FaceTrader","floor":4,"gold_loss":0}],"is_beta":false,"boss_relics":[],"items_purged_floors":[],"is_endless":false,"potions_floor_spawned":[2],"killed_by":"Lagavulin","ascension_level":18}}