{"host":"ufl0k2so27eic2iy","time":1608040985,"event":{"mods":["BaseMod","Minty Spire (QoL Compilation)","StSLib","The Animator"],"gold_per_floor":[125,136,61,61,91,91,105,140,140,140,169,169,202,216,216,216,216],"floor_reached":16,"playtime":866,"items_purged":["animator:Strike"],"score":196,"play_id":"949e33d0-9cb1-42eb-861a-cd2e4731bfec","local_time":"20201215140305","is_ascension_mode":true,"campfire_choices":[{"data":"animator:EriShiina","floor":6,"key":"SMITH"},{"data":"animator:MasamiIwasawa","floor":10,"key":"SMITH"},{"data":"animator:EmiyaShirou","floor":12,"key":"SMITH"},{"floor":15,"key":"REST"}],"circlet_count":0,"master_deck":["AscendersBane","animator:Strike_AngelBeats","animator:Defend_AngelBeats","animator:Strike","animator:Strike","animator:Defend","animator:Defend","animator:Defend","animator:HidekiHinata+1","animator:MasamiIwasawa+1","animator:EmiyaShirou+1","animator:CrowleyEusford","animator:EriShiina+1","animator:EriShiina","animator:Yusa","animator:Noda","animator:MikuIzayoi","animator:Chaa+1","animator:Sonic"],"relics":["animator:LivingPicture","animator:TheMissingPiece","Frozen Egg 2","The Courier","Dream Catcher"],"acts_visited":["Exordium"],"potions_floor_usage":[8,8,14],"damage_taken":[{"damage":1,"enemies":"Cultist","floor":1,"turns":3},{"damage":4,"enemies":"Small Slimes","floor":2,"turns":4},{"damage":7,"enemies":"Jaw Worm","floor":5,"turns":3},{"damage":9,"enemies":"Gremlin Gang","floor":7,"turns":8},{"damage":14,"enemies":"3 Sentries","floor":8,"turns":8},{"damage":0,"enemies":"Large Slime","floor":11,"turns":5},{"damage":5,"enemies":"Lagavulin","floor":13,"turns":10},{"damage":0,"enemies":"3 Louse","floor":14,"turns":2},{"damage":49,"enemies":"Slime Boss","floor":16,"turns":10}],"seed_played":"-1493623737751106952","potions_obtained":[{"floor":5,"key":"Dexterity Potion"},{"floor":7,"key":"GamblersBrew"},{"floor":8,"key":"Energy Potion"},{"floor":14,"key":"CultistPotion"}],"is_trial":false,"path_per_floor":["M","M","$","?","M","R","M","E","T","R","M","R","E","M","R","B"],"character_chosen":"THE_ANIMATOR","items_purchased":[],"campfire_rested":1,"item_purchase_floors":[],"current_hp_per_floor":[59,55,55,55,48,48,39,26,26,26,26,26,21,22,42,0,0],"gold":216,"neow_bonus":"TEN_PERCENT_HP_BONUS","is_daily":false,"chose_seed":true,"campfire_upgraded":3,"win_rate":0.0,"timestamp":1608040985,"path_taken":["M","M","$","?","?","R","?","E","T","R","?","R","E","M","R","BOSS"],"items_purchased_type":[],"build_version":"2020-12-13","purchased_purges":1,"victory":false,"max_hp_per_floor":[66,66,66,66,66,66,66,67,67,67,67,67,67,68,68,68,68],"card_choices":[{"not_picked":["animator:Azekura","animator:Konayuki"],"picked":"animator:EmiyaShirou","floor":1},{"not_picked":["animator:Geryuganshoop","animator:SilverFang"],"picked":"animator:CrowleyEusford","floor":2},{"not_picked":["animator:Melzalgald","animator:ZankiKiguchi"],"picked":"animator:EriShiina","floor":5},{"not_picked":["animator:YuzuruOtonashi","animator:MasamiIwasawa"],"picked":"animator:EriShiina","floor":7},{"not_picked":["animator:Natsumi","animator:Rider"],"picked":"animator:Yusa","floor":8},{"not_picked":["animator:Genos","animator:Archer+1"],"picked":"animator:Noda","floor":11},{"not_picked":["animator:Tatsumaki","animator:SilverFang"],"picked":"animator:MikuIzayoi","floor":13},{"not_picked":["animator:Noda","animator:MasamiIwasawa"],"picked":"animator:Chaa+1","floor":14},{"not_picked":["animator:TohkaYatogami","animator:Emonzaemon"],"picked":"animator:Sonic","floor":15}],"player_experience":2288247,"relics_obtained":[{"floor":8,"key":"Frozen Egg 2"},{"floor":9,"key":"The Courier"},{"floor":13,"key":"Dream Catcher"}],"event_choices":[{"damage_healed":0,"gold_gain":0,"player_choice":"Forge","damage_taken":0,"max_hp_gain":0,"max_hp_loss":0,"event_name":"Accursed Blacksmith","floor":4,"gold_loss":0,"cards_upgraded":["animator:HidekiHinata"]}],"is_beta":false,"boss_relics":[],"items_purged_floors":[3],"is_endless":false,"potions_floor_spawned":[5,7,8,14],"killed_by":"Slime Boss","ascension_level":15}}