{"host":"kh1j1cf337zr4nij","time":1608013645,"event":{"mods":["2.2 Compatiblity","AchievementEnabler","Act Like it!","Aspiration","BaseMod","Bestiary","CCEM","Colored Map","Colored Powertips","Conspire","Downfall","Energized Spire","Friendly Minions","FruityMod","GifTheSpireLib","Halation","Hermit","Highlight Path","Hubris","Jedi Mod","Minty Spire (QoL Compilation)","Quick Restart","Random Character Button","Relic Stats","Replay The Spire","StSLib","Stuff the Spire","SuperFastMode","Synergy Search","The Mystic","The Necromancer","Trackpad","vexMod"],"gold_per_floor":[99,126,126,144,160,160,183,194,194,226,326,337,353,366,378,476,476,401,451,469,394,444,510,533,533,553,583,596,610,627,179,193,288,288,213,223,237,358,408,428,428,428,453,453,466,480,548,598,613,613,613,639,77,77,77],"floor_reached":56,"playtime":3673,"items_purged":["mysticmod:Defend_Mystic","mysticmod:EnchantedMoulinet","mysticmod:LightningBolt"],"score":1465,"play_id":"68b5d3a2-db03-4bf0-a1a1-d6a3c2237393","local_time":"20201215012725","is_ascension_mode":false,"campfire_choices":[{"data":"mysticmod:Strike_Mystic","floor":1,"key":"PURGE"},{"floor":3,"key":"REST"},{"floor":9,"key":"RECALL"},{"data":"mysticmod:SuddenClarity","floor":18,"key":"SMITH"},{"data":"mysticmod:Lunge","floor":21,"key":"SMITH"},{"data":"mysticmod:ComponentsPouch","floor":25,"key":"SMITH"},{"floor":42,"key":"REST"},{"floor":44,"key":"REST"},{"floor":54,"key":"REST"}],"circlet_count":0,"master_deck":["mysticmod:Strike_Mystic","mysticmod:Strike_Mystic","mysticmod:Defend_Mystic","mysticmod:Defend_Mystic","mysticmod:ArcaneDodge","mysticmod:ShockingGrasp","mysticmod:Fireball","mysticmod:Flurry","mysticmod:Riposte","mysticmod:CureLightWounds","mysticmod:Daze","mysticmod:FiveFootStep","mysticmod:PowerAttack","mysticmod:ObscuringMist","mysticmod:PureInstinct","mysticmod:MagicWeapon","mysticmod:SuddenClarity+1","mysticmod:Lunge+1","mysticmod:HeavyStrike+1","mysticmod:ComponentsPouch+1","mysticmod:EarthenWall","mysticmod:KeenEdge","mysticmod:IllusionOfCalm+1","mysticmod:TomeOfSpells+1","Apotheosis","mysticmod:MightyMagic","mysticmod:MysticalShield","mysticmod:Momentum","mysticmod:Grease+1","mysticmod:SpellCombat"],"relics":["mysticmod:SpellBook","Oddly Smooth Stone","hubris:Towel","trackpad:CultistFigurine","Bottled Flame","downfall:CloakOfManyFaces","CultistMask","FaceOfCleric","NlothsMask","GremlinMask","SsserpentHead","Replay:Grab Bag","vexMod:CursedCompass","energizedSpire:DeadBattery","Runic Pyramid","halation:PinkAlligatorPlush","downfall:HeartBlessingRed","downfall:HeartBlessingBlue","PreservedInsect","jedi:HeartOfTheCards","Simple Rune","Fusion Hammer","downfall:HeartBlessingGreen","vexMod:InvisibilityCloak","vexMod:Dragonfruit","Counterbalance","Lantern","ReplayFunnel","TungstenRod","Orichalcum"],"acts_visited":["Exordium","TheCity","TheBeyond","TheEnding"],"potions_floor_usage":[20,27,28,33,33,55,55,55,55],"damage_taken":[{"damage":34,"enemies":"Lagavulin","floor":2,"turns":8},{"damage":0,"enemies":"Jaw Worm","floor":4,"turns":2},{"damage":0,"enemies":"2 Louse","floor":5,"turns":1},{"damage":0,"enemies":"Cultist","floor":8,"turns":2},{"damage":11,"enemies":"Gremlin Nob","floor":10,"turns":4},{"damage":2,"enemies":"downfall:FaceTrader","floor":11,"turns":6},{"damage":2,"enemies":"Exordium Thugs","floor":12,"turns":2},{"damage":0,"enemies":"Red Slaver","floor":13,"turns":3},{"damage":0,"enemies":"Large Slime","floor":14,"turns":4},{"damage":0,"enemies":"3 Louse","floor":15,"turns":3},{"damage":7,"enemies":"downfall:Watcher","floor":16,"turns":9},{"damage":2,"enemies":"conspire:FuzzyDice","floor":20,"turns":4},{"damage":6,"enemies":"Centurion and Healer","floor":23,"turns":5},{"damage":6,"enemies":"Cultist and Chosen","floor":26,"turns":5},{"damage":8,"enemies":"Gremlin Leader","floor":27,"turns":4},{"damage":3,"enemies":"Snake Plant","floor":28,"turns":3},{"damage":12,"enemies":"Snecko","floor":29,"turns":4},{"damage":0,"enemies":"Cultist and Chosen","floor":30,"turns":3},{"damage":5,"enemies":"downfall:FleeingMerchant","floor":31,"turns":4},{"damage":0,"enemies":"Chosen and Byrds","floor":32,"turns":3},{"damage":36,"enemies":"downfall:Ironclad","floor":33,"turns":6},{"damage":0,"enemies":"3 Shapes","floor":36,"turns":3},{"damage":0,"enemies":"Orb Walker","floor":37,"turns":4},{"damage":10,"enemies":"Maw","floor":40,"turns":6},{"damage":0,"enemies":"Giant Head","floor":43,"turns":6},{"damage":0,"enemies":"3 Darklings","floor":45,"turns":5},{"damage":0,"enemies":"Jaw Worm Horde","floor":46,"turns":4},{"damage":0,"enemies":"downfall:FleeingMerchant","floor":47,"turns":2},{"damage":12,"enemies":"Sphere and 2 Shapes","floor":49,"turns":4},{"damage":68,"enemies":"downfall:Silent","floor":50,"turns":8},{"damage":26,"enemies":"downfall:CharBossMerchant","floor":52,"turns":5},{"damage":39,"enemies":"downfall:NeowBoss","floor":55,"turns":21}],"seed_played":"7453761744708196566","potions_obtained":[{"floor":2,"key":"Doom Potion"},{"floor":5,"key":"Explosive Potion"},{"floor":8,"key":"LifebloodPotion"},{"floor":12,"key":"Toxic Potion"},{"floor":20,"key":"SkillPotion"},{"floor":23,"key":"LifebloodPotion"},{"floor":28,"key":"sneckomod:MuddlingPotion"},{"floor":32,"key":"SteroidPotion"},{"floor":35,"key":"Death Potion"},{"floor":35,"key":"Explosive Potion"},{"floor":40,"key":"EntropicBrew"},{"floor":48,"key":"BlessingOfTheForge"},{"floor":48,"key":"Ancient Potion"}],"is_trial":false,"path_per_floor":["R_BF","E","R","M","M","?","T","M","R","E","?","M","M","M","M","B",null,"R_BF","T","M","R","?","M","T","R","M","E","M","M","M","$","M","B",null,"R_BF","M","M","T","?","M","T","R","E","R","M","M","$","?","M","B",null,"E","$","R","B",null],"character_chosen":"MYSTIC_CLASS","items_purchased":["Apotheosis","Simple Rune","mysticmod:MightyMagic","Lantern","TungstenRod","Orichalcum"],"campfire_rested":4,"item_purchase_floors":[31,31,31,47,53,53],"current_hp_per_floor":[56,22,45,45,45,45,45,45,45,37,38,37,38,42,43,40,82,82,82,81,91,91,89,89,89,87,82,82,74,78,77,78,49,102,102,103,104,104,104,100,105,110,111,111,112,113,114,114,103,42,116,92,92,117,79],"gold":77,"neow_bonus":"TRANSFORM_TWO_CARDS","is_daily":false,"chose_seed":false,"campfire_upgraded":3,"win_rate":0.0,"timestamp":1608013645,"path_taken":["R_BF","E","R","M","M","?","T","M","R","E","?","M","M","M","M","BOSS","R_BF","?","M","R","?","?","T","R","M","E","M","M","M","$","M","BOSS","R_BF","M","M","?","?","M","T","R","E","R","M","M","$","?","M","BOSS","E","$","R","BOSS"],"items_purchased_type":["Card","Relic","Card","Relic","Relic","Relic"],"build_version":"2020-12-13","purchased_purges":3,"victory":true,"max_hp_per_floor":[77,77,77,77,77,77,77,77,77,77,77,78,79,80,81,82,82,82,82,83,93,93,94,94,94,95,96,97,98,99,100,101,102,102,102,103,104,104,104,105,110,110,111,111,112,113,114,114,115,116,116,117,117,117,118],"relic_stats":{"SsserpentHead":300,"FaceOfCleric":26,"counters":[32,153],"PreservedInsect":370,"Orichalcum":[12],"obtain_stats":[{"ReplayFunnel":52,"Lantern":47,"mysticmod:SpellBook":0,"GremlinMask":11,"downfall:HeartBlessingGreen":35,"SsserpentHead":11,"vexMod:InvisibilityCloak":38,"FaceOfCleric":11,"downfall:HeartBlessingBlue":21,"Fusion Hammer":34,"downfall:CloakOfManyFaces":11,"halation:PinkAlligatorPlush":17,"trackpad:CultistFigurine":7,"Runic Pyramid":17,"downfall:HeartBlessingRed":18,"Replay:Grab Bag":17,"Counterbalance":43,"Oddly Smooth Stone":2,"PreservedInsect":24,"hubris:Towel":6,"Orichalcum":53,"energizedSpire:DeadBattery":17,"jedi:HeartOfTheCards":27,"vexMod:Dragonfruit":41,"Bottled Flame":10,"Simple Rune":31,"CultistMask":11,"vexMod:CursedCompass":17,"TungstenRod":53,"NlothsMask":11},{"ReplayFunnel":31,"Lantern":28,"mysticmod:SpellBook":0,"GremlinMask":6,"downfall:HeartBlessingGreen":21,"SsserpentHead":6,"vexMod:InvisibilityCloak":23,"FaceOfCleric":6,"downfall:HeartBlessingBlue":12,"Fusion Hammer":21,"downfall:CloakOfManyFaces":6,"halation:PinkAlligatorPlush":11,"trackpad:CultistFigurine":3,"Runic Pyramid":11,"downfall:HeartBlessingRed":11,"Replay:Grab Bag":11,"Counterbalance":25,"Oddly Smooth Stone":1,"PreservedInsect":13,"hubris:Towel":3,"Orichalcum":31,"energizedSpire:DeadBattery":11,"jedi:HeartOfTheCards":15,"vexMod:Dragonfruit":24,"Bottled Flame":5,"Simple Rune":19,"CultistMask":6,"vexMod:CursedCompass":11,"TungstenRod":31,"NlothsMask":6},{"ReplayFunnel":132,"Lantern":115,"mysticmod:SpellBook":0,"GremlinMask":23,"downfall:HeartBlessingGreen":85,"SsserpentHead":23,"vexMod:InvisibilityCloak":92,"FaceOfCleric":23,"downfall:HeartBlessingBlue":48,"Fusion Hammer":85,"downfall:CloakOfManyFaces":23,"halation:PinkAlligatorPlush":44,"trackpad:CultistFigurine":11,"Runic Pyramid":44,"downfall:HeartBlessingRed":44,"Replay:Grab Bag":44,"Counterbalance":104,"Oddly Smooth Stone":8,"PreservedInsect":53,"hubris:Towel":11,"Orichalcum":132,"energizedSpire:DeadBattery":44,"jedi:HeartOfTheCards":62,"vexMod:Dragonfruit":98,"Bottled Flame":17,"Simple Rune":76,"CultistMask":23,"vexMod:CursedCompass":44,"TungstenRod":132,"NlothsMask":23}],"TungstenRod":7},"card_choices":[{"not_picked":["mysticmod:EnergizedRift","mysticmod:PreparedCaster"],"picked":"mysticmod:Riposte","floor":2},{"not_picked":["mysticmod:Shield","mysticmod:DiviningBlow"],"picked":"mysticmod:CureLightWounds","floor":4},{"not_picked":["mysticmod:Shield","mysticmod:Fly"],"picked":"mysticmod:Daze","floor":5},{"not_picked":["mysticmod:Flourish","mysticmod:Probe"],"picked":"mysticmod:FiveFootStep","floor":8},{"not_picked":["mysticmod:Shield","mysticmod:Riposte"],"picked":"mysticmod:PowerAttack","floor":10},{"not_picked":["mysticmod:Sideswipe","mysticmod:Flurry"],"picked":"mysticmod:LightningBolt","floor":11},{"not_picked":["mysticmod:LightningBolt","mysticmod:CorrosiveTouch"],"picked":"mysticmod:ObscuringMist","floor":12},{"not_picked":["mysticmod:CorrosiveTouch","mysticmod:Shield"],"picked":"mysticmod:PureInstinct","floor":13},{"not_picked":["mysticmod:Sideswipe","mysticmod:SuddenClarity"],"picked":"mysticmod:MagicWeapon","floor":14},{"not_picked":["mysticmod:PunishingArmor","mysticmod:HeavyStrike"],"picked":"mysticmod:SuddenClarity","floor":15},{"not_picked":["mysticmod:SpellRecall","mysticmod:ObscuringMist"],"picked":"mysticmod:Lunge","floor":16},{"not_picked":["mysticmod:PunishingArmor","mysticmod:Disengage+1"],"picked":"mysticmod:HeavyStrike+1","floor":20},{"not_picked":["mysticmod:TomeOfSpells","mysticmod:Probe"],"picked":"mysticmod:ComponentsPouch","floor":23},{"not_picked":["mysticmod:PureInstinct+1","mysticmod:RapidCaster","mysticmod:DiviningBlow"],"picked":"SKIP","floor":26},{"not_picked":["mysticmod:PureInstinct+1","mysticmod:Probe"],"picked":"mysticmod:EnchantedMoulinet","floor":27},{"not_picked":["mysticmod:SummonFamiliar","mysticmod:BladedDash"],"picked":"mysticmod:EarthenWall","floor":28},{"not_picked":["mysticmod:Daze+1","mysticmod:RapidCaster"],"picked":"mysticmod:KeenEdge","floor":29},{"not_picked":["mysticmod:PowerAttack+1","mysticmod:MagicMissile"],"picked":"mysticmod:IllusionOfCalm+1","floor":30},{"not_picked":["mysticmod:EarthenWall+1","mysticmod:Alacrity+1"],"picked":"mysticmod:TomeOfSpells+1","floor":31},{"not_picked":["mysticmod:MysticalShield","mysticmod:Snowball","mysticmod:BulkUp"],"picked":"SKIP","floor":32},{"not_picked":["mysticmod:Snowball","mysticmod:BulkUp"],"picked":"mysticmod:MysticalShield","floor":32},{"not_picked":["mysticmod:ObscuringMist","mysticmod:Haste"],"picked":"mysticmod:Momentum","floor":33},{"not_picked":["mysticmod:Riposte+1","mysticmod:BulkUp"],"picked":"mysticmod:Grease+1","floor":36},{"not_picked":["mysticmod:Grease","mysticmod:CorrosiveTouch+1","mysticmod:SummonFamiliar"],"picked":"SKIP","floor":37},{"not_picked":["mysticmod:Lunge","mysticmod:Alacrity+1"],"picked":"mysticmod:SpellCombat","floor":40},{"not_picked":["mysticmod:Riposte","mysticmod:Snowball","mysticmod:PowerSlash"],"picked":"SKIP","floor":43},{"not_picked":["mysticmod:ComponentsPouch","mysticmod:Flourish+1","mysticmod:HeavyStrike+1"],"picked":"SKIP","floor":45},{"not_picked":["mysticmod:ComponentsPouch+1","mysticmod:ComboCaster","mysticmod:DiviningBlow"],"picked":"SKIP","floor":46},{"not_picked":["mysticmod:SummonFamiliar","mysticmod:Riposte","mysticmod:Fireball+1"],"picked":"SKIP","floor":47},{"not_picked":["mysticmod:Natural20","mysticmod:PureInstinct","mysticmod:ComponentsPouch"],"picked":"SKIP","floor":49},{"not_picked":["mysticmod:DiviningBlow","mysticmod:TomeOfSpells+1","mysticmod:ComponentsPouch"],"picked":"SKIP","floor":52}],"player_experience":15121,"relics_obtained":[{"floor":2,"key":"Oddly Smooth Stone"},{"floor":7,"key":"trackpad:CultistFigurine"},{"floor":10,"key":"Bottled Flame"},{"floor":11,"key":"downfall:CloakOfManyFaces"},{"floor":24,"key":"PreservedInsect"},{"floor":27,"key":"jedi:HeartOfTheCards"},{"floor":38,"key":"vexMod:InvisibilityCloak"},{"floor":41,"key":"vexMod:Dragonfruit"},{"floor":43,"key":"Counterbalance"},{"floor":52,"key":"ReplayFunnel"}],"event_choices":[{"damage_healed":0,"gold_gain":0,"player_choice":"Got Potions","damage_taken":0,"max_hp_gain":0,"max_hp_loss":0,"event_name":"Lab","floor":48,"gold_loss":0}],"is_beta":false,"boss_relics":[{"not_picked":["hubris:RunicObelisk","SacredBark"],"picked":"Replay:Grab Bag"},{"not_picked":["jedi:battlestandard","Replay:Wanted Poster"],"picked":"vexMod:CursedCompass"},{"not_picked":["StuffTheSpire:RunicConfusion","Abe\u0027s Treasure"],"picked":"energizedSpire:DeadBattery"},{"not_picked":["Kintsugi","StuffTheSpire:Kangaroo"],"picked":"Runic Pyramid"},{"not_picked":["hubris:BlackHole","Snecko Eye"],"picked":"halation:PinkAlligatorPlush"},{"not_picked":["conspire:SeveredTorchhead","conspire:RoyalGoblet"],"picked":"Fusion Hammer"}],"items_purged_floors":[31,47,53],"is_endless":false,"potions_floor_spawned":[2,5,8,12,20,23,28,32,36,40,43,46,49],"ascension_level":0}}