{"host":"c5j8t0wyh2hvx9ju","time":1608040107,"event":{"mods":["Astrologer","BaseMod","BetterRewards","HololiveMod","Minty Spire (QoL Compilation)","Prisma Mod","StSLib"],"gold_per_floor":[112,132,132,148,148,188,188,229,252,285,460,483,483,501,501,625,625,638,657,432,456,470,470,470],"floor_reached":23,"playtime":1253,"items_purged":["Doubt"],"score":416,"play_id":"9cd8ad12-3bc0-4bd9-8b14-b9fdbc0991bb","local_time":"20201215224827","is_ascension_mode":true,"campfire_choices":[{"data":"Sunder","floor":7.0,"key":"SMITH"},{"data":"Gash","floor":13.0,"key":"SMITH"},{"data":"Coolheaded","floor":15.0,"key":"SMITH"}],"circlet_count":0,"master_deck":["Strike_B","Strike_B","Strike_B","Strike_B","Defend_B","Defend_B","Defend_B","Defend_B","Zap","Dualcast","Genetic Algorithm","Sunder+1","Genetic Algorithm","Gash+1","Coolheaded+1","Reboot"],"relics":["Cracked Core","Art of War","TungstenRod","Oddly Smooth Stone","Singing Bowl","Golden Idol","Juzu Bracelet","Lantern","Blood Vial","Odd Mushroom","Boot","Fusion Hammer","Akabeko"],"acts_visited":["Exordium","TheCity"],"potions_floor_usage":[16,21],"damage_taken":[{"damage":0.0,"enemies":"Small Slimes","floor":1.0,"turns":3.0},{"damage":5.0,"enemies":"Jaw Worm","floor":2.0,"turns":3.0},{"damage":0.0,"enemies":"2 Louse","floor":4.0,"turns":2.0},{"damage":8.0,"enemies":"Lagavulin","floor":6.0,"turns":6.0},{"damage":9.0,"enemies":"3 Sentries","floor":8.0,"turns":7.0},{"damage":14.0,"enemies":"The Mushroom Lair","floor":10.0,"turns":4.0},{"damage":0.0,"enemies":"Large Slime","floor":14.0,"turns":4.0},{"damage":17,"enemies":"Hexaghost","floor":16,"turns":11},{"damage":0,"enemies":"3 Byrds","floor":18,"turns":4},{"damage":3,"enemies":"Shell Parasite","floor":19,"turns":7},{"damage":12,"enemies":"Centurion and Healer","floor":21,"turns":5},{"damage":10,"enemies":"Snake Plant","floor":22,"turns":3},{"damage":69,"enemies":"Book of Stabbing","floor":23,"turns":7}],"seed_played":"-6824204253925124110","potions_obtained":[{"floor":1.0,"key":"FocusPotion"},{"floor":4.0,"key":"Fire Potion"},{"floor":8.0,"key":"FocusPotion"},{"floor":16,"key":"Dexterity Potion"},{"floor":18,"key":"Ancient Potion"},{"floor":21,"key":"Fruit Juice"}],"is_trial":false,"path_per_floor":["M","M","?","M","?","E","R","E","T","?","?","T","R","M","R","B",null,"M","M","$","M","M","E"],"character_chosen":"DEFECT","items_purchased":["Art of War","Genetic Algorithm","TungstenRod","Oddly Smooth Stone","Sunder","Singing Bowl","Block Potion","Akabeko"],"campfire_rested":0,"item_purchase_floors":[0,0,0,0,0,0,0,20],"current_hp_per_floor":[70,67,49,49,54,46,46,39,39,29,29,29,29,31,31,16,70,74,75,75,72,66,0,0],"gold":470,"neow_bonus":"","is_daily":false,"chose_seed":false,"campfire_upgraded":3,"win_rate":0.0,"timestamp":1608040107,"path_taken":["M","M","?","M","?","E","R","E","T","?","?","?","R","M","R","BOSS","M","M","$","M","M","E"],"items_purchased_type":["Relic","Card","Relic","Relic","Card","Relic","Potion","Relic"],"build_version":"2020-12-13","purchased_purges":1,"victory":false,"max_hp_per_floor":[77,79,79,79,84,84,84,86,86,88,88,88,88,88,88,88,88,90,92,92,99,101,101,101],"card_choices":[{"not_picked":["Stack","Turbo","Aggregate"],"picked":"Singing Bowl","floor":1.0},{"not_picked":["Compile Driver","Cold Snap","Hello World"],"picked":"Singing Bowl","floor":2.0},{"not_picked":["Ball Lightning","Cold Snap"],"picked":"Genetic Algorithm","floor":4.0},{"not_picked":["Go for the Eyes","Sweeping Beam"],"picked":"Gash","floor":6.0},{"not_picked":["Tempest","Meteor Strike","Go for the Eyes"],"picked":"Singing Bowl","floor":8.0},{"not_picked":["Ball Lightning","Stack","Beam Cell"],"picked":"Singing Bowl","floor":10.0},{"not_picked":["Beam Cell","Undo"],"picked":"Coolheaded","floor":14.0},{"not_picked":["Electrodynamics","Biased Cognition"],"picked":"Reboot","floor":16},{"not_picked":["Redo","Ball Lightning+1","Coolheaded"],"picked":"Singing Bowl","floor":18},{"not_picked":["Blizzard","Doom and Gloom","Redo"],"picked":"Singing Bowl","floor":19},{"not_picked":["Consume+1","Rebound","Turbo+1"],"picked":"Singing Bowl","floor":21},{"not_picked":["Streamline","Skim","Barrage+1"],"picked":"Singing Bowl","floor":22}],"player_experience":849793,"relics_obtained":[{"floor":6.0,"key":"Juzu Bracelet"},{"floor":8.0,"key":"Lantern"},{"floor":9.0,"key":"Blood Vial"},{"floor":10.0,"key":"Odd Mushroom"},{"floor":12.0,"key":"Boot"}],"event_choices":[{"damage_healed":0.0,"max_hp_gain":0.0,"max_hp_loss":0.0,"gold_gain":0.0,"event_name":"Golden Idol","player_choice":"Take Damage","floor":3.0,"gold_loss":0.0,"damage_taken":19.0,"relics_obtained":["Golden Idol"]},{"damage_healed":0.0,"max_hp_gain":5.0,"max_hp_loss":0.0,"gold_gain":0.0,"event_name":"Big Fish","player_choice":"Donut","floor":5.0,"gold_loss":0.0,"damage_taken":0.0},{"damage_healed":0.0,"max_hp_gain":0.0,"max_hp_loss":0.0,"gold_gain":0.0,"event_name":"Mushrooms","player_choice":"Fought Mushrooms","floor":10.0,"gold_loss":0.0,"damage_taken":0.0},{"damage_healed":0.0,"max_hp_gain":0.0,"max_hp_loss":0.0,"gold_gain":175.0,"event_name":"Liars Game","player_choice":"AGREE","floor":11.0,"gold_loss":0.0,"damage_taken":0.0,"cards_obtained":["Doubt"]}],"is_beta":false,"boss_relics":[{"not_picked":["Hololive_Finger","Hololive_TopUpMoneyS"],"picked":"Fusion Hammer"}],"items_purged_floors":[20],"is_endless":false,"potions_floor_spawned":[1,4,8,16,18,21],"killed_by":"Book of Stabbing","ascension_level":6}}