{"host":"Sumable","time":1608014548,"event":{"mods":["AchievementEnabler","BaseMod","Better Note","BetterRewards","Googly Eyes","Hermit","Minty Spire (QoL Compilation)","Quick Restart","Shop Mod","StSLib","The Cursed","everything is the same but u backflip on backflip","slay the spire mod where everything is the same but ironclad has a cowboy hat"],"gold_per_floor":[116,134,60,60,60,93,45,60,60,60,71,71,71,127,127,231,231,243,243,243],"floor_reached":19,"playtime":2444,"items_purged":[],"score":289,"play_id":"fcfd7a01-ecf5-4a86-b9a2-a55047f883f1","local_time":"20201214234228","is_ascension_mode":true,"campfire_choices":[{"floor":10,"key":"REST"},{"floor":13,"key":"REST"},{"floor":15,"key":"DIG"}],"circlet_count":0,"master_deck":["AscendersBane","Strike_R","Strike_R","Strike_R","Strike_R","Strike_R","Defend_R","Defend_R","Defend_R+1","Defend_R","Bash","Combust+1","Cleave","Rupture","Disarm","Spot Weakness","Parasite","Thunderclap","Demon Form"],"relics":["Burning Blood","Smiling Mask","Pear","Darkstone Periapt","Shovel","Ornamental Fan","Busted Crown"],"acts_visited":["Exordium","TheCity"],"potions_floor_usage":[8,8,14,18],"damage_taken":[{"damage":12,"enemies":"2 Louse","floor":1,"turns":4},{"damage":15,"enemies":"Jaw Worm","floor":2,"turns":5},{"damage":39,"enemies":"Gremlin Nob","floor":6,"turns":5},{"damage":6,"enemies":"Cultist","floor":8,"turns":3},{"damage":13,"enemies":"Blue Slaver","floor":11,"turns":5},{"damage":25,"enemies":"3 Sentries","floor":14,"turns":6},{"damage":42,"enemies":"Slime Boss","floor":16,"turns":8},{"damage":56,"enemies":"2 Thieves","floor":18,"turns":4},{"damage":33,"enemies":"Shell Parasite","floor":19,"turns":3}],"seed_played":"-1212062873889723175","potions_obtained":[{"floor":2,"key":"SteroidPotion"},{"floor":11,"key":"Dexterity Potion"},{"floor":16,"key":"LiquidMemories"},{"floor":18,"key":"Ancient Potion"}],"is_trial":false,"path_per_floor":["M","M","$","?","?","E","$","M","T","R","M","?","R","?","R","B",null,"M","M"],"character_chosen":"IRONCLAD","items_purchased":["Rupture","PowerPotion"],"campfire_rested":2,"item_purchase_floors":[3,7],"current_hp_per_floor":[66,57,57,41,41,18,18,18,18,45,38,66,94,75,75,39,82,32,0,0],"gold":243,"neow_bonus":"RANDOM_COMMON_RELIC","is_daily":false,"chose_seed":false,"campfire_upgraded":0,"win_rate":0.0,"timestamp":1608014548,"path_taken":["M","M","$","?","?","E","?","M","T","R","?","?","R","?","R","BOSS","M","M"],"items_purchased_type":["Card","Potion"],"build_version":"2020-12-07","purchased_purges":0,"victory":false,"max_hp_per_floor":[80,80,80,80,80,90,90,90,90,90,90,96,96,96,96,96,96,96,96,96],"card_choices":[{"not_picked":["Armaments","Battle Trance"],"picked":"Combust","floor":1},{"not_picked":["Twin Strike","Blood for Blood"],"picked":"Cleave","floor":2},{"not_picked":["Clothesline","Clash","True Grit"],"picked":"SKIP","floor":6},{"not_picked":["Armaments","Body Slam"],"picked":"Disarm","floor":8},{"not_picked":["Perfected Strike","Armaments"],"picked":"Spot Weakness","floor":11},{"not_picked":["Body Slam","Iron Wave"],"picked":"Thunderclap","floor":14},{"not_picked":["Exhume","Bludgeon"],"picked":"Demon Form","floor":16},{"not_picked":["Perfected Strike"],"picked":"SKIP","floor":18}],"player_experience":975706,"relics_obtained":[{"floor":6,"key":"Pear"},{"floor":9,"key":"Darkstone Periapt"},{"floor":14,"key":"Shovel"},{"floor":15,"key":"Ornamental Fan"}],"event_choices":[{"damage_healed":0,"gold_gain":0,"player_choice":"Entered Light","damage_taken":16,"max_hp_gain":0,"max_hp_loss":0,"event_name":"Shining Light","floor":4,"gold_loss":0,"cards_upgraded":["Defend_R","Combust"]},{"damage_healed":0,"gold_gain":0,"player_choice":"Fled","damage_taken":0,"max_hp_gain":0,"max_hp_loss":0,"event_name":"Scrap Ooze","floor":5,"gold_loss":0},{"damage_healed":22,"gold_gain":0,"player_choice":"Healed and dodged fight","damage_taken":0,"max_hp_gain":0,"max_hp_loss":0,"event_name":"Mushrooms","floor":12,"gold_loss":0,"cards_obtained":["Parasite"]},{"damage_healed":0,"gold_gain":0,"player_choice":"Searched \u00271\u0027 times","damage_taken":0,"max_hp_gain":0,"max_hp_loss":0,"event_name":"Dead Adventurer","floor":14,"gold_loss":0}],"is_beta":true,"boss_relics":[{"not_picked":["Runic Pyramid","Astrolabe"],"picked":"Busted Crown"}],"items_purged_floors":[],"is_endless":false,"potions_floor_spawned":[2,11,16,18],"killed_by":"Shell Parasite","ascension_level":12}}