{"host":"xz534terrkr331jc","time":1608051885,"event":{"mods":["BaseMod","Better Third Choice","Downfall","Hermit","Jorbs\u0027s Wanderer Trilogy","Marisa????????","Minty Spire (QoL Compilation)","Shade Mod","StSLib","The Cursed","The Hierophant","The Servant 0.9.4","The Wild Card"],"gold_per_floor":[99,128,128,128,128,128,128,163,179,179,179,196,196,213,227,323,323,323,336,336,336,95,95,118,118,145,145,162,179,14,28,44,147,147,147,167,183,183,183,197,197,197,197,197,214,231,242,255,275,275],"floor_reached":51,"playtime":2738,"items_purged":["hexamod:Strike"],"score":802,"play_id":"df8372e3-01cd-472d-a20e-78c42e976d99","local_time":"20201215180445","is_ascension_mode":false,"campfire_choices":[{"data":"hexamod:Sear","floor":1,"key":"SMITH"},{"data":"hexamod:Defend","floor":5,"key":"SMITH"},{"data":"hexamod:Float","floor":10,"key":"SMITH"},{"data":"hexamod:SearingWound","floor":18,"key":"SMITH"},{"data":"hexamod:HeatMetal","floor":21,"key":"SMITH"},{"floor":27,"key":"REST"},{"data":"hexamod:GhostflameInferno","floor":35,"key":"SMITH"},{"data":"1","floor":42,"key":"LIFT"},{"data":"2","floor":44,"key":"LIFT"}],"circlet_count":0,"master_deck":["hexamod:Defend+1","hexamod:Sear+1","hexamod:Float+1","hexamod:HeatMetal+1","hexamod:RainOfEmbers","hexamod:FirstSeal","hexamod:SwordOfDarkness+1","hexamod:SpectersWail+1","hexamod:PhantomFireball+1","hexamod:Firestarter+1","hexamod:SearingWound+1","hexamod:GhostOfSpirePresent+1","hexamod:ThermalTransfer+1","hexamod:ChargedBarrage+1","hexamod:GhostflameInferno+1","hexamod:EmpoweredFlame"],"relics":["hexamod:SpiritBrand","downfall:HeartsMalice","InkBottle","Tiny Chest","Molten Egg 2","Akabeko","Velvet Choker","HornCleat","Lantern","Toy Ornithopter","Centennial Puzzle","Oddly Smooth Stone","Empty Cage","Girya","Pear","Meat on the Bone"],"acts_visited":["Exordium","TheCity","TheBeyond"],"potions_floor_usage":[23,50,50,50],"damage_taken":[{"damage":0,"enemies":"Gremlin Nob","floor":2,"turns":1},{"damage":0,"enemies":"Jaw Worm","floor":3,"turns":1},{"damage":0,"enemies":"Lagavulin","floor":8,"turns":1},{"damage":0,"enemies":"2 Louse","floor":9,"turns":2},{"damage":0,"enemies":"Small Slimes","floor":12,"turns":1},{"damage":0,"enemies":"Exordium Thugs","floor":14,"turns":3},{"damage":0,"enemies":"3 Louse","floor":15,"turns":1},{"damage":39,"enemies":"downfall:Watcher","floor":16,"turns":6},{"damage":10,"enemies":"Shell Parasite","floor":19,"turns":3},{"damage":0,"enemies":"downfall:FleeingMerchant","floor":22,"turns":4},{"damage":9,"enemies":"downfall:FleeingMerchant","floor":23,"turns":4},{"damage":32,"enemies":"Slavers","floor":26,"turns":3},{"damage":6,"enemies":"Chosen","floor":28,"turns":2},{"damage":9,"enemies":"Snake Plant","floor":29,"turns":3},{"damage":0,"enemies":"downfall:FleeingMerchant","floor":30,"turns":4},{"damage":0,"enemies":"Snecko","floor":31,"turns":3},{"damage":0,"enemies":"3 Cultists","floor":32,"turns":4},{"damage":24,"enemies":"downfall:Silent","floor":33,"turns":6},{"damage":0,"enemies":"Orb Walker","floor":36,"turns":3},{"damage":0,"enemies":"downfall:FleeingMerchant","floor":37,"turns":3},{"damage":12,"enemies":"3 Shapes","floor":40,"turns":2},{"damage":1,"enemies":"Sphere and 2 Shapes","floor":45,"turns":3},{"damage":6,"enemies":"4 Shapes","floor":46,"turns":3},{"damage":10,"enemies":"Maw","floor":47,"turns":6},{"damage":18,"enemies":"Writhing Mass","floor":48,"turns":4},{"damage":18,"enemies":"Transient","floor":49,"turns":5},{"damage":63,"enemies":"downfall:Defect","floor":50,"turns":6}],"seed_played":"2903739760438183266","potions_obtained":[{"floor":2,"key":"hexamod:EctoCoolerPotion"},{"floor":8,"key":"LiquidMemories"},{"floor":14,"key":"FearPotion"},{"floor":26,"key":"Dexterity Potion"},{"floor":40,"key":"BlessingOfTheForge"},{"floor":46,"key":"Regen Potion"}],"is_trial":false,"path_per_floor":["R","E","M","?","R","?","T","E","M","R","?","M","?","M","M","B",null,"R","M","T","R","$","?","T","?","E","R","M","M","$","M","M","B",null,"R","M","$","T","?","M","T","R","?","R","M","M","M","M","M","B",null],"character_chosen":"THE_SPIRIT","items_purchased":["Lantern","Oddly Smooth Stone","Girya"],"campfire_rested":1,"item_purchase_floors":[22,30,37],"current_hp_per_floor":[70,70,70,70,70,63,63,63,63,63,63,63,63,70,70,31,70,70,60,60,60,67,65,65,65,33,54,48,46,53,53,60,43,70,70,70,70,80,80,75,75,75,75,75,74,68,65,54,55,34],"gold":275,"neow_bonus":"THREE_ENEMY_KILL","is_daily":false,"chose_seed":false,"campfire_upgraded":6,"win_rate":0.0,"timestamp":1608051885,"path_taken":["R","E","M","?","R","?","T","E","M","R","?","M","?","M","M","BOSS","R","M","?","R","$","?","T","?","E","R","M","?","$","M","M","BOSS","R","M","$","?","?","M","T","R","?","R","M","M","?","M","M","BOSS"],"items_purchased_type":["Relic","Relic","Relic"],"build_version":"2020-12-13","purchased_purges":1,"victory":true,"max_hp_per_floor":[70,70,70,70,70,70,70,70,70,70,70,70,70,70,70,70,70,70,70,70,70,70,70,70,70,70,70,70,70,70,70,70,70,70,70,70,70,80,80,80,80,80,80,80,80,80,80,80,80,80],"card_choices":[{"not_picked":["hexamod:Haunt","hexamod:SwordOfDarkness"],"picked":"hexamod:HeatMetal","floor":2},{"not_picked":["hexamod:BacktrackSmack","hexamod:HauntingEcho"],"picked":"hexamod:RainOfEmbers","floor":3},{"not_picked":["hexamod:GhostShield","hexamod:NecessarySacrifice"],"picked":"hexamod:SwordOfDarkness+1","floor":8},{"not_picked":["hexamod:CatchUp","hexamod:ShieldOfDarkness"],"picked":"hexamod:SpectersWail+1","floor":9},{"not_picked":["hexamod:RetreatToShadows","hexamod:NightmareGuise","hexamod:RecurringNightmare"],"picked":"SKIP","floor":12},{"not_picked":["hexamod:FifthSeal","hexamod:GhostShield"],"picked":"hexamod:PhantomFireball+1","floor":14},{"not_picked":["hexamod:AdvancingGuard","hexamod:ShieldOfDarkness"],"picked":"hexamod:Firestarter+1","floor":15},{"not_picked":["hexamod:UnleashSpirits+1","hexamod:FifthSeal"],"picked":"hexamod:SearingWound","floor":16},{"not_picked":["hexamod:GhostflameBarrier","hexamod:RainOfEmbers+1","hexamod:GhostLash+1"],"picked":"SKIP","floor":19},{"not_picked":["hexamod:Firestarter+1","hexamod:HauntingEcho+1"],"picked":"hexamod:GhostOfSpirePresent","floor":22},{"not_picked":["hexamod:HauntingEcho+1","hexamod:RainOfEmbers+1","hexamod:PhantomCloak"],"picked":"SKIP","floor":26},{"not_picked":["hexamod:StepThrough+1","hexamod:Firestarter+1"],"picked":"hexamod:ThermalTransfer+1","floor":28},{"not_picked":["hexamod:AdvancingGuard","hexamod:SkipABeat+1","hexamod:SpectersWail+1"],"picked":"SKIP","floor":29},{"not_picked":["hexamod:FourthSeal","hexamod:Firestarter+1"],"picked":"hexamod:ChargedBarrage+1","floor":30},{"not_picked":["hexamod:AdvancingGuard","hexamod:FastForward","hexamod:Incineration+1"],"picked":"SKIP","floor":31},{"not_picked":["hexamod:SpectersWail+1","hexamod:UnleashSpirits+1","hexamod:Firestarter+1"],"picked":"SKIP","floor":32},{"not_picked":["hexamod:FifthSeal","hexamod:ParanormalForm"],"picked":"hexamod:GhostflameInferno","floor":33},{"not_picked":["hexamod:Firestarter+1","hexamod:ThermalTransfer+1","hexamod:NightmareGuise"],"picked":"SKIP","floor":36},{"not_picked":["hexamod:GhostLash+1","hexamod:SpectralAdrenaline+1"],"picked":"hexamod:EmpoweredFlame","floor":37},{"not_picked":["hexamod:ShieldOfDarkness+1","hexamod:GhostShield","hexamod:FastForward"],"picked":"SKIP","floor":40},{"not_picked":["hexamod:Again+1","hexamod:RainOfEmbers+1","hexamod:UnleashSpirits+1"],"picked":"SKIP","floor":45},{"not_picked":["hexamod:RainOfEmbers+1","hexamod:NightmareGuise+1","hexamod:GhostShield"],"picked":"SKIP","floor":46},{"not_picked":["hexamod:RainOfEmbers+1","hexamod:SwordOfDarkness+1","hexamod:PhantomCloak"],"picked":"SKIP","floor":47},{"not_picked":["hexamod:HeatShield","hexamod:SecondSeal","hexamod:Haunt"],"picked":"SKIP","floor":48},{"not_picked":["hexamod:PhantomCloak+1","hexamod:ThirdSeal","hexamod:GhostShield"],"picked":"SKIP","floor":49}],"player_experience":529682,"relics_obtained":[{"floor":2,"key":"InkBottle"},{"floor":7,"key":"Molten Egg 2"},{"floor":8,"key":"Akabeko"},{"floor":20,"key":"HornCleat"},{"floor":24,"key":"Toy Ornithopter"},{"floor":26,"key":"Centennial Puzzle"},{"floor":38,"key":"Pear"},{"floor":41,"key":"Meat on the Bone"}],"event_choices":[{"cards_removed":["hexamod:Strike"],"damage_healed":0,"gold_gain":0,"player_choice":"Forget","damage_taken":0,"max_hp_gain":0,"max_hp_loss":0,"event_name":"Living Wall","floor":11,"gold_loss":0},{"cards_removed":["hexamod:Defend"],"damage_healed":0,"gold_gain":0,"player_choice":"Card Removal","damage_taken":0,"max_hp_gain":0,"max_hp_loss":0,"event_name":"The Cleric","floor":13,"gold_loss":0},{"damage_healed":0,"gold_gain":0,"player_choice":"Forge","damage_taken":0,"max_hp_gain":0,"max_hp_loss":0,"event_name":"Accursed Blacksmith","floor":43,"gold_loss":0,"cards_upgraded":["hexamod:GhostOfSpirePresent"]}],"is_beta":false,"boss_relics":[{"not_picked":["Calling Bell","Sozu"],"picked":"Velvet Choker"},{"not_picked":["Pandora\u0027s Box","Black Star"],"picked":"Empty Cage"}],"items_purged_floors":[22],"is_endless":false,"potions_floor_spawned":[2,8,14,26,28,29,31,32,40,46,48,49],"ascension_level":0}}