{"host":"jm9833yuloeli2yd","time":1608002315,"event":{"mods":["AchievementEnabler","BaseMod","Better Altar","Better Match","Better Note","Better Sensory Stone","Better Skull","Better Vampires","Colored Map","Colored Powertips","DeckTracker","Minty Spire (QoL Compilation)","Permanent Neow","Quick Restart","Replay The Spire","StSLib","SuperFastMode"],"gold_per_floor":[119,139,58,39,55,84,84,115,115,115,133,152,86,120,120,199,299,311,331,331,350,350,383,383,383,383,412,432,432,432,451,451,525,525,538,548,306,306,306,306,306,306],"floor_reached":41,"playtime":1248,"items_purged":["Replay:Hysterical Blindness"],"score":948,"play_id":"27e25707-1baf-4ba1-a0ae-45c05ae50c92","local_time":"20201214221835","is_ascension_mode":true,"campfire_choices":[{"floor":7.0,"key":"REST"},{"data":"Dash","floor":10.0,"key":"SMITH"},{"floor":25.0,"key":"REST"},{"data":"Footwork","floor":29,"key":"SMITH"},{"data":"Tools of the Trade","floor":32,"key":"SMITH"},{"floor":40,"key":"REST"}],"circlet_count":1,"master_deck":["AscendersBane","Strike_G","Strike_G","Strike_G","Strike_G","Strike_G","Defend_G","Defend_G","Defend_G","Defend_G","Defend_G","Survivor","Neutralize+1","Caltrops","Flying Knee","Dash+1","Dash","ReplayTheSpireMod:Speed Training+1","Cloak And Dagger","All Out Attack","ReplayTheSpireMod:Scrap Shanks","Accuracy","Accuracy","Caltrops","Tools of the Trade+1","Eviscerate","Ghostly","Ghostly","Ghostly","Blade Dance","ReplayTheSpireMod:Restless Dread","Dagger Throw","Tactician","Footwork+1","Expertise","Night Terror","Dagger Throw","Backflip+1","Infinite Blades","Wraith Form v2"],"relics":["Ring of the Snake","Replay:Ringing Soul","ReplayTheSpireMod:CursedCoin","Pocketwatch","Toy Ornithopter","Circlet","Strawberry","Replay:Wanted Poster","Tiny Chest","Replay:Bottled Flurry","MutagenicStrength","StrikeDummy","Happy Flower","HoveringKite","Medical Kit","ReplayTheSpireMod:Shallot"],"acts_visited":["Exordium","TheCity","TheBeyond"],"potions_floor_usage":[],"damage_taken":[{"damage":4.0,"enemies":"Small Slimes","floor":1.0,"turns":6.0},{"damage":0.0,"enemies":"Cultist","floor":2.0,"turns":4.0},{"damage":2.0,"enemies":"Jaw Worm","floor":5.0,"turns":5.0},{"damage":36.0,"enemies":"Gremlin Nob","floor":6.0,"turns":5.0},{"damage":8.0,"enemies":"3 Sentries","floor":8.0,"turns":8.0},{"damage":4.0,"enemies":"3 Louse","floor":11.0,"turns":4.0},{"damage":1.0,"enemies":"Looter","floor":12.0,"turns":4.0},{"damage":14.0,"enemies":"Lagavulin","floor":14.0,"turns":6.0},{"damage":63.0,"enemies":"Fading Forest","floor":16.0,"turns":13.0},{"damage":18.0,"enemies":"3 Byrds","floor":18.0,"turns":4.0},{"damage":39.0,"enemies":"Chosen","floor":19.0,"turns":5.0},{"damage":0.0,"enemies":"Snake Plant","floor":21.0,"turns":5.0},{"damage":33.0,"enemies":"Slavers","floor":23.0,"turns":6.0},{"damage":1.0,"enemies":"Gremlin Leader","floor":27.0,"turns":9.0},{"damage":12,"enemies":"Chosen and Byrds","floor":28,"turns":5},{"damage":11,"enemies":"Shelled Parasite and Fungi","floor":31,"turns":5},{"damage":40,"enemies":"Automaton","floor":33,"turns":10},{"damage":19,"enemies":"3 Darklings","floor":35,"turns":6},{"damage":14,"enemies":"Orb Walker","floor":36,"turns":3},{"damage":44,"enemies":"Nemesis","floor":41,"turns":3}],"seed_played":"-2974637667402663558","potions_obtained":[{"floor":2.0,"key":"Fire Potion"},{"floor":14.0,"key":"Block Potion"},{"floor":21.0,"key":"FearPotion"},{"floor":30,"key":"GamblersBrew"},{"floor":30,"key":"Adrenaline Potion"}],"is_trial":false,"path_per_floor":["M","M","?","$","M","E","R","E","T","R","M","M","$","E","R_BF","B",null,"M","M","?","M","?","E","?","R","T","E","M","R","?","M","R","B",null,"M","M","$","T","?","R","E"],"character_chosen":"THE_SILENT","items_purchased":["ReplayTheSpireMod:CursedCoin","Dash","Strength Potion","Accuracy","Medical Kit","Infinite Blades"],"campfire_rested":3,"item_purchase_floors":[4,4,4,13,37,37],"current_hp_per_floor":[55,55,55,58,59,26,48,43,43,43,54,56,59,55,84,64,91,76,42,45,48,51,26,26,44,44,66,57,57,57,49,49,12,59,43,32,35,35,17,43,0,0],"gold":306,"neow_bonus":"UPGRADE_CARD","is_daily":false,"chose_seed":false,"campfire_upgraded":3,"win_rate":0.0,"timestamp":1608002315,"path_taken":["M","M","?","?","M","E","R","E","T","R","M","M","$","E","R_BF","BOSS","M","M","?","M","?","E","?","R","T","E","M","R","?","M","R","BOSS","M","?","$","?","?","R","E"],"items_purchased_type":["Relic","Card","Potion","Card","Relic","Card"],"build_version":"2020-12-13","purchased_purges":1,"victory":false,"max_hp_per_floor":[66,66,66,69,72,75,75,78,78,78,81,84,87,97,97,100,100,103,103,54,57,60,63,63,63,63,66,69,69,69,72,72,75,75,78,81,84,84,87,87,87,87],"card_choices":[{"not_picked":["Deflect","Prepared"],"picked":"Caltrops","floor":1.0},{"not_picked":["Outmaneuver","Backflip"],"picked":"Flying Knee","floor":2.0},{"not_picked":["PiercingWail","Prepared"],"picked":"Dash","floor":5.0},{"not_picked":["Escape Plan","Acrobatics"],"picked":"ReplayTheSpireMod:Speed Training","floor":6.0},{"not_picked":["Sneak Up","Slice"],"picked":"Cloak And Dagger","floor":8.0},{"not_picked":["Bane","Sucker Punch"],"picked":"All Out Attack","floor":11.0},{"not_picked":["Reflex","Flying Knee"],"picked":"ReplayTheSpireMod:Scrap Shanks","floor":12.0},{"not_picked":["Predator","Deadly Poison"],"picked":"Caltrops","floor":14.0},{"not_picked":["ReplayTheSpireMod:Necrosis","Storm of Steel"],"picked":"Tools of the Trade","floor":16.0},{"not_picked":["Bane","Underhanded Strike"],"picked":"Eviscerate","floor":18.0},{"not_picked":["Reflex","Endless Agony","Eviscerate"],"picked":"SKIP","floor":19.0},{"not_picked":["Bane","Outmaneuver"],"picked":"Blade Dance","floor":21.0},{"not_picked":["Skewer","Dagger Throw","Poisoned Stab+1"],"picked":"SKIP","floor":23.0},{"not_picked":["Skewer","Poisoned Stab+1"],"picked":"Dagger Throw","floor":23.0},{"not_picked":["Poisoned Stab+1","Slice+1"],"picked":"Tactician","floor":27.0},{"not_picked":["Catalyst","All Out Attack"],"picked":"Footwork","floor":28},{"not_picked":["Setup","Noxious Fumes"],"picked":"Expertise","floor":31},{"not_picked":["Storm of Steel","Doppelganger"],"picked":"Night Terror","floor":33},{"not_picked":["Concentrate","All Out Attack+1"],"picked":"Dagger Throw","floor":35},{"not_picked":["Hidden Blade","Sucker Punch+1"],"picked":"Backflip+1","floor":36}],"player_experience":1081011,"relics_obtained":[{"floor":6.0,"key":"Pocketwatch"},{"floor":8.0,"key":"Toy Ornithopter"},{"floor":9.0,"key":"Dead Branch"},{"floor":14.0,"key":"Strawberry"},{"floor":23.0,"key":"Replay:Bottled Flurry"},{"floor":26.0,"key":"StrikeDummy"},{"floor":27.0,"key":"Happy Flower"},{"floor":38,"key":"ReplayTheSpireMod:Shallot"}],"event_choices":[{"damage_healed":0.0,"max_hp_gain":0.0,"max_hp_loss":0.0,"gold_gain":0.0,"event_name":"WeMeetAgain","player_choice":"Paid Gold","floor":3.0,"gold_loss":81.0,"damage_taken":0.0,"relics_obtained":["Replay:Ringing Soul"]},{"damage_healed":0.0,"max_hp_gain":0.0,"max_hp_loss":52.0,"gold_gain":0.0,"event_name":"Ghosts","player_choice":"Became a Ghost","floor":20.0,"gold_loss":0.0,"damage_taken":0.0,"cards_obtained":["Ghostly","Ghostly","Ghostly"]},{"damage_healed":0.0,"max_hp_gain":0.0,"max_hp_loss":0.0,"gold_gain":0.0,"event_name":"Drug Dealer","player_choice":"Inject Mutagens","floor":24.0,"gold_loss":0.0,"damage_taken":0.0,"relics_obtained":["MutagenicStrength"]},{"damage_healed":0,"gold_gain":0,"player_choice":"Got Potions","damage_taken":0,"max_hp_gain":0,"max_hp_loss":0,"event_name":"Lab","floor":30,"gold_loss":0},{"damage_healed":0,"gold_gain":3,"player_choice":"2","damage_taken":0,"max_hp_gain":0,"max_hp_loss":21,"event_name":"betterStone:BetterStone","floor":39,"gold_loss":0}],"is_beta":false,"boss_relics":[{"not_picked":["Fusion Hammer","Abe\u0027s Treasure"],"picked":"Replay:Wanted Poster"},{"not_picked":["Black Star","Replay:Bronze Core"],"picked":"HoveringKite"}],"items_purged_floors":[4],"is_endless":false,"potions_floor_spawned":[2,8,11,14,16,18,21,33,35],"killed_by":"Nemesis","ascension_level":20}}