{"host":"y89x8uui45kcjy42","time":1608005194,"event":{"mods":["2.2 Compatiblity","BaseMod","Colored Map","Colored Powertips","Friendly Minions","Highlight Path","Keyboard Shortcuts","Minty Spire (QoL Compilation)","StSLib","SuperFastMode","Waifu the Spire"],"gold_per_floor":[119,183,233,244,254,254,254],"floor_reached":6,"playtime":355,"items_purged":["Strike_P"],"score":72,"play_id":"6c98d489-d115-48f0-9b80-625639550c05","local_time":"20201215130634","is_ascension_mode":true,"campfire_choices":[],"circlet_count":0,"master_deck":["AscendersBane","Strike_P","Strike_P","Strike_P","Defend_P","Defend_P+1","Defend_P","Defend_P+1","Eruption","Vigilance","EmptyMind+1","Pray+1","TalkToTheHand+1","Worship+1","MentalFortress+1","Prostrate+1"],"relics":["HolyWater","Frozen Egg 2","Molten Egg 2","Toxic Egg 2","Membership Card","TeardropLocket","Orrery","War Paint"],"acts_visited":["Exordium"],"potions_floor_usage":[6,6],"damage_taken":[{"damage":1,"enemies":"Cultist","floor":1,"turns":4},{"damage":0,"enemies":"2 Louse","floor":4,"turns":3},{"damage":4,"enemies":"Small Slimes","floor":5,"turns":5},{"damage":67,"enemies":"Gremlin Nob","floor":6,"turns":4}],"seed_played":"-7245108170753363158","potions_obtained":[{"floor":1,"key":"FearPotion"},{"floor":4,"key":"Energy Potion"},{"floor":5,"key":"Fire Potion"}],"is_trial":false,"path_per_floor":["M","$","?","M","M","E"],"character_chosen":"WATCHER","items_purchased":["TeardropLocket","Orrery","War Paint"],"campfire_rested":0,"item_purchase_floors":[2,2,2],"current_hp_per_floor":[60,60,54,54,50,0,0],"gold":254,"neow_bonus":"THREE_CARDS","is_daily":false,"chose_seed":false,"campfire_upgraded":0,"win_rate":0.0,"timestamp":1608005194,"path_taken":["M","$","?","?","M","E"],"items_purchased_type":["Relic","Relic","Relic"],"build_version":"2020-12-13","purchased_purges":1,"victory":false,"max_hp_per_floor":[68,68,68,68,68,68,68],"card_choices":[{"not_picked":["LikeWater","WreathOfFlame"],"picked":"EmptyMind","floor":0},{"not_picked":["PathToVictory+1","Protect+1"],"picked":"Pray+1","floor":1},{"not_picked":["SignatureMove+1","BowlingBash+1"],"picked":"TalkToTheHand+1","floor":2},{"not_picked":["Halt+1","CrushJoints+1"],"picked":"Worship+1","floor":2},{"not_picked":["Prostrate+1","Halt+1"],"picked":"MentalFortress+1","floor":2},{"not_picked":["Tantrum+1","CrushJoints+1"],"picked":"Prostrate+1","floor":4},{"not_picked":["ReachHeaven+1","ClearTheMind+1","Collect+1"],"picked":"SKIP","floor":5}],"player_experience":488012,"relics_obtained":[],"event_choices":[{"damage_healed":0,"gold_gain":50,"player_choice":"Touch","damage_taken":6,"max_hp_gain":0,"max_hp_loss":0,"event_name":"FaceTrader","floor":3,"gold_loss":0}],"is_beta":false,"boss_relics":[],"items_purged_floors":[2],"is_endless":false,"potions_floor_spawned":[1,4,5],"killed_by":"Gremlin Nob","ascension_level":20}}