{"host":"tkinv8gv6hgcc58b","time":1608058303,"event":{"mods":["BaseMod","Colored Map","Downfall","Googly Eyes","Hermit","Minty Spire (QoL Compilation)","READ ME - Guardian Mod","StSLib","The Cursed","The Disciple"],"gold_per_floor":[114,114,289,305,323,356,356,375,375,375,454,493,35,59,59,180,180,196,196,5,30,30,99,112,112,112,160,160,174,213,236,236,367,367,390,390,233,271,285,285,329,329,329,140,178,202,202,202,202,202,202,202,0,64,64],"floor_reached":56,"playtime":4843,"items_purged":["Doubt","hermit:ShadowCloak"],"score":1406,"play_id":"5ea9a4e9-0257-4410-bd4b-6ecb11f4e1d2","local_time":"20201215135143","is_ascension_mode":true,"campfire_choices":[{"floor":7,"key":"REST"},{"floor":10,"key":"REST"},{"floor":15,"key":"REST"},{"data":"hermit:Dive","floor":28,"key":"SMITH"},{"data":"hermit:Snapshot","floor":32,"key":"SMITH"},{"floor":40,"key":"RECALL"},{"data":"hermit:DeadMansHand","floor":42,"key":"SMITH"},{"floor":47,"key":"REST"},{"data":"hermit:EyeOfTheStorm","floor":49,"key":"SMITH"},{"data":"hermit:Vantage","floor":52,"key":"SMITH"}],"circlet_count":0,"master_deck":["hermit:Strike_Hermit","hermit:Strike_Hermit","hermit:Strike_Hermit","hermit:Strike_Hermit","hermit:Defend_Hermit","hermit:Defend_Hermit","hermit:Defend_Hermit","hermit:Defend_Hermit","hermit:Snapshot+1","hermit:Covet","hermit:Coalescence","hermit:Maintenance","hermit:Vantage+1","hermit:DeadMansHand+1","hermit:EyeOfTheStorm+1","hermit:Maintenance","hermit:Roulette+1","hermit:Dive+1","hermit:HeroicBravado","hermit:Snipe+1","HandOfGreed+1","hermit:Ricochet+1","hermit:Roulette+1","hermit:Magnum+1","hermit:Maintenance","hermit:Showdown+1","hermit:BigShot","hermit:Enervate+1"],"relics":["Snecko Eye","Golden Idol","Mercury Hourglass","Singing Bowl","Molten Egg 2","PreservedInsect","White Beast Statue","Busted Crown","Omamori","Guardian:PocketSentry","Bronze Scales","Shuriken","Black Star","Toy Ornithopter","Toolbox","Darkstone Periapt","Smiling Mask","Happy Flower","Bag of Preparation","MealTicket","Lantern","Pantograph"],"acts_visited":["Exordium","TheCity","TheBeyond","TheEnding"],"potions_floor_usage":[11,14,18,23,27,29,30,45,50,55,55,55,55,55],"damage_taken":[{"damage":4,"enemies":"Small Slimes","floor":1,"turns":5},{"damage":4,"enemies":"2 Louse","floor":4,"turns":2},{"damage":0,"enemies":"Jaw Worm","floor":5,"turns":2},{"damage":18,"enemies":"3 Sentries","floor":6,"turns":12},{"damage":18,"enemies":"Exordium Thugs","floor":8,"turns":7},{"damage":27,"enemies":"Lagavulin Event","floor":11,"turns":7},{"damage":20,"enemies":"Lagavulin","floor":12,"turns":6},{"damage":2,"enemies":"Blue Slaver","floor":14,"turns":5},{"damage":12,"enemies":"Hexaghost","floor":16,"turns":9},{"damage":7,"enemies":"Shell Parasite","floor":18,"turns":6},{"damage":0,"enemies":"Spheric Guardian","floor":21,"turns":2},{"damage":0,"enemies":"Slavers","floor":23,"turns":3},{"damage":14,"enemies":"Shelled Parasite and Fungi","floor":24,"turns":5},{"damage":0,"enemies":"Chosen and Byrds","floor":27,"turns":4},{"damage":18,"enemies":"Centurion and Healer","floor":29,"turns":5},{"damage":0,"enemies":"Book of Stabbing","floor":30,"turns":3},{"damage":0,"enemies":"Snecko","floor":31,"turns":2},{"damage":3,"enemies":"Champ","floor":33,"turns":12},{"damage":8,"enemies":"Orb Walker","floor":35,"turns":2},{"damage":10,"enemies":"3 Shapes","floor":38,"turns":2},{"damage":1,"enemies":"Spire Growth","floor":39,"turns":3},{"damage":0,"enemies":"Giant Head","floor":41,"turns":6},{"damage":11,"enemies":"Nemesis","floor":45,"turns":5},{"damage":22,"enemies":"Maw","floor":46,"turns":6},{"damage":72,"enemies":"Time Eater","floor":50,"turns":9},{"damage":10,"enemies":"Shield and Spear","floor":54,"turns":3},{"damage":105,"enemies":"The Heart","floor":55,"turns":11}],"seed_played":"-9082193709272464324","potions_obtained":[{"floor":4,"key":"sneckomod:MuddlingPotion"},{"floor":8,"key":"Swift Potion"},{"floor":11,"key":"ColorlessPotion"},{"floor":14,"key":"Guardian:BlockOnCardUsePotion"},{"floor":16,"key":"SkillPotion"},{"floor":18,"key":"Fruit Juice"},{"floor":21,"key":"DuplicationPotion"},{"floor":23,"key":"CultistPotion"},{"floor":27,"key":"SpeedPotion"},{"floor":29,"key":"hexamod:EctoCoolerPotion"},{"floor":30,"key":"Energy Potion"},{"floor":31,"key":"Regen Potion"},{"floor":38,"key":"hermit:Eclipse"},{"floor":46,"key":"Explosive Potion"},{"floor":54,"key":"EntropicBrew"}],"is_trial":false,"path_per_floor":["M","?","?","M","M","E","R","M","T","R","?","E","$","M","R","B",null,"M","?","$","M","?","E","M","?","T","M","R","M","E","M","R","B",null,"M","?","$","M","M","R","E","R","T","$","E","M","R","?","R","B",null,"R","$","E","B",null],"character_chosen":"HERMIT","items_purchased":["hermit:Maintenance","hermit:Roulette+1","White Beast Statue","HandOfGreed+1","Toolbox","hermit:Maintenance","Happy Flower","hermit:Showdown+1","hermit:BigShot"],"campfire_rested":4,"item_purchase_floors":[13,13,13,20,37,44,44,53,53],"current_hp_per_floor":[71,53,53,49,49,31,53,35,35,57,32,12,12,10,33,21,77,75,75,75,75,75,77,65,65,65,67,67,51,51,53,53,50,92,86,86,86,78,79,79,81,81,81,81,77,57,88,104,104,37,104,104,104,94,20],"gold":64,"neow_bonus":"BOSS_RELIC","is_daily":false,"chose_seed":false,"campfire_upgraded":5,"win_rate":0.0,"timestamp":1608058303,"path_taken":["M","?","?","M","M","E","R","M","T","R","?","E","$","M","R","BOSS","M","?","?","M","?","E","M","?","T","?","R","M","E","M","R","BOSS","M","?","$","M","?","R","E","R","T","$","E","M","R","?","R","BOSS","R","$","E","BOSS"],"items_purchased_type":["Card","Card","Relic","Card","Relic","Card","Relic","Card","Card"],"build_version":"2020-12-13","purchased_purges":2,"victory":true,"max_hp_per_floor":[75,75,75,75,75,75,75,75,75,75,77,77,77,77,77,77,77,82,82,82,82,82,84,86,86,86,88,88,90,90,92,92,92,92,94,94,94,96,98,98,100,100,100,100,102,104,104,104,104,104,104,104,104,104,104],"card_choices":[{"not_picked":["hermit:Misfire","hermit:Desperado"],"picked":"hermit:Coalescence","floor":1},{"not_picked":["hermit:Manifest","hermit:OverwhelmingPower"],"picked":"hermit:Maintenance","floor":4},{"not_picked":["hermit:CalledShot","hermit:WideOpen"],"picked":"hermit:Vantage","floor":5},{"not_picked":["hermit:Brawl","hermit:Shortfuse"],"picked":"hermit:DeadMansHand","floor":6},{"not_picked":["hermit:Desperado","hermit:Virtue"],"picked":"hermit:ShadowCloak","floor":8},{"not_picked":["hermit:CursedWeapon+1","hermit:Dive","hermit:Vantage"],"picked":"Singing Bowl","floor":11},{"not_picked":["hermit:Cheat","hermit:LowProfile"],"picked":"hermit:EyeOfTheStorm","floor":12},{"not_picked":["hermit:Desperado+1","hermit:SprayPray+1"],"picked":"hermit:Dive","floor":14},{"not_picked":["hermit:FatalDesire","hermit:BlackWind+1"],"picked":"hermit:HeroicBravado","floor":16},{"not_picked":[],"picked":"hermit:Snipe","floor":18},{"not_picked":[],"picked":"hermit:Ricochet+1","floor":21},{"not_picked":["hermit:BodyArmor"],"picked":"Singing Bowl","floor":23},{"not_picked":["hermit:TrackingShot+1"],"picked":"Singing Bowl","floor":24},{"not_picked":["hermit:Manifest"],"picked":"Singing Bowl","floor":27},{"not_picked":["hermit:Spite+1"],"picked":"Singing Bowl","floor":29},{"not_picked":[],"picked":"hermit:Roulette+1","floor":30},{"not_picked":["hermit:LowProfile"],"picked":"Singing Bowl","floor":31},{"not_picked":[],"picked":"hermit:Magnum+1","floor":33},{"not_picked":["hermit:TrackingShot+1"],"picked":"Singing Bowl","floor":35},{"not_picked":["hermit:Manifest"],"picked":"Singing Bowl","floor":38},{"not_picked":["hermit:HoleUp"],"picked":"Singing Bowl","floor":39},{"not_picked":["hermit:LowProfile"],"picked":"Singing Bowl","floor":41},{"not_picked":["hermit:BodyArmor"],"picked":"Singing Bowl","floor":45},{"not_picked":["hermit:Vantage"],"picked":"Singing Bowl","floor":46},{"not_picked":[],"picked":"hermit:Enervate+1","floor":54}],"player_experience":982385,"relics_obtained":[{"floor":6,"key":"Mercury Hourglass"},{"floor":9,"key":"Singing Bowl"},{"floor":11,"key":"Molten Egg 2"},{"floor":12,"key":"PreservedInsect"},{"floor":23,"key":"Guardian:PocketSentry"},{"floor":26,"key":"Bronze Scales"},{"floor":30,"key":"Shuriken"},{"floor":41,"key":"Darkstone Periapt"},{"floor":41,"key":"Smiling Mask"},{"floor":45,"key":"Bag of Preparation"},{"floor":45,"key":"MealTicket"},{"floor":54,"key":"Lantern"},{"floor":54,"key":"Pantograph"}],"event_choices":[{"damage_healed":0,"gold_gain":0,"player_choice":"Take Damage","damage_taken":18,"relics_obtained":["Golden Idol"],"max_hp_gain":0,"max_hp_loss":0,"event_name":"Golden Idol","floor":2,"gold_loss":0},{"damage_healed":0,"gold_gain":175,"player_choice":"AGREE","damage_taken":0,"max_hp_gain":0,"max_hp_loss":0,"event_name":"Liars Game","floor":3,"gold_loss":0,"cards_obtained":["Doubt"]},{"damage_healed":0,"gold_gain":0,"player_choice":"Searched \u00272\u0027 times","damage_taken":0,"max_hp_gain":0,"max_hp_loss":0,"event_name":"Dead Adventurer","floor":11,"gold_loss":0},{"damage_healed":0,"gold_gain":0,"player_choice":"Forge","damage_taken":0,"max_hp_gain":0,"max_hp_loss":0,"event_name":"Accursed Blacksmith","floor":19,"gold_loss":0,"cards_upgraded":["hermit:Snipe"]},{"damage_healed":0,"gold_gain":0,"player_choice":"Opened","damage_taken":0,"relics_obtained":["Omamori"],"max_hp_gain":0,"max_hp_loss":0,"event_name":"The Mausoleum","floor":22,"gold_loss":0,"cards_obtained":["Writhe"]},{"cards_removed":["Writhe"],"damage_healed":0,"gold_gain":0,"player_choice":"Removed Curses","damage_taken":0,"max_hp_gain":0,"max_hp_loss":0,"event_name":"Fountain of Cleansing","floor":25,"gold_loss":0},{"damage_healed":0,"gold_gain":0,"player_choice":"Gave Potion","damage_taken":0,"relics_obtained":["Toy Ornithopter"],"max_hp_gain":0,"max_hp_loss":0,"event_name":"WeMeetAgain","floor":36,"gold_loss":0},{"damage_healed":26,"gold_gain":0,"player_choice":"Writhe","damage_taken":0,"max_hp_gain":0,"max_hp_loss":0,"event_name":"Winding Halls","floor":48,"gold_loss":0,"cards_obtained":["Writhe"]}],"is_beta":false,"boss_relics":[{"not_picked":["SacredBark","Tiny House"],"picked":"Busted Crown"},{"not_picked":["Sozu","Cursed Key"],"picked":"Black Star"}],"items_purged_floors":[13,53],"is_endless":false,"potions_floor_spawned":[4,8,11,14,16,18,21,23,24,27,29,30,31,33,35,38,39,41,46,54],"ascension_level":2}}