{"host":"sav7uxregyirlf69","time":1608015038,"event":{"mods":["AchievementEnabler","BaseMod","Colored Map","DeckTracker","Keyboard Shortcuts","Minty Spire (QoL Compilation)","READ ME - Guardian Mod","StSLib","SuperFastMode"],"gold_per_floor":[112,37,37,52,65,65,78,98,125,125,148,73,73,93,93,93,93],"floor_reached":16,"playtime":252,"items_purged":["Doubt"],"score":188,"play_id":"b956a4f1-d09a-4de6-bd8b-44d701b2541c","local_time":"20201215155038","is_ascension_mode":true,"campfire_choices":[{"data":"1","floor":6.0,"key":"LIFT"},{"data":"2","floor":10,"key":"LIFT"},{"data":"3","floor":13,"key":"LIFT"},{"data":"Flame Barrier","floor":15,"key":"SMITH"}],"circlet_count":0,"master_deck":["AscendersBane","Strike_R","Strike_R","Strike_R","Defend_R","Defend_R","Defend_R","Defend_R","Bash","Flame Barrier+1","Pummel","Pommel Strike","Burning Pact","Cleave","Twin Strike","Anger"],"relics":["Burning Blood","Girya","CeramicFish"],"acts_visited":["Exordium"],"potions_floor_usage":[],"damage_taken":[{"damage":2.0,"enemies":"2 Louse","floor":1.0,"turns":3.0},{"damage":12.0,"enemies":"Cultist","floor":4.0,"turns":4.0},{"damage":0.0,"enemies":"Jaw Worm","floor":5.0,"turns":4.0},{"damage":19.0,"enemies":"Exordium Wildlife","floor":7.0,"turns":5.0},{"damage":18,"enemies":"Red Slaver","floor":8,"turns":3},{"damage":10,"enemies":"3 Louse","floor":11,"turns":3},{"damage":15,"enemies":"Gremlin Gang","floor":14,"turns":4},{"damage":39,"enemies":"Hexaghost","floor":16,"turns":7}],"seed_played":"-597862392259061082","potions_obtained":[{"floor":4.0,"key":"GamblersBrew"},{"floor":5.0,"key":"SmokeBomb"},{"floor":14,"key":"SpeedPotion"}],"is_trial":false,"path_per_floor":["M","$","?","M","M","R","M","M","T","R","M","?","R","M","R","B"],"character_chosen":"IRONCLAD","items_purchased":[],"campfire_rested":0,"item_purchase_floors":[],"current_hp_per_floor":[72,72,72,66,72,72,59,47,47,47,43,43,43,34,34,0,0],"gold":93,"neow_bonus":"ONE_RARE_RELIC","is_daily":false,"chose_seed":false,"campfire_upgraded":1,"win_rate":0.0,"timestamp":1608015038,"path_taken":["M","$","?","?","M","R","M","?","T","R","M","?","R","M","R","BOSS"],"items_purchased_type":[],"build_version":"2020-12-13","purchased_purges":1,"victory":false,"max_hp_per_floor":[75,75,75,75,75,75,75,75,75,75,75,75,75,75,75,75,75],"card_choices":[{"not_picked":["Searing Blow","Thunderclap"],"picked":"Flame Barrier","floor":1.0},{"not_picked":["Clothesline","Warcry"],"picked":"Pummel","floor":4.0},{"not_picked":["Feel No Pain","Thunderclap"],"picked":"Pommel Strike","floor":5.0},{"not_picked":["Clash","Wild Strike"],"picked":"Burning Pact","floor":7.0},{"not_picked":["Thunderclap","Sever Soul"],"picked":"Cleave","floor":8},{"not_picked":["Impervious","Heavy Blade"],"picked":"Twin Strike","floor":11},{"not_picked":["Dropkick","True Grit"],"picked":"Anger","floor":14}],"player_experience":909798,"relics_obtained":[{"floor":9,"key":"CeramicFish"}],"event_choices":[{"cards_removed":["Strike_R"],"damage_healed":0.0,"max_hp_gain":0.0,"max_hp_loss":0.0,"gold_gain":0.0,"event_name":"Purifier","player_choice":"Purged","floor":3.0,"gold_loss":0.0,"damage_taken":0.0},{"cards_removed":["Strike_R"],"damage_healed":0,"gold_gain":0,"player_choice":"Card Removal","damage_taken":0,"max_hp_gain":0,"max_hp_loss":0,"event_name":"The Cleric","floor":12,"gold_loss":75}],"is_beta":false,"boss_relics":[],"items_purged_floors":[2],"is_endless":false,"potions_floor_spawned":[4,5,14],"killed_by":"Hexaghost","ascension_level":20}}