{"host":"5gc11emcm5chfr5t","time":1608029057,"event":{"mods":["2.2 Compatiblity","AchievementEnabler","BaseMod","Bestiary","Better Note","Colored Map","Colored Powertips","Googly Eyes","Minty Spire (QoL Compilation)","Rare Cards Sparkle","StSLib"],"gold_per_floor":[113,113,130,148,160,160,335,93,93,103,68,68,83,114,114,219,219,236,85,85,85,104,104,119,119,119,130,130,147,47,66,66,162,162,182,182,182,202,1201,1201,1201,1201],"floor_reached":41,"playtime":1519,"items_purged":["Pain","Doubt"],"score":418,"play_id":"daa808a9-b7b0-4916-9680-153d3da87603","local_time":"20201215054417","is_ascension_mode":false,"campfire_choices":[{"data":"Zap","floor":6,"key":"SMITH"},{"data":"Apotheosis","floor":15,"key":"SMITH"},{"floor":23,"key":"REST"},{"floor":28,"key":"REST"},{"floor":32,"key":"REST"},{"floor":40,"key":"REST"}],"circlet_count":0,"master_deck":["Zap+1","Dualcast","Go for the Eyes","Streamline","All For One","Redo","Apotheosis+1","Sunder","Stack","Creative AI","Echo Form","Leap","Cold Snap+1","Genetic Algorithm","Meteor Strike","Writhe","Self Repair","Recycle","Hologram","Coolheaded","Static Discharge+1","Echo Form","Machine Learning","Hello World","Buffer","Conserve Battery","Beam Cell","Aggregate","Barrage","White Noise+1","Mayhem","Ball Lightning","Normality","Normality"],"relics":["Cracked Core","Dream Catcher","WarpedTongs","StrikeDummy","Nuclear Battery","Strange Spoon","Blood Vial","Akabeko","Pandora\u0027s Box"],"acts_visited":["Exordium","TheCity","TheBeyond"],"potions_floor_usage":[10,14,16,33,33],"damage_taken":[{"damage":0,"enemies":"2 Louse","floor":1,"turns":4},{"damage":0,"enemies":"Cultist","floor":3,"turns":2},{"damage":0,"enemies":"Small Slimes","floor":4,"turns":2},{"damage":5,"enemies":"Looter","floor":5,"turns":2},{"damage":15,"enemies":"Exordium Wildlife","floor":10,"turns":4},{"damage":6,"enemies":"3 Louse","floor":13,"turns":2},{"damage":8,"enemies":"Lagavulin","floor":14,"turns":5},{"damage":10,"enemies":"Slime Boss","floor":16,"turns":6},{"damage":35,"enemies":"2 Thieves","floor":18,"turns":5},{"damage":17,"enemies":"Shell Parasite","floor":22,"turns":5},{"damage":22,"enemies":"Cultist and Chosen","floor":24,"turns":7},{"damage":20,"enemies":"Snake Plant","floor":27,"turns":5},{"damage":14,"enemies":"3 Cultists","floor":29,"turns":7},{"damage":0,"enemies":"Centurion and Healer","floor":31,"turns":4},{"damage":29,"enemies":"Automaton","floor":33,"turns":9},{"damage":17,"enemies":"3 Shapes","floor":35,"turns":6},{"damage":49,"enemies":"3 Darklings","floor":38,"turns":6},{"damage":63,"enemies":"Transient","floor":41,"turns":5}],"seed_played":"-7723898063644047494","potions_obtained":[{"floor":4,"key":"GamblersBrew"},{"floor":10,"key":"Block Potion"},{"floor":14,"key":"DistilledChaos"},{"floor":27,"key":"BlessingOfTheForge"},{"floor":29,"key":"Weak Potion"},{"floor":33,"key":"FearPotion"},{"floor":35,"key":"CultistPotion"}],"is_trial":false,"path_per_floor":["M","?","M","M","M","R","?","$","T","M","?","$","M","E","R","B",null,"M","$","?","?","M","R","M","?","T","M","R","M","$","M","R","B",null,"M","?","?","M","?","R","M"],"character_chosen":"DEFECT","items_purchased":["Apotheosis","Strange Spoon"],"campfire_rested":4,"item_purchase_floors":[8,19],"current_hp_per_floor":[75,75,75,75,70,70,70,70,70,55,73,73,67,59,59,49,75,40,40,40,40,23,45,23,23,23,5,27,25,25,27,49,32,75,65,65,65,25,25,47,0,0],"gold":1201,"neow_bonus":"RANDOM_COMMON_RELIC","is_daily":false,"chose_seed":false,"campfire_upgraded":2,"win_rate":0.0,"timestamp":1608029057,"path_taken":["M","?","M","M","?","R","?","$","T","M","?","?","M","E","R","BOSS","M","$","?","?","M","R","M","?","T","M","R","?","?","M","R","BOSS","M","?","?","?","?","R","M"],"items_purchased_type":["Card","Relic"],"build_version":"2020-12-13","purchased_purges":2,"victory":false,"max_hp_per_floor":[75,75,75,75,75,75,75,75,75,75,75,75,75,75,75,75,75,75,75,75,75,75,75,75,75,75,75,75,75,75,75,75,75,75,75,75,75,75,75,75,75,75],"card_choices":[{"not_picked":["Rebound","Blizzard"],"picked":"Go for the Eyes","floor":1},{"not_picked":["Turbo","Lockon"],"picked":"Streamline","floor":3},{"not_picked":["Steam","Redo"],"picked":"All For One","floor":4},{"not_picked":["Hologram","Leap"],"picked":"Redo","floor":5},{"not_picked":["Stack","Steam"],"picked":"Sunder","floor":10},{"not_picked":["Streamline","Steam"],"picked":"Stack","floor":13},{"not_picked":["Blizzard","Reinforced Body"],"picked":"Creative AI","floor":14},{"not_picked":["All For One","Biased Cognition"],"picked":"Echo Form","floor":16},{"not_picked":["Turbo+1","Rebound"],"picked":"Leap","floor":18},{"not_picked":["Hyperbeam","Steam+1"],"picked":"Cold Snap+1","floor":22},{"not_picked":["Go for the Eyes","Barrage"],"picked":"Genetic Algorithm","floor":23},{"not_picked":["Coolheaded","Ball Lightning"],"picked":"Meteor Strike","floor":24},{"not_picked":["Sunder","FTL"],"picked":"Self Repair","floor":27},{"not_picked":["Double Energy","Go for the Eyes+1"],"picked":"Recycle","floor":28},{"not_picked":["Redo","Streamline"],"picked":"Hologram","floor":29},{"not_picked":["Stack","Fusion"],"picked":"Coolheaded","floor":31},{"not_picked":["Undo+1","Heatsinks"],"picked":"Static Discharge+1","floor":32},{"not_picked":["Hyperbeam","Biased Cognition"],"picked":"Echo Form","floor":33},{"not_picked":["Streamline+1","Lockon+1"],"picked":"White Noise+1","floor":35},{"not_picked":["Thinking Ahead","Sadistic Nature"],"picked":"Mayhem","floor":36},{"not_picked":["Rebound+1","Glacier+1"],"picked":"Ball Lightning","floor":38}],"player_experience":341409,"relics_obtained":[{"floor":14,"key":"StrikeDummy"},{"floor":26,"key":"Akabeko"}],"event_choices":[{"damage_healed":0,"gold_gain":0,"player_choice":"Rummage","damage_taken":0,"relics_obtained":["WarpedTongs"],"max_hp_gain":0,"max_hp_loss":0,"event_name":"Accursed Blacksmith","floor":2,"gold_loss":0,"cards_obtained":["Pain"]},{"damage_healed":0,"gold_gain":175,"player_choice":"AGREE","damage_taken":0,"max_hp_gain":0,"max_hp_loss":0,"event_name":"Liars Game","floor":7,"gold_loss":0,"cards_obtained":["Doubt"]},{"damage_healed":18,"gold_gain":0,"player_choice":"Healed","damage_taken":0,"max_hp_gain":0,"max_hp_loss":0,"event_name":"The Cleric","floor":11,"gold_loss":35},{"damage_healed":0,"gold_gain":0,"player_choice":"Ignored","damage_taken":0,"max_hp_gain":0,"max_hp_loss":0,"event_name":"betterNote:BetterNote","floor":20,"gold_loss":0,"cards_obtained":["FlyingSleeves"]},{"damage_healed":0,"gold_gain":0,"player_choice":"Simplicity","damage_taken":0,"max_hp_gain":0,"max_hp_loss":0,"event_name":"Back to Basics","floor":21,"gold_loss":0,"cards_upgraded":["Strike_B","Strike_B","Strike_B","Strike_B","Defend_B","Defend_B","Defend_B","Defend_B"]},{"damage_healed":0,"gold_gain":0,"player_choice":"Opened","damage_taken":0,"relics_obtained":["Blood Vial"],"max_hp_gain":0,"max_hp_loss":0,"event_name":"The Mausoleum","floor":25,"gold_loss":0,"cards_obtained":["Writhe"]},{"damage_healed":0,"gold_gain":0,"player_choice":"Memory 1","damage_taken":0,"max_hp_gain":0,"max_hp_loss":0,"event_name":"SensoryStone","floor":36,"gold_loss":0},{"cards_removed":["Reprogram"],"damage_healed":0,"gold_gain":0,"player_choice":"Purged","damage_taken":0,"max_hp_gain":0,"max_hp_loss":0,"event_name":"Purifier","floor":37,"gold_loss":0},{"damage_healed":0,"gold_gain":999,"player_choice":"Gold","damage_taken":0,"max_hp_gain":0,"max_hp_loss":0,"event_name":"MindBloom","floor":39,"gold_loss":0,"cards_obtained":["Normality","Normality"]}],"is_beta":false,"boss_relics":[{"not_picked":["Ectoplasm","Astrolabe"],"picked":"Nuclear Battery"},{"not_picked":["Sozu","Inserter"],"picked":"Pandora\u0027s Box"}],"items_purged_floors":[8,30],"is_endless":false,"potions_floor_spawned":[4,10,14,27,29,33,35],"killed_by":"Transient","ascension_level":0}}