{"host":"ws4mzzemcqsz5e2k","time":1608034139,"event":{"mods":["Act Like it!","BaseMod","Colored Powertips","Downfall","Minty Spire (QoL Compilation)","StSLib","没有小屋子和绿帽子啦"],"gold_per_floor":[99,162,87,101,197,216,284,313,325,187,216,242,254,284,312,428,440,452,475,497,509,621,633,699,724,754,766,355,371,381,381,393,506,506,506,506,506,506,525,541,541,170,207,207,207,233,260,280,315,427,427,427,447,478,179,179,200,200,226,247,247,247,247,264,276,289,389,389,389,301,301,317,317,336,364,380,414,414,431,431,443,443,458,556,556,556,576,258,258,290,290,319,334,334,346,357,376,394,281,292,392,392,392,423,434,81,93,112,112,112],"floor_reached":109,"playtime":6353,"items_purged":["hexamod:Strike","Regret","Parasite","hexamod:FirstSeal","hexamod:HeatMetal+1","hexamod:EmpoweringStance+1","RitualDagger+1","hexamod:EmpoweringStance+1"],"score":2209,"play_id":"5175262d-ed09-438a-a85e-1c21a0780d1c","local_time":"20201215200859","daily_mods":["Heirloom","downfall:Lament","Uncertain Future"],"is_ascension_mode":false,"campfire_choices":[{"floor":1.0,"key":"RECALL"},{"data":"hexamod:Float","floor":3.0,"key":"SMITH"},{"floor":10.0,"key":"REST"},{"data":"hexamod:EmpoweringStance","floor":18.0,"key":"SMITH"},{"data":"hexamod:Defend","floor":21.0,"key":"SMITH"},{"data":"hexamod:FastForward","floor":23.0,"key":"SMITH"},{"data":"hexamod:EmpoweringStance","floor":35.0,"key":"SMITH"},{"data":"hexamod:EmpoweredFlame","floor":38.0,"key":"SMITH"},{"data":"hexamod:EmpoweringStance","floor":44.0,"key":"SMITH"},{"floor":52.0,"key":"REST"},{"data":"hexamod:HexaLevel","floor":61.0,"key":"SMITH"},{"floor":69.0,"key":"REST"},{"floor":71.0,"key":"REST"},{"data":"hexamod:GhostOfSpireFuture","floor":78,"key":"SMITH"},{"data":"RitualDagger","floor":86,"key":"SMITH"},{"floor":89,"key":"REST"},{"floor":91,"key":"REST"},{"floor":103,"key":"REST"}],"circlet_count":0,"master_deck":["hexamod:FastForward+1","hexamod:FastForward+1","hexamod:FastForward+1","hexamod:EmpoweredFlame+1","hexamod:EmpoweredFlame+1","hexamod:EmpoweringStance+1","hexamod:RadiantFlame+1","hexamod:FastForward+1","hexamod:HexaLevel+1","hexamod:FastForward+1","hexamod:HexaLevel+1","hexamod:GhostOfSpireFuture+1"],"relics":["hexamod:SpiritBrand","NeowsBlessing","CaptainsWheel","downfall:HeartBlessingRed","Membership Card","MawBank","downfall:HeartBlessingBlue","downfall:HeartBlessingGreen","Philosopher\u0027s Stone","hexamod:TheBrokenSeal","Guardian:GemstoneGun","Cauldron","Letter Opener","Pandora\u0027s Box","hexamod:TheBrokenSeal","Meat on the Bone","hexamod:SoulConsumer","Omamori","TheAbacus","Matryoshka","hexamod:TheBrokenSeal","Empty Cage","NeowsBlessing","Guardian:PocketSentry","Medical Kit","MealTicket","Vajra","Turnip","hexamod:TheBrokenSeal","SacredBark","downfall:RedIOU","sneckomod:SneckoTalon","Unceasing Top","Strawberry","Black Star","NeowsBlessing","Shovel","ClockworkSouvenir"],"acts_visited":["Exordium","TheCity","TheBeyond","Exordium","TheCity","TheBeyond","Exordium"],"potions_floor_usage":[77,77,77,77,90],"damage_taken":[{"damage":0.0,"enemies":"3 Sentries","floor":2.0,"turns":2.0},{"damage":0.0,"enemies":"Small Slimes","floor":4.0,"turns":1.0},{"damage":4.0,"enemies":"downfall:FleeingMerchant","floor":5.0,"turns":4.0},{"damage":26.0,"enemies":"2 Louse","floor":6.0,"turns":5.0},{"damage":36.0,"enemies":"Gremlin Nob","floor":8.0,"turns":5.0},{"damage":0.0,"enemies":"Cultist","floor":11.0,"turns":5.0},{"damage":18.0,"enemies":"Large Slime","floor":12.0,"turns":10.0},{"damage":18.0,"enemies":"3 Louse","floor":14.0,"turns":5.0},{"damage":8.0,"enemies":"2 Fungi Beasts","floor":15.0,"turns":4.0},{"damage":0.0,"enemies":"downfall:Defect","floor":16.0,"turns":2.0},{"damage":45.0,"enemies":"3 Byrds","floor":19.0,"turns":7.0},{"damage":14.0,"enemies":"Spheric Guardian","floor":20.0,"turns":6.0},{"damage":26.0,"enemies":"Centurion and Healer","floor":25.0,"turns":10.0},{"damage":3.0,"enemies":"Snecko","floor":26.0,"turns":7.0},{"damage":46.0,"enemies":"Gremlin Leader","floor":27.0,"turns":6.0},{"damage":0.0,"enemies":"Snake Plant","floor":29.0,"turns":4.0},{"damage":9.0,"enemies":"3 Cultists","floor":30.0,"turns":6.0},{"damage":1.0,"enemies":"Centurion and Healer","floor":32.0,"turns":6.0},{"damage":36.0,"enemies":"downfall:Ironclad","floor":33.0,"turns":8.0},{"damage":14.0,"enemies":"Orb Walker","floor":39.0,"turns":5.0},{"damage":8.0,"enemies":"3 Darklings","floor":40.0,"turns":5.0},{"damage":40.0,"enemies":"Nemesis","floor":43.0,"turns":9.0},{"damage":24.0,"enemies":"4 Shapes","floor":46.0,"turns":7.0},{"damage":60.0,"enemies":"Transient","floor":47.0,"turns":5.0},{"damage":15.0,"enemies":"Maw","floor":48.0,"turns":8.0},{"damage":47.0,"enemies":"Sphere and 2 Shapes","floor":49.0,"turns":5.0},{"damage":9.0,"enemies":"downfall:Watcher","floor":50.0,"turns":8.0},{"damage":0.0,"enemies":"Cultist","floor":53.0,"turns":1.0},{"damage":0.0,"enemies":"Gremlin Nob","floor":54.0,"turns":2.0},{"damage":0.0,"enemies":"Small Slimes","floor":57.0,"turns":3.0},{"damage":23.0,"enemies":"2 Louse","floor":59.0,"turns":4.0},{"damage":0.0,"enemies":"Exordium Wildlife","floor":60.0,"turns":6.0},{"damage":0.0,"enemies":"2 Fungi Beasts","floor":64.0,"turns":5.0},{"damage":0.0,"enemies":"3 Louse","floor":65.0,"turns":2.0},{"damage":0.0,"enemies":"Red Slaver","floor":66.0,"turns":4.0},{"damage":71.0,"enemies":"Hexaghost","floor":67.0,"turns":5.0},{"damage":0.0,"enemies":"Spheric Guardian","floor":72.0,"turns":5.0},{"damage":0,"enemies":"Chosen","floor":74,"turns":4},{"damage":9,"enemies":"Book of Stabbing","floor":75,"turns":6},{"damage":0,"enemies":"Snecko","floor":76,"turns":4},{"damage":0,"enemies":"Slavers","floor":77,"turns":1},{"damage":0,"enemies":"Snake Plant","floor":79,"turns":4},{"damage":17,"enemies":"3 Cultists","floor":81,"turns":6},{"damage":0,"enemies":"Centurion and Healer","floor":83,"turns":6},{"damage":26,"enemies":"Collector","floor":84,"turns":7},{"damage":13,"enemies":"3 Darklings","floor":87,"turns":6},{"damage":50,"enemies":"Reptomancer","floor":90,"turns":6},{"damage":4,"enemies":"Giant Head","floor":92,"turns":6},{"damage":0,"enemies":"3 Shapes","floor":93,"turns":3},{"damage":20,"enemies":"Sphere and 2 Shapes","floor":95,"turns":4},{"damage":0,"enemies":"Maw","floor":96,"turns":5},{"damage":29,"enemies":"3 Darklings","floor":97,"turns":5},{"damage":0,"enemies":"Spire Growth","floor":98,"turns":4},{"damage":22,"enemies":"Writhing Mass","floor":100,"turns":4},{"damage":56,"enemies":"Time Eater","floor":101,"turns":8},{"damage":0,"enemies":"Lagavulin","floor":104,"turns":4},{"damage":16,"enemies":"2 Louse","floor":105,"turns":2},{"damage":0,"enemies":"Cultist","floor":107,"turns":2},{"damage":33,"enemies":"Small Slimes","floor":108,"turns":3},{"damage":0,"enemies":"Gremlin Nob","floor":109,"turns":1}],"seed_played":"5424424892208043552","potions_obtained":[{"floor":2.0,"key":"Energy Potion"},{"floor":6.0,"key":"Fire Potion"},{"floor":14.0,"key":"SmokeBomb"},{"floor":15.0,"key":"BlessingOfTheForge"},{"floor":16.0,"key":"Dexterity Potion"},{"floor":26.0,"key":"Fruit Juice"},{"floor":28.0,"key":"PowerPotion"},{"floor":39.0,"key":"SkillPotion"},{"floor":47.0,"key":"Fire Potion"},{"floor":50.0,"key":"Fire Potion"},{"floor":65.0,"key":"ColorlessPotion"},{"floor":72.0,"key":"EntropicBrew"},{"floor":74,"key":"Explosive Potion"},{"floor":79,"key":"LiquidMemories"},{"floor":90,"key":"SteroidPotion"}],"is_trial":true,"path_per_floor":["R","?","R","M","$","M","T","E","?","R","M","M","?","M","M","B",null,"R","M","M","R","?","R","T","M","M","E","$","M","M","?","M","B",null,"R","?","?","R","M","M","T","$","E","R","?","M","M","M","M","B",null,"R","M","E","$","?","M","T","M","M","R","?","?","M","M","M","B",null,"R","$","R","M","?","M","E","M","E","R","M","?","M","?","M","B",null,"R","M","$","R","E","R","E","M","?","M","M","M","M","?","M","B",null,"R","E","M","$","M","M","E"],"character_chosen":"THE_SPIRIT","items_purchased":["Membership Card","hexamod:FastForward","Guardian:GemstoneGun","Cauldron","Letter Opener","hexamod:FastForward","hexamod:SoulConsumer","Omamori","TheAbacus","hexamod:FastForward","Guardian:PocketSentry","Medical Kit","MealTicket","Unceasing Top","Strawberry","Shovel","ClockworkSouvenir"],"campfire_rested":7,"item_purchase_floors":[5,5,28,28,28,28,42,42,42,42,55,55,55,88,88,106,106],"current_hp_per_floor":[70,70,70,70,66,40,40,11,28,62,69,65,65,68,74,80,80,80,56,63,63,63,63,63,58,76,90,90,90,90,90,90,75,90,90,90,90,90,100,99,99,97,71,71,71,80,53,64,36,107,107,107,107,107,107,112,112,112,96,122,122,122,122,122,122,122,63,132,132,132,132,132,132,132,123,123,123,123,123,123,106,100,100,74,132,132,119,139,139,89,130,126,126,126,106,106,77,77,77,67,23,139,139,139,123,138,138,105,105,105],"gold":112,"neow_bonus":"","is_daily":false,"chose_seed":false,"campfire_upgraded":10,"win_rate":0.0,"timestamp":1608034139,"path_taken":["R","?","R","M","$","M","T","E","?","R","M","M","?","M","M","BOSS","R","M","M","R","?","R","T","M","M","E","$","M","?","?","M","BOSS","R","?","?","R","M","M","T","$","E","R","?","M","M","M","M","BOSS","R","M","E","$","?","M","T","M","M","R","?","?","M","M","M","BOSS","R","$","R","M","?","M","E","M","E","R","M","?","M","?","M","BOSS","R","M","$","R","E","R","E","M","?","M","?","M","M","?","M","BOSS","R","E","M","$","M","M","E"],"items_purchased_type":["Relic","Card","Relic","Relic","Relic","Card","Relic","Relic","Relic","Card","Relic","Relic","Relic","Relic","Relic","Relic","Relic"],"build_version":"2020-12-13","purchased_purges":8,"victory":false,"max_hp_per_floor":[70,70,70,70,70,70,70,70,70,80,80,80,80,80,80,80,80,80,80,80,80,80,80,80,80,80,90,90,90,90,90,90,90,90,90,90,90,90,100,100,100,97,97,97,97,97,97,97,97,107,107,107,107,107,107,112,112,112,112,122,122,122,122,122,122,122,122,132,132,132,132,132,132,132,132,132,132,132,132,132,132,132,132,132,132,132,132,139,139,139,139,139,139,139,139,139,139,139,139,139,139,139,139,139,139,139,139,139,139,139],"card_choices":[{"not_picked":["hexamod:SkipABeat","hexamod:SpectersWail"],"picked":"hexamod:FastForward","floor":2.0},{"not_picked":["hexamod:NightmareStrike","hexamod:GhostflameBarrier"],"picked":"hexamod:FifthSeal","floor":4.0},{"not_picked":["hexamod:FourthSeal","hexamod:ThirdSeal"],"picked":"hexamod:FifthSeal","floor":5.0},{"not_picked":["hexamod:SuperheatedStrike","hexamod:RadiantFlame","hexamod:EtherealExpedition"],"picked":"SKIP","floor":5.0},{"not_picked":["hexamod:SecondSeal","hexamod:SixthSeal"],"picked":"hexamod:FirstSeal","floor":6.0},{"not_picked":["hexamod:SecondSeal","hexamod:FifthSeal"],"picked":"hexamod:SixthSeal","floor":6.0},{"not_picked":["hexamod:PhantomFireball","hexamod:NightmareGuise","hexamod:AdvancingGuard"],"picked":"SKIP","floor":6.0},{"not_picked":["hexamod:GhostShield","hexamod:SearingWound","hexamod:ShieldOfDarkness"],"picked":"SKIP","floor":8.0},{"not_picked":["hexamod:HauntingEcho","hexamod:PhantomFireball"],"picked":"hexamod:FirstSeal","floor":11.0},{"not_picked":["hexamod:FifthSeal","hexamod:SecondSeal"],"picked":"hexamod:FirstSeal","floor":12.0},{"not_picked":["hexamod:BacktrackSmack","hexamod:UnlimitedPower","hexamod:ShieldOfDarkness"],"picked":"SKIP","floor":12.0},{"not_picked":["hexamod:StepThrough","hexamod:RainOfEmbers","hexamod:Rewind"],"picked":"SKIP","floor":14.0},{"not_picked":["hexamod:ThirdSeal","hexamod:SkipABeat","hexamod:RainOfEmbers"],"picked":"SKIP","floor":15.0},{"not_picked":["hexamod:ApocalypseNow","hexamod:GhostflameInferno"],"picked":"hexamod:EmpoweringStance","floor":16.0},{"not_picked":["hexamod:SwordOfDarkness+1","hexamod:ThermalTransfer"],"picked":"hexamod:FastForward","floor":19.0},{"not_picked":["hexamod:SecondSeal","hexamod:FifthSeal"],"picked":"hexamod:FirstSeal","floor":20.0},{"not_picked":["hexamod:SpectralAdrenaline","hexamod:ChargedBarrage","hexamod:Firestarter+1"],"picked":"SKIP","floor":20.0},{"not_picked":["hexamod:SecondSeal","hexamod:FifthSeal"],"picked":"hexamod:FourthSeal","floor":25.0},{"not_picked":["hexamod:SixthSeal","hexamod:FifthSeal"],"picked":"hexamod:SecondSeal","floor":25.0},{"not_picked":["hexamod:GhostflameBarrier+1","hexamod:FirstSeal"],"picked":"hexamod:EmpoweredFlame","floor":25.0},{"not_picked":["hexamod:FourthSeal","hexamod:SecondSeal"],"picked":"hexamod:ThirdSeal","floor":26.0},{"not_picked":["hexamod:FirstSeal","hexamod:FourthSeal","hexamod:FifthSeal"],"picked":"SKIP","floor":26.0},{"not_picked":["hexamod:BacktrackSmack","hexamod:NightmareGuise","hexamod:SuperheatedStrike+1"],"picked":"SKIP","floor":26.0},{"not_picked":["hexamod:SecondSeal","hexamod:ThirdSeal"],"picked":"hexamod:SixthSeal","floor":29.0},{"not_picked":["hexamod:BacktrackSmack","hexamod:Firestarter+1","hexamod:BurningTouch"],"picked":"SKIP","floor":29.0},{"not_picked":["hexamod:SkipABeat+1","hexamod:BurningTouch","hexamod:BacktrackSmack+1"],"picked":"SKIP","floor":30.0},{"not_picked":["hexamod:ThirdSeal","hexamod:FirstSeal"],"picked":"hexamod:SecondSeal","floor":32.0},{"not_picked":["hexamod:ThermalTransfer","hexamod:SoulSteal","hexamod:HeatShield"],"picked":"SKIP","floor":32.0},{"not_picked":["hexamod:FirstSeal","hexamod:SixthSeal"],"picked":"hexamod:FifthSeal","floor":33.0},{"not_picked":["hexamod:GhostflameInferno","hexamod:TurnItUp"],"picked":"hexamod:EmpoweringStance","floor":33.0},{"not_picked":["hexamod:ThirdSeal","hexamod:FirstSeal"],"picked":"hexamod:FifthSeal","floor":39.0},{"not_picked":["hexamod:BurningTouch+1","hexamod:NightmareStrike","hexamod:SwordOfDarkness"],"picked":"SKIP","floor":39.0},{"not_picked":["hexamod:FirstSeal","hexamod:FifthSeal"],"picked":"hexamod:SecondSeal","floor":40.0},{"not_picked":["hexamod:FifthSeal","hexamod:FourthSeal"],"picked":"hexamod:FirstSeal","floor":40.0},{"not_picked":["hexamod:CatchUp+1","hexamod:Hexaguard"],"picked":"hexamod:EmpoweringStance","floor":40.0},{"not_picked":["hexamod:SecondSeal","hexamod:FourthSeal"],"picked":"hexamod:SixthSeal","floor":43.0},{"not_picked":["hexamod:GhostLash","hexamod:SwordOfDarkness+1","hexamod:FlamesFromBeyond"],"picked":"SKIP","floor":43.0},{"not_picked":["hexamod:FifthSeal","hexamod:FirstSeal"],"picked":"hexamod:SecondSeal","floor":46.0},{"not_picked":["hexamod:VolcanoVisage","hexamod:SpectralSpark","hexamod:Hexaguard+1"],"picked":"SKIP","floor":46.0},{"not_picked":["hexamod:FifthSeal","hexamod:FirstSeal"],"picked":"hexamod:SixthSeal","floor":47.0},{"not_picked":["hexamod:BacktrackSmack","hexamod:HeatCrush+1","hexamod:GhostflameBarrier+1"],"picked":"SKIP","floor":47.0},{"not_picked":["hexamod:SixthSeal","hexamod:FifthSeal"],"picked":"hexamod:FourthSeal","floor":48.0},{"not_picked":["hexamod:FirstSeal","hexamod:SecondSeal"],"picked":"hexamod:ThirdSeal","floor":48.0},{"not_picked":["hexamod:SpectralSpark","hexamod:SwordOfDarkness","hexamod:RecurringNightmare"],"picked":"SKIP","floor":48.0},{"not_picked":["hexamod:Hexaguard+1","hexamod:HeatShield+1","hexamod:InspiringFlames+1"],"picked":"SKIP","floor":49.0},{"not_picked":["hexamod:RecurringNightmare","hexamod:HauntingEcho","hexamod:HeatMetal"],"picked":"SKIP","floor":49.0},{"not_picked":["hexamod:HauntingEcho","hexamod:AdvancingGuard","hexamod:BurningTouch"],"picked":"SKIP","floor":53.0},{"not_picked":["hexamod:FirstSeal","hexamod:SecondSeal"],"picked":"hexamod:ThirdSeal","floor":54.0},{"not_picked":["hexamod:HeatShield","hexamod:BacktrackSmack","hexamod:CrushingStance"],"picked":"SKIP","floor":54.0},{"not_picked":["hexamod:InspiringFlames","hexamod:ThermalTransfer","hexamod:NightmareStrike"],"picked":"SKIP","floor":57.0},{"not_picked":["hexamod:BacktrackSmack","hexamod:AdvancingGuard","hexamod:PhantomFireball"],"picked":"SKIP","floor":57.0},{"not_picked":["hexamod:Firestarter","hexamod:RainOfEmbers"],"picked":"hexamod:HexaLevel","floor":59.0},{"not_picked":["hexamod:SixthSeal","hexamod:SecondSeal","hexamod:FirstSeal"],"picked":"SKIP","floor":59.0},{"not_picked":["hexamod:SecondSeal","hexamod:Hexaguard","hexamod:HauntingEcho"],"picked":"SKIP","floor":59.0},{"not_picked":["hexamod:BacktrackSmack","hexamod:BurningTouch","hexamod:SwordOfDarkness"],"picked":"SKIP","floor":60.0},{"not_picked":["hexamod:GhostShield","hexamod:InspiringFlames","hexamod:RainOfEmbers"],"picked":"SKIP","floor":60.0},{"not_picked":["hexamod:Incineration","hexamod:NightmareStrike","hexamod:Firestarter"],"picked":"SKIP","floor":64.0},{"not_picked":["hexamod:NecessarySacrifice","hexamod:SuperheatedStrike","hexamod:GhostShield"],"picked":"SKIP","floor":65.0},{"not_picked":["hexamod:ChargedBarrage","hexamod:ExtraCrispy","hexamod:Hexaguard"],"picked":"SKIP","floor":66.0},{"not_picked":["hexamod:Firestarter","hexamod:GhostShield+1","hexamod:GhostLash+1"],"picked":"SKIP","floor":72.0},{"not_picked":["hexamod:Hexaguard+1","hexamod:Haunt","hexamod:GhostShield"],"picked":"SKIP","floor":74},{"not_picked":["hexamod:ApocalypseNow","hexamod:GhostShield+1","hexamod:Haunt"],"picked":"SKIP","floor":75},{"not_picked":["hexamod:SpectralSpark+1","hexamod:BacktrackSmack"],"picked":"hexamod:GhostOfSpireFuture","floor":76},{"not_picked":["hexamod:GhostLash","hexamod:UnleashSpirits","hexamod:SoulSteal"],"picked":"SKIP","floor":77},{"not_picked":["hexamod:BacktrackSmack+1","hexamod:ThermalTransfer","hexamod:DynamicBlow"],"picked":"SKIP","floor":79},{"not_picked":["hexamod:InspiringFlames","hexamod:GhostShield+1","hexamod:ThermalTransfer+1"],"picked":"SKIP","floor":81},{"not_picked":["hexamod:BurningTouch","hexamod:GhostflameBarrier","hexamod:Hexaguard"],"picked":"SKIP","floor":83},{"not_picked":["hexamod:AdvancingGuard+1","hexamod:ShieldOfDarkness","hexamod:Incineration"],"picked":"SKIP","floor":87},{"not_picked":["hexamod:EmpoweringStance","hexamod:NightmareGuise","hexamod:PhantomFireball+1"],"picked":"SKIP","floor":90},{"not_picked":["hexamod:ExtraCrispy","hexamod:SecondSeal","hexamod:BurningTouch+1"],"picked":"SKIP","floor":92},{"not_picked":["hexamod:SwordOfDarkness","hexamod:NightmareGuise+1","hexamod:ShieldOfDarkness+1"],"picked":"SKIP","floor":93},{"not_picked":["hexamod:Firestarter","hexamod:CrushingStance","hexamod:RecurringNightmare+1"],"picked":"SKIP","floor":95},{"not_picked":["hexamod:Hexaguard","hexamod:Haunt","hexamod:GhostLash+1"],"picked":"SKIP","floor":96},{"not_picked":["hexamod:GhostLash","hexamod:SwordOfDarkness+1","hexamod:FourthSeal"],"picked":"SKIP","floor":97},{"not_picked":["hexamod:FourthSeal","hexamod:NightmareStrike","hexamod:FastForward+1"],"picked":"SKIP","floor":98},{"not_picked":["hexamod:SwordOfDarkness+1","hexamod:GhostShield+1","hexamod:SpectersWail+1"],"picked":"SKIP","floor":100},{"not_picked":["hexamod:NightmareStrike","hexamod:RecurringNightmare","hexamod:HauntingEcho"],"picked":"SKIP","floor":104},{"not_picked":["hexamod:SecondSeal","hexamod:PhantomFireball","hexamod:SuperheatedStrike"],"picked":"SKIP","floor":105},{"not_picked":["hexamod:SuperheatedStrike","hexamod:SpectralAdrenaline","hexamod:ShieldOfDarkness"],"picked":"SKIP","floor":107},{"not_picked":["hexamod:CatchUp","hexamod:Hexaguard","hexamod:NightmareGuise"],"picked":"SKIP","floor":108}],"player_experience":1471233,"relics_obtained":[{"floor":8.0,"key":"MawBank"},{"floor":24.0,"key":"Happy Flower"},{"floor":41.0,"key":"Meat on the Bone"},{"floor":43.0,"key":"Matryoshka"},{"floor":58.0,"key":"Vajra"},{"floor":58.0,"key":"Turnip"}],"event_choices":[{"damage_healed":17.0,"max_hp_gain":0.0,"max_hp_loss":0.0,"gold_gain":0.0,"event_name":"Mushrooms","player_choice":"Healed and dodged fight","floor":9.0,"gold_loss":0.0,"damage_taken":0.0,"cards_obtained":["Parasite"]},{"damage_healed":0.0,"max_hp_gain":0.0,"max_hp_loss":0.0,"gold_gain":0.0,"event_name":"The Library","player_choice":"Read","floor":31.0,"gold_loss":0.0,"damage_taken":0.0,"cards_obtained":["hexamod:EmpoweredFlame"]},{"damage_healed":0.0,"max_hp_gain":0.0,"max_hp_loss":0.0,"gold_gain":0.0,"event_name":"Transmorgrifier","player_choice":"Ignored","floor":45.0,"gold_loss":0.0,"damage_taken":0.0},{"damage_healed":0.0,"max_hp_gain":5.0,"max_hp_loss":0.0,"gold_gain":0.0,"event_name":"Big Fish","player_choice":"Donut","floor":56.0,"gold_loss":0.0,"damage_taken":0.0},{"cards_removed":["hexamod:Incineration"],"damage_healed":0.0,"max_hp_gain":0.0,"max_hp_loss":0.0,"gold_gain":0.0,"event_name":"Living Wall","player_choice":"Forget","floor":63.0,"gold_loss":0.0,"damage_taken":0.0},{"damage_healed":44,"gold_gain":0,"player_choice":"Heal","damage_taken":0,"max_hp_gain":0,"max_hp_loss":0,"event_name":"The Library","floor":73,"gold_loss":0},{"damage_healed":0,"gold_gain":0,"player_choice":"Ignored","damage_taken":0,"max_hp_gain":0,"max_hp_loss":0,"event_name":"NoteForYourself","floor":94,"gold_loss":0}],"is_beta":false,"boss_relics":[{"not_picked":["Tiny House","Coffee Dripper"],"picked":"Philosopher\u0027s Stone"},{"not_picked":["Black Star","Calling Bell"],"picked":"Pandora\u0027s Box"},{"not_picked":["Velvet Choker","Snecko Eye"],"picked":"Empty Cage"},{"not_picked":["Calling Bell","Coffee Dripper"],"picked":"SacredBark"},{"not_picked":["Snecko Eye","Astrolabe"],"picked":"sneckomod:SneckoTalon"},{"not_picked":["Velvet Choker","Fusion Hammer"],"picked":"Black Star"}],"items_purged_floors":[5,28,42,55,70,88,99,106],"is_endless":true,"potions_floor_spawned":[2,6,14,15,16,27,29,30,32,39,47,49,50,54,60,65,72,74,79,81,84,90,98,100,107],"killed_by":"Gremlin Nob","ascension_level":0}}