{"host":"rhvnggv2pwqsaug0","time":1608004823,"event":{"mods":["BaseMod","Minty Spire (QoL Compilation)","Replay The Spire","StSLib"],"gold_per_floor":[118,118,128,145,145,145,176,190,213,225,225,251,251,276,276,379,379,396,396,396,411,423,423,423,423,423],"floor_reached":25,"playtime":728,"items_purged":[],"score":232,"play_id":"a7d45eef-3051-40f7-9240-d1d019c46e5e","local_time":"20201215120023","is_ascension_mode":true,"campfire_choices":[{"data":"Panic Button","floor":6,"key":"SMITH"},{"data":"FIFO Queue","floor":13,"key":"SMITH"},{"floor":15,"key":"REST"}],"circlet_count":0,"master_deck":["Strike_B","Strike_B","Strike_B","Defend_B","Zap","Dualcast","ReplayTheSpireMod:Calculation Training+1","Ball Lightning","Panic Button+1","Self Repair+1","Cold Snap","FIFO Queue+1","Time Bomb","Crystallizer","Electrodynamics+1","Panic Button+1","Meteor Strike+1","Rebound+1","Sickly","Storm","Panic Button"],"relics":["Cracked Core","NeowsBlessing","Bronze Scales","Geode","Gambling Chip","Replay:Mystery Machine","Potion Belt","Astrolabe","Ring of Fury","Ring of Panic"],"acts_visited":["TheCity"],"potions_floor_usage":[7,12,22],"damage_taken":[{"damage":0,"enemies":"2 Louse","floor":1,"turns":1},{"damage":0,"enemies":"Jaw Worm","floor":3,"turns":1},{"damage":0,"enemies":"Cultist","floor":4,"turns":1},{"damage":36,"enemies":"Lagavulin","floor":7,"turns":4},{"damage":8,"enemies":"Red Slaver","floor":8,"turns":3},{"damage":4,"enemies":"Large Slime","floor":10,"turns":6},{"damage":23,"enemies":"Gremlin Nob","floor":12,"turns":4},{"damage":36,"enemies":"3 Sentries","floor":14,"turns":5},{"damage":15,"enemies":"Fading Forest","floor":16,"turns":11},{"damage":10,"enemies":"Shell Parasite","floor":18,"turns":2},{"damage":1,"enemies":"3 Byrds","floor":21,"turns":1},{"damage":11,"enemies":"Shelled Parasite and Fungi","floor":22,"turns":2},{"damage":68,"enemies":"Slavers","floor":25,"turns":3}],"seed_played":"8558285998190961948","potions_obtained":[{"floor":3,"key":"Toxic Potion"},{"floor":7,"key":"FocusPotion"},{"floor":8,"key":"Swift Potion"}],"is_trial":false,"path_per_floor":["M","?","M","M","?","R","E","M","T","M","T","E","R","E","R","B",null,"M","?","?","M","M","PTL","PTL","E"],"character_chosen":"DEFECT","items_purchased":[],"campfire_rested":1,"item_purchase_floors":[],"current_hp_per_floor":[75,75,75,75,75,75,49,51,51,57,57,44,44,18,40,45,75,65,65,65,64,63,63,63,0,0],"gold":423,"neow_bonus":"THREE_ENEMY_KILL","is_daily":false,"chose_seed":false,"campfire_upgraded":2,"win_rate":0.0,"timestamp":1608004823,"path_taken":["M","?","M","M","?","R","E","M","T","?","?","E","R","E","R","BOSS","M","?","?","?","M","PTL","PTL","E"],"items_purchased_type":[],"build_version":"2020-12-13","purchased_purges":0,"victory":false,"max_hp_per_floor":[75,75,75,75,75,75,75,75,75,75,75,75,75,75,75,75,75,75,75,75,75,75,75,75,75,75],"card_choices":[{"not_picked":["Turbo","Sweeping Beam"],"picked":"ReplayTheSpireMod:Calculation Training","floor":1},{"not_picked":["Rebound","Glacier"],"picked":"Ball Lightning","floor":3},{"not_picked":["Leap","Compile Driver"],"picked":"Panic Button","floor":4},{"not_picked":["Leap","Gash"],"picked":"Cold Snap","floor":7},{"not_picked":["ReplayTheSpireMod:Repulse","Auto Shields"],"picked":"FIFO Queue","floor":8},{"not_picked":["Glacier","Steam"],"picked":"Time Bomb","floor":10},{"not_picked":["BasicCrystalCard","Creative AI"],"picked":"Crystallizer","floor":12},{"not_picked":["BootSequence","Genetic Algorithm","Melter"],"picked":"SKIP","floor":14},{"not_picked":["Echo Form","Rainbow"],"picked":"Electrodynamics","floor":16},{"not_picked":["Rebound+1","Gash","Steam"],"picked":"SKIP","floor":18},{"not_picked":["Beam Cell","Hologram"],"picked":"Storm","floor":21},{"not_picked":["Rebound","Barrage"],"picked":"Panic Button","floor":22}],"player_experience":201342,"relics_obtained":[{"floor":7,"key":"Bronze Scales"},{"floor":9,"key":"Geode"},{"floor":11,"key":"Gambling Chip"},{"floor":12,"key":"Replay:Mystery Machine"},{"floor":14,"key":"Potion Belt"},{"floor":19,"key":"Ring of Fury"},{"floor":19,"key":"Ring of Panic"}],"event_choices":[{"damage_healed":0,"gold_gain":0,"player_choice":"Grow","damage_taken":0,"max_hp_gain":0,"max_hp_loss":0,"event_name":"Living Wall","floor":2,"gold_loss":0,"cards_upgraded":["ReplayTheSpireMod:Calculation Training"]},{"damage_healed":0,"gold_gain":0,"player_choice":"Upgraded","damage_taken":0,"max_hp_gain":0,"max_hp_loss":0,"event_name":"Upgrade Shrine","floor":20,"gold_loss":0,"cards_upgraded":["Electrodynamics"]}],"is_beta":false,"boss_relics":[{"not_picked":["FrozenCore","Philosopher\u0027s Stone"],"picked":"Astrolabe"}],"items_purged_floors":[],"is_endless":false,"potions_floor_spawned":[3,7,8],"killed_by":"Slavers","ascension_level":1}}