{"host":"wonp23fsqqcu31ie","time":1608010001,"event":{"mods":["2.2 Compatiblity","AchievementEnabler","Aspiration","BaseMod","Bestiary","Better Altar","Better Match","Better Sensory Stone","Better Skull","Better Third Choice","BetterRewards","Block Reminder","Colored Map","Colored Powertips","Conspire","DeckTracker","Displayed Cursed Tome","Downfall","Hermit","Highlight Path","Hubris","Minty Spire (QoL Compilation)","Permanent Neow","Quick Restart","Rare Cards Sparkle","Relic Stats","Replay The Spire","Shade Mod","Shop Mod","StSLib","SuperFastMode","The Animator","The Cursed","The Gatherer","The Necromancer","The Runesmith","The Servant 0.9.4"],"gold_per_floor":[122,147,69,69,11,11,43,43,43,79,79,104,118,152,152,249,249,277,304,320,320,260,260,295,313,339,339,339],"floor_reached":27,"playtime":752,"items_purged":["Doubt"],"score":348,"play_id":"c0b02325-54c3-4841-b93e-ea7b2e1debb1","local_time":"20201215162641","is_ascension_mode":true,"campfire_choices":[{"floor":6.0,"key":"RECALL"},{"data":"animator:Darkness","floor":8.0,"key":"SMITH"},{"floor":15.0,"key":"REST"},{"data":"animator:Millim","floor":23,"key":"SMITH"}],"circlet_count":0,"master_deck":["animator:Strike_FullmetalAlchemist","animator:Defend_FullmetalAlchemist","animator:Strike+1","animator:Strike+1","animator:Strike+1","animator:Defend","animator:Defend","animator:Defend","animator:ElricEdward+1","animator:ElricAlphonse","animator:Rider","animator:ChaikaBohdan","animator:Darkness+1","animator:Darkness","animator:Millim+1","animator:AcuraShin","animator:Scar","animator:Alexander","animator:Benimaru","animator:Envy","animator:Berserker+1","animator:Sloth","animator:Archer","animator:Benimaru+1","animator:Shuna+1"],"relics":["animator:TheMissingPiece","Velvet Choker","ReplayTheSpireMod:CursedCoin","animator:ShionDessert","Iron Hammer","Toy Ornithopter","MealTicket","aspiration:AnachronicSnailShell","hubris:OldNail","conspire:SpecialSausage","hubris:BottledHeart","Replay:Bottled Eggs","Bronze Scales"],"acts_visited":["Exordium","TheCity"],"potions_floor_usage":[19,24],"damage_taken":[{"damage":0.0,"enemies":"2 Louse","floor":1.0,"turns":3.0},{"damage":1.0,"enemies":"Jaw Worm","floor":2.0,"turns":4.0},{"damage":14.0,"enemies":"Lagavulin","floor":7.0,"turns":6.0},{"damage":8.0,"enemies":"conspire:MimicChest","floor":10.0,"turns":5.0},{"damage":3.0,"enemies":"Small Slimes","floor":12.0,"turns":3.0},{"damage":4.0,"enemies":"Blue Slaver","floor":13.0,"turns":2.0},{"damage":4.0,"enemies":"3 Sentries","floor":14.0,"turns":7.0},{"damage":0.0,"enemies":"Slime Boss","floor":16.0,"turns":7.0},{"damage":10.0,"enemies":"Shell Parasite","floor":18.0,"turns":4.0},{"damage":24,"enemies":"2 Thieves","floor":19,"turns":3},{"damage":13,"enemies":"Centurion and Healer","floor":20,"turns":5},{"damage":0,"enemies":"Gremlin Leader","floor":24,"turns":5},{"damage":0,"enemies":"Cultist and Chosen","floor":25,"turns":4},{"damage":2,"enemies":"Slavers","floor":27,"turns":2}],"seed_played":"-7973467057720084360","potions_obtained":[{"floor":1.0,"key":"Venom Potion"},{"floor":12.0,"key":"ColorlessPotion"},{"floor":14.0,"key":"BlessingOfTheForge"},{"floor":16.0,"key":"Slimebound:ThreeZeroPotion"},{"floor":19,"key":"DistilledChaos"},{"floor":25,"key":"Elixir"}],"is_trial":false,"path_per_floor":["M","M","$","?","$","R","E","R","T","?","T","M","M","E","R","B",null,"M","M","M","?","?","R","E","M","T","E"],"character_chosen":"THE_ANIMATOR","items_purchased":["ReplayTheSpireMod:CursedCoin","animator:ShionDessert","animator:Darkness"],"campfire_rested":1,"item_purchase_floors":[3,3,5],"current_hp_per_floor":[66,65,65,65,65,65,51,51,51,44,44,41,38,34,54,69,69,59,40,28,1,1,1,1,1,1,0,0],"gold":339,"neow_bonus":"BOSS_RELIC","is_daily":false,"chose_seed":false,"campfire_upgraded":2,"win_rate":0.0,"timestamp":1608010001,"path_taken":["M","M","$","?","$","R","E","R","T","?","?","M","M","E","R","BOSS","M","?","M","?","?","R","E","M","T","E"],"items_purchased_type":["Relic","Relic","Card"],"build_version":"2020-12-13","purchased_purges":1,"victory":false,"max_hp_per_floor":[66,66,66,66,66,66,66,66,66,67,67,67,68,68,68,69,69,69,69,70,1,1,1,1,1,1,1,1],"relic_stats":{"counters":[16,67],"Bronze Scales":[12],"MealTicket":0,"obtain_stats":[{"animator:ShionDessert":3,"aspiration:Nostalgia":0,"ReplayTheSpireMod:CursedCoin":3,"animator:TheMissingPiece":0,"Velvet Choker":0,"conspire:SpecialSausage":17,"Juzu Bracelet":5,"Smiling Mask":3,"hubris:BottledHeart":21,"aspiration:AnachronicSnailShell":11,"Bronze Scales":26,"MealTicket":10,"animator:LivingPicture":0,"Iron Hammer":7,"Replay:Bottled Eggs":24,"Gatherer:AlchemyBag":0,"Toy Ornithopter":9,"hubris:OldNail":14},{"animator:ShionDessert":4,"aspiration:Nostalgia":0,"ReplayTheSpireMod:CursedCoin":4,"animator:TheMissingPiece":0,"Velvet Choker":2,"conspire:SpecialSausage":10,"Juzu Bracelet":1,"Smiling Mask":1,"hubris:BottledHeart":13,"aspiration:AnachronicSnailShell":6,"Bronze Scales":15,"MealTicket":6,"animator:LivingPicture":0,"Iron Hammer":5,"Replay:Bottled Eggs":14,"Gatherer:AlchemyBag":0,"Toy Ornithopter":5,"hubris:OldNail":9},{"animator:ShionDessert":14,"aspiration:Nostalgia":0,"ReplayTheSpireMod:CursedCoin":14,"animator:TheMissingPiece":0,"Velvet Choker":7,"conspire:SpecialSausage":44,"Juzu Bracelet":3,"Smiling Mask":3,"hubris:BottledHeart":56,"aspiration:AnachronicSnailShell":25,"Bronze Scales":65,"MealTicket":25,"animator:LivingPicture":0,"Iron Hammer":20,"Replay:Bottled Eggs":61,"Gatherer:AlchemyBag":0,"Toy Ornithopter":20,"hubris:OldNail":37}],"Toy Ornithopter":19},"card_choices":[{"not_picked":["animator:WinryRockbell","animator:ZankiKiguchi"],"picked":"animator:Rider","floor":1.0},{"not_picked":["animator:Kaijin","animator:TsurugaMeisai"],"picked":"animator:ChaikaBohdan","floor":2.0},{"not_picked":["animator:ZankiKiguchi","animator:MetalKnight"],"picked":"animator:Millim","floor":7.0},{"not_picked":["animator:ZankiKiguchi","animator:Shion"],"picked":"animator:AcuraShin","floor":10.0},{"not_picked":["animator:ElricAlphonse","animator:Sloth"],"picked":"animator:Scar","floor":12.0},{"not_picked":["animator:Kaijin","animator:Father"],"picked":"animator:Alexander","floor":13.0},{"not_picked":["animator:Kazuma","animator:MetalKnight"],"picked":"animator:Benimaru","floor":14.0},{"not_picked":["animator:Wiz","animator:HigakiRinne"],"picked":"animator:Envy","floor":16.0},{"not_picked":["animator:Viivi","animator:Alexander"],"picked":"animator:Berserker+1","floor":18},{"not_picked":["animator:MaesHughes","animator:ElricEdward"],"picked":"animator:Sloth","floor":19},{"not_picked":["animator:Aqua","animator:AcuraShin"],"picked":"animator:Archer","floor":20},{"not_picked":["animator:Benimaru+1","animator:Rider","animator:Kaijin"],"picked":"SKIP","floor":24},{"not_picked":["animator:Rider","animator:Kaijin"],"picked":"animator:Benimaru+1","floor":24},{"not_picked":["animator:Rider","animator:Benimaru"],"picked":"animator:Shuna+1","floor":25}],"player_experience":612351,"relics_obtained":[{"floor":7.0,"key":"Iron Hammer"},{"floor":9.0,"key":"Toy Ornithopter"},{"floor":10.0,"key":"MealTicket"},{"floor":11.0,"key":"aspiration:AnachronicSnailShell"},{"floor":14.0,"key":"hubris:OldNail"},{"floor":24,"key":"Replay:Bottled Eggs"},{"floor":26,"key":"Bronze Scales"}],"event_choices":[],"is_beta":false,"boss_relics":[{"not_picked":["Coffee Dripper","aspiration:RunicSpoon"],"picked":"conspire:SpecialSausage"}],"items_purged_floors":[3],"is_endless":false,"potions_floor_spawned":[1,12,14,16,19,25],"killed_by":"Slavers","ascension_level":2}}