{"host":"pvi1ua0l3an81qfu","time":1608036756,"event":{"mods":["AchievementEnabler","BaseMod","Curses Come First","Highlight Path","Infinite Spire","Minty Spire (QoL Compilation)","Quick Restart","Replay The Spire","Shop Mod","StSLib"],"gold_per_floor":[118,193,118,129,149,149,183,183,207,207,236,256,256,256,256,256,256],"floor_reached":16,"playtime":749,"items_purged":["Strike_G"],"score":113,"play_id":"0661de16-0c8f-430e-8997-04abe48b6e89","local_time":"20201215145236","is_ascension_mode":true,"campfire_choices":[{"data":"Neutralize","floor":6,"key":"SMITH"},{"data":"Poisoned Stab","floor":8,"key":"SMITH"},{"data":"Pot Of Greed","floor":10,"key":"SMITH"},{"floor":15,"key":"REST"},{"data":"Pot Of Greed","floor":15,"key":"SMITH"}],"circlet_count":0,"master_deck":["Strike_G","Strike_G","Strike_G","Strike_G","Defend_G","Defend_G","Defend_G","Defend_G","Defend_G","Survivor","Neutralize+1","Poisoned Stab+1","Pot Of Greed+1","Pot Of Greed+1","CommonCold"],"relics":["Ring of the Snake","NeowsBlessing","Pen Nib","Grinning Jar","infinitespire:Magic Flask","ReplayTheSpireMod:Ring of Challenge","ReplayTheSpireMod:Ring of Exchange"],"acts_visited":[],"potions_floor_usage":[16,16],"damage_taken":[{"damage":0.0,"enemies":"Small Slimes","floor":1.0,"turns":1.0},{"damage":0,"enemies":"2 Louse","floor":4,"turns":1},{"damage":0,"enemies":"Cultist","floor":5,"turns":1},{"damage":34,"enemies":"Gremlin Nob","floor":7,"turns":5},{"damage":8,"enemies":"Lagavulin","floor":11,"turns":6},{"damage":0,"enemies":"Exordium Wildlife","floor":12,"turns":2},{"damage":32,"enemies":"Slime Boss","floor":16,"turns":9}],"seed_played":"-1651575739859867229","potions_obtained":[{"floor":1,"key":"Weak Potion"},{"floor":11,"key":"Fruit Juice"}],"is_trial":false,"path_per_floor":["M","?","$","M","M","R","E","R","T","R","E","M","?","?","R","B"],"character_chosen":"THE_SILENT","items_purchased":[],"campfire_rested":1,"item_purchase_floors":[],"current_hp_per_floor":[70,59,59,59,59,59,25,25,25,25,17,17,17,17,38,11,11],"gold":256,"neow_bonus":"THREE_ENEMY_KILL","is_daily":false,"chose_seed":false,"campfire_upgraded":4,"win_rate":0.0,"timestamp":1608036756,"path_taken":["M","?","$","M","M","R","E","R","T","R","E","M","?","?","R","BOSS"],"items_purchased_type":[],"build_version":"2020-12-13","purchased_purges":1,"victory":false,"max_hp_per_floor":[70,70,70,70,70,70,70,70,70,70,70,70,70,70,70,75,75],"card_choices":[{"not_picked":["Expertise","Slice","Sucker Punch"],"picked":"SKIP","floor":1},{"not_picked":["Slice","Deadly Poison"],"picked":"Poisoned Stab","floor":4},{"not_picked":["Slice","Acrobatics","Blade Dance"],"picked":"SKIP","floor":5},{"not_picked":["Deflect","PiercingWail","Underhanded Strike"],"picked":"SKIP","floor":7},{"not_picked":["Distraction","Tactician","Atom Bomb"],"picked":"SKIP","floor":11},{"not_picked":["Dodge and Roll","Quick Slash","Acrobatics"],"picked":"SKIP","floor":12}],"player_experience":166755,"relics_obtained":[{"floor":7,"key":"Pen Nib"},{"floor":9,"key":"Grinning Jar"},{"floor":11,"key":"infinitespire:Magic Flask"},{"floor":13,"key":"ReplayTheSpireMod:Ring of Challenge"},{"floor":13,"key":"ReplayTheSpireMod:Ring of Exchange"}],"event_choices":[{"damage_healed":0,"gold_gain":75,"player_choice":"Gather Gold","damage_taken":11,"max_hp_gain":0,"max_hp_loss":0,"event_name":"World of Goop","floor":2,"gold_loss":0},{"damage_healed":0,"gold_gain":0,"player_choice":"Ignored","damage_taken":0,"max_hp_gain":0,"max_hp_loss":0,"event_name":"Liars Game","floor":14,"gold_loss":0}],"is_beta":false,"boss_relics":[],"items_purged_floors":[3],"is_endless":false,"potions_floor_spawned":[1,11],"killed_by":"Slime Boss","ascension_level":1}}