{"host":"zekcc3vicrep0och","time":1608026615,"event":{"mods":["AchievementEnabler","BaseMod","Colored Map","Colored Powertips","Displayed Cursed Tome","Minty Spire (QoL Compilation)","Relic Stats","StSLib"],"gold_per_floor":[113,133,143,218,218,253,253,22,22,33,33,51,66,92,92,194,194,212,212,228,246,264,295,312,344,344,344,363,379,58,89,89,187,187,199,199,212,231,246,271,271,24,24,39,55,82,82,82,82,82],"floor_reached":51,"playtime":2546,"items_purged":["Strike_B"],"score":1275,"play_id":"d7f6b480-3303-4509-b6bb-d36af3bbf3ce","local_time":"20201215130335","is_ascension_mode":true,"campfire_choices":[{"data":"Zap","floor":7.0,"key":"SMITH"},{"data":"Fission","floor":11.0,"key":"SMITH"},{"floor":15.0,"key":"REST"},{"data":"Consume","floor":27.0,"key":"SMITH"},{"floor":32.0,"key":"REST"},{"data":"Electrodynamics","floor":41.0,"key":"SMITH"},{"data":"Tempest","floor":47,"key":"SMITH"},{"floor":49,"key":"REST"}],"circlet_count":0,"master_deck":["AscendersBane","Strike_B+1","Strike_B+1","Defend_B+1","Defend_B+1","Defend_B+1","Defend_B+1","Zap+1","Dualcast+1","Melter+1","Consume+1","Auto Shields+1","Conserve Battery+1","Fission+1","Chill+1","Electrodynamics+1","Reboot+1","Glacier+1","Electrodynamics+1","Undo+1","Hologram+1","Echo Form+1","Conserve Battery+1","Defragment+1","Coolheaded+1","FTL+1","Decay","Tempest+1"],"relics":["Cracked Core","White Beast Statue","Oddly Smooth Stone","Singing Bowl","Toy Ornithopter","Inserter","Letter Opener","Centennial Puzzle","Ornamental Fan","Potion Belt","Bottled Tornado","Cursed Key","Pen Nib","Lee\u0027s Waffle","Torii","StrikeDummy","Mark of the Bloom"],"acts_visited":["Exordium","TheCity","TheBeyond"],"potions_floor_usage":[44,46,50,50,50,50],"damage_taken":[{"damage":4.0,"enemies":"Small Slimes","floor":1.0,"turns":3.0},{"damage":7.0,"enemies":"Jaw Worm","floor":2.0,"turns":3.0},{"damage":0.0,"enemies":"Cultist","floor":3.0,"turns":3.0},{"damage":5.0,"enemies":"Lagavulin","floor":6.0,"turns":7.0},{"damage":5.0,"enemies":"Exordium Wildlife","floor":10.0,"turns":4.0},{"damage":0.0,"enemies":"Red Slaver","floor":12.0,"turns":3.0},{"damage":1.0,"enemies":"3 Louse","floor":13.0,"turns":3.0},{"damage":0.0,"enemies":"Gremlin Nob","floor":14.0,"turns":3.0},{"damage":24.0,"enemies":"Hexaghost","floor":16.0,"turns":10.0},{"damage":0.0,"enemies":"Spheric Guardian","floor":18.0,"turns":3.0},{"damage":0.0,"enemies":"3 Byrds","floor":20.0,"turns":3.0},{"damage":0.0,"enemies":"Cultist and Chosen","floor":21.0,"turns":7.0},{"damage":7.0,"enemies":"Snake Plant","floor":22.0,"turns":6.0},{"damage":11.0,"enemies":"Gremlin Leader","floor":23.0,"turns":5.0},{"damage":9.0,"enemies":"Shelled Parasite and Fungi","floor":24.0,"turns":9.0},{"damage":19.0,"enemies":"Slavers","floor":25.0,"turns":8.0},{"damage":21.0,"enemies":"Snecko","floor":28.0,"turns":5.0},{"damage":10.0,"enemies":"Chosen and Byrds","floor":29.0,"turns":5.0},{"damage":3.0,"enemies":"Gremlin Leader","floor":31.0,"turns":5.0},{"damage":43.0,"enemies":"Champ","floor":33.0,"turns":15.0},{"damage":0.0,"enemies":"3 Darklings","floor":35.0,"turns":4.0},{"damage":0.0,"enemies":"3 Shapes","floor":37.0,"turns":3.0},{"damage":11.0,"enemies":"Jaw Worm Horde","floor":38.0,"turns":2.0},{"damage":2.0,"enemies":"Spire Growth","floor":39.0,"turns":5.0},{"damage":7.0,"enemies":"Reptomancer","floor":40.0,"turns":6.0},{"damage":11,"enemies":"4 Shapes","floor":44,"turns":2},{"damage":0,"enemies":"Jaw Worm Horde","floor":45,"turns":2},{"damage":0,"enemies":"Giant Head","floor":46,"turns":15},{"damage":1,"enemies":"Donu and Deca","floor":50,"turns":7}],"seed_played":"2121940453515778826","potions_obtained":[{"floor":0.0,"key":"Dexterity Potion"},{"floor":0.0,"key":"Weak Potion"},{"floor":0.0,"key":"GamblersBrew"},{"floor":6.0,"key":"PotionOfCapacity"},{"floor":10.0,"key":"SpeedPotion"},{"floor":12.0,"key":"DistilledChaos"},{"floor":14.0,"key":"SkillPotion"},{"floor":16.0,"key":"SkillPotion"},{"floor":18.0,"key":"EssenceOfSteel"},{"floor":20.0,"key":"PotionOfCapacity"},{"floor":21.0,"key":"Energy Potion"},{"floor":22.0,"key":"Dexterity Potion"},{"floor":23.0,"key":"ColorlessPotion"},{"floor":24.0,"key":"LiquidMemories"},{"floor":25.0,"key":"SteroidPotion"},{"floor":28.0,"key":"FearPotion"},{"floor":29.0,"key":"Weak Potion"},{"floor":31.0,"key":"AttackPotion"},{"floor":33.0,"key":"Weak Potion"},{"floor":35.0,"key":"AttackPotion"},{"floor":37.0,"key":"Regen Potion"},{"floor":38.0,"key":"DuplicationPotion"},{"floor":39.0,"key":"PotionOfCapacity"},{"floor":40.0,"key":"CultistPotion"},{"floor":44,"key":"PotionOfCapacity"},{"floor":45,"key":"SteroidPotion"},{"floor":46,"key":"BlessingOfTheForge"}],"is_trial":false,"path_per_floor":["M","M","M","?","?","E","R","$","T","M","R","M","M","E","R","B",null,"M","?","M","M","M","E","M","E","T","R","M","M","$","E","R","B",null,"M","?","M","M","M","E","R","$","T","M","M","E","R","?","R","B",null],"character_chosen":"DEFECT","items_purchased":["Oddly Smooth Stone","Fission","Potion Belt","SkillPotion","ColorlessPotion","Lee\u0027s Waffle","Coolheaded","FTL"],"campfire_rested":3,"item_purchase_floors":[8,8,30,30,30,42,42,42],"current_hp_per_floor":[64,57,57,46,31,26,26,26,26,21,21,23,22,24,47,33,68,68,68,73,73,68,64,57,55,55,55,36,28,28,37,64,31,78,80,80,82,78,81,79,79,106,106,97,99,104,104,104,104,103],"gold":82,"neow_bonus":"THREE_SMALL_POTIONS","is_daily":false,"chose_seed":false,"campfire_upgraded":5,"win_rate":0.0,"timestamp":1608026615,"path_taken":["M","M","M","?","?","E","R","$","T","M","R","M","M","E","R","BOSS","M","?","M","M","M","E","?","E","T","R","M","M","$","E","R","BOSS","M","?","?","M","M","E","R","$","T","M","M","E","R","?","R","BOSS"],"items_purchased_type":["Relic","Card","Relic","Potion","Potion","Relic","Card","Card"],"build_version":"2020-12-13","purchased_purges":1,"victory":true,"max_hp_per_floor":[75,75,75,75,75,75,75,75,75,75,75,77,77,79,79,79,79,79,79,79,79,81,83,85,87,87,87,89,91,91,93,93,93,93,95,95,97,99,99,99,99,106,106,108,110,110,110,110,110,110],"relic_stats":{"Lee\u0027s Waffle":27,"Mark of the Bloom":53,"Inserter":[58],"Singing Bowl":28,"Torii":1,"counters":[29,156],"Pen Nib":[2],"Letter Opener":[332],"Cursed Key":1,"Centennial Puzzle":[27],"Ornamental Fan":[8],"obtain_stats":[{"Potion Belt":30,"Lee\u0027s Waffle":42,"Mark of the Bloom":48,"Inserter":17,"Singing Bowl":9,"Torii":43,"Oddly Smooth Stone":8,"Pen Nib":40,"Letter Opener":23,"Bottled Tornado":31,"Cursed Key":34,"White Beast Statue":6,"Centennial Puzzle":25,"Ornamental Fan":26,"Cracked Core":0,"StrikeDummy":46,"Toy Ornithopter":14},{"Potion Belt":18,"Lee\u0027s Waffle":25,"Mark of the Bloom":28,"Inserter":9,"Singing Bowl":4,"Torii":25,"Oddly Smooth Stone":4,"Pen Nib":25,"Letter Opener":14,"Bottled Tornado":19,"Cursed Key":20,"White Beast Statue":4,"Centennial Puzzle":16,"Ornamental Fan":16,"Cracked Core":0,"StrikeDummy":28,"Toy Ornithopter":8},{"Potion Belt":90,"Lee\u0027s Waffle":130,"Mark of the Bloom":149,"Inserter":39,"Singing Bowl":16,"Torii":130,"Oddly Smooth Stone":16,"Pen Nib":130,"Letter Opener":63,"Bottled Tornado":95,"Cursed Key":110,"White Beast Statue":16,"Centennial Puzzle":80,"Ornamental Fan":80,"Cracked Core":0,"StrikeDummy":149,"Toy Ornithopter":29}],"Toy Ornithopter":75},"card_choices":[{"not_picked":["Leap","Sweeping Beam"],"picked":"Melter","floor":1.0},{"not_picked":["Stack","Rebound"],"picked":"Consume","floor":2.0},{"not_picked":["Compile Driver","FTL"],"picked":"Auto Shields","floor":3.0},{"not_picked":["Stack","Beam Cell"],"picked":"Conserve Battery","floor":6.0},{"not_picked":["Barrage","Compile Driver"],"picked":"Chill","floor":10.0},{"not_picked":["Skim","Gash","Beam Cell"],"picked":"Singing Bowl","floor":12.0},{"not_picked":["Coolheaded","Stack"],"picked":"Electrodynamics","floor":13.0},{"not_picked":["Compile Driver","Rebound","Consume"],"picked":"Singing Bowl","floor":14.0},{"not_picked":["Fission","Seek"],"picked":"Reboot","floor":16.0},{"not_picked":["Barrage","Conserve Battery"],"picked":"Glacier","floor":18.0},{"not_picked":["Coolheaded","Stack"],"picked":"Undo","floor":20.0},{"not_picked":["Sunder","Beam Cell"],"picked":"Hologram+1","floor":21.0},{"not_picked":["Rip and Tear","Barrage","Leap"],"picked":"Singing Bowl","floor":22.0},{"not_picked":["Blizzard","Hologram","Biased Cognition"],"picked":"Singing Bowl","floor":23.0},{"not_picked":["Streamline","Compile Driver","Fusion"],"picked":"Singing Bowl","floor":24.0},{"not_picked":["Force Field","Leap+1","Sunder"],"picked":"Singing Bowl","floor":25.0},{"not_picked":["Static Discharge+1","Genetic Algorithm","Conserve Battery"],"picked":"Singing Bowl","floor":28.0},{"not_picked":["Go for the Eyes","Barrage","Cold Snap"],"picked":"Singing Bowl","floor":29.0},{"not_picked":["Stack","Melter","Cold Snap"],"picked":"Singing Bowl","floor":31.0},{"not_picked":["Biased Cognition","Reboot"],"picked":"Echo Form","floor":33.0},{"not_picked":["Redo","Hello World","Static Discharge"],"picked":"Singing Bowl","floor":35.0},{"not_picked":["Conserve Battery","Gash","Cold Snap"],"picked":"Singing Bowl","floor":37.0},{"not_picked":["Stack","Gash","Recycle"],"picked":"Singing Bowl","floor":38.0},{"not_picked":["Hologram+1","Reinforced Body"],"picked":"Conserve Battery+1","floor":39.0},{"not_picked":["Static Discharge+1","Chaos"],"picked":"Defragment+1","floor":40.0},{"not_picked":["Rip and Tear","Sunder","Chill+1"],"picked":"Singing Bowl","floor":44},{"not_picked":["Compile Driver+1","Force Field","FTL+1"],"picked":"Singing Bowl","floor":45},{"not_picked":["Cold Snap+1","Rebound+1"],"picked":"Tempest","floor":46}],"player_experience":414933,"relics_obtained":[{"floor":6.0,"key":"White Beast Statue"},{"floor":9.0,"key":"Singing Bowl"},{"floor":14.0,"key":"Toy Ornithopter"},{"floor":23.0,"key":"Letter Opener"},{"floor":25.0,"key":"Centennial Puzzle"},{"floor":26.0,"key":"Ornamental Fan"},{"floor":31.0,"key":"Bottled Tornado"},{"floor":40.0,"key":"Pen Nib"},{"floor":43.0,"key":"Torii"},{"floor":46,"key":"StrikeDummy"}],"event_choices":[{"damage_healed":0.0,"max_hp_gain":0.0,"max_hp_loss":0.0,"gold_gain":75.0,"event_name":"World of Goop","player_choice":"Gather Gold","floor":4.0,"gold_loss":0.0,"damage_taken":11.0},{"damage_healed":0.0,"max_hp_gain":0.0,"max_hp_loss":0.0,"gold_gain":0.0,"event_name":"Shining Light","player_choice":"Entered Light","floor":5.0,"gold_loss":0.0,"damage_taken":15.0,"cards_upgraded":["Defend_B","Strike_B"]},{"damage_healed":0.0,"max_hp_gain":0.0,"max_hp_loss":0.0,"gold_gain":0.0,"cards_transformed":["Strike_B"],"event_name":"Transmorgrifier","player_choice":"Transformed","floor":19.0,"gold_loss":0.0,"damage_taken":0.0,"cards_obtained":["Electrodynamics"]},{"damage_healed":0.0,"max_hp_gain":0.0,"max_hp_loss":0.0,"gold_gain":0.0,"event_name":"Accursed Blacksmith","player_choice":"Forge","floor":36.0,"gold_loss":0.0,"damage_taken":0.0,"cards_upgraded":["Electrodynamics"]},{"damage_healed":0,"gold_gain":0,"player_choice":"Upgrade","damage_taken":0,"relics_obtained":["Mark of the Bloom"],"max_hp_gain":0,"max_hp_loss":0,"event_name":"MindBloom","floor":48,"gold_loss":0,"cards_upgraded":["Strike_B","Defend_B","Defend_B","Defend_B","Dualcast","Melter","Auto Shields","Conserve Battery","Chill","Reboot","Glacier","Undo","Echo Form","Coolheaded","FTL"]}],"is_beta":false,"boss_relics":[{"not_picked":["Snecko Eye","Tiny House"],"picked":"Inserter"},{"not_picked":["SlaversCollar","Runic Dome"],"picked":"Cursed Key"}],"items_purged_floors":[30],"is_endless":false,"potions_floor_spawned":[6,10,12,13,14,16,18,20,21,22,23,24,25,28,29,31,33,35,37,38,39,40,44,45,46],"ascension_level":10}}