{"host":"qvhy3c6mwu5ha9zk","time":1608040469,"event":{"mods":["2.2 Compatiblity","AchievementEnabler","BaseMod","Colored Powertips","Highlight Path","Minty Spire (QoL Compilation)","Rare Cards Sparkle","StSLib","The Cursed","The Disciple"],"gold_per_floor":[117,117,117,117,82,114,42,56,56,67,67,97,97,111,111,206,206,218,218,233,3,3,3,23,23,23,42,42,61,61,93,93,93,93],"floor_reached":33,"playtime":1513,"items_purged":["Strike_G"],"score":423,"play_id":"5de09570-9c68-477a-954f-2a8200418b80","local_time":"20201215055429","is_ascension_mode":true,"campfire_choices":[{"data":"Noxious Fumes","floor":11,"key":"SMITH"},{"data":"Dodge and Roll","floor":13,"key":"SMITH"},{"data":"Flying Knee","floor":15,"key":"SMITH"},{"data":"Bane","floor":23,"key":"SMITH"},{"data":"Ghostly","floor":25,"key":"SMITH"},{"data":"Leg Sweep","floor":28,"key":"SMITH"},{"data":"Ghostly","floor":30,"key":"SMITH"},{"data":"Survivor","floor":32,"key":"SMITH"}],"circlet_count":0,"master_deck":["Defend_G","Defend_G+1","Defend_G","Defend_G","Defend_G","Survivor+1","Neutralize+1","Noxious Fumes+1","Flying Knee+1","Dodge and Roll+1","Corpse Explosion","Bane+1","Ghostly+1","Ghostly+1","Ghostly","Ghostly","Ghostly","Noxious Fumes+1","Bite","Bite","Bite","Bite","Bite","Leg Sweep+1","Backflip+1"],"relics":["Ring of the Snake","NeowsBlessing","Mango","PreservedInsect","CaptainsWheel","Black Star","DollysMirror","Bag of Marbles","Boot","Blue Candle"],"acts_visited":["Exordium","TheCity"],"potions_floor_usage":[12,16,16,18,29,33,33],"damage_taken":[{"damage":0,"enemies":"2 Louse","floor":1,"turns":1},{"damage":0,"enemies":"Lagavulin","floor":6,"turns":1},{"damage":0,"enemies":"Jaw Worm","floor":8,"turns":1},{"damage":0,"enemies":"Small Slimes","floor":10,"turns":3},{"damage":10,"enemies":"3 Sentries","floor":12,"turns":5},{"damage":0,"enemies":"2 Fungi Beasts","floor":14,"turns":4},{"damage":18,"enemies":"Hexaghost","floor":16,"turns":11},{"damage":10,"enemies":"2 Thieves","floor":18,"turns":3},{"damage":0,"enemies":"Spheric Guardian","floor":20,"turns":7},{"damage":3,"enemies":"Snake Plant","floor":24,"turns":6},{"damage":3,"enemies":"Shelled Parasite and Fungi","floor":27,"turns":7},{"damage":10,"enemies":"Cultist and Chosen","floor":29,"turns":9},{"damage":6,"enemies":"Gremlin Leader","floor":31,"turns":7},{"damage":51,"enemies":"Champ","floor":33,"turns":14}],"seed_played":"4515126202168718132","potions_obtained":[{"floor":6,"key":"AttackPotion"},{"floor":8,"key":"Weak Potion"},{"floor":12,"key":"Block Potion"},{"floor":16,"key":"SneckoOil"},{"floor":18,"key":"GhostInAJar"},{"floor":20,"key":"Poison Potion"},{"floor":29,"key":"SpeedPotion"}],"is_trial":false,"path_per_floor":["M","?","?","?","?","E","$","M","T","M","R","E","R","M","R","B",null,"M","?","M","$","?","R","M","R","T","M","R","M","R","E","R","B"],"character_chosen":"THE_SILENT","items_purchased":["Noxious Fumes","DollysMirror"],"campfire_rested":0,"item_purchase_floors":[7,21],"current_hp_per_floor":[70,75,75,60,75,89,89,89,89,89,89,79,79,79,79,61,82,72,44,44,44,30,30,29,29,29,30,30,27,27,30,30,0,0],"gold":93,"neow_bonus":"THREE_ENEMY_KILL","is_daily":false,"chose_seed":false,"campfire_upgraded":8,"win_rate":0.0,"timestamp":1608040469,"path_taken":["M","?","?","?","?","E","$","?","T","M","R","E","R","M","R","BOSS","M","?","M","$","?","R","M","R","T","?","R","M","R","E","R","BOSS"],"items_purchased_type":["Card","Relic"],"build_version":"2020-12-13","purchased_purges":1,"victory":false,"max_hp_per_floor":[70,75,75,75,75,89,89,89,89,89,89,89,89,89,89,89,89,89,44,44,44,30,30,30,30,30,30,30,30,30,30,30,30,30],"card_choices":[{"not_picked":["Bane","Acrobatics","Dodge and Roll"],"picked":"SKIP","floor":1},{"not_picked":["Prepared","Tools of the Trade","Flechettes"],"picked":"SKIP","floor":6},{"not_picked":["Cloak And Dagger","Calculated Gamble"],"picked":"Flying Knee","floor":8},{"not_picked":["Endless Agony","Dagger Throw","Bane"],"picked":"SKIP","floor":10},{"not_picked":["Prepared","PiercingWail"],"picked":"Dodge and Roll","floor":12},{"not_picked":["Deadly Poison","Calculated Gamble","Cloak And Dagger"],"picked":"SKIP","floor":14},{"not_picked":["Phantasmal Killer","Night Terror"],"picked":"Corpse Explosion","floor":16},{"not_picked":["Outmaneuver","Masterful Stab"],"picked":"Bane","floor":18},{"not_picked":["Cloak And Dagger","Dagger Throw","Outmaneuver"],"picked":"SKIP","floor":20},{"not_picked":["Dagger Throw","Deadly Poison","Sucker Punch"],"picked":"SKIP","floor":24},{"not_picked":["Corpse Explosion","Acrobatics"],"picked":"Leg Sweep","floor":27},{"not_picked":["Heel Hook","Deflect"],"picked":"Backflip+1","floor":29},{"not_picked":["Corpse Explosion","Riddle With Holes","Blade Dance"],"picked":"SKIP","floor":31}],"player_experience":356278,"relics_obtained":[{"floor":6,"key":"Mango"},{"floor":9,"key":"PreservedInsect"},{"floor":12,"key":"CaptainsWheel"},{"floor":26,"key":"Bag of Marbles"},{"floor":31,"key":"Boot"},{"floor":31,"key":"Blue Candle"}],"event_choices":[{"damage_healed":0,"gold_gain":0,"player_choice":"Donut","damage_taken":0,"max_hp_gain":5,"max_hp_loss":0,"event_name":"Big Fish","floor":2,"gold_loss":0},{"damage_healed":0,"gold_gain":0,"player_choice":"Grow","damage_taken":0,"max_hp_gain":0,"max_hp_loss":0,"event_name":"Living Wall","floor":3,"gold_loss":0,"cards_upgraded":["Neutralize"]},{"damage_healed":0,"gold_gain":0,"player_choice":"Entered Light","damage_taken":15,"max_hp_gain":0,"max_hp_loss":0,"event_name":"Shining Light","floor":4,"gold_loss":0,"cards_upgraded":["Defend_G","Strike_G"]},{"damage_healed":18,"gold_gain":0,"player_choice":"Healed","damage_taken":0,"max_hp_gain":0,"max_hp_loss":0,"event_name":"The Cleric","floor":5,"gold_loss":35},{"damage_healed":0,"gold_gain":0,"player_choice":"Became a Ghost","damage_taken":0,"max_hp_gain":0,"max_hp_loss":45,"event_name":"Ghosts","floor":19,"gold_loss":0,"cards_obtained":["Ghostly","Ghostly","Ghostly","Ghostly","Ghostly"]},{"damage_healed":0,"gold_gain":0,"player_choice":"Became a vampire","damage_taken":0,"max_hp_gain":0,"max_hp_loss":14,"event_name":"Vampires","floor":22,"gold_loss":0,"cards_obtained":["Bite","Bite","Bite","Bite","Bite"]}],"is_beta":false,"boss_relics":[{"not_picked":["Fusion Hammer","HoveringKite"],"picked":"Black Star"}],"items_purged_floors":[21],"is_endless":false,"potions_floor_spawned":[6,8,12,16,18,20,29],"killed_by":"Champ","ascension_level":5}}