{"host":"q5vpntglr38zhb0c","time":1608043800,"event":{"mods":["BaseMod","Colored Map","DeckTracker","Keyboard Shortcuts","Minty Spire (QoL Compilation)","Permanent Neow","StSLib","SuperFastMode","everything is the same but u backflip on backflip"],"gold_per_floor":[110,185,201,201,214,214,239,249,272,288,288,316,333,32,32,106,106,123,23,23,23,35,35,69,119,195,211,225,225,225,257,257,257,257],"floor_reached":33,"playtime":1103,"items_purged":["Strike_R","Strike_R"],"score":740,"play_id":"c7ada785-20dc-4d92-84d8-ac13143a5e53","local_time":"20201215235000","is_ascension_mode":true,"campfire_choices":[{"floor":6.0,"key":"REST"},{"data":"Body Slam","floor":15.0,"key":"SMITH"},{"data":"Seeing Red","floor":23.0,"key":"SMITH"},{"floor":29.0,"key":"REST"},{"floor":32.0,"key":"REST"}],"circlet_count":0,"master_deck":["AscendersBane","Strike_R","Strike_R","Strike_R","Defend_R","Defend_R","Defend_R","Defend_R","Bash","Warcry","True Grit","Intimidate","Impervious","Shrug It Off","Ghostly Armor","Body Slam+1","Warcry","Immolate","Seeing Red+1","Reckless Charge","Seeing Red","Carnage"],"relics":["Burning Blood","Dead Branch","MealTicket","Oddly Smooth Stone","Pen Nib","Happy Flower","Medical Kit","Runic Pyramid","Smiling Mask","Toxic Egg 2","NlothsMask","Pantograph"],"acts_visited":["Exordium","TheCity"],"potions_floor_usage":[],"damage_taken":[{"damage":4.0,"enemies":"Small Slimes","floor":1.0,"turns":4.0},{"damage":1.0,"enemies":"2 Louse","floor":3.0,"turns":3.0},{"damage":1.0,"enemies":"Cultist","floor":5.0,"turns":4.0},{"damage":3.0,"enemies":"3 Sentries","floor":7.0,"turns":7.0},{"damage":8.0,"enemies":"Looter","floor":8.0,"turns":5.0},{"damage":0.0,"enemies":"3 Louse","floor":10.0,"turns":4.0},{"damage":1.0,"enemies":"Gremlin Nob","floor":12.0,"turns":4.0},{"damage":9.0,"enemies":"Red Slaver","floor":13.0,"turns":2.0},{"damage":0.0,"enemies":"Slime Boss","floor":16.0,"turns":10.0},{"damage":13.0,"enemies":"2 Thieves","floor":18.0,"turns":5.0},{"damage":11.0,"enemies":"3 Byrds","floor":22.0,"turns":7.0},{"damage":44.0,"enemies":"Gremlin Leader","floor":24.0,"turns":9.0},{"damage":23.0,"enemies":"Shelled Parasite and Fungi","floor":27.0,"turns":5.0},{"damage":2.0,"enemies":"Snecko","floor":28.0,"turns":3.0},{"damage":0.0,"enemies":"Slavers","floor":31.0,"turns":2.0},{"damage":72,"enemies":"Automaton","floor":33,"turns":8}],"seed_played":"-2711689372354040326","potions_obtained":[{"floor":3.0,"key":"FearPotion"},{"floor":5.0,"key":"AttackPotion"},{"floor":10.0,"key":"DistilledChaos"},{"floor":11.0,"key":"Fire Potion"},{"floor":12.0,"key":"AttackPotion"},{"floor":18.0,"key":"AttackPotion"},{"floor":27.0,"key":"ColorlessPotion"}],"is_trial":false,"path_per_floor":["M","?","M","?","M","R","E","M","T","M","?","E","M","$","R","B",null,"M","$","?","?","M","R","E","?","T","M","M","R","?","E","R","B"],"character_chosen":"IRONCLAD","items_purchased":["Medical Kit","Warcry"],"campfire_rested":3,"item_purchase_floors":[14,14],"current_hp_per_floor":[68,57,62,36,41,61,64,62,62,68,68,68,65,68,68,68,68,61,68,68,68,63,63,25,25,25,8,12,32,32,38,58,0,0],"gold":257,"neow_bonus":"ONE_RARE_RELIC","is_daily":false,"chose_seed":false,"campfire_upgraded":2,"win_rate":0.0,"timestamp":1608043800,"path_taken":["M","?","M","?","M","R","E","M","T","M","?","E","M","$","R","BOSS","M","$","?","?","M","R","E","?","T","M","M","R","?","E","R","BOSS"],"items_purchased_type":["Relic","Card"],"build_version":"2020-12-13","purchased_purges":2,"victory":false,"max_hp_per_floor":[68,68,68,68,68,68,68,68,68,68,68,68,68,68,68,68,68,68,68,68,68,68,68,68,68,68,68,68,68,68,68,68,68,68],"card_choices":[{"not_picked":["True Grit","Uppercut"],"picked":"Warcry","floor":1.0},{"not_picked":["Clash","Battle Trance"],"picked":"True Grit","floor":3.0},{"not_picked":["Clash","Iron Wave"],"picked":"Intimidate","floor":5.0},{"not_picked":["Wild Strike","Armaments"],"picked":"Impervious","floor":7.0},{"not_picked":["Headbutt","Clash","Armaments"],"picked":"SKIP","floor":8.0},{"not_picked":["Sword Boomerang","Headbutt"],"picked":"Shrug It Off","floor":10.0},{"not_picked":["Body Slam","Iron Wave"],"picked":"Ghostly Armor","floor":12.0},{"not_picked":["Pommel Strike","Heavy Blade"],"picked":"Body Slam","floor":13.0},{"not_picked":["Demon Form","Berserk"],"picked":"Immolate","floor":16.0},{"not_picked":["Iron Wave","True Grit"],"picked":"Seeing Red","floor":18.0},{"not_picked":["Sword Boomerang","Metallicize"],"picked":"Reckless Charge","floor":22.0},{"not_picked":["Flex","Whirlwind"],"picked":"Seeing Red","floor":24.0},{"not_picked":["Dropkick","Sever Soul+1"],"picked":"Carnage","floor":27.0},{"not_picked":["Thunderclap+1","Flame Barrier+1","Feed"],"picked":"SKIP","floor":28.0},{"not_picked":["Blood for Blood","Dropkick","Limit Break+1"],"picked":"SKIP","floor":31.0}],"player_experience":1291445,"relics_obtained":[{"floor":7.0,"key":"Oddly Smooth Stone"},{"floor":9.0,"key":"Pen Nib"},{"floor":12.0,"key":"Happy Flower"},{"floor":24.0,"key":"Smiling Mask"},{"floor":26.0,"key":"Toxic Egg 2"},{"floor":31.0,"key":"Pantograph"}],"event_choices":[{"damage_healed":0.0,"max_hp_gain":0.0,"max_hp_loss":0.0,"gold_gain":75.0,"event_name":"World of Goop","player_choice":"Gather Gold","floor":2.0,"gold_loss":0.0,"damage_taken":11.0},{"damage_healed":0.0,"max_hp_gain":0.0,"max_hp_loss":0.0,"gold_gain":0.0,"event_name":"Scrap Ooze","player_choice":"Success","floor":4.0,"gold_loss":0.0,"damage_taken":26.0,"relics_obtained":["MealTicket"]},{"damage_healed":0.0,"max_hp_gain":0.0,"max_hp_loss":0.0,"gold_gain":0.0,"event_name":"Lab","player_choice":"Got Potions","floor":11.0,"gold_loss":0.0,"damage_taken":0.0},{"damage_healed":0.0,"max_hp_gain":0.0,"max_hp_loss":0.0,"gold_gain":0.0,"event_name":"Ghosts","player_choice":"Ignored","floor":20.0,"gold_loss":0.0,"damage_taken":0.0},{"damage_healed":0.0,"max_hp_gain":0.0,"max_hp_loss":0.0,"gold_gain":0.0,"event_name":"The Mausoleum","player_choice":"Ignored","floor":21.0,"gold_loss":0.0,"damage_taken":0.0},{"damage_healed":0.0,"max_hp_gain":0.0,"max_hp_loss":0.0,"gold_gain":50.0,"event_name":"Nest","player_choice":"Stole From Cult","floor":25.0,"gold_loss":0.0,"damage_taken":0.0},{"damage_healed":0.0,"max_hp_gain":0.0,"max_hp_loss":0.0,"gold_gain":0.0,"event_name":"FaceTrader","player_choice":"Trade","floor":30.0,"gold_loss":0.0,"damage_taken":0.0,"relics_obtained":["NlothsMask"]}],"is_beta":false,"boss_relics":[{"not_picked":["Ectoplasm","SacredBark"],"picked":"Runic Pyramid"}],"items_purged_floors":[14,19],"is_endless":false,"potions_floor_spawned":[3,5,10,12,18,27],"killed_by":"Automaton","ascension_level":20}}