{"host":"2h34w377mcmn31br","time":1608071913,"event":{"mods":["Act Like it!","AlwaysNeverKeys","BaseMod","Better Third Choice","BetterRewards","Colored Map","Minty Spire (QoL Compilation)","StSLib"],"gold_per_floor":[115,65,65,65,884,911,924,957,957,127,141,141,167,185,185,283,283,283,283,268,268,3333,3333,3333,3333,3333,3333,3333,2936,2936,2936,2936,2936,2936,2936,2936,2936,2529,2529,2529,2529,2529,2529,2529,2529,2529,2529,2529,2529,2529,2529,2529,2080,2080,2080],"floor_reached":56,"playtime":2541,"items_purged":["Defend_P","Strike_P","Defend_P","Defend_P","ClearTheMind+1","Strike_P"],"score":1690,"play_id":"a5fb403f-bcac-43e7-b82e-54dd4a868714","local_time":"20201215143833","is_ascension_mode":true,"campfire_choices":[{"data":"Panache","floor":12.0,"key":"SMITH"},{"floor":15.0,"key":"REST"},{"data":"Tantrum","floor":23,"key":"SMITH"},{"data":"Eruption","floor":30,"key":"SMITH"},{"data":"FlurryOfBlows","floor":32,"key":"SMITH"},{"data":"FlurryOfBlows","floor":45,"key":"SMITH"},{"floor":49,"key":"REST"},{"data":"Strike_P","floor":52,"key":"SMITH"}],"circlet_count":0,"master_deck":["Strike_P+1","Strike_P+1","Eruption+1","Vigilance+1","Panache+1","FlurryOfBlows+1","FlurryOfBlows+1","Tantrum+1","DeusExMachina+1","FollowUp+1","LikeWater+1","Ragnarok+1","Ghostly+1","Ghostly+1","Ghostly+1","Ghostly+1","Ghostly+1","Judgement+1","SignatureMove+1","LessonLearned+1","BattleHymn+1"],"relics":["SlaversCollar","Yang","Mercury Hourglass","Ancient Tea Set","Potion Belt","Tiny Chest","Singing Bowl","Toxic Egg 2","Du-Vu Doll","Toolbox","Bottled Tornado","Blood Vial","Ectoplasm","Red Mask","Molten Egg 2","Mango","Membership Card","StoneCalendar","HornCleat","Chemical X","Incense Burner","Pen Nib","VioletLotus","TheAbacus","Art of War","Bird Faced Urn","Whetstone","WingedGreaves","Damaru","Ornamental Fan","War Paint","Lantern","Lizard Tail","Dream Catcher","Medical Kit","Bag of Marbles","Sundial","Torii"],"acts_visited":["Exordium","TheCity","TheBeyond","TheEnding"],"potions_floor_usage":[27,33,36,41,50,53,54,55,55,55,55],"damage_taken":[{"damage":3.0,"enemies":"2 Louse","floor":1.0,"turns":2.0},{"damage":8.0,"enemies":"Gremlin Nob","floor":6.0,"turns":3.0},{"damage":0.0,"enemies":"Small Slimes","floor":7.0,"turns":2.0},{"damage":10.0,"enemies":"3 Sentries","floor":8.0,"turns":3.0},{"damage":3.0,"enemies":"Jaw Worm","floor":11.0,"turns":2.0},{"damage":0.0,"enemies":"Lagavulin","floor":13.0,"turns":2.0},{"damage":13.0,"enemies":"Exordium Thugs","floor":14.0,"turns":2.0},{"damage":45.0,"enemies":"The Guardian","floor":16.0,"turns":4.0},{"damage":7.0,"enemies":"Chosen","floor":18.0,"turns":3.0},{"damage":0.0,"enemies":"Masked Bandits","floor":19.0,"turns":2.0},{"damage":16.0,"enemies":"2 Thieves","floor":20.0,"turns":2.0},{"damage":0.0,"enemies":"Sentry and Sphere","floor":21.0,"turns":3.0},{"damage":11,"enemies":"Slavers","floor":24,"turns":2},{"damage":8,"enemies":"Centurion and Healer","floor":27,"turns":3},{"damage":3,"enemies":"Snake Plant","floor":28,"turns":3},{"damage":0,"enemies":"Snecko","floor":31,"turns":3},{"damage":0,"enemies":"Collector","floor":33,"turns":4},{"damage":1,"enemies":"3 Shapes","floor":35,"turns":2},{"damage":0,"enemies":"3 Darklings","floor":36,"turns":2},{"damage":0,"enemies":"Reptomancer","floor":41,"turns":3},{"damage":4,"enemies":"Nemesis","floor":42,"turns":5},{"damage":0,"enemies":"Giant Head","floor":44,"turns":7},{"damage":20,"enemies":"2 Orb Walkers","floor":46,"turns":2},{"damage":0,"enemies":"Maw","floor":48,"turns":4},{"damage":35,"enemies":"Time Eater","floor":50,"turns":6},{"damage":2,"enemies":"Shield and Spear","floor":54,"turns":4},{"damage":24,"enemies":"The Heart","floor":55,"turns":7}],"seed_played":"7906456656400218556","potions_obtained":[{"floor":6.0,"key":"CultistPotion"},{"floor":11.0,"key":"SkillPotion"},{"floor":14.0,"key":"EntropicBrew"},{"floor":20.0,"key":"Ancient Potion"},{"floor":21.0,"key":"Ambrosia"},{"floor":33,"key":"DistilledChaos"},{"floor":35,"key":"Strength Potion"},{"floor":41,"key":"CultistPotion"},{"floor":54,"key":"Fire Potion"}],"is_trial":false,"path_per_floor":["M","?","?","T","$","E","M","E","T","$","M","R","E","M","R","B",null,"M","?","M","M","$","R","E","?","T","M","M","$","R","M","R","B",null,"M","M","?","$","T","T","E","E","T","E","R","?","T","M","R","B",null,"R","$","E","B",null],"character_chosen":"WATCHER","items_purchased":["Dexterity Potion","Ancient Tea Set","Potion Belt","Panache","Energy Potion","Du-Vu Doll","Toolbox","ClearTheMind+1","Bottled Tornado","Molten Egg 2","Mango","Membership Card","LikeWater","Ragnarok+1","Chemical X","Incense Burner","Pen Nib","Strength Potion","TheAbacus","Art of War","Bird Faced Urn","SkillPotion","Medical Kit","Bag of Marbles","Sundial","Fruit Juice","Dexterity Potion"],"campfire_rested":2,"item_purchase_floors":[5,5,5,5,5,10,10,10,10,22,22,22,22,22,29,29,29,29,38,38,38,38,53,53,53,53,53],"current_hp_per_floor":[69,69,66,66,66,58,58,50,50,50,47,47,49,40,63,20,78,73,75,63,67,81,81,74,50,50,44,43,43,43,45,45,47,52,53,56,56,56,56,56,58,58,58,60,60,42,42,52,66,33,66,66,71,71,51],"gold":2080,"neow_bonus":"BOSS_RELIC","is_daily":false,"chose_seed":false,"campfire_upgraded":6,"win_rate":0.0,"timestamp":1608071913,"path_taken":["M","?","?","?","$","E","M","E","T","$","M","R","E","M","R","BOSS","M","?","M","M","$","R","E","?","T","M","M","$","R","M","R","BOSS","M","M","?","$","?","?","E","E","T","E","R","?","?","M","R","BOSS","R","$","E","BOSS"],"items_purchased_type":["Potion","Relic","Relic","Card","Potion","Relic","Relic","Card","Relic","Relic","Relic","Relic","Card","Card","Relic","Relic","Relic","Potion","Relic","Relic","Relic","Potion","Relic","Relic","Relic","Potion","Potion"],"build_version":"2020-12-13","purchased_purges":6,"victory":true,"max_hp_per_floor":[72,72,72,72,72,72,72,74,74,74,74,74,76,78,78,78,78,80,80,82,84,98,98,100,50,50,52,52,52,52,52,52,52,52,54,56,56,56,56,56,58,60,60,60,60,62,62,64,66,66,66,66,71,73,73],"card_choices":[{"not_picked":["CrushJoints","EmptyFist","WreathOfFlame"],"picked":"SKIP","floor":1.0},{"not_picked":["Indignation","JustLucky"],"picked":"FlurryOfBlows","floor":6.0},{"not_picked":["Sanctity","ClearTheMind"],"picked":"FlurryOfBlows","floor":7.0},{"not_picked":["Prostrate","Crescendo","Collect"],"picked":"Singing Bowl","floor":8.0},{"not_picked":["Adaptation","Wish+1"],"picked":"Tantrum","floor":11.0},{"not_picked":["Prostrate+1","CrushJoints","Protect+1"],"picked":"Singing Bowl","floor":13.0},{"not_picked":["Evaluate+1","Halt+1","Collect+1"],"picked":"Singing Bowl","floor":14.0},{"not_picked":["Scrawl+1","MasterReality"],"picked":"DeusExMachina+1","floor":16.0},{"not_picked":["Perseverance+1","ClearTheMind+1","FlyingSleeves+1"],"picked":"Singing Bowl","floor":18.0},{"not_picked":["ThirdEye+1","Meditate+1"],"picked":"FollowUp","floor":19.0},{"not_picked":["Fasting2","ForeignInfluence+1","Consecrate+1"],"picked":"Singing Bowl","floor":20.0},{"not_picked":["Protect+1","Evaluate+1","CrushJoints"],"picked":"Singing Bowl","floor":21.0},{"not_picked":["ThirdEye+1","WreathOfFlame+1","Conclude+1"],"picked":"Singing Bowl","floor":24},{"not_picked":["WreathOfFlame+1","FlyingSleeves+1","ClearTheMind+1"],"picked":"Singing Bowl","floor":27},{"not_picked":["Crescendo+1","SashWhip+1"],"picked":"Judgement+1","floor":28},{"not_picked":["Protect+1","Meditate+1"],"picked":"SignatureMove+1","floor":31},{"not_picked":["Ragnarok+1","Judgement+1"],"picked":"LessonLearned+1","floor":33},{"not_picked":["DeceiveReality+1","Prostrate+1","Sanctity+1"],"picked":"Singing Bowl","floor":35},{"not_picked":["Consecrate+1","EmptyFist+1","CutThroughFate+1"],"picked":"Singing Bowl","floor":36},{"not_picked":["Wireheading+1","WheelKick+1","Fasting2+1"],"picked":"Singing Bowl","floor":41},{"not_picked":["Consecrate+1","Study+1","Crescendo+1"],"picked":"Singing Bowl","floor":42},{"not_picked":["Sanctity+1","Judgement+1"],"picked":"BattleHymn+1","floor":44},{"not_picked":["FearNoEvil+1","Prostrate+1","FlyingSleeves+1"],"picked":"Singing Bowl","floor":46},{"not_picked":["WaveOfTheHand+1","Indignation+1","ReachHeaven+1"],"picked":"Singing Bowl","floor":48},{"not_picked":["TalkToTheHand+1","Study","Conclude+1"],"picked":"Singing Bowl","floor":49},{"not_picked":["Wireheading","Devotion","ConjureBlade+1"],"picked":"Singing Bowl","floor":54}],"player_experience":179429,"relics_obtained":[{"floor":4.0,"key":"Mercury Hourglass"},{"floor":6.0,"key":"Tiny Chest"},{"floor":8.0,"key":"Singing Bowl"},{"floor":9.0,"key":"Toxic Egg 2"},{"floor":13.0,"key":"Blood Vial"},{"floor":19.0,"key":"Red Mask"},{"floor":24,"key":"StoneCalendar"},{"floor":26,"key":"HornCleat"},{"floor":39,"key":"Whetstone"},{"floor":40,"key":"WingedGreaves"},{"floor":41,"key":"Damaru"},{"floor":42,"key":"Ornamental Fan"},{"floor":43,"key":"War Paint"},{"floor":44,"key":"Lantern"},{"floor":46,"key":"Lizard Tail"},{"floor":47,"key":"Dream Catcher"},{"floor":54,"key":"Torii"}],"event_choices":[{"cards_removed":["Defend_P"],"damage_healed":0.0,"max_hp_gain":0.0,"max_hp_loss":0.0,"gold_gain":0.0,"event_name":"The Cleric","player_choice":"Card Removal","floor":2.0,"gold_loss":50.0,"damage_taken":0.0},{"damage_healed":0.0,"max_hp_gain":0.0,"max_hp_loss":0.0,"gold_gain":0.0,"event_name":"betterThird:BetterScrap","player_choice":"Relic ","floor":3.0,"gold_loss":0.0,"damage_taken":3.0,"cards_obtained":["Grand Finale"]},{"damage_healed":0.0,"max_hp_gain":0.0,"max_hp_loss":0.0,"gold_gain":0.0,"event_name":"Masked Bandits","player_choice":"Fought Bandits","floor":19.0,"gold_loss":0.0,"damage_taken":0.0},{"damage_healed":0,"gold_gain":0,"player_choice":"Became a Ghost","damage_taken":0,"max_hp_gain":0,"max_hp_loss":50,"event_name":"Ghosts","floor":25,"gold_loss":0,"cards_obtained":["Ghostly","Ghostly","Ghostly","Ghostly","Ghostly"]},{"damage_healed":0,"gold_gain":222,"player_choice":"Wore Mask","damage_taken":0,"max_hp_gain":0,"max_hp_loss":0,"event_name":"Tomb of Lord Red Mask","floor":37,"gold_loss":0},{"damage_healed":0,"gold_gain":0,"player_choice":"Fight","damage_taken":0,"max_hp_gain":0,"max_hp_loss":0,"event_name":"Mysterious Sphere","floor":46,"gold_loss":0}],"is_beta":false,"boss_relics":[{"not_picked":["Philosopher\u0027s Stone","Fusion Hammer"],"picked":"Ectoplasm"},{"not_picked":["Runic Pyramid","SacredBark"],"picked":"VioletLotus"}],"items_purged_floors":[5,10,22,29,38,53],"is_endless":false,"potions_floor_spawned":[6,8,11,14,20,21,33,35,41,46,48,54],"ascension_level":4}}