{"host":"kdxx03a4p3nl7qnm","time":1608027304,"event":{"mods":["AchievementEnabler","Act Like it!","BaseMod","Better Altar","Better Third Choice","Better Vampires","Conspire","Defuse TimeMaze Blight","Downfall","Elementarium","Hallownest","Infinite Spire","Luminous","Mimic Mod","Minty Spire (QoL Compilation)","Quick Restart","StSLib","The Alterego","The Jungle","The Kombatant","TheBandit","TheSwordswoman","TheVacant","Waifu the Spire"],"gold_per_floor":[113,113,288,298,298,326,326,326,351,351,351,370,383,418,418,519,519,532,532,550,465,478,478,488,500,524,524,524,539,539,112,112,208,208,224,274,294,309,309,309,320,336,336,346,346,346,363,55,55,55],"floor_reached":51,"playtime":3095,"items_purged":["Doubt"],"score":659,"play_id":"8a9d124f-6396-4349-ac5d-17df797222d5","local_time":"20201215041504","is_ascension_mode":false,"campfire_choices":[{"data":"alterego_mod:Palingenesis+1","floor":8,"key":"SMITH"},{"data":"alterego_mod:Palingenesis+2","floor":10,"key":"SMITH"},{"data":"alterego_mod:TrashNCrash","floor":15,"key":"SMITH"},{"data":"alterego_mod:Palingenesis+3","floor":23,"key":"SMITH"},{"floor":28,"key":"REST"},{"floor":30,"key":"REST"},{"floor":32,"key":"REST"},{"data":"alterego_mod:Palingenesis+4","floor":40,"key":"SMITH"},{"data":"alterego_mod:PainIsPleasure","floor":45,"key":"SMITH"},{"data":"alterego_mod:Clones","floor":49,"key":"SMITH"}],"circlet_count":0,"master_deck":["alterego_mod:Strike","alterego_mod:Strike","alterego_mod:Strike","alterego_mod:Strike","alterego_mod:Defend","alterego_mod:Defend","alterego_mod:Defend","alterego_mod:Defend","alterego_mod:Impale","alterego_mod:BigMeatyClaws","alterego_mod:BrynhildrsRune","alterego_mod:TrashNCrash+1","alterego_mod:Rip","alterego_mod:PerceptionDisorder","alterego_mod:1TonWallop","alterego_mod:Birthday","alterego_mod:SuperDuperMasochism","alterego_mod:Bounce","alterego_mod:Palingenesis+5","alterego_mod:Bounce","alterego_mod:DiscoLights","alterego_mod:PainIsPleasure+1","alterego_mod:BiFurious+1","alterego_mod:Rip","alterego_mod:SakuraFive","alterego_mod:Undulate","alterego_mod:PresenceConcealment","alterego_mod:Undulate","alterego_mod:Bounce","alterego_mod:Nekomimi","alterego_mod:HighServant+1","Madness","Madness","alterego_mod:Clones+1"],"relics":["Guardian:ModeShifter","NeowsBlessing","Shuriken","Letter Opener","Potion Belt","infinitespire:Cubic Diamond","conspire:TopHat","conspire:SlowCooker","Bag of Preparation","Happy Flower","MealTicket","Regal Pillow","Runic Pyramid","CaptainsWheel","Bottled Flame","infinitespire:Lucky Rock","Membership Card"],"acts_visited":["Exordium","TheCity","TheBeyond"],"potions_floor_usage":[16,16,25,33],"damage_taken":[{"damage":0,"enemies":"conspire:RoseBush","floor":1,"turns":1},{"damage":4,"enemies":"Small Slimes","floor":4,"turns":1},{"damage":0,"enemies":"Gremlin Nob","floor":6,"turns":1},{"damage":0,"enemies":"2 Louse","floor":12,"turns":3},{"damage":10,"enemies":"Looter","floor":13,"turns":3},{"damage":21,"enemies":"3 Sentries","floor":14,"turns":5},{"damage":40,"enemies":"The Guardian","floor":16,"turns":11},{"damage":17,"enemies":"Shell Parasite","floor":18,"turns":5},{"damage":26,"enemies":"Chosen","floor":20,"turns":5},{"damage":12,"enemies":"Snecko","floor":22,"turns":5},{"damage":13,"enemies":"3 Cultists","floor":24,"turns":5},{"damage":37,"enemies":"Snake Plant","floor":25,"turns":7},{"damage":37,"enemies":"Shelled Parasite and Fungi","floor":29,"turns":7},{"damage":59,"enemies":"Automaton","floor":33,"turns":9},{"damage":14,"enemies":"3 Shapes","floor":35,"turns":5},{"damage":39,"enemies":"Mind Bloom Boss Battle","floor":36,"turns":4},{"damage":10,"enemies":"Orb Walker","floor":37,"turns":5},{"damage":28,"enemies":"Jaw Worm Horde","floor":38,"turns":5},{"damage":9,"enemies":"Transient","floor":41,"turns":5},{"damage":57,"enemies":"Spire Growth","floor":42,"turns":7},{"damage":8,"enemies":"3 Darklings","floor":44,"turns":5},{"damage":13,"enemies":"Sphere and 2 Shapes","floor":47,"turns":7},{"damage":97,"enemies":"conspire:OrnateMirror","floor":50,"turns":11}],"seed_played":"-5917821132783137993","potions_obtained":[{"floor":1,"key":"AttackPotion"},{"floor":4,"key":"EssenceOfSteel"},{"floor":16,"key":"GamblersBrew"},{"floor":25,"key":"FearPotion"},{"floor":29,"key":"FairyPotion"},{"floor":35,"key":"PowerPotion"},{"floor":41,"key":"Energy Potion"},{"floor":42,"key":"AttackPotion"}],"is_trial":false,"path_per_floor":["M","?","?","M","?","E","?","R","T","R","?","M","M","E","R","B",null,"M","?","M","?","M","R","M","M","T","?","R","M","R","$","R","B",null,"M","?","M","M","?","R","M","M","T","M","R","?","M","$","R","B",null],"character_chosen":"The_Alterego","items_purchased":["alterego_mod:Undulate","alterego_mod:PresenceConcealment","Regal Pillow","Weak Potion","EssenceOfSteel","infinitespire:Lucky Rock","Membership Card"],"campfire_rested":3,"item_purchase_floors":[31,31,31,31,31,48,48],"current_hp_per_floor":[70,70,70,67,64,64,64,64,64,64,64,64,56,51,51,11,71,54,54,28,28,16,16,30,16,16,16,37,2,23,38,71,12,71,71,34,57,58,58,58,71,20,20,39,39,30,71,71,71,24],"gold":55,"neow_bonus":"THREE_ENEMY_KILL","is_daily":false,"chose_seed":false,"campfire_upgraded":7,"win_rate":0.0,"timestamp":1608027304,"path_taken":["M","?","?","M","?","E","?","R","T","R","?","M","M","E","R","BOSS","M","?","M","?","M","R","M","M","T","?","R","M","R","$","R","BOSS","M","?","M","M","?","R","M","M","T","M","R","?","?","$","R","BOSS"],"items_purchased_type":["Card","Card","Relic","Potion","Potion","Relic","Relic"],"build_version":"2020-12-13","purchased_purges":1,"victory":true,"max_hp_per_floor":[70,70,70,71,71,71,71,71,71,71,71,71,71,71,71,71,71,71,71,71,71,71,71,71,71,71,71,71,71,71,71,71,71,71,71,71,71,71,71,71,71,71,71,71,71,71,71,71,71,71],"card_choices":[{"not_picked":["alterego_mod:MagicResistance","alterego_mod:Jiggle"],"picked":"alterego_mod:TrashNCrash","floor":1},{"not_picked":["alterego_mod:GoddessCore","alterego_mod:Cooking"],"picked":"alterego_mod:Bounce","floor":4},{"not_picked":["alterego_mod:Mirror","alterego_mod:Skirt"],"picked":"alterego_mod:Palingenesis","floor":6},{"not_picked":["alterego_mod:Pet","alterego_mod:Belts"],"picked":"alterego_mod:Bounce","floor":12},{"not_picked":["alterego_mod:Pet","alterego_mod:RocketPunch","alterego_mod:Stockings"],"picked":"SKIP","floor":13},{"not_picked":["alterego_mod:MaintainEyeContact","alterego_mod:Swimsuit"],"picked":"alterego_mod:DiscoLights","floor":14},{"not_picked":["alterego_mod:Weigh","alterego_mod:RingBreak"],"picked":"alterego_mod:PainIsPleasure","floor":16},{"not_picked":["alterego_mod:Maid","alterego_mod:HighServant"],"picked":"alterego_mod:BiFurious+1","floor":18},{"not_picked":["alterego_mod:HighServant","alterego_mod:BustOut"],"picked":"alterego_mod:Rip","floor":20},{"not_picked":["alterego_mod:Complex","alterego_mod:HighServant","alterego_mod:Cycle+1"],"picked":"SKIP","floor":22},{"not_picked":["alterego_mod:Skirt","alterego_mod:BusterCard"],"picked":"alterego_mod:SakuraFive","floor":24},{"not_picked":["alterego_mod:Cycle","alterego_mod:SakuraPetals+1","alterego_mod:SakuraLabyrinth"],"picked":"SKIP","floor":25},{"not_picked":["alterego_mod:SuperDuperMasochism","alterego_mod:SakuraLabyrinth","alterego_mod:SakuraFive"],"picked":"SKIP","floor":29},{"not_picked":["alterego_mod:Cycle","alterego_mod:1TonWallop","alterego_mod:Maid"],"picked":"SKIP","floor":35},{"not_picked":["alterego_mod:Cooking","alterego_mod:PerceptionDisorder+1"],"picked":"alterego_mod:Undulate","floor":37},{"not_picked":["alterego_mod:Mirror","alterego_mod:BoobPocket"],"picked":"alterego_mod:Bounce","floor":38},{"not_picked":["alterego_mod:Swimsuit+1","alterego_mod:Maid+1","alterego_mod:Jiggle"],"picked":"SKIP","floor":41},{"not_picked":["alterego_mod:SuperDuperMasochism+1","alterego_mod:Cycle+1"],"picked":"alterego_mod:Nekomimi","floor":42},{"not_picked":["alterego_mod:MagicResistance","alterego_mod:Bunnysuit"],"picked":"alterego_mod:HighServant+1","floor":44},{"not_picked":["alterego_mod:Birthday","alterego_mod:GoddessCore+1"],"picked":"alterego_mod:Clones","floor":47}],"player_experience":59672,"relics_obtained":[{"floor":6,"key":"Letter Opener"},{"floor":9,"key":"Potion Belt"},{"floor":14,"key":"conspire:TopHat"},{"floor":26,"key":"MealTicket"},{"floor":36,"key":"CaptainsWheel"},{"floor":43,"key":"Bottled Flame"}],"event_choices":[{"damage_healed":0,"gold_gain":175,"player_choice":"AGREE","damage_taken":113,"max_hp_gain":0,"max_hp_loss":0,"event_name":"betterThird:BetterSerpent","floor":3,"gold_loss":0},{"damage_healed":0,"gold_gain":0,"player_choice":"Relic ","damage_taken":3,"max_hp_gain":0,"max_hp_loss":0,"event_name":"betterThird:BetterScrap","floor":5,"gold_loss":0,"cards_obtained":["Wallop"]},{"damage_healed":0,"gold_gain":0,"player_choice":"Opened","damage_taken":0,"relics_obtained":["Bag of Preparation"],"max_hp_gain":0,"max_hp_loss":0,"event_name":"The Mausoleum","floor":19,"gold_loss":0},{"damage_healed":0,"gold_gain":0,"player_choice":"Obtained Relic","damage_taken":0,"relics_obtained":["Happy Flower"],"max_hp_gain":0,"max_hp_loss":0,"event_name":"Addict","floor":21,"gold_loss":85},{"damage_healed":0,"gold_gain":0,"player_choice":"Fight","damage_taken":0,"max_hp_gain":0,"max_hp_loss":0,"event_name":"MindBloom","floor":36,"gold_loss":0},{"damage_healed":0,"gold_gain":0,"player_choice":"Embrace Madness","damage_taken":9,"max_hp_gain":0,"max_hp_loss":0,"event_name":"Winding Halls","floor":46,"gold_loss":0,"cards_obtained":["Madness","Madness"]}],"is_beta":false,"boss_relics":[{"not_picked":["infinitespire:Cupcake","Sozu"],"picked":"conspire:SlowCooker"},{"not_picked":["Philosopher\u0027s Stone","Tiny House"],"picked":"Runic Pyramid"}],"items_purged_floors":[31],"is_endless":false,"potions_floor_spawned":[1,4,16,25,29,35,41,42,44],"ascension_level":0}}