{"host":"jacddazefqpozmdr","time":1608034618,"event":{"mods":["AchievementEnabler","BaseMod","Better Note","BetterRewards","Downfall","Googly Eyes","Hermit","Hubris","Infinite Spire","Lobotomy","LobotomyExtend","Marisa????????","Minty Spire (QoL Compilation)","Prisma Mod","Quick Restart","Rare Cards Sparkle","Relic Stats","Replay The Spire","Shop Mod","StSLib","The Blue Laboratory","The Cursed","The Gatherer","The Jungle","The Runesmith","The Servant 0.9.4","Waifu the Spire","WarShipGirlsR/????R mod"],"gold_per_floor":[99,133,133,133,167,60,60,76,110,110,130,130,130,230,242,345,345,345,359,376,376,410,395,395,395,421,421,433,446,465,465,483,585,585,585,603,206,226,226,226,226,70,309,309,324,334,382,396,407,407,407],"floor_reached":50,"playtime":7083,"items_purged":["Sickly","champ:Execute"],"score":675,"play_id":"3616455c-4a07-47c2-98b0-8fd5e7372681","local_time":"20201215121658","is_ascension_mode":false,"campfire_choices":[{"data":"champ:Taunt","floor":1.0,"key":"SMITH"},{"data":"champ:StanceDance","floor":10.0,"key":"SMITH"},{"data":"hubris:Lust","floor":18.0,"key":"PURGE"},{"data":"TheCursedMod:Dregs","floor":25,"key":"PURGE"},{"data":"Injury","floor":27,"key":"PURGE"},{"data":"DaCapo","floor":35,"key":"SMITH"},{"data":"champ:IgnorePain","floor":39,"key":"SMITH"},{"data":"champ:IronFortress","floor":44,"key":"SMITH"}],"circlet_count":0,"master_deck":["champ:Strike","champ:Strike","champ:Strike","champ:Strike","champ:Defend+1","champ:Defend","champ:Defend","champ:Defend","champ:Taunt+1","champ:RecklessLeap","champ:PerfectedStrike","champ:StanceDance+1","champ:DancingMaster","champ:FlashCut","champ:DefensiveShout+1","champ:RapidStrikes","champ:PerfectedStrike","champ:BringItOn","champ:FaceSlap","champ:IronFortress+1","DaCapo+1","champ:BladeFlurry","champ:GladiatorStyle","Lamp+5","champ:FanOfKnives","champ:StanceDance+1","champ:BerserkerStyle+1","champ:Riposte","champ:IgnorePain+1","champ:TornadoPunch+1","champ:Circumvent+1","champ:StanceDance+1","champ:GladiatorsShout+1","champ:HoldFirm","champ:EnGarde+1","champ:ArenaPreparation"],"relics":["champ:ChampionCrown","downfall:HeartsMalice","TungstenRod","LetterFromLob","Replay:Accelerometer","Blue Doll","hubris:DisguiseKit","Replay:Ancient Bell","infinitespire:Satchel","infinitespire:Bottled Soul","Peace Pipe","Ice Cream","Sozu","Lantern","Bottled Tornado","Boot","Runic Dome","Matryoshka","infinitespire:FocusingShard","Lee\u0027s Waffle","Orichalcum","Juzu Bracelet","infinitespire:PuzzleCube","War Paint","infinitespire:Magic Flask"],"acts_visited":["Exordium","TheCity","TheBeyond"],"potions_floor_usage":[50,50],"damage_taken":[{"damage":0.0,"enemies":"Lagavulin","floor":2.0,"turns":1.0},{"damage":0.0,"enemies":"Small Slimes","floor":3.0,"turns":1.0},{"damage":0.0,"enemies":"2 Louse","floor":4.0,"turns":1.0},{"damage":34.0,"enemies":"Gremlin Nob","floor":5.0,"turns":4.0},{"damage":20.0,"enemies":"downfall:FleeingMerchant","floor":6.0,"turns":4.0},{"damage":0.0,"enemies":"Cultist","floor":8.0,"turns":3.0},{"damage":11.0,"enemies":"Lagavulin","floor":9.0,"turns":4.0},{"damage":11.0,"enemies":"Red Slaver","floor":11.0,"turns":3.0},{"damage":4.0,"enemies":"Blue Slaver","floor":15.0,"turns":2.0},{"damage":31.0,"enemies":"downfall:Watcher","floor":16.0,"turns":6.0},{"damage":36.0,"enemies":"Chosen","floor":19.0,"turns":3.0},{"damage":17.0,"enemies":"Centurion and Healer","floor":20.0,"turns":6.0},{"damage":41.0,"enemies":"Nightmare","floor":22.0,"turns":7.0},{"damage":26.0,"enemies":"downfall:FleeingMerchant","floor":23.0,"turns":4.0},{"damage":30,"enemies":"Slavers","floor":26,"turns":4},{"damage":27,"enemies":"Snake Plant","floor":28,"turns":3},{"damage":6,"enemies":"Shelled Parasite and Fungi","floor":29,"turns":3},{"damage":13,"enemies":"Sentry and Sphere","floor":30,"turns":4},{"damage":4,"enemies":"Chosen and Byrds","floor":32,"turns":4},{"damage":8,"enemies":"downfall:Defect","floor":33,"turns":6},{"damage":0,"enemies":"Orb Walker","floor":36,"turns":2},{"damage":29,"enemies":"downfall:FleeingMerchant","floor":37,"turns":4},{"damage":22,"enemies":"3 Shapes","floor":38,"turns":3},{"damage":8,"enemies":"Writhing Mass","floor":45,"turns":4},{"damage":14,"enemies":"Jaw Worm Horde","floor":46,"turns":2},{"damage":17,"enemies":"2 Orb Walkers","floor":47,"turns":4},{"damage":4,"enemies":"Transient","floor":48,"turns":5},{"damage":7,"enemies":"Sphere and 2 Shapes","floor":49,"turns":3},{"damage":53,"enemies":"downfall:Silent","floor":50,"turns":4}],"seed_played":"7547725727839510035","potions_obtained":[{"floor":2.0,"key":"blueLaboratory:CorrosionFlask"},{"floor":8.0,"key":"blueLaboratory:Moonshine"},{"floor":9.0,"key":"ColorlessPotion"},{"floor":16.0,"key":"blueLaboratory:BottledHope"}],"is_trial":false,"path_per_floor":["R","E","M","M","E","$","T","M","E","R","M","?","?","?","M","B",null,"R","M","M","AVR","NM","$","T","R","E","R","M","M","M","T","M","B",null,"R","M","$","M","R","?","T","$","?","R","M","M","?","M","M","B"],"character_chosen":"THE_CHAMP","items_purchased":["champ:DefensiveShout","champ:RapidStrikes","Matryoshka","infinitespire:FocusingShard","Lee\u0027s Waffle","infinitespire:PuzzleCube"],"campfire_rested":0,"item_purchase_floors":[6,6,37,37,37,42],"current_hp_per_floor":[90,90,90,90,76,76,76,76,70,70,64,64,64,64,65,37,90,90,84,72,72,51,48,48,48,33,33,21,15,10,10,11,13,90,90,90,97,90,90,90,90,90,53,53,45,46,33,35,30,0,0],"gold":407,"neow_bonus":"THREE_ENEMY_KILL","is_daily":false,"chose_seed":false,"campfire_upgraded":5,"win_rate":0.0,"timestamp":1608034618,"path_taken":["R","E","M","M","E","$","T","M","E","R","M","?","?","?","M","BOSS","R","M","?","AVR","NM","$","T","R","E","R","M","M","M","?","M","BOSS","R","M","$","M","R","?","T","?","?","R","M","M","?","M","M","BOSS"],"items_purchased_type":["Card","Card","Relic","Relic","Relic","Relic"],"build_version":"2020-12-13","purchased_purges":2,"victory":false,"max_hp_per_floor":[90,90,90,90,90,90,90,90,90,90,90,90,90,90,90,90,90,90,90,90,90,90,90,90,90,90,90,90,90,90,90,90,90,90,90,90,97,97,97,97,97,97,97,97,97,97,97,97,97,97,97],"relic_stats":{"Peace Pipe":3,"Sozu":9,"Lee\u0027s Waffle":16,"counters":[29,100],"Juzu Bracelet":0,"Orichalcum":[18],"War Paint":["champ:DefensiveShout","champ:Defend"],"Boot":[64],"obtain_stats":[{"Ice Cream":21,"Replay:Accelerometer":5,"Lantern":22,"champ:ChampionCrown":0,"Blue Doll":9,"Juzu Bracelet":41,"Bottled Tornado":26,"Boot":31,"Sozu":21,"Matryoshka":37,"infinitespire:Bottled Soul":17,"hubris:DisguiseKit":13,"Lee\u0027s Waffle":37,"downfall:HeartsMalice":0,"infinitespire:FocusingShard":37,"Replay:Ancient Bell":17,"infinitespire:Magic Flask":47,"Orichalcum":41,"War Paint":43,"Peace Pipe":17,"Runic Dome":34,"infinitespire:Satchel":17,"LetterFromLob":2,"TungstenRod":2,"infinitespire:PuzzleCube":42},{"Ice Cream":12,"Replay:Accelerometer":4,"Lantern":13,"champ:ChampionCrown":0,"Blue Doll":7,"Juzu Bracelet":23,"Bottled Tornado":15,"Boot":18,"Sozu":12,"Matryoshka":22,"infinitespire:Bottled Soul":10,"hubris:DisguiseKit":8,"Lee\u0027s Waffle":22,"downfall:HeartsMalice":0,"infinitespire:FocusingShard":22,"Replay:Ancient Bell":10,"infinitespire:Magic Flask":26,"Orichalcum":23,"War Paint":23,"Peace Pipe":10,"Runic Dome":20,"infinitespire:Satchel":10,"LetterFromLob":1,"TungstenRod":1,"infinitespire:PuzzleCube":23},{"Ice Cream":35,"Replay:Accelerometer":4,"Lantern":42,"champ:ChampionCrown":0,"Blue Doll":15,"Juzu Bracelet":79,"Bottled Tornado":50,"Boot":60,"Sozu":35,"Matryoshka":76,"infinitespire:Bottled Soul":26,"hubris:DisguiseKit":18,"Lee\u0027s Waffle":76,"downfall:HeartsMalice":0,"infinitespire:FocusingShard":76,"Replay:Ancient Bell":26,"infinitespire:Magic Flask":89,"Orichalcum":79,"War Paint":79,"Peace Pipe":26,"Runic Dome":70,"infinitespire:Satchel":26,"LetterFromLob":0,"TungstenRod":0,"infinitespire:PuzzleCube":79}],"TungstenRod":95},"card_choices":[{"not_picked":["champ:FocusedGladiator","champ:FaceSlap"],"picked":"champ:RecklessLeap","floor":2.0},{"not_picked":["champ:RapidStrikes","champ:RisingSlash"],"picked":"champ:PerfectedStrike","floor":3.0},{"not_picked":["champ:Circumvent","champ:TornadoPunch"],"picked":"champ:StanceDance","floor":4.0},{"not_picked":["champ:EnGarde","champ:AdrenalArmor"],"picked":"champ:DancingMaster","floor":5.0},{"not_picked":["champ:Circumvent","champ:Backstep"],"picked":"champ:FlashCut","floor":6.0},{"not_picked":["champ:BerserkersShout","champ:BerserkerStyle"],"picked":"champ:PerfectedStrike","floor":8.0},{"not_picked":["champ:Backstep","champ:FanOfKnives"],"picked":"champ:BringItOn","floor":9.0},{"not_picked":["champ:FanOfKnives","champ:BringItOn"],"picked":"champ:FaceSlap","floor":11.0},{"not_picked":["champ:PerfectedStrike","champ:FaceSlap","Wingbeat"],"picked":"champ:IronFortress","floor":15.0},{"not_picked":["champ:Improvising","champ:Devastate","champ:ShieldThrow"],"picked":"DaCapo","floor":16.0},{"not_picked":["ReplayTheSpireMod:Doomed","infinitespire:Pacifist","ReplayTheSpireMod:Splinters"],"picked":"Injury","floor":17.0},{"not_picked":["Looming Evil","hubris:Wrath","ReplayTheSpireMod:Faulty Equipment"],"picked":"Sickly","floor":17.0},{"not_picked":["Voices","Overencumbered","Injury"],"picked":"TheCursedMod:Dregs","floor":17.0},{"not_picked":["champ:Riposte+1","champ:AdrenalArmor","Horn"],"picked":"champ:BladeFlurry","floor":19.0},{"not_picked":["champ:FocusedDefense","champ:RapidStrikes","Reverberation"],"picked":"champ:GladiatorStyle","floor":20.0},{"not_picked":["champ:Haymaker","champ:FaceSlap+1","champ:DefensiveStyle+1"],"picked":"Lamp","floor":22.0},{"not_picked":["champ:Riposte+1","champ:FlashCut","Beak"],"picked":"champ:FanOfKnives","floor":23},{"not_picked":["champ:HeavySlash","champ:Haymaker+1","Twilight"],"picked":"champ:StanceDance+1","floor":26},{"not_picked":["champ:HeartStrike","champ:Encircle","CrimsonScar"],"picked":"champ:BerserkerStyle+1","floor":28},{"not_picked":["champ:PerfectedStrike+1","champ:Encircle","champ:BerserkerStyle","WristCuter"],"picked":"SKIP","floor":29},{"not_picked":["champ:Haymaker","champ:FanOfKnives","champ:BringItOn","Lantern"],"picked":"SKIP","floor":30},{"not_picked":["champ:ShieldWall","champ:RecklessLeap+1","Reverberation"],"picked":"champ:Riposte","floor":32},{"not_picked":["champ:Devastate","champ:SwordThrow","DaCapo"],"picked":"champ:IgnorePain","floor":33},{"not_picked":["champ:GladiatorStyle","champ:DefensiveShout+1","Horn"],"picked":"champ:TornadoPunch+1","floor":36},{"not_picked":["champ:TornadoPunch+1","champ:EndlessRage+1","Beak"],"picked":"champ:Circumvent+1","floor":37},{"not_picked":["champ:HeartStrike","champ:DefensiveShout","CherryBlossom"],"picked":"champ:StanceDance+1","floor":38},{"not_picked":["champ:BladeFlurry+1","champ:Backstep+1","Loneliness"],"picked":"champ:GladiatorsShout+1","floor":43},{"not_picked":["champ:EndlessRage","champ:Circumvent","champ:BladeFlurry","BlueScar"],"picked":"SKIP","floor":45},{"not_picked":["champ:Backstep","champ:BladeFlurry","CUTE"],"picked":"champ:HoldFirm","floor":46},{"not_picked":["champ:Circumvent+1","champ:BringItOn+1","RapturousDream"],"picked":"champ:EnGarde+1","floor":48},{"not_picked":["champ:AdrenalArmor+1","champ:FaceSlap+1","Harvest"],"picked":"champ:ArenaPreparation","floor":49}],"player_experience":179372,"relics_obtained":[{"floor":2.0,"key":"TungstenRod"},{"floor":2.0,"key":"LetterFromLob"},{"floor":5.0,"key":"Replay:Accelerometer"},{"floor":9.0,"key":"Blue Doll"},{"floor":22.0,"key":"Lantern"},{"floor":26,"key":"Bottled Tornado"},{"floor":31,"key":"Boot"},{"floor":41,"key":"Orichalcum"},{"floor":41,"key":"Juzu Bracelet"},{"floor":43,"key":"War Paint"},{"floor":47,"key":"infinitespire:Magic Flask"}],"event_choices":[{"damage_healed":0.0,"max_hp_gain":0.0,"max_hp_loss":0.0,"gold_gain":100.0,"event_name":"Wheel of Change","player_choice":"Gold","floor":14.0,"gold_loss":0.0,"damage_taken":0.0},{"damage_healed":0,"gold_gain":0,"player_choice":"Fight","damage_taken":0,"max_hp_gain":0,"max_hp_loss":0,"event_name":"Mysterious Sphere","floor":47,"gold_loss":0}],"is_beta":false,"boss_relics":[{"not_picked":["Painkiller Herb","hubris:ScarierMask"],"picked":"Replay:Ancient Bell"},{"not_picked":["champ:DefensiveTrainingManual","champ:FightingForDummies"],"picked":"infinitespire:Satchel"},{"not_picked":["infinitespire:Broken Mirror","Pear"],"picked":"infinitespire:Bottled Soul"},{"not_picked":["Old Coin","hubris:FunFungus"],"picked":"Peace Pipe"},{"not_picked":["Honey Jar","Pandora\u0027s Box"],"picked":"Runic Dome"}],"items_purged_floors":[21,37],"is_endless":false,"potions_floor_spawned":[2,8,9,16,19,20,28,29,30,38,45,46,47],"killed_by":"downfall:Silent","ascension_level":0}}