{"host":"hzthub30ic086u11","time":1608064865,"event":{"mods":["Aspiration","BaseMod","GifTheSpireLib","Minty Spire (QoL Compilation)","Permanent Neow","Replay The Spire","Shop Mod","StSLib","Stuff the Spire","SuperFastMode"],"gold_per_floor":[118,39,39,4,15,47,62,79,148,158,170,345,345,360,360,360,360],"floor_reached":16,"playtime":915,"items_purged":[],"score":161,"play_id":"d69e709b-c732-47f1-a635-9124996c9d96","local_time":"20201215214105","is_ascension_mode":true,"campfire_choices":[{"floor":13,"key":"REST"},{"data":"Doubt","floor":15,"key":"PURGE"}],"circlet_count":0,"master_deck":["AscendersBane","Strike_G","Strike_G","Strike_G","Strike_G","Strike_G","Defend_G","Defend_G","Defend_G","Defend_G","Survivor","Neutralize","Bane","Catalyst","Hidden Blade","Poisoned Stab","Poisoned Stab","Blade Dance","Replay:Bag of Tricks"],"relics":["Ring of the Snake","Lantern","Toy Ornithopter","Snack Pack"],"acts_visited":["Exordium"],"potions_floor_usage":[6,8,8],"damage_taken":[{"damage":0,"enemies":"Jaw Worm","floor":1,"turns":6},{"damage":0,"enemies":"Small Slimes","floor":5,"turns":3},{"damage":48,"enemies":"Lagavulin","floor":6,"turns":7},{"damage":1,"enemies":"2 Louse","floor":7,"turns":3},{"damage":8,"enemies":"Exordium Wildlife","floor":8,"turns":3},{"damage":23,"enemies":"Lots of Slimes","floor":10,"turns":5},{"damage":7,"enemies":"Exordium Thugs","floor":11,"turns":5},{"damage":0,"enemies":"Looter","floor":14,"turns":2},{"damage":48,"enemies":"Fading Forest","floor":16,"turns":5}],"seed_played":"52309321967197817","potions_obtained":[{"floor":5,"key":"Adrenaline Potion"},{"floor":6,"key":"SkillPotion"},{"floor":7,"key":"Fire Potion"},{"floor":11,"key":"Elixir"}],"is_trial":false,"path_per_floor":["M","$","?","?","M","E","M","M","T","M","M","?","R","M","R","B"],"character_chosen":"THE_SILENT","items_purchased":["Catalyst"],"campfire_rested":1,"item_purchase_floors":[2],"current_hp_per_floor":[63,63,63,70,70,22,21,23,23,4,3,3,24,28,28,0,0],"gold":360,"neow_bonus":"RANDOM_COMMON_RELIC","is_daily":false,"chose_seed":false,"campfire_upgraded":0,"win_rate":0.0,"timestamp":1608064865,"path_taken":["M","$","?","?","M","E","M","?","T","M","M","?","R","M","R","BOSS"],"items_purchased_type":["Card"],"build_version":"2020-12-13","purchased_purges":0,"victory":false,"max_hp_per_floor":[70,70,70,70,70,70,70,70,70,70,70,70,70,70,70,70,70],"card_choices":[{"not_picked":["Prepared","StuffTheSpire:Shiver"],"picked":"Bane","floor":1},{"not_picked":["Dagger Spray","Flying Knee"],"picked":"Poisoned Stab","floor":5},{"not_picked":["Distraction","Bane","Dagger Spray"],"picked":"SKIP","floor":6},{"not_picked":["Dagger Spray","Dagger Throw"],"picked":"Poisoned Stab","floor":7},{"not_picked":["aspiration:Lunge","Acrobatics","Terror"],"picked":"SKIP","floor":8},{"not_picked":["Escape Plan","Deflect"],"picked":"Blade Dance","floor":10},{"not_picked":["Cloak And Dagger","Eviscerate"],"picked":"Replay:Bag of Tricks","floor":11},{"not_picked":["Dagger Throw","ReplayTheSpireMod:Scrap Shanks","Outmaneuver"],"picked":"SKIP","floor":14}],"player_experience":192538,"relics_obtained":[{"floor":6,"key":"Toy Ornithopter"},{"floor":9,"key":"Snack Pack"}],"event_choices":[{"damage_healed":0,"gold_gain":0,"cards_transformed":["Defend_G"],"player_choice":"Change","damage_taken":0,"max_hp_gain":0,"max_hp_loss":0,"event_name":"Living Wall","floor":3,"gold_loss":0,"cards_obtained":["Hidden Blade"]},{"damage_healed":17,"gold_gain":0,"player_choice":"Healed","damage_taken":0,"max_hp_gain":0,"max_hp_loss":0,"event_name":"The Cleric","floor":4,"gold_loss":35},{"damage_healed":0,"gold_gain":175,"player_choice":"AGREE","damage_taken":0,"max_hp_gain":0,"max_hp_loss":0,"event_name":"Liars Game","floor":12,"gold_loss":0,"cards_obtained":["Doubt"]}],"is_beta":false,"boss_relics":[],"items_purged_floors":[],"is_endless":false,"potions_floor_spawned":[5,6,7,11],"killed_by":"Fading Forest","ascension_level":11}}