{"host":"iy58fyt9wsbv4cf1","time":1608004913,"event":{"mods":["BaseMod","Better Altar","Better Match","Better Skull","Better Third Choice","BetterRewards","Conspire","Custom Start","Defuse TimeMaze Blight","Hubris","Minty Spire (QoL Compilation)","Permanent Neow","Quick Restart","Spicy Shops","StSLib"],"gold_per_floor":[119,119,119,1,18,44,44,55,80,92,141,141,197,214,214,311,311,324,324,334,334,199,199,199,199,199,199,217,217,250,187,187,284,284,296,49,49,62,62,94,94,126,126,140,168,468,485,512,512,512,512,512,64,96,96],"floor_reached":56,"playtime":1861,"items_purged":["Strike_R","Strike_R","Bash","Injury","Inflame"],"score":1854,"play_id":"649dac35-29c7-4aeb-87de-61302e56c141","local_time":"20201214230153","is_ascension_mode":false,"campfire_choices":[{"data":"Strike_R","floor":12,"key":"PURGE"},{"data":"Body Slam","floor":15,"key":"SMITH"},{"data":"Body Slam","floor":23,"key":"SMITH"},{"data":"Strike_R","floor":25,"key":"PURGE"},{"data":"Cleave","floor":29,"key":"PURGE"},{"floor":32,"key":"RECALL"},{"data":"Barricade","floor":41,"key":"SMITH"},{"data":"Parasite","floor":49,"key":"PURGE"},{"data":"Trip","floor":52,"key":"SMITH"}],"circlet_count":0,"master_deck":["Defend_R","Defend_R+1","Defend_R","Defend_R","Shrug It Off+1","Battle Trance","Body Slam+1","Master of Strategy","Trip+1","Body Slam+1","Barricade+1","Body Slam+1","Entrench+1","Impervious+1","Secret Technique+1"],"relics":["Burning Blood","hubris:PeanutButter","Singing Bowl","Membership Card","Lee\u0027s Waffle","Peace Pipe","Ice Cream","Strawberry","hubris:ToyBattleship","Art of War","Ornamental Fan","Runic Dome","hubris:Towel","Bloody Idol","OrangePellets","Kunai","InkBottle","Pen Nib","Coffee Dripper","Thread and Needle","Happy Flower","Mango","Nunchaku","Toxic Egg 2","Vajra","hubris:SphereOfDissonance","War Paint","Bag of Marbles","Bronze Scales"],"acts_visited":["Exordium","TheCity","TheBeyond","TheEnding"],"potions_floor_usage":[10,16,38,47],"damage_taken":[{"damage":0,"enemies":"Cultist","floor":1,"turns":3},{"damage":0,"enemies":"Jaw Worm","floor":5,"turns":3},{"damage":26,"enemies":"Lagavulin","floor":6,"turns":8},{"damage":0,"enemies":"Small Slimes","floor":8,"turns":3},{"damage":1,"enemies":"2 Fungi Beasts","floor":10,"turns":4},{"damage":12,"enemies":"3 Sentries","floor":13,"turns":8},{"damage":0,"enemies":"Blue Slaver","floor":14,"turns":3},{"damage":6,"enemies":"Hexaghost","floor":16,"turns":8},{"damage":24,"enemies":"Chosen","floor":18,"turns":6},{"damage":0,"enemies":"conspire:FuzzyDice","floor":20,"turns":8},{"damage":0,"enemies":"conspire:HollyBat","floor":28,"turns":5},{"damage":17,"enemies":"conspire:SneckoGhost","floor":30,"turns":6},{"damage":0,"enemies":"Automaton","floor":33,"turns":6},{"damage":5,"enemies":"3 Darklings","floor":35,"turns":4},{"damage":0,"enemies":"3 Shapes","floor":38,"turns":4},{"damage":0,"enemies":"Giant Head","floor":40,"turns":3},{"damage":4,"enemies":"Nemesis","floor":42,"turns":5},{"damage":3,"enemies":"Writhing Mass","floor":44,"turns":3},{"damage":0,"enemies":"Giant Head","floor":45,"turns":3},{"damage":0,"enemies":"Transient","floor":47,"turns":5},{"damage":0,"enemies":"Nemesis","floor":48,"turns":5},{"damage":1,"enemies":"Time Eater","floor":50,"turns":5},{"damage":0,"enemies":"Shield and Spear","floor":54,"turns":1},{"damage":0,"enemies":"The Heart","floor":55,"turns":5}],"seed_played":"-4728821350421620204","potions_obtained":[{"floor":1,"key":"SneckoOil"},{"floor":13,"key":"PowerPotion"},{"floor":16,"key":"Regen Potion"},{"floor":18,"key":"PowerPotion"},{"floor":30,"key":"Swift Potion"},{"floor":38,"key":"SkillPotion"},{"floor":48,"key":"BloodPotion"}],"is_trial":false,"path_per_floor":["M","?","?","$","M","E","$","M","T","M","T","R","?","M","R","B",null,"M","?","M","?","$","R","T","R","T","?","M","R","E","$","R","B",null,"M","$","?","M","$","E","R","E","T","M","E","?","M","E","R","B",null,"R","$","E","B",null],"character_chosen":"IRONCLAD","items_purchased":["Inflame","hubris:PeanutButter","Cleave","Singing Bowl","Membership Card","Shrug It Off","Battle Trance","Lee\u0027s Waffle","Peace Pipe","Ice Cream","Body Slam","Master of Strategy","Trip","OrangePellets","EntropicBrew","Thread and Needle","Happy Flower","Impervious+1","War Paint","Bag of Marbles","Secret Technique+1"],"campfire_rested":0,"item_purchase_floors":[0,0,0,0,0,0,0,0,0,0,4,4,4,22,22,36,36,53,53,53,53],"current_hp_per_floor":[89,78,71,71,79,61,61,69,69,76,76,76,72,80,80,82,110,94,94,100,44,44,44,44,44,44,44,57,57,53,53,53,64,116,118,118,114,124,124,140,140,142,142,144,144,144,146,148,145,145,145,145,145,147,147],"gold":96,"neow_bonus":"","is_daily":false,"chose_seed":false,"campfire_upgraded":4,"win_rate":0.0,"timestamp":1608004913,"path_taken":["M","?","?","$","M","E","$","M","T","M","?","R","?","M","R","BOSS","M","?","M","?","$","R","?","R","T","?","?","R","E","$","R","BOSS","M","$","?","M","$","E","R","E","T","M","E","?","M","E","R","BOSS","R","$","E","BOSS"],"items_purchased_type":["Card","Relic","Card","Relic","Relic","Card","Card","Relic","Relic","Relic","Card","Card","Card","Relic","Potion","Relic","Relic","Card","Relic","Relic","Card"],"build_version":"2020-12-13","purchased_purges":5,"victory":true,"max_hp_per_floor":[89,96,96,96,98,100,100,102,102,104,104,104,106,108,108,110,110,112,112,112,112,112,112,112,112,112,112,114,114,116,116,116,116,116,118,118,124,124,124,140,140,142,142,144,144,144,146,148,145,145,145,145,145,147,147],"card_choices":[{"not_picked":["Combust","Burning Pact","Dark Embrace"],"picked":"Singing Bowl","floor":1},{"not_picked":["hubris:SharpeningStone","Anger","Havoc"],"picked":"Singing Bowl","floor":5},{"not_picked":["Cleave","Wild Strike","Twin Strike"],"picked":"Singing Bowl","floor":6},{"not_picked":["conspire:ExplosiveBarrier","Iron Wave","Infernal Blade"],"picked":"Singing Bowl","floor":8},{"not_picked":["Searing Blow","Shockwave","True Grit"],"picked":"Singing Bowl","floor":10},{"not_picked":["Flex","Combust","Clothesline"],"picked":"Singing Bowl","floor":13},{"not_picked":["Combust","conspire:ExplosiveBarrier","Havoc"],"picked":"Singing Bowl","floor":14},{"not_picked":["Demon Form","Fiend Fire","Reaper"],"picked":"Singing Bowl","floor":16},{"not_picked":["hubris:SharpeningStone","Wild Strike+1","Rupture"],"picked":"Singing Bowl","floor":18},{"not_picked":["Metallicize+1","Flex"],"picked":"Body Slam","floor":20},{"not_picked":["Flex","Sword Boomerang+1","Twin Strike"],"picked":"Singing Bowl","floor":28},{"not_picked":["Cleave","Pommel Strike","Clash"],"picked":"Singing Bowl","floor":30},{"not_picked":["Double Tap","conspire:Purge"],"picked":"Barricade","floor":33},{"not_picked":["Rupture+1","Fire Breathing","True Grit"],"picked":"Singing Bowl","floor":35},{"not_picked":["Discovery","Flash of Steel","Purity"],"picked":"Singing Bowl","floor":37},{"not_picked":["hubris:Insight","Metamorphosis","Dark Shackles"],"picked":"Singing Bowl","floor":37},{"not_picked":["Finesse","Purity","Panacea"],"picked":"Singing Bowl","floor":37},{"not_picked":["conspire:Charge+1","hubris:CleavingFinish"],"picked":"Body Slam+1","floor":38},{"not_picked":["Havoc+1","Headbutt+1","Hemokinesis"],"picked":"Singing Bowl","floor":40},{"not_picked":["Bloodletting+1","Flex+1","Iron Wave+1"],"picked":"Singing Bowl","floor":42},{"not_picked":["Ghostly Armor+1","hubris:ReadiedAction+1","Headbutt"],"picked":"Singing Bowl","floor":44},{"not_picked":["Clash","Feel No Pain"],"picked":"Entrench+1","floor":45},{"not_picked":["Flex+1","hubris:ReadiedAction+1","Havoc+1"],"picked":"Singing Bowl","floor":47},{"not_picked":["Headbutt+1","Sword Boomerang","Dark Embrace+1"],"picked":"Singing Bowl","floor":48},{"not_picked":["Clothesline+1","Spot Weakness+1","Rampage+1"],"picked":"Singing Bowl","floor":54}],"player_experience":72321,"relics_obtained":[{"floor":6,"key":"hubris:ToyBattleship"},{"floor":11,"key":"Art of War"},{"floor":13,"key":"Ornamental Fan"},{"floor":24,"key":"Kunai"},{"floor":26,"key":"InkBottle"},{"floor":30,"key":"Pen Nib"},{"floor":40,"key":"Mango"},{"floor":42,"key":"Nunchaku"},{"floor":43,"key":"Toxic Egg 2"},{"floor":45,"key":"Vajra"},{"floor":48,"key":"hubris:SphereOfDissonance"},{"floor":54,"key":"Bronze Scales"}],"event_choices":[{"damage_healed":0,"gold_gain":0,"player_choice":"Relic ","damage_taken":18,"max_hp_gain":0,"max_hp_loss":0,"event_name":"betterThird:BetterScrap","floor":2,"gold_loss":0,"cards_obtained":["Predator"]},{"cards_removed":["Strike_R"],"damage_healed":0,"gold_gain":0,"player_choice":"Card Removal","damage_taken":7,"max_hp_gain":0,"max_hp_loss":0,"event_name":"Golden Wing","floor":3,"gold_loss":0},{"damage_healed":0,"gold_gain":0,"player_choice":"Searched \u00272\u0027 times","damage_taken":0,"max_hp_gain":0,"max_hp_loss":0,"event_name":"Dead Adventurer","floor":13,"gold_loss":0},{"damage_healed":0,"gold_gain":0,"player_choice":" Idol ","damage_taken":56,"relics_obtained":["Bloody Idol"],"max_hp_gain":100,"max_hp_loss":44,"event_name":"betterAltar:BetterAltar","floor":21,"potions_obtained":[],"relics_lost":[],"gold_loss":0},{"damage_healed":0,"gold_gain":0,"player_choice":"Bought 0 Potions","damage_taken":0,"max_hp_gain":0,"max_hp_loss":0,"event_name":"The Woman in Blue","floor":27,"gold_loss":0},{"damage_healed":0,"gold_gain":0,"player_choice":"Memory 3","damage_taken":10,"max_hp_gain":0,"max_hp_loss":0,"event_name":"SensoryStone","floor":37,"gold_loss":0},{"damage_healed":0,"gold_gain":300,"player_choice":"Gold","damage_taken":0,"max_hp_gain":0,"max_hp_loss":0,"event_name":"Wheel of Change","floor":46,"gold_loss":0}],"is_beta":false,"boss_relics":[{"not_picked":["SlaversCollar","hubris:CrackedHourglass"],"picked":"Runic Dome"},{"not_picked":["Velvet Choker","hubris:VirtuousBlindfold"],"picked":"Coffee Dripper"}],"items_purged_floors":[4,22,31,36,53],"is_endless":false,"potions_floor_spawned":[1,13,16,18,30,38,45,48,54],"ascension_level":0}}