{"host":"wukocnei7dgudpva","time":1608020234,"event":{"mods":["AchievementEnabler","BaseMod","Colored Map","Minty Spire (QoL Compilation)","StSLib","SuperFastMode"],"gold_per_floor":[216,229,243,243,263,263,280,315,340,340,357,145,157,170,170,170,170],"floor_reached":16,"playtime":1296,"items_purged":["Strike_P"],"score":106,"play_id":"0b3f2bc8-7a89-4217-9d07-c07d24423e1a","local_time":"20201215171714","is_ascension_mode":false,"campfire_choices":[{"floor":6,"key":"REST"},{"floor":10,"key":"REST"},{"floor":15,"key":"REST"}],"circlet_count":0,"master_deck":["Strike_P","Strike_P","Strike_P","Defend_P","Defend_P+1","Defend_P","Defend_P+1","Eruption","Vigilance","FearNoEvil","Adaptation"],"relics":["PureWater","MealTicket","War Paint"],"acts_visited":["Exordium"],"potions_floor_usage":[8,13,16,16],"damage_taken":[{"damage":1,"enemies":"Jaw Worm","floor":1,"turns":5},{"damage":19,"enemies":"Cultist","floor":2,"turns":5},{"damage":2,"enemies":"2 Louse","floor":3,"turns":4},{"damage":14,"enemies":"Gremlin Gang","floor":5,"turns":5},{"damage":3,"enemies":"2 Fungi Beasts","floor":7,"turns":4},{"damage":47,"enemies":"3 Sentries","floor":8,"turns":7},{"damage":5,"enemies":"Exordium Wildlife","floor":11,"turns":4},{"damage":4,"enemies":"Looter","floor":13,"turns":4},{"damage":0,"enemies":"Blue Slaver","floor":14,"turns":4},{"damage":56,"enemies":"The Guardian","floor":16,"turns":12}],"seed_played":"3208763164776901410","potions_obtained":[{"floor":3,"key":"LiquidBronze"},{"floor":5,"key":"BottledMiracle"},{"floor":8,"key":"Block Potion"},{"floor":11,"key":"LiquidBronze"}],"is_trial":false,"path_per_floor":["M","M","M","?","M","R","M","E","T","R","M","$","M","M","R","B"],"character_chosen":"WATCHER","items_purchased":["FearNoEvil","Adaptation"],"campfire_rested":3,"item_purchase_floors":[12,12],"current_hp_per_floor":[71,52,50,50,36,57,54,7,7,28,23,38,34,34,55,0,0],"gold":170,"neow_bonus":"HUNDRED_GOLD","is_daily":false,"chose_seed":false,"campfire_upgraded":0,"win_rate":0.0,"timestamp":1608020234,"path_taken":["M","M","M","?","?","R","M","E","T","R","?","$","M","M","R","BOSS"],"items_purchased_type":["Card","Card"],"build_version":"2020-12-13","purchased_purges":1,"victory":false,"max_hp_per_floor":[72,72,72,72,72,72,72,72,72,72,72,72,72,72,72,72,72],"card_choices":[{"not_picked":["Crescendo","ReachHeaven","Swivel"],"picked":"SKIP","floor":1},{"not_picked":["Evaluate","Study","Weave"],"picked":"SKIP","floor":2},{"not_picked":["JustLucky","EmptyFist","SashWhip"],"picked":"SKIP","floor":3},{"not_picked":["Conclude","Prostrate","Protect"],"picked":"SKIP","floor":5},{"not_picked":["Vault","Perseverance","ReachHeaven"],"picked":"SKIP","floor":7},{"not_picked":["Pray","EmptyFist","WindmillStrike"],"picked":"SKIP","floor":8},{"not_picked":["FollowUp","Protect","EmptyFist"],"picked":"SKIP","floor":11},{"not_picked":["ClearTheMind","Study","Establishment"],"picked":"SKIP","floor":13},{"not_picked":["FollowUp","InnerPeace","JustLucky"],"picked":"SKIP","floor":14}],"player_experience":232929,"relics_obtained":[{"floor":8,"key":"MealTicket"},{"floor":9,"key":"War Paint"}],"event_choices":[{"damage_healed":0,"gold_gain":0,"player_choice":"Ignored","damage_taken":0,"max_hp_gain":0,"max_hp_loss":0,"event_name":"NoteForYourself","floor":4,"gold_loss":0}],"is_beta":false,"boss_relics":[],"items_purged_floors":[12],"is_endless":false,"potions_floor_spawned":[3,5,8,11],"killed_by":"The Guardian","ascension_level":0}}