{"host":"bxdue9bkfm2khp2x","time":1608048763,"event":{"mods":["Aspiration","BaseMod","Better Vampires","Challenge The Spire","Colored Powertips","Conspire","Decade(王小明)","Dota2Spire","Downfall","Highlight Path","Marisa（F雨　魔理沙）","Minty Spire (QoL Compilation)","MostiFishMod","Remilia（蕾米莉亚）","Replay The Spire","RumiaBox-露米娅的神秘盒子","StSLib","Td1madao Mod","The Alterego","The Cursed","The Servant 0.9.4","Waifu the Spire","WarShipGirlsR/战舰少女R mod","Youmu（魂魄妖梦）","noobMod","vexMod","【功能Mod】混沌之环修复补丁","【遗物卡牌】REMEMod","篝火指南"],"gold_per_floor":[735,170,199,224,257,257,257,257,282,317,351,351,150,150,180,212,245,274],"floor_reached":19,"playtime":1390,"items_purged":["alterego_mod:Strike","alterego_mod:Defend","alterego_mod:Impale"],"score":520,"play_id":"1073e9aa-d180-4c4e-93ec-c6f1e7d0aeb9","local_time":"20201216001243","daily_mods":["challengethespire:Bronze Difficulty","challengethespire:Elite Rush","Uncertain Future"],"is_ascension_mode":true,"campfire_choices":[{"data":"alterego_mod:Palingenesis","floor":7,"key":"SMITH"},{"data":"alterego_mod:BigMeatyClaws","floor":8,"key":"SMITH"},{"data":"alterego_mod:Collar","floor":14,"key":"SMITH"}],"circlet_count":0,"master_deck":["alterego_mod:Strike","alterego_mod:Strike","alterego_mod:Strike","alterego_mod:Defend","alterego_mod:Defend","alterego_mod:Defend","alterego_mod:BigMeatyClaws+1","alterego_mod:BrynhildrsRune","Finesse","alterego_mod:Birthday+1","Panache+1","alterego_mod:DeftHands","alterego_mod:Palingenesis+1","alterego_mod:IndependentAction+1","alterego_mod:MaintainEyeContact","alterego_mod:Nekomimi+1","alterego_mod:DiscoLights+1","alterego_mod:Collar+1","alterego_mod:TrickOrTreatment","alterego_mod:Rake"],"relics":["alterego_mod:MasochisticConstitution","Black Star","Sling","PreservedInsect","REME_ComplimentaryCards","DaveBox","ice","Dota2Spire:MonkeyKingBar","Guardian:PocketSentry","Regal Pillow","Divine Protection","MealTicket","Dota2Spire:EtherealBlade","Vajra","vexMod:BigBerry","Simple Rune","MagicDraw4","Akabeko","Chameleon Ring","aspiration:DSix","vexMod:ImprovementManual","Replay:WaspNest","Replay:Multitool","BionicSphere","ImportantClient","vexMod:BerryBomb","Pear","Turnip","REME_IWantAll"],"acts_visited":["Exordium"],"potions_floor_usage":[5,15,18,18],"damage_taken":[{"damage":25,"enemies":"Gremlin Nob","floor":3,"turns":5},{"damage":7,"enemies":"3 Sentries","floor":4,"turns":4},{"damage":0,"enemies":"Lagavulin","floor":5,"turns":5},{"damage":15,"enemies":"Slavers","floor":9,"turns":3},{"damage":0,"enemies":"Book of Stabbing","floor":10,"turns":4},{"damage":10,"enemies":"Gremlin Leader","floor":11,"turns":5},{"damage":23,"enemies":"Nemesis","floor":15,"turns":7},{"damage":0,"enemies":"Giant Head","floor":16,"turns":5},{"damage":30,"enemies":"Reptomancer","floor":17,"turns":5},{"damage":21,"enemies":"Shield and Spear","floor":18,"turns":6}],"seed_played":"-7843571271155662179","potions_obtained":[{"floor":3,"key":"BlessingOfTheForge"},{"floor":9,"key":"Dota2Spire:HealingSalve"},{"floor":17,"key":"SpeedPotion"},{"floor":18,"key":"ColorlessPotion"}],"is_trial":true,"path_per_floor":["$","$","E","E","E","T","R","R","E","E","E","T","R","R","E","E","E","E",null],"character_chosen":"The_Alterego","items_purchased":["Finesse","CultistPotion","alterego_mod:Birthday","Dota2Spire:MonkeyKingBar","Panache","alterego_mod:Collar"],"campfire_rested":0,"item_purchase_floors":[1,1,2,2,2,13],"current_hp_per_floor":[70,70,48,44,46,76,76,76,64,66,59,59,59,59,50,53,43,26],"gold":274,"neow_bonus":"","is_daily":false,"chose_seed":false,"campfire_upgraded":3,"win_rate":0.0,"timestamp":1608048763,"path_taken":["$","$","E","E","E","T","R","R","E","E","E","T","R","R","E","E","E","E"],"items_purchased_type":["Card","Potion","Card","Relic","Card","Card"],"build_version":"2020-12-13","purchased_purges":3,"victory":true,"max_hp_per_floor":[70,70,71,72,72,102,102,102,103,103,104,104,104,104,105,105,122,123],"card_choices":[],"player_experience":1387877,"relics_obtained":[{"floor":3,"key":"Guardian:PocketSentry"},{"floor":3,"key":"Regal Pillow"},{"floor":4,"key":"Divine Protection"},{"floor":4,"key":"MealTicket"},{"floor":5,"key":"Dota2Spire:EtherealBlade"},{"floor":5,"key":"Vajra"},{"floor":9,"key":"Simple Rune"},{"floor":9,"key":"MagicDraw4"},{"floor":10,"key":"Akabeko"},{"floor":10,"key":"Chameleon Ring"},{"floor":11,"key":"aspiration:DSix"},{"floor":15,"key":"Replay:WaspNest"},{"floor":15,"key":"Replay:Multitool"},{"floor":16,"key":"BionicSphere"},{"floor":16,"key":"ImportantClient"},{"floor":17,"key":"vexMod:BerryBomb"},{"floor":17,"key":"Pear"},{"floor":18,"key":"Turnip"},{"floor":18,"key":"REME_IWantAll"}],"event_choices":[],"is_beta":false,"boss_relics":[{"not_picked":["TimeKeys","aspiration:SecretTechniqueScroll"],"picked":"vexMod:BigBerry"},{"not_picked":["FixedStarFall","Calling Bell"],"picked":"vexMod:ImprovementManual"}],"items_purged_floors":[1,2,13],"is_endless":false,"potions_floor_spawned":[3,9,17,18],"ascension_level":0}}