{"host":"0xoib765171ofkym","time":1608042609,"event":{"mods":["AchievementEnabler","BaseMod","Colored Map","Minty Spire (QoL Compilation)","StSLib"],"gold_per_floor":[100111,100122,99332,99332,99332,99363,99363,98859,98859,98859,98859,98889,98909,98922,98922,99026,99026,99046,99066,99079,98250,98268,98268,98268,98290,98290,97689,97715,96975,97084,97084,97084,97186,97186,97205,97222,96278,96292,96312,95434,95434,95463,95463,95474,95474,95509,95521,95534,95534,95534],"floor_reached":51,"playtime":1677,"items_purged":["Strike_B","Strike_B","Defend_B","Defend_B","Defend_B","Compile Driver","Blizzard"],"score":1134,"play_id":"c7338dc5-8054-4c0d-a4dd-4146d8e9b6c2","local_time":"20201215233009","is_ascension_mode":true,"campfire_choices":[{"data":"Electrodynamics","floor":7,"key":"SMITH"},{"floor":10,"key":"REST"},{"floor":15,"key":"REST"},{"floor":24,"key":"REST"},{"floor":32,"key":"REST"},{"floor":41,"key":"REST"},{"floor":45,"key":"REST"},{"floor":49,"key":"REST"}],"circlet_count":0,"master_deck":["Defend_B+1","Zap+1","Dualcast","Echo Form+1","Electrodynamics+1","Tempest","Apotheosis+1","Beam Cell","Glacier+1","Hologram+1","Capacitor","Consume+1","Redo+1","Capacitor"],"relics":["Cracked Core","Regal Pillow","Akabeko","Frozen Eye","Bag of Preparation","CeramicFish","Omamori","Question Card","Mercury Hourglass","Emotion Chip","Fusion Hammer","Pantograph","ClockworkSouvenir","Art of War","Boot","Ginger","Happy Flower","Strawberry","Shuriken","Centennial Puzzle","HandDrill","Lizard Tail","Eternal Feather","Nilry\u0027s Codex","Sozu","TungstenRod","Incense Burner","Orrery","Ornamental Fan","InkBottle","OrangePellets","Blood Vial","Molten Egg 2","Smiling Mask"],"acts_visited":["Exordium","TheCity","TheBeyond"],"potions_floor_usage":[12,16,50,50],"damage_taken":[{"damage":1,"enemies":"Cultist","floor":1,"turns":3},{"damage":2,"enemies":"Jaw Worm","floor":2,"turns":3},{"damage":32,"enemies":"Lagavulin","floor":6,"turns":4},{"damage":12,"enemies":"3 Sentries","floor":12,"turns":2},{"damage":0,"enemies":"Small Slimes","floor":13,"turns":2},{"damage":0,"enemies":"Exordium Wildlife","floor":14,"turns":2},{"damage":52,"enemies":"Hexaghost","floor":16,"turns":6},{"damage":22,"enemies":"2 Thieves","floor":18,"turns":2},{"damage":2,"enemies":"3 Byrds","floor":19,"turns":3},{"damage":2,"enemies":"Snake Plant","floor":20,"turns":4},{"damage":0,"enemies":"Sentry and Sphere","floor":25,"turns":3},{"damage":16,"enemies":"Book of Stabbing","floor":28,"turns":4},{"damage":14,"enemies":"Colosseum Slavers","floor":30,"turns":2},{"damage":2,"enemies":"Colosseum Nobs","floor":30,"turns":2},{"damage":55,"enemies":"Automaton","floor":33,"turns":7},{"damage":3,"enemies":"Orb Walker","floor":35,"turns":3},{"damage":0,"enemies":"3 Shapes","floor":36,"turns":2},{"damage":8,"enemies":"Transient","floor":38,"turns":5},{"damage":34,"enemies":"Writhing Mass","floor":39,"turns":5},{"damage":0,"enemies":"Reptomancer","floor":42,"turns":4},{"damage":20,"enemies":"Jaw Worm Horde","floor":44,"turns":2},{"damage":47,"enemies":"Nemesis","floor":46,"turns":11},{"damage":8,"enemies":"4 Shapes","floor":47,"turns":2},{"damage":16,"enemies":"Spire Growth","floor":48,"turns":3},{"damage":51,"enemies":"Time Eater","floor":50,"turns":6}],"seed_played":"7215599918657427436","potions_obtained":[{"floor":1,"key":"Explosive Potion"},{"floor":13,"key":"FairyPotion"},{"floor":14,"key":"BlessingOfTheForge"},{"floor":16,"key":"FearPotion"},{"floor":18,"key":"Weak Potion"}],"is_trial":false,"path_per_floor":["M","M","$","?","?","E","R","$","T","R","?","E","M","M","R","B",null,"M","M","M","$","?","?","R","M","T","$","E","$","?","?","R","B",null,"M","M","$","M","M","$","R","E","T","M","R","E","M","M","R","B",null],"character_chosen":"DEFECT","items_purchased":["Apotheosis","Regal Pillow","Akabeko","Frozen Eye","PowerPotion","Beam Cell","Omamori","Question Card","Pantograph","ClockworkSouvenir","Art of War","PowerPotion","FocusPotion","FocusPotion","Ginger","Happy Flower","Shuriken","Centennial Puzzle","HandDrill","TungstenRod","Incense Burner","Orrery","Ornamental Fan","InkBottle","OrangePellets"],"campfire_rested":7,"item_purchase_floors":[3,3,3,3,3,3,8,8,21,21,21,21,21,21,27,27,29,29,29,37,37,37,40,40,40],"current_hp_per_floor":[67,65,65,65,23,31,31,31,31,68,53,41,41,41,75,23,62,40,38,36,36,36,36,73,73,73,73,64,64,48,32,77,27,68,65,65,65,57,23,23,68,68,68,50,82,35,29,15,60,31],"gold":95534,"neow_bonus":"ONE_RANDOM_RARE_CARD","is_daily":false,"chose_seed":false,"campfire_upgraded":1,"win_rate":0.0,"timestamp":1608042609,"path_taken":["M","M","$","?","?","E","R","$","T","R","?","E","M","M","R","BOSS","M","M","M","$","?","?","R","?","T","?","E","$","?","?","R","BOSS","M","M","$","M","M","$","R","E","T","M","R","E","M","M","R","BOSS"],"items_purchased_type":["Card","Relic","Relic","Relic","Potion","Card","Relic","Relic","Relic","Relic","Relic","Potion","Potion","Potion","Relic","Relic","Relic","Relic","Relic","Relic","Relic","Relic","Relic","Relic","Relic"],"build_version":"2020-12-13","purchased_purges":7,"victory":true,"max_hp_per_floor":[75,75,75,75,75,75,75,75,75,75,75,75,75,75,75,75,75,75,75,75,75,75,75,75,75,75,75,82,82,82,82,82,82,82,82,82,82,82,82,82,82,82,82,82,82,82,82,82,82,82],"card_choices":[{"not_picked":["Steam Power","Chaos","Compile Driver"],"picked":"SKIP","floor":1},{"not_picked":["Hologram","Redo"],"picked":"Tempest","floor":2},{"not_picked":["Stack","Turbo","Leap"],"picked":"SKIP","floor":6},{"not_picked":["Beam Cell","Conserve Battery","Sweeping Beam","Multi-Cast"],"picked":"SKIP","floor":12},{"not_picked":["Melter","Turbo","Redo","Doom and Gloom"],"picked":"SKIP","floor":13},{"not_picked":["Coolheaded","Turbo","Leap","BootSequence"],"picked":"SKIP","floor":14},{"not_picked":["Blizzard+1","Conserve Battery+1","Chill"],"picked":"Glacier+1","floor":18},{"not_picked":["Gash","Redo","Steam","Storm"],"picked":"SKIP","floor":19},{"not_picked":["Steam","Skim","Ball Lightning","Self Repair"],"picked":"SKIP","floor":20},{"not_picked":["Leap","Compile Driver+1","Sweeping Beam"],"picked":"Hologram+1","floor":25},{"not_picked":["Undo","Sunder","Stack","Go for the Eyes"],"picked":"SKIP","floor":28},{"not_picked":["Hyperbeam","Rebound","Coolheaded+1"],"picked":"Capacitor","floor":30},{"not_picked":["Aggregate+1","Double Energy","Rebound"],"picked":"Consume+1","floor":35},{"not_picked":["Fusion","Hologram","Double Energy","Stack"],"picked":"SKIP","floor":36},{"not_picked":["Cold Snap+1","Heatsinks+1","Stack+1"],"picked":"Redo+1","floor":37},{"not_picked":["Loop+1","Reprogram","Sweeping Beam+1","Machine Learning"],"picked":"SKIP","floor":38},{"not_picked":["Aggregate+1","Turbo","Doom and Gloom+1","Barrage"],"picked":"SKIP","floor":39},{"not_picked":["Loop+1","Leap+1","Sweeping Beam","Heatsinks"],"picked":"SKIP","floor":42},{"not_picked":["Fusion+1","Coolheaded","Darkness","Beam Cell+1"],"picked":"SKIP","floor":44},{"not_picked":["Self Repair+1","Recycle+1","Go for the Eyes+1"],"picked":"Capacitor","floor":46},{"not_picked":["Melter+1","Redo","Turbo","Recycle+1"],"picked":"SKIP","floor":47},{"not_picked":["Sweeping Beam+1","Aggregate","Machine Learning","Storm+1"],"picked":"SKIP","floor":48}],"player_experience":268934,"relics_obtained":[{"floor":6,"key":"CeramicFish"},{"floor":9,"key":"Mercury Hourglass"},{"floor":12,"key":"Emotion Chip"},{"floor":26,"key":"Boot"},{"floor":28,"key":"Strawberry"},{"floor":30,"key":"Lizard Tail"},{"floor":30,"key":"Eternal Feather"},{"floor":31,"key":"Nilry\u0027s Codex"},{"floor":42,"key":"Blood Vial"},{"floor":43,"key":"Molten Egg 2"},{"floor":46,"key":"Smiling Mask"}],"event_choices":[{"damage_healed":0,"gold_gain":0,"player_choice":"Grow","damage_taken":0,"max_hp_gain":0,"max_hp_loss":0,"event_name":"Living Wall","floor":4,"gold_loss":0,"cards_upgraded":["Apotheosis"]},{"damage_healed":0,"gold_gain":0,"player_choice":"Success","damage_taken":42,"relics_obtained":["Bag of Preparation"],"max_hp_gain":0,"max_hp_loss":0,"event_name":"Scrap Ooze","floor":5,"gold_loss":0},{"damage_healed":0,"gold_gain":0,"player_choice":"Entered Light","damage_taken":15,"max_hp_gain":0,"max_hp_loss":0,"event_name":"Shining Light","floor":11,"gold_loss":0,"cards_upgraded":["Echo Form","Defend_B"]},{"damage_healed":0,"gold_gain":0,"cards_transformed":["Strike_B","Strike_B"],"player_choice":"Became Test Subject","damage_taken":0,"max_hp_gain":0,"max_hp_loss":0,"event_name":"Drug Dealer","floor":22,"gold_loss":0,"cards_obtained":["Blizzard","Compile Driver"]},{"damage_healed":0,"gold_gain":0,"player_choice":"Upgraded","damage_taken":0,"max_hp_gain":0,"max_hp_loss":0,"event_name":"Upgrade Shrine","floor":23,"gold_loss":0,"cards_upgraded":["Zap"]},{"damage_healed":0,"gold_gain":0,"player_choice":"Fight","damage_taken":0,"max_hp_gain":0,"max_hp_loss":0,"event_name":"Colosseum","floor":30,"gold_loss":0},{"damage_healed":0,"gold_gain":0,"player_choice":"Fought Nobs","damage_taken":0,"max_hp_gain":0,"max_hp_loss":0,"event_name":"Colosseum","floor":30,"gold_loss":0},{"damage_healed":0,"gold_gain":0,"player_choice":"Obtained Book","damage_taken":16,"max_hp_gain":0,"max_hp_loss":0,"event_name":"Cursed Tome","floor":31,"gold_loss":0}],"is_beta":false,"boss_relics":[{"not_picked":["Black Star","Empty Cage"],"picked":"Fusion Hammer"},{"not_picked":["Nuclear Battery","Runic Dome"],"picked":"Sozu"}],"items_purged_floors":[3,8,21,27,29,37,40],"is_endless":false,"potions_floor_spawned":[1,13,14,16,18,25,33,35,42,47,48],"ascension_level":7}}