{"host":"eydwxg59205c3vtl","time":1608054800,"event":{"mods":["2.2 Compatiblity","BaseMod","Colored Map","Colored Powertips","Hubris","Minty Spire (QoL Compilation)","StSLib","The Necromancer"],"gold_per_floor":[113,131,131,2,77,77,102,102,102,102,115,135,148,163,163,265,265,279,204,214,214,225,251,251,281,281,141,141,171,171,186,186,291,291,304,304,314,433,444,444,472,472,472,472,59,76,101,119,119,119],"floor_reached":51,"playtime":2227,"items_purged":["Strike_W","Shame","Defend_W"],"score":1089,"play_id":"1d54d7c5-a30d-441a-a1d4-c08eff854b29","local_time":"20201215125320","is_ascension_mode":true,"campfire_choices":[{"data":"Consume_Illness","floor":6.0,"key":"SMITH"},{"data":"Flesh_Made_Foul","floor":8.0,"key":"SMITH"},{"data":"Summon_Vampire_Lady","floor":15.0,"key":"SMITH"},{"floor":24.0,"key":"REST"},{"data":"Summon_Lich","floor":30.0,"key":"SMITH"},{"data":"Summon_Lich","floor":32.0,"key":"SMITH"},{"data":"Summon_Vampire_Lady","floor":40,"key":"SMITH"},{"data":"Summon_Vampire_Lady","floor":44,"key":"SMITH"},{"data":"Shade_Step","floor":49,"key":"SMITH"}],"circlet_count":0,"master_deck":["Defend_W","Defend_W+1","Defend_W","Negative_Energy_Arrows","Bone_Wall","Finger_Of_Death","Death_Coil","Consume_Illness+1","Flesh_Made_Foul+1","Negative_Energy_Javelin","Death_Knell","Bone_Prison+1","Summon_Vampire_Lady+1","Summon_Vampire_Lady+1","Summon_Undead","Summon_Lich+1","Consume_Illness+1","Summon_Lich+1","Negative_Energy_Mist","Grasp_Heart","Spectral_Walk","Spectral_Armor+1","Negative_Energy_Shield+1","Summon_Vampire_Lady+1","Shade_Step+1","Summon_Lich"],"relics":["Vampire_Amulet","NeowsBlessing","hubris:64BitClover","Mummified Hand","hubris:MysteriousPyramids","Sozu","Ancient Tea Set","MealTicket","Vajra","Oddly Smooth Stone","Tiny Chest","hubris:Icosahedron","War Paint","Empty Cage","Potion Belt","Pen Nib","hubris:SphereOfDissonance","hubris:CrystalStatue","hubris:CuriousFeather","Lantern"],"acts_visited":["Exordium","TheCity","TheBeyond"],"potions_floor_usage":[],"damage_taken":[{"damage":0.0,"enemies":"Cultist","floor":1.0,"turns":1.0},{"damage":0.0,"enemies":"Jaw Worm","floor":2.0,"turns":1.0},{"damage":0.0,"enemies":"3 Sentries","floor":7.0,"turns":2.0},{"damage":2.0,"enemies":"Small Slimes","floor":11.0,"turns":3.0},{"damage":11.0,"enemies":"2 Fungi Beasts","floor":12.0,"turns":3.0},{"damage":15.0,"enemies":"Gremlin Gang","floor":13.0,"turns":4.0},{"damage":0.0,"enemies":"3 Louse","floor":14.0,"turns":2.0},{"damage":57.0,"enemies":"Hexaghost","floor":16.0,"turns":12.0},{"damage":16.0,"enemies":"Spheric Guardian","floor":18.0,"turns":4.0},{"damage":13.0,"enemies":"3 Byrds","floor":20.0,"turns":5.0},{"damage":21.0,"enemies":"Snecko","floor":22.0,"turns":5.0},{"damage":72.0,"enemies":"Slavers","floor":23.0,"turns":6.0},{"damage":61.0,"enemies":"Book of Stabbing","floor":25.0,"turns":6.0},{"damage":8.0,"enemies":"Gremlin Leader","floor":29.0,"turns":6.0},{"damage":28.0,"enemies":"Shelled Parasite and Fungi","floor":31.0,"turns":5.0},{"damage":76,"enemies":"Automaton","floor":33,"turns":9},{"damage":41,"enemies":"3 Darklings","floor":35,"turns":5},{"damage":16,"enemies":"Orb Walker","floor":37,"turns":3},{"damage":17,"enemies":"3 Darklings","floor":38,"turns":4},{"damage":2,"enemies":"Sphere and 2 Shapes","floor":39,"turns":5},{"damage":74,"enemies":"Nemesis","floor":41,"turns":8},{"damage":1,"enemies":"4 Shapes","floor":46,"turns":4},{"damage":47,"enemies":"Reptomancer","floor":47,"turns":6},{"damage":23,"enemies":"3 Darklings","floor":48,"turns":4},{"damage":64,"enemies":"hubris:GrandSnecko","floor":50,"turns":9}],"seed_played":"-5318054023472846969","potions_obtained":[{"floor":2.0,"key":"Weak Potion"},{"floor":11.0,"key":"SneckoOil"},{"floor":13.0,"key":"LiquidMemories"},{"floor":14.0,"key":"AttackPotion"}],"is_trial":false,"path_per_floor":["M","M","?","$","?","R","E","R","T","?","M","M","M","M","R","B",null,"M","?","M","?","M","E","R","E","T","$","?","E","R","M","R","B",null,"M","?","M","M","M","R","E","T","T","R","$","M","E","M","R","B",null],"character_chosen":"NECROMANCER","items_purchased":["Consume_Illness","Summon_Lich","hubris:CuriousFeather"],"campfire_rested":1,"item_purchase_floors":[4,27,45],"current_hp_per_floor":[70,72,60,60,49,49,55,55,55,55,60,56,52,58,58,30,64,67,67,75,75,68,26,48,13,13,28,28,55,55,52,52,18,61,40,75,64,70,75,75,48,48,48,48,63,75,70,61,61,61],"gold":119,"neow_bonus":"THREE_ENEMY_KILL","is_daily":false,"chose_seed":false,"campfire_upgraded":8,"win_rate":0.0,"timestamp":1608054800,"path_taken":["M","?","?","$","?","R","E","R","T","?","?","M","M","M","R","BOSS","M","?","M","?","M","E","R","E","T","?","?","E","R","M","R","BOSS","M","?","M","M","M","R","E","?","T","R","$","M","E","?","R","BOSS"],"items_purchased_type":["Card","Card","Relic"],"build_version":"2020-12-13","purchased_purges":3,"victory":true,"max_hp_per_floor":[75,75,75,75,75,75,75,75,75,75,75,75,75,75,75,75,75,75,75,75,75,75,75,75,75,75,75,75,75,75,75,75,75,75,75,75,75,75,75,75,75,75,75,75,75,75,75,75,75,75],"card_choices":[{"not_picked":["Bones_to_Steel","Toxic_Smoke_Screen"],"picked":"Finger_Of_Death","floor":1.0},{"not_picked":["Shackles_Of_Pain","Finger_Of_Death"],"picked":"Death_Coil","floor":2.0},{"not_picked":["Vampiric_Strike","Summon_Undead"],"picked":"Flesh_Made_Foul","floor":7.0},{"not_picked":["Epidemic","Vampiric_Strike"],"picked":"Negative_Energy_Javelin","floor":11.0},{"not_picked":["Negative_Energy_Shield","Bone_Armor"],"picked":"Death_Knell","floor":12.0},{"not_picked":["Acid_Javelin","Vampiric_Strike"],"picked":"Bone_Prison","floor":13.0},{"not_picked":["Bone_Armor","Life_Tap"],"picked":"Summon_Vampire_Lady","floor":14.0},{"not_picked":["Cloudkill","Requiem"],"picked":"Summon_Vampire_Lady","floor":16.0},{"not_picked":["Scare","Thousand_Bone_Knives"],"picked":"Summon_Undead","floor":18.0},{"not_picked":["Shade_Step+1","Summon_Undead+1"],"picked":"Summon_Lich","floor":20.0},{"not_picked":["Death_Coil+1","Bone_Armor","Pandemic"],"picked":"SKIP","floor":22.0},{"not_picked":["Scare","Consume_Illness","Blood_Whip"],"picked":"SKIP","floor":23.0},{"not_picked":["Bone_Spikes","Blood_Whip"],"picked":"Consume_Illness+1","floor":25.0},{"not_picked":["Bone_Shift","Blood_Wake"],"picked":"Negative_Energy_Mist","floor":29.0},{"not_picked":["Epidemic+1","Shackles_Of_Pain","Death_March_Dance"],"picked":"SKIP","floor":31.0},{"not_picked":["Detonate_Bones","Negative_Energy_Bomb"],"picked":"Grasp_Heart","floor":33},{"not_picked":["Death_Coil+1","Chill_Blood+1"],"picked":"Spectral_Walk","floor":35},{"not_picked":["Negative_Energy_Javelin","Finger_Of_Death"],"picked":"Spectral_Armor+1","floor":37},{"not_picked":["Negative_Energy_Mist+1","Death_Coil+1"],"picked":"Negative_Energy_Shield+1","floor":38},{"not_picked":["Bone_Armor","Shackles_Of_Pain"],"picked":"Summon_Vampire_Lady","floor":39},{"not_picked":["Negative_Energy_Mist+1","Negative_Energy_Javelin","Finger_Of_Death"],"picked":"SKIP","floor":41},{"not_picked":["Blood_for_Blood","Blood_Curse"],"picked":"Shade_Step","floor":46},{"not_picked":["Blood_Shield+1","Negative_Energy_Sphere+1","Bone_Bullets+1"],"picked":"SKIP","floor":47},{"not_picked":["Spectral_Armor","Deaths_Shadow"],"picked":"Summon_Lich","floor":48}],"player_experience":525961,"relics_obtained":[{"floor":7.0,"key":"Mummified Hand"},{"floor":9.0,"key":"hubris:MysteriousPyramids"},{"floor":20.0,"key":"Ancient Tea Set"},{"floor":23.0,"key":"Vajra"},{"floor":25.0,"key":"Oddly Smooth Stone"},{"floor":26.0,"key":"Tiny Chest"},{"floor":29.0,"key":"War Paint"},{"floor":39,"key":"Potion Belt"},{"floor":41,"key":"Pen Nib"},{"floor":42,"key":"hubris:SphereOfDissonance"},{"floor":43,"key":"hubris:CrystalStatue"},{"floor":47,"key":"Lantern"}],"event_choices":[{"damage_healed":0.0,"max_hp_gain":0.0,"max_hp_loss":0.0,"gold_gain":0.0,"event_name":"Scrap Ooze","player_choice":"Success","floor":3.0,"gold_loss":0.0,"damage_taken":12.0,"relics_obtained":["hubris:64BitClover"]},{"damage_healed":0.0,"max_hp_gain":0.0,"max_hp_loss":0.0,"gold_gain":75.0,"event_name":"World of Goop","player_choice":"Gather Gold","floor":5.0,"gold_loss":0.0,"damage_taken":11.0},{"damage_healed":0.0,"max_hp_gain":0.0,"max_hp_loss":0.0,"gold_gain":0.0,"event_name":"The Woman in Blue","player_choice":"Bought 0 Potions","floor":10.0,"gold_loss":0.0,"damage_taken":0.0},{"cards_removed":["Strike_W"],"damage_healed":0.0,"max_hp_gain":0.0,"max_hp_loss":0.0,"gold_gain":0.0,"event_name":"Beggar","player_choice":"Gave Gold","floor":19.0,"gold_loss":75.0,"damage_taken":0.0},{"damage_healed":0.0,"max_hp_gain":0.0,"max_hp_loss":0.0,"gold_gain":0.0,"event_name":"Addict","player_choice":"Stole Relic","floor":21.0,"gold_loss":0.0,"damage_taken":0.0,"relics_obtained":["MealTicket"],"cards_obtained":["Shame"]},{"damage_healed":35,"gold_gain":0,"player_choice":"Full Heal","damage_taken":0,"max_hp_gain":0,"max_hp_loss":0,"event_name":"Wheel of Change","floor":36,"gold_loss":0}],"is_beta":false,"boss_relics":[{"not_picked":["Runic Pyramid","hubris:GrandSneckoEye"],"picked":"Sozu"},{"not_picked":["Philosopher\u0027s Stone","Cursed Key"],"picked":"Empty Cage"}],"items_purged_floors":[4,27,45],"is_endless":false,"potions_floor_spawned":[2,11,13,14,23,29,33,39,41,48],"ascension_level":8}}