{"host":"k010f1crm27ngy21","time":1608038964,"event":{"mods":["Aspiration","Bard","BaseMod","Downfall","Minty Spire (QoL Compilation)","Replay The Spire","Spicy Shops","StSLib","The Cursed","The Hierophant","The Runesmith","The Servant 0.9.4"],"gold_per_floor":[111,111,126,126,86,118,131,144,144,144,144,183,206,206,206,330,430,455,455,495,495,152,183,208,60,60,60,73,91,91,91],"floor_reached":30,"playtime":2631,"items_purged":["Amnesia"],"score":283,"play_id":"93a15c3d-2916-411d-be3a-56d235bc303f","local_time":"20201215212924","daily_mods":["Draft","Heirloom","downfall:Lament"],"is_ascension_mode":false,"campfire_choices":[{"data":"bard:PrismaticSpray","floor":10.0,"key":"SMITH"},{"floor":15,"key":"REST"},{"floor":27,"key":"DIG"}],"circlet_count":0,"master_deck":["bard:FeastOnFear","bard:Thunderwave","bard:PhantasmalForce","bard:SixFourTime+1","bard:Blink","bard:EchoEcho","bard:QuickSong","bard:DervishDance","bard:SongBolt","bard:Silence","bard:PrismaticSpray+1","bard:Sift","bard:Solo","bard:EchoEcho","bard:BestowCurse","bard:FeastOnFear","bard:GreaterMagicWeapon","bard:CuttingWords","bard:Thunderwave","bard:DiscordantVoice","bard:BestowCurse","bard:MantleOfInspiration","bard:PowerWordStun","bard:LifeDrain+1","bard:InspiringSong","bard:SongBolt+1","bard:HideousLaughter","bard:BestowCurse","bard:Flourish","bard:Sift"],"relics":["bard:PitchPipe","bard:BagPipes","Ring of Chaos","NeowsBlessing","Calipers","aspiration:BabyByrd","aspiration:DSix","Kunai","Golden Idol","Chameleon Ring","Replay:Wanted Poster","Red Mask","ReplayTheSpireMod:Ring of Collecting","Ring of Hypnosis","Cauldron","Membership Card","Omamori","Pet Ghost","Replay:Multitool","Ring of Panic","ReplayTheSpireMod:Ninjato","Potion Belt"],"acts_visited":["Exordium","TheCity"],"potions_floor_usage":[13,16,16,22,23,23,23,23,23,23,24,29],"damage_taken":[{"damage":0.0,"enemies":"2 Louse","floor":1.0,"turns":1.0},{"damage":0.0,"enemies":"Small Slimes","floor":3.0,"turns":1.0},{"damage":0.0,"enemies":"Gremlin Nob","floor":6.0,"turns":1.0},{"damage":0.0,"enemies":"Cultist","floor":7.0,"turns":4.0},{"damage":14.0,"enemies":"Looter","floor":8.0,"turns":3.0},{"damage":21.0,"enemies":"3 Sentries","floor":12.0,"turns":5.0},{"damage":0,"enemies":"Large Slime","floor":13,"turns":5},{"damage":51,"enemies":"Fading Forest","floor":16,"turns":11},{"damage":22,"enemies":"Spheric Guardian","floor":18,"turns":4},{"damage":1,"enemies":"Masked Bandits","floor":20,"turns":4},{"damage":3,"enemies":"Replay:Snechameleon","floor":23,"turns":2},{"damage":11,"enemies":"3 Byrds","floor":24,"turns":2},{"damage":26,"enemies":"Snake Plant","floor":28,"turns":3},{"damage":5,"enemies":"Chosen and Byrds","floor":29,"turns":4},{"damage":8,"enemies":"3 Cultists","floor":30,"turns":1}],"seed_played":"-915851595673227617","potions_obtained":[{"floor":5.0,"key":"Slimebound:ThreeZeroPotion"},{"floor":5.0,"key":"Dexterity Potion"},{"floor":5.0,"key":"Dexterity Potion"},{"floor":12,"key":"PowerPotion"},{"floor":16,"key":"SteroidPotion"},{"floor":18,"key":"Block Potion"},{"floor":22,"key":"Fruit Juice"},{"floor":22,"key":"EntropicBrew"},{"floor":23,"key":"ColorlessPotion"},{"floor":28,"key":"PowerPotion"},{"floor":29,"key":"LiquidMemories"}],"is_trial":true,"path_per_floor":["M","?","M","?","?","E","M","M","T","R","?","E","M","?","R","B",null,"M","?","?","?","$","E","M","$","T","R","M","M","M"],"character_chosen":"BARD","items_purchased":["Cauldron","Membership Card","Omamori","bard:SongBolt+1","Replay:Multitool"],"campfire_rested":1,"item_purchase_floors":[22,22,22,22,25],"current_hp_per_floor":[70,70,70,70,70,70,70,56,56,56,39,18,18,18,39,12,70,48,55,54,54,61,58,47,47,47,47,21,16,8,8],"gold":91,"neow_bonus":"","is_daily":false,"chose_seed":false,"campfire_upgraded":1,"win_rate":0.0,"timestamp":1608038964,"path_taken":["M","?","M","?","?","E","?","M","T","R","?","E","M","?","R","BOSS","M","?","?","?","$","E","M","?","T","R","M","M","?"],"items_purchased_type":["Relic","Relic","Relic","Card","Relic"],"build_version":"2020-12-13","purchased_purges":1,"victory":false,"max_hp_per_floor":[70,70,70,70,70,70,70,70,70,70,70,70,70,70,70,70,70,70,70,70,70,77,77,77,77,77,77,77,77,77,77],"card_choices":[{"not_picked":["bard:PhantasmalForce","bard:CuttingWords"],"picked":"bard:FeastOnFear","floor":0.0},{"not_picked":["bard:Demoralize","bard:PhantasmalForce"],"picked":"bard:Thunderwave","floor":0.0},{"not_picked":["bard:HideousLaughter","bard:CuttingWords"],"picked":"bard:PhantasmalForce","floor":0.0},{"not_picked":["bard:TinyHut","bard:Blink"],"picked":"bard:SixFourTime","floor":0.0},{"not_picked":["bard:ViciousMockery","bard:CuttingWords"],"picked":"bard:Blink","floor":0.0},{"not_picked":["bard:Doot","bard:StudiedStrike"],"picked":"bard:EchoEcho","floor":0.0},{"not_picked":["bard:PhantasmalForce","bard:Blink"],"picked":"bard:QuickSong","floor":0.0},{"not_picked":["bard:ViciousMockery","bard:InspiringSong"],"picked":"bard:DervishDance","floor":0.0},{"not_picked":["bard:InspiringSong","bard:HideousLaughter"],"picked":"bard:SongBolt","floor":0.0},{"not_picked":["bard:Gamble","bard:TinyHut"],"picked":"bard:Silence","floor":0.0},{"not_picked":["bard:Parry","bard:MantleOfInspiration"],"picked":"bard:PrismaticSpray","floor":0.0},{"not_picked":["bard:StudiedStrike","bard:LocateObject"],"picked":"bard:Sift","floor":0.0},{"not_picked":["bard:Doot","bard:StudiedStrike"],"picked":"bard:Solo","floor":0.0},{"not_picked":["bard:HideousLaughter","bard:Shout"],"picked":"bard:EchoEcho","floor":0.0},{"not_picked":["bard:EchoEcho","bard:DervishDance"],"picked":"bard:BestowCurse","floor":0.0},{"not_picked":["bard:EchoEcho","bard:GuardPoint"],"picked":"bard:FeastOnFear","floor":1.0},{"not_picked":["bard:SongBolt","bard:EchoEcho"],"picked":"bard:GreaterMagicWeapon","floor":3.0},{"not_picked":["bard:FaerieFire","bard:Rest"],"picked":"bard:CuttingWords","floor":6.0},{"not_picked":["bard:SongBolt","bard:Fermata"],"picked":"bard:Thunderwave","floor":7.0},{"not_picked":["bard:Rest","bard:CuttingWords"],"picked":"bard:DiscordantVoice","floor":8.0},{"not_picked":["bard:Greatness","bard:Parry"],"picked":"bard:BestowCurse","floor":12},{"not_picked":["bard:DiscordantVoice","bard:LingeringEcho"],"picked":"bard:MantleOfInspiration","floor":13},{"not_picked":["bard:FingerOfDeath","bard:ReverseGravity"],"picked":"bard:PowerWordStun","floor":16},{"not_picked":["bard:LingeringPerformance+1","bard:FaerieFire+1"],"picked":"bard:LifeDrain+1","floor":18},{"not_picked":["bard:MantleOfInspiration","bard:OffKey"],"picked":"bard:InspiringSong","floor":20},{"not_picked":["bard:BucklerBash","bard:FeastOnFear"],"picked":"bard:HideousLaughter","floor":23},{"not_picked":["bard:Demoralize+1","bard:Fermata"],"picked":"bard:BestowCurse","floor":24},{"not_picked":["bard:PrismaticSpray","bard:ViciousMockery"],"picked":"bard:Flourish","floor":28},{"not_picked":["bard:FeastOnFear","bard:LingeringPerformance"],"picked":"bard:Sift","floor":29}],"player_experience":112647,"relics_obtained":[{"floor":6.0,"key":"aspiration:DSix"},{"floor":9.0,"key":"Kunai"},{"floor":12,"key":"Chameleon Ring"},{"floor":20,"key":"Red Mask"},{"floor":21,"key":"ReplayTheSpireMod:Ring of Collecting"},{"floor":21,"key":"Ring of Hypnosis"},{"floor":23,"key":"Pet Ghost"},{"floor":26,"key":"Ring of Panic"},{"floor":26,"key":"ReplayTheSpireMod:Ninjato"},{"floor":27,"key":"Potion Belt"}],"event_choices":[{"damage_healed":0.0,"max_hp_gain":0.0,"max_hp_loss":0.0,"gold_gain":0.0,"event_name":"Golden Wing","player_choice":"Ignored","floor":2.0,"gold_loss":0.0,"damage_taken":0.0},{"damage_healed":0.0,"max_hp_gain":0.0,"max_hp_loss":0.0,"gold_gain":0.0,"event_name":"The Woman in Blue","player_choice":"Bought 3 Potions","floor":5.0,"gold_loss":0.0,"damage_taken":0.0},{"damage_healed":0.0,"max_hp_gain":0.0,"max_hp_loss":0.0,"gold_gain":0.0,"event_name":"Golden Idol","player_choice":"Take Damage","floor":11.0,"gold_loss":0.0,"damage_taken":17.0,"relics_obtained":["Golden Idol"]},{"damage_healed":0,"gold_gain":0,"player_choice":"Grow","damage_taken":0,"max_hp_gain":0,"max_hp_loss":0,"event_name":"Living Wall","floor":14,"gold_loss":0,"cards_upgraded":["bard:SixFourTime"]},{"damage_healed":0,"gold_gain":0,"player_choice":"Fought Bandits","damage_taken":0,"max_hp_gain":0,"max_hp_loss":0,"event_name":"Masked Bandits","floor":20,"gold_loss":0}],"is_beta":false,"boss_relics":[{"not_picked":["Snecko Eye","aspiration:WatcherSkillbook"],"picked":"Replay:Wanted Poster"}],"items_purged_floors":[22],"is_endless":true,"potions_floor_spawned":[6,12,16,18,23,28,29],"killed_by":"3 Cultists","ascension_level":0}}