{"host":"aovv4e73998kgan0","time":1608002623,"event":{"mods":["BaseMod","Minty Spire (QoL Compilation)","StSLib"],"gold_per_floor":[114,128,140,157,174,200,216,199,199,228,239,239,239,114,114,114,114],"floor_reached":16,"playtime":1430,"items_purged":["Strike_R"],"score":139,"play_id":"b117b1a6-c958-4963-8a6d-1e4892c60179","local_time":"20201214222343","is_ascension_mode":true,"campfire_choices":[{"data":"Bash","floor":12,"key":"SMITH"},{"data":"True Grit","floor":15,"key":"SMITH"}],"circlet_count":0,"master_deck":["Strike_R","Strike_R","Strike_R","Defend_R","Defend_R","Defend_R","Defend_R","Bash+1","Immolate","Metallicize","Shrug It Off","Iron Wave","Intimidate","Cleave","Power Through","True Grit+1","Havoc","Armaments","Armaments","Flex"],"relics":["Burning Blood","PreservedInsect","Ice Cream","Gremlin Horn"],"acts_visited":["Exordium"],"potions_floor_usage":[4,6,10,16],"damage_taken":[{"damage":3.0,"enemies":"2 Louse","floor":1.0,"turns":2.0},{"damage":6,"enemies":"Cultist","floor":2,"turns":5},{"damage":0,"enemies":"Small Slimes","floor":3,"turns":2},{"damage":13,"enemies":"Exordium Thugs","floor":4,"turns":5},{"damage":1,"enemies":"Looter","floor":5,"turns":3},{"damage":45,"enemies":"Gremlin Nob","floor":6,"turns":6},{"damage":4,"enemies":"Lots of Slimes","floor":7,"turns":2},{"damage":1,"enemies":"Exordium Thugs","floor":8,"turns":4},{"damage":10,"enemies":"3 Sentries","floor":10,"turns":3},{"damage":4,"enemies":"3 Louse","floor":11,"turns":2},{"damage":49,"enemies":"The Guardian","floor":16,"turns":23}],"seed_played":"-8676101342923001608","potions_obtained":[{"floor":1,"key":"EssenceOfSteel"},{"floor":4,"key":"Energy Potion"},{"floor":7,"key":"Regen Potion"},{"floor":10,"key":"FearPotion"},{"floor":11,"key":"Weak Potion"}],"is_trial":false,"path_per_floor":["M","M","M","M","M","E","M","M","T","E","M","R","?","$","R","B"],"character_chosen":"IRONCLAD","items_purchased":["Flex"],"campfire_rested":0,"item_purchase_floors":[14],"current_hp_per_floor":[80,80,80,73,78,39,41,46,46,47,49,49,49,49,49,0,0],"gold":114,"neow_bonus":"ONE_RANDOM_RARE_CARD","is_daily":false,"chose_seed":false,"campfire_upgraded":2,"win_rate":0.0,"timestamp":1608002623,"path_taken":["M","M","M","M","M","E","M","M","T","E","M","R","?","$","R","BOSS"],"items_purchased_type":["Card"],"build_version":"2020-12-13","purchased_purges":1,"victory":false,"max_hp_per_floor":[80,80,80,80,80,80,80,80,80,80,80,80,80,80,80,80,80],"card_choices":[{"not_picked":["Infernal Blade","Heavy Blade"],"picked":"Metallicize","floor":1},{"not_picked":["Pommel Strike","Warcry"],"picked":"Shrug It Off","floor":2},{"not_picked":["Thunderclap","True Grit"],"picked":"Iron Wave","floor":3},{"not_picked":["Clothesline","Perfected Strike"],"picked":"Intimidate","floor":4},{"not_picked":["Rage","Thunderclap"],"picked":"Cleave","floor":5},{"not_picked":["Juggernaut","Havoc"],"picked":"Power Through","floor":6},{"not_picked":["Whirlwind","Sentinel"],"picked":"True Grit","floor":7},{"not_picked":["Dual Wield","Sentinel"],"picked":"Havoc","floor":8},{"not_picked":["Twin Strike","Metallicize"],"picked":"Armaments","floor":10},{"not_picked":["Entrench","Warcry"],"picked":"Armaments","floor":11}],"player_experience":149183,"relics_obtained":[{"floor":6,"key":"PreservedInsect"},{"floor":9,"key":"Ice Cream"},{"floor":10,"key":"Gremlin Horn"}],"event_choices":[{"cards_removed":["Strike_R"],"damage_healed":0,"gold_gain":0,"player_choice":"Offered Basic","damage_taken":0,"max_hp_gain":0,"max_hp_loss":0,"event_name":"Bonfire Elementals","floor":13,"gold_loss":0}],"is_beta":false,"boss_relics":[],"items_purged_floors":[14],"is_endless":false,"potions_floor_spawned":[1,4,7,10,11],"killed_by":"The Guardian","ascension_level":4}}