{"host":"gu5bom8l9zwjg25u","time":1608035849,"event":{"mods":["AchievementEnabler","BaseMod","Better Altar","Better Match","Better Note","Better Sensory Stone","Better Skull","Better Third Choice","Better Vampires","Challenge The Spire","Colored Map","Colored Powertips","Conspire","Curses Come First","Downfall","Emptier Cage","Energized Spire","GifTheSpireLib","GungeonMod","Hubris","Infinite Spire","Mad Scientist","Marked Mod","Minty Spire (QoL Compilation)","Rare Cards Sparkle","Relic Sorter","Replay The Spire","Say the Spire","Shop Mod","Spicy Shops","StSLib","The Blackbeard","The Blue Laboratory","The Bug Knight","The Cursed","The Death Knight","The Hierophant","The Runesmith","The Servant 0.9.4","The Valiant","Uncapped"],"gold_per_floor":[364,378,378,397,5,5,37,37,37,64,64,64,109,142,142,172,172,222,222],"floor_reached":18,"playtime":1011,"items_purged":[],"score":185,"play_id":"fc3cd042-c941-4c2f-8c41-b3494bd79d44","local_time":"20201215143729","is_ascension_mode":true,"campfire_choices":[{"data":"Replay:Undeath\u0027s Touch","floor":6,"key":"SMITH"},{"data":"Armaments","floor":8,"key":"SMITH"},{"floor":15,"key":"REST"},{"data":"Barricade","floor":17,"key":"SMITH"}],"circlet_count":0,"master_deck":["Strike_R","Strike_R","Strike_R","Strike_R","Strike_R","Defend_R","Defend_R","Defend_R","Defend_R","Bash","Armaments+1","Replay:Undeath\u0027s Touch+1","Rage","Barricade+1","Infernal Blade","Replay:Undeath\u0027s Touch","hubris:ReadiedAction","hubris:NaturalOne"],"relics":["Burning Blood","hubris:Icosahedron","Vajra","Bottled Flame","Ginger","ReplayTheSpireMod:Spearhead","conspire:TopHat","DemoMod:BigBoy","hubris:MobiusCoin"],"acts_visited":["Exordium"],"potions_floor_usage":[7,14,18],"damage_taken":[{"damage":8,"enemies":"conspire:RoseBush","floor":1,"turns":3},{"damage":1,"enemies":"Jaw Worm","floor":2,"turns":4},{"damage":0,"enemies":"Small Slimes","floor":4,"turns":3},{"damage":37,"enemies":"Gremlin Nob","floor":7,"turns":5},{"damage":30,"enemies":"3 Sentries","floor":10,"turns":10},{"damage":24,"enemies":"HollowMod:MossKnight","floor":14,"turns":6},{"damage":10,"enemies":"Gremlin Nob","floor":16,"turns":2},{"damage":31,"enemies":"Hexaghost","floor":18,"turns":9}],"seed_played":"-2098744837897575285","potions_obtained":[{"floor":1,"key":"BloodPotion"},{"floor":4,"key":"Weak Potion"},{"floor":16,"key":"EssenceOfSteel"}],"is_trial":false,"path_per_floor":["M","M","?","M","$","R","E","R","T","E","PTL","PTL","T","E","R","E","R","B"],"character_chosen":"IRONCLAD","items_purchased":["Vajra","Bottled Flame"],"campfire_rested":1,"item_purchase_floors":[5,5],"current_hp_per_floor":[70,72,72,72,72,72,41,41,41,17,17,17,17,13,34,30,30,0,0],"gold":222,"neow_bonus":"TWO_FIFTY_GOLD","is_daily":false,"chose_seed":false,"campfire_upgraded":3,"win_rate":0.0,"timestamp":1608035849,"path_taken":["M","M","?","M","$","R","E","R","T","E","PTL","PTL","?","?","E","R","E","R","BOSS"],"items_purchased_type":["Relic","Relic"],"build_version":"2020-12-13","purchased_purges":0,"victory":false,"max_hp_per_floor":[72,72,72,72,72,72,72,72,72,72,72,72,72,72,72,72,72,72,72],"card_choices":[{"not_picked":["Hemokinesis","Warcry"],"picked":"Armaments","floor":1},{"not_picked":["True Grit","Body Slam"],"picked":"Replay:Undeath\u0027s Touch","floor":2},{"not_picked":["Wild Strike","ReplayTheSpireMod:Strike From Hell"],"picked":"Rage","floor":4},{"not_picked":["Clothesline","True Grit"],"picked":"Barricade","floor":7},{"not_picked":["Sword Boomerang","Armaments"],"picked":"Infernal Blade","floor":10},{"not_picked":["Headbutt","Fire Breathing"],"picked":"Replay:Undeath\u0027s Touch","floor":14},{"not_picked":["Twin Strike","Spot Weakness"],"picked":"hubris:ReadiedAction","floor":16}],"player_experience":296928,"relics_obtained":[{"floor":7,"key":"Ginger"},{"floor":10,"key":"ReplayTheSpireMod:Spearhead"},{"floor":13,"key":"conspire:TopHat"},{"floor":14,"key":"DemoMod:BigBoy"},{"floor":16,"key":"hubris:MobiusCoin"}],"event_choices":[],"is_beta":false,"boss_relics":[],"items_purged_floors":[],"is_endless":false,"potions_floor_spawned":[1,4,16],"killed_by":"Hexaghost","ascension_level":3}}