{"host":"kh6fvhxn285ncg0o","time":1608018351,"event":{"mods":["Act Like it!","BaseMod","Colored Map","Friendly Minions","Keyboard Shortcuts","Minty Spire (QoL Compilation)","Quick Restart","Relic Stats","StSLib","SuperFastMode"],"gold_per_floor":[119,194,194,211,238,266,266,282,282,309,327,361,377,30,30,108,108,127,127,143,143,163,163,192,211,237,23,58,73,103,118,118,195,195,210,261,286,286,299,325,337,337,337,362,362,395,410,426,426,426,426,426,426,43,72,72],"floor_reached":57,"playtime":2734,"items_purged":["Strike_R","Pain"],"score":3319,"play_id":"ba671ba1-c216-4261-b10e-f1da27aa4b71","local_time":"20201215164551","is_ascension_mode":true,"campfire_choices":[{"data":"Bash","floor":7.0,"key":"SMITH"},{"data":"Body Slam","floor":15.0,"key":"SMITH"},{"data":"Fiend Fire","floor":23.0,"key":"SMITH"},{"data":"Burning Pact","floor":32.0,"key":"SMITH"},{"data":"Evolve","floor":45.0,"key":"SMITH"},{"floor":49.0,"key":"RECALL"},{"data":"Feel No Pain","floor":53,"key":"SMITH"}],"circlet_count":0,"master_deck":["AscendersBane","Strike_R","Strike_R+1","Strike_R","Strike_R","Defend_R+1","Defend_R","Defend_R+1","Defend_R+1","Bash+1","Battle Trance","Offering+1","Body Slam+1","Metallicize","Burning Pact+1","Fiend Fire+1","Armaments+1","Evolve+1","Feed+1","Feel No Pain+1","Power Through+1","Shrug It Off+1","Second Wind","Purity"],"relics":["Burning Blood","NeowsBlessing","Smiling Mask","Meat on the Bone","Singing Bowl","White Beast Statue","Centennial Puzzle","Dead Branch","Coffee Dripper","WarpedTongs","FossilizedHelix","ClockworkSouvenir","Oddly Smooth Stone","Black Star","Bird Faced Urn","StoneCalendar","Omamori","Lantern","Potion Belt","Blood Vial","Red Skull","Thread and Needle","Whetstone","Bag of Preparation","Anchor","War Paint"],"acts_visited":["Exordium","TheCity","TheBeyond","TheEnding"],"potions_floor_usage":[50,55,56,56,56,56],"damage_taken":[{"damage":0.0,"enemies":"Cultist","floor":1.0,"turns":1.0},{"damage":0.0,"enemies":"2 Louse","floor":4.0,"turns":1.0},{"damage":0.0,"enemies":"3 Sentries","floor":6.0,"turns":2.0},{"damage":12.0,"enemies":"Jaw Worm","floor":8.0,"turns":2.0},{"damage":36.0,"enemies":"Lagavulin","floor":10.0,"turns":6.0},{"damage":12.0,"enemies":"Lots of Slimes","floor":11.0,"turns":6.0},{"damage":26.0,"enemies":"3 Sentries","floor":12.0,"turns":9.0},{"damage":6.0,"enemies":"3 Louse","floor":13.0,"turns":2.0},{"damage":22.0,"enemies":"The Guardian","floor":16.0,"turns":12.0},{"damage":7.0,"enemies":"3 Byrds","floor":18.0,"turns":4.0},{"damage":0.0,"enemies":"Spheric Guardian","floor":20.0,"turns":1.0},{"damage":28.0,"enemies":"Snecko","floor":22.0,"turns":6.0},{"damage":10.0,"enemies":"Book of Stabbing","floor":24.0,"turns":2.0},{"damage":2.0,"enemies":"Snake Plant","floor":25.0,"turns":3.0},{"damage":11.0,"enemies":"Gremlin Leader","floor":28.0,"turns":2.0},{"damage":11.0,"enemies":"3 Cultists","floor":29.0,"turns":4.0},{"damage":32.0,"enemies":"Slavers","floor":30.0,"turns":5.0},{"damage":23.0,"enemies":"Centurion and Healer","floor":31.0,"turns":3.0},{"damage":18.0,"enemies":"Automaton","floor":33.0,"turns":10.0},{"damage":57.0,"enemies":"3 Darklings","floor":35.0,"turns":5.0},{"damage":11.0,"enemies":"2 Orb Walkers","floor":36.0,"turns":3.0},{"damage":30.0,"enemies":"Mind Bloom Boss Battle","floor":37.0,"turns":4.0},{"damage":2.0,"enemies":"3 Shapes","floor":39.0,"turns":7.0},{"damage":21.0,"enemies":"Giant Head","floor":40.0,"turns":6.0},{"damage":8.0,"enemies":"Sphere and 2 Shapes","floor":41.0,"turns":3.0},{"damage":59.0,"enemies":"Nemesis","floor":44.0,"turns":7.0},{"damage":17.0,"enemies":"Reptomancer","floor":46.0,"turns":5.0},{"damage":10.0,"enemies":"Spire Growth","floor":47.0,"turns":4.0},{"damage":53.0,"enemies":"4 Shapes","floor":48.0,"turns":5.0},{"damage":31,"enemies":"Awakened One","floor":50,"turns":18},{"damage":22,"enemies":"Time Eater","floor":51,"turns":9},{"damage":42,"enemies":"Shield and Spear","floor":55,"turns":7},{"damage":7,"enemies":"The Heart","floor":56,"turns":9}],"seed_played":"8108425491833204701","potions_obtained":[{"floor":6.0,"key":"SpeedPotion"},{"floor":8.0,"key":"Regen Potion"},{"floor":10.0,"key":"Swift Potion"},{"floor":11.0,"key":"FairyPotion"},{"floor":12.0,"key":"Energy Potion"},{"floor":13.0,"key":"EssenceOfSteel"},{"floor":16.0,"key":"Block Potion"},{"floor":18.0,"key":"Strength Potion"},{"floor":22.0,"key":"Weak Potion"},{"floor":24.0,"key":"PowerPotion"},{"floor":25.0,"key":"ColorlessPotion"},{"floor":28.0,"key":"SpeedPotion"},{"floor":29.0,"key":"Regen Potion"},{"floor":30.0,"key":"Dexterity Potion"},{"floor":33.0,"key":"AttackPotion"},{"floor":35.0,"key":"CultistPotion"},{"floor":36.0,"key":"EssenceOfSteel"},{"floor":37.0,"key":"Dexterity Potion"},{"floor":40.0,"key":"Strength Potion"},{"floor":44.0,"key":"PowerPotion"},{"floor":46.0,"key":"FearPotion"},{"floor":47.0,"key":"Ancient Potion"},{"floor":48.0,"key":"SpeedPotion"},{"floor":55,"key":"LiquidBronze"}],"is_trial":false,"path_per_floor":["M","?","?","M","T","E","R","M","T","E","M","E","M","$","R","B",null,"M","?","M","?","M","R","E","M","T","$","E","M","E","M","R","B",null,"M","?","?","?","M","E","M","?","T","E","R","E","M","M","R","B","B",null,"R","$","E","B",null],"character_chosen":"IRONCLAD","items_purchased":["Dead Branch","ClockworkSouvenir","Bag of Preparation","Purity","DuplicationPotion"],"campfire_rested":0,"item_purchase_floors":[14,27,54,54,54],"current_hp_per_floor":[74,63,40,46,46,52,52,46,46,45,51,43,57,57,57,53,73,74,51,57,57,49,49,59,65,65,65,60,57,59,56,56,56,88,52,61,60,60,72,71,79,79,79,46,46,59,67,48,48,49,55,105,105,105,97,110],"gold":72,"neow_bonus":"THREE_ENEMY_KILL","is_daily":false,"chose_seed":false,"campfire_upgraded":6,"win_rate":0.0,"timestamp":1608018351,"path_taken":["M","?","?","M","?","E","R","?","T","E","M","E","M","$","R","BOSS","M","?","M","?","?","R","E","M","T","$","E","M","E","M","R","BOSS","M","?","?","?","M","E","?","?","T","E","R","E","M","M","R","BOSS","BOSS","R","$","E","BOSS"],"items_purchased_type":["Relic","Relic","Relic","Card","Potion"],"build_version":"2020-12-13","purchased_purges":2,"victory":true,"max_hp_per_floor":[75,75,75,75,75,75,75,75,75,77,77,77,79,79,79,79,79,81,86,86,86,88,88,90,92,92,92,92,94,96,98,98,98,98,101,103,106,106,106,108,112,112,112,112,112,114,116,122,122,122,122,122,122,122,124,124],"relic_stats":{"Singing Bowl":30,"counters":[33,173],"Dead Branch":[502],"StoneCalendar":[175],"Bag of Preparation":[4],"Whetstone":["Feed","Strike_R"],"War Paint":["Offering","Defend_R"],"Smiling Mask":75,"Burning Blood":198,"WarpedTongs":[123],"Blood Vial":14,"Centennial Puzzle":[72],"Bird Faced Urn":[122],"Black Star":4,"obtain_stats":[{"Lantern":40,"Singing Bowl":9,"StoneCalendar":37,"Bag of Preparation":54,"Whetstone":46,"Smiling Mask":5,"Burning Blood":0,"ClockworkSouvenir":27,"Blood Vial":44,"Centennial Puzzle":12,"Red Skull":44,"Potion Belt":43,"NeowsBlessing":0,"Dead Branch":14,"Oddly Smooth Stone":28,"Thread and Needle":46,"Omamori":40,"War Paint":55,"White Beast Statue":10,"WarpedTongs":21,"Anchor":55,"Bird Faced Urn":36,"Coffee Dripper":17,"Black Star":34,"FossilizedHelix":24,"Meat on the Bone":6},{"Lantern":24,"Singing Bowl":4,"StoneCalendar":22,"Bag of Preparation":31,"Whetstone":27,"Smiling Mask":2,"Burning Blood":0,"ClockworkSouvenir":14,"Blood Vial":26,"Centennial Puzzle":7,"Red Skull":26,"Potion Belt":25,"NeowsBlessing":0,"Dead Branch":8,"Oddly Smooth Stone":15,"Thread and Needle":27,"Omamori":24,"War Paint":32,"White Beast Statue":5,"WarpedTongs":11,"Anchor":32,"Bird Faced Urn":21,"Coffee Dripper":9,"Black Star":19,"FossilizedHelix":13,"Meat on the Bone":3},{"Lantern":106,"Singing Bowl":6,"StoneCalendar":93,"Bag of Preparation":157,"Whetstone":121,"Smiling Mask":2,"Burning Blood":0,"ClockworkSouvenir":57,"Blood Vial":116,"Centennial Puzzle":27,"Red Skull":116,"Potion Belt":109,"NeowsBlessing":0,"Dead Branch":29,"Oddly Smooth Stone":59,"Thread and Needle":121,"Omamori":106,"War Paint":164,"White Beast Statue":12,"WarpedTongs":46,"Anchor":164,"Bird Faced Urn":89,"Coffee Dripper":41,"Black Star":81,"FossilizedHelix":54,"Meat on the Bone":4}],"Meat on the Bone":216},"card_choices":[{"not_picked":["Uppercut","Infernal Blade"],"picked":"Battle Trance","floor":4.0},{"not_picked":["Intimidate","Body Slam"],"picked":"Offering","floor":6.0},{"not_picked":["Warcry","Clothesline"],"picked":"Body Slam","floor":8.0},{"not_picked":["Headbutt","Body Slam","Dual Wield"],"picked":"Singing Bowl","floor":10.0},{"not_picked":["Body Slam","Clash"],"picked":"Metallicize","floor":11.0},{"not_picked":["Shrug It Off","Spot Weakness"],"picked":"Burning Pact","floor":12.0},{"not_picked":["Cleave","Wild Strike","True Grit"],"picked":"Singing Bowl","floor":13.0},{"not_picked":["Impervious","Berserk"],"picked":"Fiend Fire","floor":16.0},{"not_picked":["Dark Embrace","Thunderclap","Sword Boomerang+1"],"picked":"Singing Bowl","floor":18.0},{"not_picked":["Cleave","Flame Barrier"],"picked":"Armaments+1","floor":20.0},{"not_picked":["Limit Break","Battle Trance","Fire Breathing"],"picked":"Singing Bowl","floor":22.0},{"not_picked":["Dual Wield","Anger","Pommel Strike"],"picked":"Singing Bowl","floor":24.0},{"not_picked":["Rampage","Uppercut","Flex"],"picked":"Singing Bowl","floor":25.0},{"not_picked":["Rampage","Intimidate"],"picked":"Evolve","floor":28.0},{"not_picked":["Dark Embrace","Rampage","True Grit"],"picked":"Singing Bowl","floor":29.0},{"not_picked":["Evolve","Cleave","Dropkick+1"],"picked":"Singing Bowl","floor":30.0},{"not_picked":["Metallicize","Hemokinesis","Shrug It Off"],"picked":"Singing Bowl","floor":31.0},{"not_picked":["Offering","Brutality"],"picked":"Feed","floor":33.0},{"not_picked":["Infernal Blade","True Grit"],"picked":"Feel No Pain","floor":35.0},{"not_picked":["Heavy Blade","Thunderclap","Perfected Strike"],"picked":"Singing Bowl","floor":36.0},{"not_picked":["Burning Pact","Whirlwind"],"picked":"Power Through+1","floor":37.0},{"not_picked":["Sever Soul+1","Sentinel"],"picked":"Shrug It Off+1","floor":39.0},{"not_picked":["Brutality","Armaments","Anger"],"picked":"Singing Bowl","floor":40.0},{"not_picked":["Havoc","Infernal Blade"],"picked":"Reckless Charge+1","floor":41.0},{"not_picked":["Metallicize","Inflame+1"],"picked":"Second Wind","floor":44.0},{"not_picked":["Searing Blow","Combust","Ghostly Armor+1"],"picked":"Singing Bowl","floor":46.0},{"not_picked":["Battle Trance","Sever Soul+1","Perfected Strike"],"picked":"Singing Bowl","floor":47.0},{"not_picked":["Pummel+1","Pommel Strike","Sever Soul"],"picked":"Singing Bowl","floor":48.0},{"not_picked":["Ghostly Armor","Iron Wave","Shrug It Off"],"picked":"Singing Bowl","floor":55}],"player_experience":3169959,"relics_obtained":[{"floor":5.0,"key":"Smiling Mask"},{"floor":6.0,"key":"Meat on the Bone"},{"floor":9.0,"key":"Singing Bowl"},{"floor":10.0,"key":"White Beast Statue"},{"floor":12.0,"key":"Centennial Puzzle"},{"floor":24.0,"key":"FossilizedHelix"},{"floor":28.0,"key":"Oddly Smooth Stone"},{"floor":36.0,"key":"Bird Faced Urn"},{"floor":37.0,"key":"StoneCalendar"},{"floor":40.0,"key":"Omamori"},{"floor":40.0,"key":"Lantern"},{"floor":43.0,"key":"Potion Belt"},{"floor":44.0,"key":"Blood Vial"},{"floor":44.0,"key":"Red Skull"},{"floor":46.0,"key":"Thread and Needle"},{"floor":46.0,"key":"Whetstone"},{"floor":55,"key":"Anchor"},{"floor":55,"key":"War Paint"}],"event_choices":[{"damage_healed":0.0,"max_hp_gain":0.0,"max_hp_loss":0.0,"gold_gain":75.0,"event_name":"World of Goop","player_choice":"Gather Gold","floor":2.0,"gold_loss":0.0,"damage_taken":11.0},{"damage_healed":0.0,"max_hp_gain":0.0,"max_hp_loss":0.0,"gold_gain":0.0,"event_name":"Shining Light","player_choice":"Entered Light","floor":3.0,"gold_loss":0.0,"damage_taken":23.0,"cards_upgraded":["Defend_R","Defend_R"]},{"damage_healed":0.0,"max_hp_gain":5.0,"max_hp_loss":0.0,"gold_gain":0.0,"event_name":"Forgotten Altar","player_choice":"Shed Blood","floor":19.0,"gold_loss":0.0,"damage_taken":28.0},{"damage_healed":0.0,"max_hp_gain":0.0,"max_hp_loss":0.0,"gold_gain":0.0,"event_name":"Accursed Blacksmith","player_choice":"Rummage","floor":21.0,"gold_loss":0.0,"damage_taken":0.0,"relics_obtained":["WarpedTongs"],"cards_obtained":["Pain"]},{"damage_healed":0.0,"max_hp_gain":0.0,"max_hp_loss":0.0,"gold_gain":0.0,"event_name":"Mysterious Sphere","player_choice":"Fight","floor":36.0,"gold_loss":0.0,"damage_taken":0.0},{"damage_healed":0.0,"max_hp_gain":0.0,"max_hp_loss":0.0,"gold_gain":0.0,"event_name":"MindBloom","player_choice":"Fight","floor":37.0,"gold_loss":0.0,"damage_taken":0.0},{"damage_healed":0.0,"max_hp_gain":0.0,"max_hp_loss":0.0,"gold_gain":0.0,"event_name":"Tomb of Lord Red Mask","player_choice":"Ignored","floor":38.0,"gold_loss":0.0,"damage_taken":0.0},{"cards_removed":["Reckless Charge"],"damage_healed":0.0,"max_hp_gain":0.0,"max_hp_loss":0.0,"gold_gain":0.0,"event_name":"Falling","player_choice":"Removed Attack","floor":42.0,"gold_loss":0.0,"damage_taken":0.0}],"is_beta":false,"boss_relics":[{"not_picked":["Tiny House","Astrolabe"],"picked":"Coffee Dripper"},{"not_picked":["Runic Cube","Runic Pyramid"],"picked":"Black Star"}],"items_purged_floors":[27,54],"is_endless":false,"potions_floor_spawned":[6,8,10,11,12,13,16,18,20,22,24,25,28,29,30,31,33,35,36,37,39,40,41,44,46,47,48,55],"ascension_level":20}}