{"host":"svwqvw2il1zfkkg0","time":1608074107,"event":{"mods":["AchievementEnabler","BaseMod","BetterRewards","Colored Map","Colored Powertips","Custom Start","Downfall","GifTheSpireLib","Highlight Path","Hubris","Infinite Spire","Minty Spire (QoL Compilation)","Quick Restart","Replay The Spire","Shop Mod","StSLib","SuperFastMode"],"gold_per_floor":[111,122,122,137,152,179,189,189,270,286,297,297,81,98,98,199,199,214,226,245,257,257,284,284,304,327,341,341,341],"floor_reached":28,"playtime":991,"items_purged":[],"score":273,"play_id":"b1a8bb93-f06c-4d39-b8ef-4ff8687f23ac","local_time":"20201215151507","is_ascension_mode":false,"campfire_choices":[{"floor":8,"key":"REST"},{"floor":12,"key":"REST"},{"data":"Corpse Explosion","floor":15,"key":"SMITH"},{"floor":24,"key":"REST"}],"circlet_count":0,"master_deck":["Strike_G","Strike_G","Strike_G","Strike_G","Strike_G","Defend_G","Defend_G","Defend_G","Defend_G","Defend_G","Survivor","Neutralize","Toxin Wave","Poisoned Stab+1","Replay:Poison Smokescreen","Prepared","Masterful Stab","Corpse Explosion+1","Poisoned Stab+1","PiercingWail","Poison Darts+1","Flying Knee","Dash","Poisoned Stab","Poisoned Stab","Leg Sweep","Dagger Spray","Crippling Poison"],"relics":["Ring of the Snake","Bronze Scales","Bird Faced Urn","Letter Opener","DollysMirror","Pet Ghost","Boot"],"acts_visited":["Exordium","TheCity"],"potions_floor_usage":[6,6,16,16,16,20],"damage_taken":[{"damage":2,"enemies":"Jaw Worm","floor":1,"turns":5},{"damage":2,"enemies":"Cultist","floor":2,"turns":3},{"damage":1,"enemies":"infinitespire:Voidling","floor":4,"turns":3},{"damage":6,"enemies":"Exordium Wildlife","floor":5,"turns":4},{"damage":11,"enemies":"3 Sentries","floor":6,"turns":6},{"damage":22,"enemies":"Large Slime","floor":7,"turns":5},{"damage":0,"enemies":"3 Louse","floor":10,"turns":1},{"damage":1,"enemies":"2 Fungi Beasts","floor":11,"turns":3},{"damage":7,"enemies":"Looter","floor":14,"turns":2},{"damage":25,"enemies":"The Guardian","floor":16,"turns":7},{"damage":10,"enemies":"Chosen","floor":18,"turns":3},{"damage":0,"enemies":"3 Byrds","floor":19,"turns":3},{"damage":13,"enemies":"Centurion and Healer","floor":20,"turns":4},{"damage":0,"enemies":"Chosen and Byrds","floor":21,"turns":5},{"damage":48,"enemies":"Gremlin Leader","floor":23,"turns":7},{"damage":18,"enemies":"Shelled Parasite and Fungi","floor":25,"turns":5},{"damage":0,"enemies":"3 Cultists","floor":27,"turns":2},{"damage":5,"enemies":"Snake Plant","floor":28,"turns":2}],"seed_played":"-4896487465002167013","potions_obtained":[{"floor":1,"key":"Explosive Potion"},{"floor":4,"key":"BlessingOfTheForge"},{"floor":6,"key":"BlessingOfTheForge"},{"floor":10,"key":"Strength Potion"},{"floor":11,"key":"Ancient Potion"},{"floor":18,"key":"PowerPotion"},{"floor":20,"key":"hexamod:EctoCoolerPotion"},{"floor":25,"key":"Elixir"}],"is_trial":false,"path_per_floor":["M","M","?","M","M","E","M","R","T","M","M","R","$","M","R","B",null,"M","M","M","M","?","E","R","M","T","M","M"],"character_chosen":"THE_SILENT","items_purchased":["DollysMirror","LiquidBronze"],"campfire_rested":3,"item_purchase_floors":[13,13],"current_hp_per_floor":[68,66,66,65,59,48,26,47,47,47,46,67,67,60,60,35,70,60,60,49,49,49,1,22,4,4,4,0,0],"gold":341,"neow_bonus":"RANDOM_COMMON_RELIC","is_daily":false,"chose_seed":false,"campfire_upgraded":1,"win_rate":0.0,"timestamp":1608074107,"path_taken":["M","M","?","M","M","E","M","R","T","M","M","R","$","M","R","BOSS","M","M","M","M","?","E","R","M","T","M","M"],"items_purchased_type":["Relic","Potion"],"build_version":"2020-12-13","purchased_purges":0,"victory":false,"max_hp_per_floor":[70,70,70,70,70,70,70,70,70,70,70,70,70,70,70,70,70,70,70,70,70,70,70,70,70,70,70,70,70],"card_choices":[{"not_picked":["Acrobatics","Dagger Throw"],"picked":"Toxin Wave","floor":1},{"not_picked":["Dagger Spray","Leg Sweep"],"picked":"Poisoned Stab","floor":2},{"not_picked":["Calculated Gamble","Deadly Poison"],"picked":"Replay:Poison Smokescreen","floor":4},{"not_picked":["Acrobatics","Accuracy"],"picked":"Prepared","floor":5},{"not_picked":["Well Laid Plans","Infinite Blades"],"picked":"Masterful Stab","floor":6},{"not_picked":["Finisher","Cloak And Dagger","Setup"],"picked":"SKIP","floor":7},{"not_picked":["Infinite Blades","hubris:SlightOfHand","hubris:Sniper"],"picked":"SKIP","floor":10},{"not_picked":["Dagger Throw","hubris:TrickCloak"],"picked":"Corpse Explosion","floor":11},{"not_picked":["Blur","Hidden Blade"],"picked":"PiercingWail","floor":14},{"not_picked":["Replay:Bag of Tricks","Malaise"],"picked":"Poison Darts","floor":16},{"not_picked":["Quick Slash","Hidden Blade"],"picked":"Flying Knee","floor":18},{"not_picked":["Sneak Up+1","Hidden Blade+1"],"picked":"Dash","floor":19},{"not_picked":["Backflip","Riddle With Holes+1"],"picked":"Poisoned Stab","floor":20},{"not_picked":["Backstab","Deflect"],"picked":"Poisoned Stab","floor":21},{"not_picked":["Infinite Blades","PiercingWail+1"],"picked":"Leg Sweep","floor":23},{"not_picked":["Slice","Deflect+1"],"picked":"Dagger Spray","floor":25},{"not_picked":["Dagger Spray","Blade Dance+1"],"picked":"Crippling Poison","floor":27}],"player_experience":381821,"relics_obtained":[{"floor":6,"key":"Bird Faced Urn"},{"floor":9,"key":"Letter Opener"},{"floor":23,"key":"Pet Ghost"},{"floor":26,"key":"Boot"}],"event_choices":[{"damage_healed":0,"gold_gain":0,"player_choice":"Upgraded","damage_taken":0,"max_hp_gain":0,"max_hp_loss":0,"event_name":"Upgrade Shrine","floor":3,"gold_loss":0,"cards_upgraded":["Poisoned Stab"]},{"damage_healed":0,"gold_gain":0,"player_choice":"Forge","damage_taken":0,"max_hp_gain":0,"max_hp_loss":0,"event_name":"Accursed Blacksmith","floor":22,"gold_loss":0,"cards_upgraded":["Poison Darts"]}],"is_beta":false,"boss_relics":[{"not_picked":["Pandora\u0027s Box","hubris:GrandSneckoEye","Honey Jar"]}],"items_purged_floors":[],"is_endless":false,"potions_floor_spawned":[1,4,6,10,11,14,18,20,25],"killed_by":"Snake Plant","ascension_level":0}}