{"host":"2ccem01eblg14btk","time":1608045924,"event":{"mods":["BaseMod","Colored Map","Downfall","Minty Spire (QoL Compilation)","Quick Restart","StSLib"],"gold_per_floor":[99,124,151,338,368,380,392,417,429,441,62,74,74,85,104,203,203,203,188,188],"floor_reached":19,"playtime":1473,"items_purged":["Doubt"],"score":167,"play_id":"63809d6c-814b-468a-9328-8c49b2bdd2f6","local_time":"20201215162524","is_ascension_mode":false,"campfire_choices":[{"data":"hexamod:Sear","floor":1.0,"key":"SMITH"},{"floor":6,"key":"REST"},{"floor":10,"key":"REST"},{"data":"hexamod:TimeOfNeed","floor":18,"key":"SMITH"}],"circlet_count":0,"master_deck":["hexamod:Strike","hexamod:Strike","hexamod:Strike","hexamod:Strike","hexamod:Defend","hexamod:Defend","hexamod:Defend","hexamod:Defend","hexamod:Sear+1","hexamod:Float","hexamod:TimeWarp","hexamod:ThermalTransfer","hexamod:ExtraCrispy","hexamod:CatchUp","hexamod:SpectersWail","hexamod:RadiantFlame","hexamod:TurnItUp","hexamod:NightmareGuise","hexamod:CrushingStance","hexamod:ChargedBarrage","hexamod:TimeOfNeed+1","hexamod:SoulSteal"],"relics":["hexamod:SpiritBrand","MawBank","Mercury Hourglass","downfall:ShatteredFragment","Lantern","Gambling Chip","Cursed Key"],"acts_visited":["Exordium","TheCity"],"potions_floor_usage":[],"damage_taken":[{"damage":39,"enemies":"Lagavulin","floor":2,"turns":7},{"damage":5,"enemies":"Small Slimes","floor":3,"turns":4},{"damage":0,"enemies":"Jaw Worm","floor":5,"turns":3},{"damage":0,"enemies":"Cultist","floor":8,"turns":3},{"damage":0,"enemies":"downfall:FleeingMerchant","floor":11,"turns":4},{"damage":4,"enemies":"Large Slime","floor":12,"turns":5},{"damage":0,"enemies":"3 Louse","floor":14,"turns":2},{"damage":0,"enemies":"Gremlin Gang","floor":15,"turns":2},{"damage":30,"enemies":"downfall:Silent","floor":16,"turns":6},{"damage":4,"enemies":"downfall:FleeingMerchant","floor":19,"turns":4}],"seed_played":"-8499089895881743915","potions_obtained":[{"floor":2,"key":"FearPotion"},{"floor":8,"key":"FearPotion"},{"floor":16,"key":"Ancient Potion"}],"is_trial":false,"path_per_floor":["R","E","M","?","M","R","T","M","?","R","$","M","T","M","M","B",null,"R","$"],"character_chosen":"THE_SPIRIT","items_purchased":["hexamod:RadiantFlame","Lantern","hexamod:TurnItUp"],"campfire_rested":2,"item_purchase_floors":[11,11,11],"current_hp_per_floor":[77,38,33,33,33,56,56,56,35,58,58,54,54,54,54,24,77,77,73,73],"gold":188,"neow_bonus":"TEN_PERCENT_HP_BONUS","is_daily":false,"chose_seed":false,"campfire_upgraded":2,"win_rate":0.0,"timestamp":1608045924,"path_taken":["R","E","M","?","M","R","T","M","?","R","?","?","?","M","M","BOSS","R","$"],"items_purchased_type":["Card","Relic","Card"],"build_version":"2020-12-13","purchased_purges":1,"victory":false,"max_hp_per_floor":[77,77,77,77,77,77,77,77,77,77,77,77,77,77,77,77,77,77,77,77],"card_choices":[{"not_picked":["hexamod:Firestarter","hexamod:BacktrackSmack"],"picked":"hexamod:TimeWarp","floor":2},{"not_picked":["hexamod:NecessarySacrifice","hexamod:GhostShield"],"picked":"hexamod:ThermalTransfer","floor":3},{"not_picked":["hexamod:BacktrackSmack","hexamod:SpectralAdrenaline"],"picked":"hexamod:ExtraCrispy","floor":5},{"not_picked":["hexamod:SkipABeat","hexamod:RainOfEmbers"],"picked":"hexamod:CatchUp","floor":8},{"not_picked":["hexamod:BacktrackSmack","hexamod:Hexaguard"],"picked":"hexamod:SpectersWail","floor":11},{"not_picked":["hexamod:RainOfEmbers","hexamod:PhantomFireball"],"picked":"hexamod:NightmareGuise","floor":12},{"not_picked":["hexamod:Hexaguard","hexamod:NecessarySacrifice"],"picked":"hexamod:CrushingStance","floor":14},{"not_picked":["hexamod:AdvancingGuard","hexamod:GhostLash"],"picked":"hexamod:ChargedBarrage","floor":15},{"not_picked":["hexamod:TurnItUp","hexamod:SixthSeal"],"picked":"hexamod:TimeOfNeed","floor":16},{"not_picked":["hexamod:Hexaguard+1","hexamod:AdvancingGuard"],"picked":"hexamod:SoulSteal","floor":19}],"player_experience":128557,"relics_obtained":[{"floor":2,"key":"MawBank"},{"floor":7,"key":"Mercury Hourglass"},{"floor":13,"key":"Gambling Chip"}],"event_choices":[],"is_beta":false,"boss_relics":[{"not_picked":["Coffee Dripper","Velvet Choker"],"picked":"Cursed Key"}],"items_purged_floors":[11],"is_endless":false,"potions_floor_spawned":[2,8,16],"ascension_level":0}}