{"host":"e5vsl4ezcfxwu44d","time":1608038154,"event":{"mods":["BaseMod","Better Note","Colored Powertips","Downfall","Highlight Path","Minty Spire (QoL Compilation)","Spikes Relics","StSLib","Unceasing Turn Reminder"],"gold_per_floor":[99,109,134,234,254,254,254,286,223,267,111,130,280,10,28,28,28],"floor_reached":16,"playtime":1760,"items_purged":["champ:Strike","Slimebound:Icky"],"score":110,"play_id":"a28176e1-b10b-4c39-8488-b52bcda78dc8","local_time":"20201215081554","is_ascension_mode":false,"campfire_choices":[{"data":"champ:Taunt","floor":1,"key":"SMITH"},{"floor":6,"key":"RECALL"},{"floor":9,"key":"REST"}],"circlet_count":0,"master_deck":["champ:Strike","champ:Strike","champ:Strike","champ:Defend","champ:Defend","champ:Defend","champ:Defend","champ:Execute","champ:Taunt+1","champ:ViciousMockery","champ:BladeFlurry","champ:GladiatorsShout","champ:FaceSlap","champ:SteelEdge","champ:FocusedBerserking","champ:RapidStrikes","champ:FalseCounter","champ:IronFortress","champ:BerserkerStyle"],"relics":["champ:ChampionCrown","PreservedInsect","MawBank","downfall:HeartBlessingRed","BicycleWheel","champ:BerserkersGuideToSlaughter"],"acts_visited":["Exordium"],"potions_floor_usage":[8,12,14,16,16],"damage_taken":[{"damage":5,"enemies":"Small Slimes","floor":2,"turns":3},{"damage":66,"enemies":"3 Sentries","floor":3,"turns":11},{"damage":5,"enemies":"Cultist","floor":5,"turns":3},{"damage":13,"enemies":"Jaw Worm","floor":8,"turns":3},{"damage":19,"enemies":"Gremlin Nob","floor":10,"turns":3},{"damage":10,"enemies":"downfall:FleeingMerchant","floor":11,"turns":4},{"damage":6,"enemies":"3 Louse","floor":12,"turns":2},{"damage":3,"enemies":"downfall:FleeingMerchant","floor":14,"turns":4},{"damage":12,"enemies":"2 Fungi Beasts","floor":15,"turns":4},{"damage":68,"enemies":"downfall:Defect","floor":16,"turns":5}],"seed_played":"2707818077888928585","potions_obtained":[{"floor":3,"key":"SmokeBomb"},{"floor":8,"key":"EntropicBrew"},{"floor":12,"key":"BlessingOfTheForge"}],"is_trial":false,"path_per_floor":["R","M","E","?","M","R","T","M","R","E","$","M","?","$","M","B"],"character_chosen":"THE_CHAMP","items_purchased":["champ:RapidStrikes","champ:BerserkersGuideToSlaughter"],"campfire_rested":1,"item_purchase_floors":[11,14],"current_hp_per_floor":[99,99,48,48,48,48,48,40,69,55,55,54,54,56,49,0,0],"gold":28,"neow_bonus":"TEN_PERCENT_HP_BONUS","is_daily":false,"chose_seed":false,"campfire_upgraded":1,"win_rate":0.0,"timestamp":1608038154,"path_taken":["R","M","E","?","M","R","T","M","R","E","$","?","?","$","M","BOSS"],"items_purchased_type":["Card","Relic"],"build_version":"2020-12-13","purchased_purges":2,"victory":false,"max_hp_per_floor":[99,99,99,99,99,99,99,99,99,99,99,99,99,99,99,99,99],"card_choices":[{"not_picked":["champ:RisingSlash","champ:StanceDance"],"picked":"champ:ViciousMockery","floor":2},{"not_picked":["champ:PerfectedStrike","champ:Circumvent"],"picked":"champ:BladeFlurry","floor":3},{"not_picked":["champ:Circumvent","champ:TornadoPunch"],"picked":"champ:GladiatorsShout","floor":5},{"not_picked":["champ:EnGarde","champ:AdrenalArmor"],"picked":"champ:FaceSlap","floor":8},{"not_picked":["champ:GladiatorsShout","champ:FanOfKnives"],"picked":"champ:SteelEdge","floor":10},{"not_picked":["champ:BerserkersShout","champ:GladiatorsShout"],"picked":"champ:FocusedBerserking","floor":11},{"not_picked":["champ:GladiatorsShout","champ:FlashCut"],"picked":"champ:FalseCounter","floor":12},{"not_picked":["champ:RisingSlash","champ:Backstep"],"picked":"champ:IronFortress","floor":14},{"not_picked":["champ:StanceDance","champ:EnGarde"],"picked":"champ:BerserkerStyle","floor":15}],"player_experience":180257,"relics_obtained":[{"floor":3,"key":"PreservedInsect"},{"floor":7,"key":"MawBank"},{"floor":10,"key":"BicycleWheel"}],"event_choices":[],"is_beta":false,"boss_relics":[],"items_purged_floors":[11,14],"is_endless":false,"potions_floor_spawned":[3,8,12],"killed_by":"downfall:Defect","ascension_level":0}}