{"host":"5mo0809oo9tcrmpl","time":1608006648,"event":{"mods":["BaseMod","Highlight Path","Minty Spire (QoL Compilation)","Relic Stats","Slay the Relics Exporter"],"gold_per_floor":[211,211,231,42,61,61,73,107,132,57,67,77,105,123,123,198,198,211,225,225,225,125,158,158,185,264,264,289,307,320,339,339,413,413,427,452,471,471,484,484,516,516,591,605,615,648,113,146,146,146,146,146],"floor_reached":51,"playtime":3008,"items_purged":["Strike_R","Decay","Injury"],"score":1518,"play_id":"4c673a35-7b4e-4b48-97d4-4805aa01face","local_time":"20201214223048","is_ascension_mode":true,"campfire_choices":[{"data":"Bash","floor":6.0,"key":"SMITH"},{"data":"Metallicize","floor":15.0,"key":"SMITH"},{"data":"Cleave","floor":24.0,"key":"SMITH"},{"data":"Metallicize","floor":32.0,"key":"SMITH"},{"floor":40.0,"key":"RECALL"},{"data":"Double Tap","floor":42.0,"key":"SMITH"},{"floor":49.0,"key":"REST"}],"circlet_count":0,"master_deck":["AscendersBane","Strike_R+1","Strike_R+1","Strike_R+1","Defend_R+1","Defend_R+1","Defend_R+1","Defend_R+1","Bash+1","Pummel","Heavy Blade","Cleave+1","Clothesline","Twin Strike","Metallicize+1","Battle Trance+1","Reaper","Heavy Blade","Clothesline","Carnage","Metallicize+1","Flame Barrier","Feed","Double Tap+1","Dual Wield","Reaper"],"relics":["Burning Blood","Oddly Smooth Stone","Juzu Bracelet","Pen Nib","Akabeko","Snecko Eye","PreservedInsect","War Paint","Ornamental Fan","MealTicket","Cursed Key","CaptainsWheel","Nunchaku","Sundial","FossilizedHelix","Bird Faced Urn"],"acts_visited":["Exordium","TheCity","TheBeyond"],"potions_floor_usage":[50,51],"damage_taken":[{"damage":7.0,"enemies":"Jaw Worm","floor":1.0,"turns":5.0},{"damage":1.0,"enemies":"Cultist","floor":3.0,"turns":3.0},{"damage":0.0,"enemies":"2 Louse","floor":5.0,"turns":2.0},{"damage":16.0,"enemies":"Blue Slaver","floor":7.0,"turns":4.0},{"damage":6.0,"enemies":"Gremlin Nob","floor":8.0,"turns":3.0},{"damage":24.0,"enemies":"Large Slime","floor":11.0,"turns":5.0},{"damage":0.0,"enemies":"2 Fungi Beasts","floor":12.0,"turns":3.0},{"damage":28.0,"enemies":"3 Sentries","floor":13.0,"turns":8.0},{"damage":0.0,"enemies":"Blue Slaver","floor":14.0,"turns":3.0},{"damage":26.0,"enemies":"The Guardian","floor":16.0,"turns":13.0},{"damage":25.0,"enemies":"Spheric Guardian","floor":18.0,"turns":4.0},{"damage":0.0,"enemies":"Chosen","floor":19.0,"turns":2.0},{"damage":24.0,"enemies":"Book of Stabbing","floor":23.0,"turns":4.0},{"damage":26.0,"enemies":"Gremlin Leader","floor":25.0,"turns":4.0},{"damage":3.0,"enemies":"Slavers","floor":28.0,"turns":3.0},{"damage":18.0,"enemies":"Snecko","floor":29.0,"turns":4.0},{"damage":2.0,"enemies":"Centurion and Healer","floor":30.0,"turns":5.0},{"damage":10.0,"enemies":"Snake Plant","floor":31.0,"turns":4.0},{"damage":72.0,"enemies":"Collector","floor":33.0,"turns":12.0},{"damage":0.0,"enemies":"Orb Walker","floor":35.0,"turns":2.0},{"damage":0.0,"enemies":"Mind Bloom Boss Battle","floor":36.0,"turns":4.0},{"damage":11.0,"enemies":"3 Darklings","floor":37.0,"turns":5.0},{"damage":0.0,"enemies":"Jaw Worm Horde","floor":39.0,"turns":1.0},{"damage":20.0,"enemies":"Reptomancer","floor":41.0,"turns":5.0},{"damage":22.0,"enemies":"Maw","floor":44.0,"turns":7.0},{"damage":12.0,"enemies":"Spire Growth","floor":45.0,"turns":3.0},{"damage":47.0,"enemies":"Giant Head","floor":46.0,"turns":8.0},{"damage":44.0,"enemies":"Reptomancer","floor":48.0,"turns":6.0},{"damage":69,"enemies":"Donu and Deca","floor":50,"turns":15},{"damage":34,"enemies":"Time Eater","floor":51,"turns":4}],"seed_played":"-6468175568223963484","potions_obtained":[{"floor":1.0,"key":"DuplicationPotion"},{"floor":3.0,"key":"Swift Potion"},{"floor":8.0,"key":"FearPotion"},{"floor":16.0,"key":"Weak Potion"},{"floor":23.0,"key":"ColorlessPotion"},{"floor":25.0,"key":"FearPotion"},{"floor":31.0,"key":"BloodPotion"},{"floor":33.0,"key":"LiquidMemories"},{"floor":35.0,"key":"AttackPotion"},{"floor":44.0,"key":"PowerPotion"},{"floor":46.0,"key":"LiquidBronze"},{"floor":48.0,"key":"SneckoOil"}],"is_trial":false,"path_per_floor":["M","?","M","$","M","R","M","E","T","$","M","M","E","M","R","B",null,"M","M","?","?","$","E","R","E","T","?","E","M","M","M","R","B",null,"M","?","M","?","M","R","E","R","T","M","M","E","$","E","R","B","B"],"character_chosen":"IRONCLAD","items_purchased":["Oddly Smooth Stone","Cleave","FossilizedHelix","Reaper"],"campfire_rested":1,"item_purchase_floors":[4,4,47,47],"current_hp_per_floor":[67,60,65,65,71,71,61,61,61,61,43,49,27,33,33,13,60,44,56,56,56,56,44,44,55,55,55,62,54,66,66,66,31,64,70,75,73,73,81,81,79,79,79,67,61,27,42,26,50,11,0,0],"gold":146,"neow_bonus":"HUNDRED_GOLD","is_daily":false,"chose_seed":false,"campfire_upgraded":5,"win_rate":0.0,"timestamp":1608006648,"path_taken":["M","?","M","$","M","R","M","E","T","?","M","M","E","M","R","BOSS","M","M","?","?","$","E","R","E","T","?","E","M","M","M","R","BOSS","M","?","M","?","M","R","E","R","T","M","M","E","$","E","R","BOSS","BOSS"],"items_purchased_type":["Relic","Card","Relic","Card"],"build_version":"2020-12-13","purchased_purges":3,"victory":false,"max_hp_per_floor":[75,75,75,75,75,75,75,75,75,75,75,75,75,75,75,75,75,75,75,75,75,75,75,75,75,75,75,75,75,75,75,75,75,75,75,75,78,78,81,81,81,81,81,81,81,81,81,81,81,81,81,81],"relic_stats":{"counters":[30,151],"Pen Nib":[33],"PreservedInsect":362,"Juzu Bracelet":1,"War Paint":["Battle Trance"],"Cursed Key":1,"Burning Blood":170,"Nunchaku":[12],"Ornamental Fan":[216],"Sundial":[4],"Bird Faced Urn":[8],"Snecko Eye":[189,183,168,198],"MealTicket":15,"obtain_stats":[{"Oddly Smooth Stone":4,"Pen Nib":9,"PreservedInsect":23,"Juzu Bracelet":8,"War Paint":25,"Cursed Key":34,"Burning Blood":0,"Akabeko":13,"CaptainsWheel":36,"Nunchaku":41,"Ornamental Fan":26,"Sundial":46,"Bird Faced Urn":48,"Snecko Eye":17,"MealTicket":28,"FossilizedHelix":47},{"Oddly Smooth Stone":2,"Pen Nib":5,"PreservedInsect":13,"Juzu Bracelet":5,"War Paint":14,"Cursed Key":19,"Burning Blood":0,"Akabeko":8,"CaptainsWheel":21,"Nunchaku":24,"Ornamental Fan":14,"Sundial":27,"Bird Faced Urn":28,"Snecko Eye":10,"MealTicket":15,"FossilizedHelix":27},{"Oddly Smooth Stone":8,"Pen Nib":17,"PreservedInsect":59,"Juzu Bracelet":17,"War Paint":63,"Cursed Key":91,"Burning Blood":0,"Akabeko":33,"CaptainsWheel":97,"Nunchaku":108,"Ornamental Fan":63,"Sundial":126,"Bird Faced Urn":132,"Snecko Eye":49,"MealTicket":66,"FossilizedHelix":126}]},"card_choices":[{"not_picked":["Fire Breathing","Wild Strike"],"picked":"Pummel","floor":1.0},{"not_picked":["Wild Strike","Havoc"],"picked":"Heavy Blade","floor":3.0},{"not_picked":["Perfected Strike","Hemokinesis","Warcry"],"picked":"SKIP","floor":5.0},{"not_picked":["Armaments","True Grit"],"picked":"Clothesline","floor":7.0},{"not_picked":["Body Slam","Fire Breathing"],"picked":"Twin Strike","floor":8.0},{"not_picked":["Havoc","Wild Strike","Clash"],"picked":"SKIP","floor":11.0},{"not_picked":["Iron Wave","Twin Strike"],"picked":"Metallicize","floor":12.0},{"not_picked":["Headbutt","Rampage"],"picked":"Battle Trance","floor":13.0},{"not_picked":["Entrench","Anger","Clothesline"],"picked":"SKIP","floor":14.0},{"not_picked":["Bludgeon","Feed"],"picked":"Reaper","floor":16.0},{"not_picked":["Pummel","Armaments"],"picked":"Heavy Blade","floor":18.0},{"not_picked":["Headbutt","Pommel Strike"],"picked":"Clothesline","floor":19.0},{"not_picked":["Twin Strike","Entrench"],"picked":"Carnage","floor":23.0},{"not_picked":["Rampage","Headbutt"],"picked":"Cleave","floor":25.0},{"not_picked":["Fiend Fire","Power Through","Havoc"],"picked":"SKIP","floor":28.0},{"not_picked":["Twin Strike","Sentinel"],"picked":"Metallicize","floor":29.0},{"not_picked":["Feel No Pain","Body Slam"],"picked":"Flame Barrier","floor":30.0},{"not_picked":["Sword Boomerang","Body Slam","Warcry"],"picked":"SKIP","floor":31.0},{"not_picked":["Exhume","Limit Break"],"picked":"Feed","floor":33.0},{"not_picked":["Flex","Thunderclap","Blood for Blood"],"picked":"SKIP","floor":35.0},{"not_picked":["Heavy Blade","Entrench","Thunderclap+1"],"picked":"SKIP","floor":37.0},{"not_picked":["Rage+1","Cleave","Iron Wave+1"],"picked":"SKIP","floor":39.0},{"not_picked":["Cleave","Blood for Blood"],"picked":"Double Tap","floor":41.0},{"not_picked":["Flame Barrier","Evolve+1","Twin Strike+1"],"picked":"SKIP","floor":44.0},{"not_picked":["Iron Wave","True Grit","Headbutt"],"picked":"SKIP","floor":45.0},{"not_picked":["Clothesline+1","Feel No Pain"],"picked":"Dual Wield","floor":46.0},{"not_picked":["Pommel Strike+1","Second Wind","Pummel"],"picked":"SKIP","floor":48.0}],"player_experience":1260620,"relics_obtained":[{"floor":8.0,"key":"Juzu Bracelet"},{"floor":9.0,"key":"Pen Nib"},{"floor":13.0,"key":"Akabeko"},{"floor":23.0,"key":"PreservedInsect"},{"floor":25.0,"key":"War Paint"},{"floor":26.0,"key":"Ornamental Fan"},{"floor":28.0,"key":"MealTicket"},{"floor":36.0,"key":"CaptainsWheel"},{"floor":41.0,"key":"Nunchaku"},{"floor":46.0,"key":"Sundial"},{"floor":48.0,"key":"Bird Faced Urn"}],"event_choices":[{"cards_removed":["Strike_R"],"damage_healed":0.0,"max_hp_gain":0.0,"max_hp_loss":0.0,"gold_gain":0.0,"event_name":"Golden Wing","player_choice":"Card Removal","floor":2.0,"gold_loss":0.0,"damage_taken":7.0},{"damage_healed":0.0,"max_hp_gain":0.0,"max_hp_loss":0.0,"gold_gain":0.0,"event_name":"Back to Basics","player_choice":"Simplicity","floor":20.0,"gold_loss":0.0,"damage_taken":0.0,"cards_upgraded":["Strike_R","Strike_R","Strike_R","Defend_R","Defend_R","Defend_R","Defend_R"]},{"damage_healed":0.0,"max_hp_gain":0.0,"max_hp_loss":0.0,"gold_gain":0.0,"event_name":"Forgotten Altar","player_choice":"Smashed Altar","floor":21.0,"gold_loss":0.0,"damage_taken":0.0,"cards_obtained":["Decay"]},{"damage_healed":0.0,"max_hp_gain":0.0,"max_hp_loss":0.0,"gold_gain":0.0,"event_name":"The Mausoleum","player_choice":"Ignored","floor":27.0,"gold_loss":0.0,"damage_taken":0.0},{"damage_healed":0.0,"max_hp_gain":0.0,"max_hp_loss":0.0,"gold_gain":0.0,"event_name":"MindBloom","player_choice":"Fight","floor":36.0,"gold_loss":0.0,"damage_taken":0.0},{"cards_removed":["Cleave"],"damage_healed":0.0,"max_hp_gain":0.0,"max_hp_loss":0.0,"gold_gain":0.0,"event_name":"Falling","player_choice":"Removed Attack","floor":38.0,"gold_loss":0.0,"damage_taken":0.0}],"is_beta":false,"boss_relics":[{"not_picked":["Black Star","Fusion Hammer"],"picked":"Snecko Eye"},{"not_picked":["Tiny House","Coffee Dripper"],"picked":"Cursed Key"}],"items_purged_floors":[10,22,47],"is_endless":false,"potions_floor_spawned":[1,3,8,16,23,25,31,33,35,44,46,48],"killed_by":"Time Eater","ascension_level":20}}