{"host":"uj8tnth4ulftv61g","time":1608046755,"event":{"mods":["BaseMod","Better Third Choice","Downfall","Minty Spire (QoL Compilation)","StSLib"],"gold_per_floor":[110,110,110,185,199,199,234,252,252,174,189,218,43,58,58,157,157,171,171,185,185,198,198,24,24,24,51,51,86,86,23,23,127,127,139,42,42,62,62,62,93,93,119,131,143,174,186,17,17,17],"floor_reached":51,"playtime":3572,"items_purged":["Strike_G","Strike_G","Grand Finale"],"score":1100,"play_id":"f7873375-eb7c-42df-aaa7-49ee3c6a90a0","local_time":"20201215103915","is_ascension_mode":true,"campfire_choices":[{"data":"Dodge and Roll","floor":6,"key":"SMITH"},{"floor":15,"key":"REST"},{"data":"Calculated Gamble","floor":23,"key":"SMITH"},{"data":"Prepared","floor":25,"key":"SMITH"},{"data":"Phantasmal Killer","floor":28,"key":"SMITH"},{"floor":30,"key":"DIG"},{"floor":32,"key":"DIG"},{"floor":40,"key":"DIG"},{"floor":42,"key":"DIG"},{"floor":44,"key":"DIG"},{"floor":49,"key":"DIG"}],"circlet_count":0,"master_deck":["Strike_G","Defend_G","Defend_G","Defend_G","Survivor","Neutralize","Dodge and Roll+1","Die Die Die","Noxious Fumes","Dagger Spray","Eviscerate","Underhanded Strike","Backstab","Prepared+1","Phantasmal Killer+1","Calculated Gamble+1","Blade Dance","Tactician","Bullet Time","Footwork+1","expansioncontent:AwakenDeath","Writhe"],"relics":["Ring of the Serpent","The Courier","Bag of Marbles","WingedGreaves","Pantograph","Membership Card","SlaversCollar","The Specimen","Snake Skull","Dead Branch","Pocketwatch","Shovel","Strawberry","Singing Bowl","Pear","White Beast Statue","HornCleat","Lizard Tail","MawBank","Mercury Hourglass","TwistedFunnel","Ancient Tea Set","Guardian:PocketSentry","Turnip"],"acts_visited":["Exordium","TheCity","TheBeyond"],"potions_floor_usage":[7,12,16,22,33,38,46,50,50,50],"damage_taken":[{"damage":0,"enemies":"2 Louse","floor":1,"turns":4},{"damage":0,"enemies":"Jaw Worm","floor":5,"turns":6},{"damage":5,"enemies":"3 Sentries","floor":7,"turns":10},{"damage":0,"enemies":"Small Slimes","floor":8,"turns":1},{"damage":0,"enemies":"Red Slaver","floor":11,"turns":5},{"damage":13,"enemies":"Lagavulin","floor":12,"turns":5},{"damage":0,"enemies":"3 Louse","floor":14,"turns":1},{"damage":44,"enemies":"Hexaghost","floor":16,"turns":12},{"damage":11,"enemies":"2 Thieves","floor":18,"turns":3},{"damage":12,"enemies":"Shell Parasite","floor":20,"turns":3},{"damage":4,"enemies":"Chosen and Byrds","floor":22,"turns":4},{"damage":0,"enemies":"Gremlin Leader","floor":27,"turns":2},{"damage":0,"enemies":"Slavers","floor":29,"turns":1},{"damage":0,"enemies":"Collector","floor":33,"turns":2},{"damage":0,"enemies":"3 Darklings","floor":35,"turns":3},{"damage":0,"enemies":"Orb Walker","floor":38,"turns":4},{"damage":30,"enemies":"Reptomancer","floor":41,"turns":5},{"damage":46,"enemies":"Transient","floor":46,"turns":5},{"damage":90,"enemies":"Time Eater","floor":50,"turns":11}],"seed_played":"-6091753546191330729","potions_obtained":[{"floor":1,"key":"ColorlessPotion"},{"floor":7,"key":"FearPotion"},{"floor":11,"key":"Dexterity Potion"},{"floor":12,"key":"Ancient Potion"},{"floor":21,"key":"AttackPotion"},{"floor":21,"key":"GhostInAJar"},{"floor":22,"key":"CunningPotion"},{"floor":33,"key":"Dexterity Potion"},{"floor":35,"key":"sneckomod:MuddlingPotion"},{"floor":41,"key":"EssenceOfSteel"},{"floor":46,"key":"FearPotion"}],"is_trial":false,"path_per_floor":["M","?","T","?","M","R","E","M","T","$","M","E","$","M","R","B",null,"M","?","M","?","M","R","$","R","T","E","R","E","R","$","R","B",null,"M","$","$","M","?","R","E","R","T","R","?","M","?","$","R","B",null],"character_chosen":"THE_SILENT","items_purchased":["Dagger Spray","Membership Card","The Specimen","Snake Skull","Pear","TwistedFunnel","Ancient Tea Set","Guardian:PocketSentry"],"campfire_rested":1,"item_purchase_floors":[10,13,24,24,36,48,48,48],"current_hp_per_floor":[49,49,49,38,38,38,33,33,33,33,33,20,20,20,41,22,70,59,59,47,47,43,43,43,43,43,43,43,43,50,50,50,75,77,77,87,87,89,89,89,61,61,61,61,61,17,40,40,40,21],"gold":17,"neow_bonus":"REMOVE_TWO","is_daily":false,"chose_seed":false,"campfire_upgraded":4,"win_rate":0.0,"timestamp":1608046755,"path_taken":["M","?","?","?","M","R","E","M","T","$","M","E","$","M","R","BOSS","M","?","?","?","M","R","$","R","T","E","R","E","R","$","R","BOSS","M","?","$","?","?","R","E","R","T","R","?","M","?","$","R","BOSS"],"items_purchased_type":["Card","Relic","Relic","Relic","Relic","Relic","Relic","Relic"],"build_version":"2020-12-13","purchased_purges":3,"victory":true,"max_hp_per_floor":[70,70,70,70,70,70,70,70,70,70,70,70,70,70,70,70,70,70,70,70,70,70,70,70,70,70,70,70,70,77,77,77,77,77,77,87,87,89,89,89,91,91,91,91,91,93,93,93,93,93],"card_choices":[{"not_picked":["Expertise","Flying Knee","Flechettes"],"picked":"SKIP","floor":1},{"not_picked":["Setup","Dagger Throw"],"picked":"Dodge and Roll","floor":5},{"not_picked":["Blade Dance","Expertise"],"picked":"Die Die Die","floor":7},{"not_picked":["Slice","Outmaneuver"],"picked":"Noxious Fumes","floor":8},{"not_picked":["Outmaneuver","Quick Slash"],"picked":"Eviscerate","floor":11},{"not_picked":["Endless Agony","Noxious Fumes"],"picked":"Underhanded Strike","floor":12},{"not_picked":["Concentrate","Bouncing Flask"],"picked":"Backstab","floor":14},{"not_picked":["A Thousand Cuts","Malaise"],"picked":"Grand Finale","floor":16},{"not_picked":["Acrobatics","Heel Hook"],"picked":"Prepared","floor":18},{"not_picked":["Underhanded Strike","Dash"],"picked":"Calculated Gamble","floor":20},{"not_picked":["Deadly Poison+1","Dagger Spray"],"picked":"Blade Dance","floor":22},{"not_picked":["Expertise","Choke"],"picked":"Tactician","floor":27},{"not_picked":["Bane+1","Terror","Blade Dance"],"picked":"SKIP","floor":29},{"not_picked":["Wraith Form v2","Tools of the Trade"],"picked":"Bullet Time","floor":33},{"not_picked":["Backflip","Deadly Poison"],"picked":"Footwork+1","floor":35},{"not_picked":["Choke","Poisoned Stab+1","Heel Hook+1"],"picked":"Singing Bowl","floor":38},{"not_picked":["Acrobatics+1","Wraith Form v2","Deadly Poison+1"],"picked":"Singing Bowl","floor":41},{"not_picked":["expansioncontent:GoopSpray","expansioncontent:Sear"],"picked":"expansioncontent:AwakenDeath","floor":45},{"not_picked":["Blade Dance+1","Slice+1","Finisher"],"picked":"Singing Bowl","floor":46}],"player_experience":544600,"relics_obtained":[{"floor":3,"key":"The Courier"},{"floor":7,"key":"Bag of Marbles"},{"floor":9,"key":"WingedGreaves"},{"floor":12,"key":"Pantograph"},{"floor":26,"key":"Dead Branch"},{"floor":27,"key":"Pocketwatch"},{"floor":29,"key":"Shovel"},{"floor":30,"key":"Strawberry"},{"floor":32,"key":"Singing Bowl"},{"floor":40,"key":"White Beast Statue"},{"floor":41,"key":"HornCleat"},{"floor":42,"key":"Lizard Tail"},{"floor":43,"key":"MawBank"},{"floor":44,"key":"Mercury Hourglass"},{"floor":49,"key":"Turnip"}],"event_choices":[{"cards_removed":["Strike_G"],"damage_healed":0,"gold_gain":0,"player_choice":"Forget","damage_taken":0,"max_hp_gain":0,"max_hp_loss":0,"event_name":"Living Wall","floor":2,"gold_loss":0},{"damage_healed":0,"gold_gain":75,"player_choice":"Gold","damage_taken":11,"max_hp_gain":0,"max_hp_loss":0,"event_name":"betterThird:BetterGoop","floor":4,"gold_loss":0},{"damage_healed":0,"gold_gain":0,"player_choice":"1 cards matched","damage_taken":0,"max_hp_gain":0,"max_hp_loss":0,"event_name":"Match and Keep!","floor":19,"gold_loss":0,"cards_obtained":["Phantasmal Killer"]},{"damage_healed":0,"gold_gain":0,"player_choice":"Got Potions","damage_taken":0,"max_hp_gain":0,"max_hp_loss":0,"event_name":"Lab","floor":21,"gold_loss":0},{"cards_removed":["Defend_G"],"damage_healed":0,"gold_gain":0,"player_choice":"Removed Skill","damage_taken":0,"max_hp_gain":0,"max_hp_loss":0,"event_name":"Falling","floor":39,"gold_loss":0},{"damage_healed":0,"gold_gain":0,"player_choice":"Memory 1","damage_taken":0,"max_hp_gain":0,"max_hp_loss":0,"event_name":"SensoryStone","floor":45,"gold_loss":0},{"damage_healed":23,"gold_gain":0,"player_choice":"Writhe","damage_taken":0,"max_hp_gain":0,"max_hp_loss":0,"event_name":"Winding Halls","floor":47,"gold_loss":0,"cards_obtained":["Writhe"]}],"is_beta":false,"boss_relics":[{"not_picked":["Fusion Hammer","Runic Pyramid"],"picked":"SlaversCollar"},{"not_picked":["Velvet Choker","Astrolabe"],"picked":"Ring of the Serpent"}],"items_purged_floors":[10,13,31],"is_endless":false,"potions_floor_spawned":[1,7,11,12,22,27,33,35,41,46],"ascension_level":4}}