{"host":"07ljfmttuzqopd7f","time":1608065676,"event":{"mods":["2.2 Compatiblity","BaseMod","Bestiary","Block Reminder","Colored Map","Colored Powertips","Curses Come First","Hermit","Minty Spire (QoL Compilation)","Quick Restart","Random Character Button","Rare Cards Sparkle","Relic Stats","StSLib","The Cursed","UnlockEverythingMod"],"gold_per_floor":[112,33,33,44,44,74,74,87,87,87,262,297,317,332,332,434,434,453,478,24,34,34,34,34],"floor_reached":23,"playtime":1047,"items_purged":["TheCursedMod:Strike_TheCursed"],"score":246,"play_id":"1f5c9ed4-887a-4b2d-af0c-cd09d52bd788","local_time":"20201215155436","is_ascension_mode":true,"campfire_choices":[{"data":"TheCursedMod:Neurasthenia","floor":7,"key":"SMITH"},{"data":"TheCursedMod:StingEye","floor":10,"key":"SMITH"},{"data":"TheCursedMod:CursedWand","floor":15,"key":"SMITH"}],"circlet_count":0,"master_deck":["TheCursedMod:Strike_TheCursed","TheCursedMod:Strike_TheCursed","TheCursedMod:Defend_TheCursed","TheCursedMod:Defend_TheCursed","TheCursedMod:Defend_TheCursed","TheCursedMod:Defend_TheCursed+1","TheCursedMod:CursedWand+1","TheCursedMod:CleanUpWorkshop+1","TheCursedMod:Dregs","TheCursedMod:Mangle","TheCursedMod:StingEye+1","TheCursedMod:CursedBlade","TheCursedMod:Neurasthenia+1","TheCursedMod:ManaBullet","Doubt","TheCursedMod:Torture","TheCursedMod:RapidMovement","TheCursedMod:DemonSword","TheCursedMod:Obscuration","TheCursedMod:Evocation+1","TheCursedMod:SpitefulStrike","TheCursedMod:VitalStrike","Enlightenment","TheCursedMod:ReleasedStrength"],"relics":["TheCursedMod:BlackMagic101","NeowsBlessing","Mummified Hand","Bag of Preparation","The Courier","TheCursedMod:OminousMark","Red Mask","Dream Catcher","Oddly Smooth Stone"],"acts_visited":["Exordium","TheCity"],"potions_floor_usage":[14,19,19,23,23],"damage_taken":[{"damage":0,"enemies":"Small Slimes","floor":1,"turns":1},{"damage":0,"enemies":"Jaw Worm","floor":4,"turns":1},{"damage":0,"enemies":"Gremlin Nob","floor":6,"turns":1},{"damage":0,"enemies":"2 Louse","floor":8,"turns":2},{"damage":3,"enemies":"Lagavulin","floor":12,"turns":7},{"damage":0,"enemies":"Gremlin Gang","floor":13,"turns":3},{"damage":6,"enemies":"Exordium Wildlife","floor":14,"turns":5},{"damage":17,"enemies":"The Guardian","floor":16,"turns":10},{"damage":7,"enemies":"Spheric Guardian","floor":18,"turns":4},{"damage":29,"enemies":"Masked Bandits","floor":19,"turns":4},{"damage":4,"enemies":"3 Byrds","floor":21,"turns":6},{"damage":41,"enemies":"Gremlin Leader","floor":23,"turns":6}],"seed_played":"-5948852815068657827","potions_obtained":[{"floor":1,"key":"GamblersBrew"},{"floor":4,"key":"LiquidMemories"},{"floor":6,"key":"ColorlessPotion"},{"floor":18,"key":"FearPotion"},{"floor":19,"key":"Energy Potion"}],"is_trial":false,"path_per_floor":["M","$","?","M","?","E","R","M","T","R","?","E","M","M","R","B",null,"M","?","$","M","?","E"],"character_chosen":"THE_CURSED","items_purchased":["TheCursedMod:StingEye","TheCursedMod:SpitefulStrike","TheCursedMod:VitalStrike","Dream Catcher","Oddly Smooth Stone","Enlightenment"],"campfire_rested":0,"item_purchase_floors":[2,20,20,20,20,20],"current_hp_per_floor":[75,75,60,60,53,53,53,53,53,53,53,50,50,44,44,27,75,68,39,39,35,35,0,0],"gold":34,"neow_bonus":"THREE_ENEMY_KILL","is_daily":false,"chose_seed":false,"campfire_upgraded":3,"win_rate":0.0,"timestamp":1608065676,"path_taken":["M","$","?","M","?","E","R","M","T","R","?","E","?","M","R","BOSS","M","?","$","M","?","E"],"items_purchased_type":["Card","Card","Card","Relic","Relic","Card"],"build_version":"2020-12-13","purchased_purges":1,"victory":false,"max_hp_per_floor":[75,75,75,75,75,75,75,75,75,75,75,75,75,75,75,75,75,75,75,75,75,75,75,75],"relic_stats":{"Dream Catcher":0,"counters":[12,50],"Mummified Hand":[1],"Bag of Preparation":[16],"obtain_stats":[{"TheCursedMod:BlackMagic101":0,"Dream Catcher":20,"NeowsBlessing":0,"TheCursedMod:OminousMark":17,"Mummified Hand":6,"Oddly Smooth Stone":20,"The Courier":12,"Bag of Preparation":9,"Red Mask":19},{"TheCursedMod:BlackMagic101":0,"Dream Catcher":10,"NeowsBlessing":0,"TheCursedMod:OminousMark":8,"Mummified Hand":3,"Oddly Smooth Stone":10,"The Courier":5,"Bag of Preparation":4,"Red Mask":10},{"TheCursedMod:BlackMagic101":0,"Dream Catcher":38,"NeowsBlessing":0,"TheCursedMod:OminousMark":30,"Mummified Hand":3,"Oddly Smooth Stone":38,"The Courier":12,"Bag of Preparation":5,"Red Mask":38}]},"card_choices":[{"not_picked":["TheCursedMod:ReleasedKnowledge","TheCursedMod:Stigma"],"picked":"TheCursedMod:Mangle","floor":1},{"not_picked":["TheCursedMod:SpitefulStrike","TheCursedMod:CircleOfCorruption"],"picked":"TheCursedMod:CursedBlade","floor":4},{"not_picked":["TheCursedMod:CursedMace","TheCursedMod:HellsGateOpen"],"picked":"TheCursedMod:Neurasthenia","floor":6},{"not_picked":["TheCursedMod:Stretching","TheCursedMod:Obscuration"],"picked":"TheCursedMod:ManaBullet","floor":8},{"not_picked":["TheCursedMod:DemonicPact","TheCursedMod:ManaBullet","TheCursedMod:Wield"],"picked":"SKIP","floor":12},{"not_picked":["TheCursedMod:RavingStaff","TheCursedMod:WearCloak"],"picked":"TheCursedMod:Torture","floor":13},{"not_picked":["TheCursedMod:ManaBullet","TheCursedMod:Stretching"],"picked":"TheCursedMod:RapidMovement","floor":14},{"not_picked":["TheCursedMod:CircleOfAbyss","TheCursedMod:ForbiddenAlchemy"],"picked":"TheCursedMod:DemonSword","floor":16},{"not_picked":["TheCursedMod:CircleOfFlame","TheCursedMod:SpitefulStrike"],"picked":"TheCursedMod:Obscuration","floor":18},{"not_picked":["TheCursedMod:Grudge","TheCursedMod:CursedShiv"],"picked":"TheCursedMod:Evocation+1","floor":19},{"not_picked":["TheCursedMod:CursedBlade","TheCursedMod:Torture"],"picked":"TheCursedMod:ReleasedStrength","floor":21}],"player_experience":413686,"relics_obtained":[{"floor":6,"key":"Mummified Hand"},{"floor":9,"key":"Bag of Preparation"},{"floor":12,"key":"The Courier"},{"floor":19,"key":"Red Mask"}],"event_choices":[{"damage_healed":0,"gold_gain":0,"player_choice":"Entered Light","damage_taken":15,"max_hp_gain":0,"max_hp_loss":0,"event_name":"Shining Light","floor":3,"gold_loss":0,"cards_upgraded":["TheCursedMod:Defend_TheCursed","TheCursedMod:CleanUpWorkshop"]},{"cards_removed":["TheCursedMod:Strike_TheCursed"],"damage_healed":0,"gold_gain":0,"player_choice":"Card Removal","damage_taken":7,"max_hp_gain":0,"max_hp_loss":0,"event_name":"Golden Wing","floor":5,"gold_loss":0},{"damage_healed":0,"gold_gain":175,"player_choice":"AGREE","damage_taken":0,"max_hp_gain":0,"max_hp_loss":0,"event_name":"Liars Game","floor":11,"gold_loss":0,"cards_obtained":["Doubt"]},{"damage_healed":0,"gold_gain":0,"player_choice":"Fought Bandits","damage_taken":0,"max_hp_gain":0,"max_hp_loss":0,"event_name":"Masked Bandits","floor":19,"gold_loss":0},{"damage_healed":0,"gold_gain":0,"player_choice":"Ignored","damage_taken":0,"max_hp_gain":0,"max_hp_loss":0,"event_name":"Vampires","floor":22,"gold_loss":0}],"is_beta":false,"boss_relics":[{"not_picked":["Coffee Dripper","Tiny House"],"picked":"TheCursedMod:OminousMark"}],"items_purged_floors":[20],"is_endless":false,"potions_floor_spawned":[1,4,6,13,18,19],"killed_by":"Gremlin Leader","ascension_level":2}}