{"host":"ks12kfi5c4d9hdxy","time":1608057171,"event":{"mods":["Act Like it!","BaseMod","Conspire","Gensokyo","GifTheSpireLib","Koishi","Marisa（F雨　魔理沙）","Minty Spire (QoL Compilation)","Quick Restart","Reimu（博丽灵梦）","Remilia（蕾米莉亚）","Replay The Spire","RumiaBox-露米娅的神秘盒子","Shop Mod","StSLib","SuperFastMode","The Administrix","The Servant 0.9.4","Youmu（魂魄妖梦）","Yuyuko","【东方二次创作】八云紫mod","【功能Mod】混沌之环修复补丁","【功能Mod】聪明的最终Boss","篝火指南"],"gold_per_floor":[113,188,257,268,287,312,323,323,349,349,362,362,380,412,412,509,509,525,538,552,552,552],"floor_reached":21,"playtime":648,"items_purged":[],"score":232,"play_id":"a8424e95-49de-4c49-b48e-a9c31dcfdc2e","local_time":"20201216023251","is_ascension_mode":true,"campfire_choices":[{"data":"SuperhumanBloodyKnife","floor":12.0,"key":"SMITH"},{"data":"ForecastOfChange","floor":15.0,"key":"SMITH"}],"circlet_count":1,"master_deck":["Strike_RM","Strike_RM","Defend_RM","Defend_RM","Defend_RM","Defend_RM","RedMoon","ScarletShoot","ScarletImprint","StarOfDavid+1","ForecastOfChange+1","SuperhumanBloodyKnife+1","EternalNight","QueenOfMidnight","BlasphemousPunishment","RedRainbow+1"],"relics":["ScarletHat","Circlet","Strawberry","Anchor","Orichalcum","ScarletEmblem"],"acts_visited":["Exordium","TheCity"],"potions_floor_usage":[],"damage_taken":[{"damage":1.0,"enemies":"Jaw Worm","floor":1.0,"turns":5.0},{"damage":2.0,"enemies":"Small Slimes","floor":4.0,"turns":7.0},{"damage":0.0,"enemies":"2 Louse","floor":5.0,"turns":2.0},{"damage":42.0,"enemies":"Gremlin Nob","floor":6.0,"turns":6.0},{"damage":6.0,"enemies":"Exordium Thugs","floor":7.0,"turns":4.0},{"damage":0.0,"enemies":"Gremlin Gang","floor":11.0,"turns":4.0},{"damage":0.0,"enemies":"Lots of Slimes","floor":13.0,"turns":3.0},{"damage":12.0,"enemies":"Lagavulin","floor":14.0,"turns":4.0},{"damage":2.0,"enemies":"Fading Forest","floor":16.0,"turns":11.0},{"damage":8,"enemies":"Spheric Guardian","floor":18,"turns":7},{"damage":10,"enemies":"Shell Parasite","floor":19,"turns":3},{"damage":14,"enemies":"Shelled Parasite and Fungi","floor":20,"turns":5},{"damage":0,"enemies":"Chosen and Byrds","floor":21,"turns":1}],"seed_played":"-4546001807171547072","potions_obtained":[{"floor":4.0,"key":"Explosive Potion"},{"floor":6.0,"key":"SteroidPotion"},{"floor":7.0,"key":"Reflective Coating"},{"floor":13.0,"key":"PowerPotion"},{"floor":14.0,"key":"Block Potion"},{"floor":16,"key":"Adrenaline Potion"}],"is_trial":false,"path_per_floor":["M","?","?","M","M","E","M","?","T","?","M","R","M","E","R","B",null,"M","M","M","M"],"character_chosen":"REMILIA","items_purchased":[],"campfire_rested":0,"item_purchase_floors":[],"current_hp_per_floor":[58,47,47,47,47,15,10,10,10,10,12,12,12,5,5,20,82,74,74,75,75,75],"gold":552,"neow_bonus":"REMOVE_TWO","is_daily":false,"chose_seed":false,"campfire_upgraded":2,"win_rate":0.0,"timestamp":1608057171,"path_taken":["M","?","?","M","M","E","M","?","T","?","?","R","M","E","R","BOSS","BOSS","M","?","?","M"],"items_purchased_type":[],"build_version":"2020-12-13","purchased_purges":0,"victory":false,"max_hp_per_floor":[75,75,75,75,75,82,82,82,82,82,82,82,82,82,82,82,82,82,82,82,82,82],"card_choices":[{"not_picked":["UnderTheZenith","MastersStateliness"],"picked":"ScarletImprint","floor":1.0},{"not_picked":["CharismaGuard","FavorOfDestiny"],"picked":"StarOfDavid","floor":4.0},{"not_picked":["ScarletNetherworld","VampireKiss","AfternoonTea"],"picked":"SKIP","floor":5.0},{"not_picked":["BombardNight","NightDance"],"picked":"ForecastOfChange","floor":6.0},{"not_picked":["VampireKiss","BombardNight","RedRainbow"],"picked":"SKIP","floor":7.0},{"not_picked":["UnstableMagic","BombardNight"],"picked":"SuperhumanBloodyKnife","floor":11.0},{"not_picked":["Ultimatum","VampireKiss","CharismaGuard"],"picked":"SKIP","floor":13.0},{"not_picked":["MastersStateliness","RedRainbow"],"picked":"EternalNight","floor":14.0},{"not_picked":["BloodyCatastrophe","ForecastOfChange"],"picked":"QueenOfMidnight","floor":16},{"not_picked":["DevilSight","EmergencyRegeneration"],"picked":"BlasphemousPunishment","floor":18},{"not_picked":["ScarletGensokyo","ScarletDevilSign","StarOfDavid"],"picked":"SKIP","floor":19},{"not_picked":["ScarletDevil","Stigmanizer"],"picked":"RedRainbow+1","floor":20}],"player_experience":525980,"relics_obtained":[{"floor":6.0,"key":"Strawberry"},{"floor":9.0,"key":"Anchor"},{"floor":14.0,"key":"Orichalcum"}],"event_choices":[{"damage_healed":0.0,"max_hp_gain":0.0,"max_hp_loss":0.0,"gold_gain":75.0,"event_name":"World of Goop","player_choice":"Gather Gold","floor":2.0,"gold_loss":0.0,"damage_taken":11.0},{"damage_healed":0.0,"max_hp_gain":0.0,"max_hp_loss":0.0,"gold_gain":69.0,"event_name":"Golden Wing","player_choice":"Gained Gold","floor":3.0,"gold_loss":0.0,"damage_taken":0.0},{"damage_healed":0.0,"max_hp_gain":0.0,"max_hp_loss":0.0,"gold_gain":0.0,"event_name":"conspire:LoneGhost","player_choice":"Disagree","floor":8.0,"gold_loss":0.0,"damage_taken":0.0},{"damage_healed":0.0,"max_hp_gain":0.0,"max_hp_loss":0.0,"gold_gain":0.0,"event_name":"Upgrade Shrine","player_choice":"Upgraded","floor":10.0,"gold_loss":0.0,"damage_taken":0.0,"cards_upgraded":["StarOfDavid"]}],"is_beta":false,"boss_relics":[{"not_picked":["Empty Cage","Replay:Grab Bag"],"picked":"ScarletEmblem"}],"items_purged_floors":[],"is_endless":false,"potions_floor_spawned":[4,6,7,13,14,16,18],"killed_by":"Chosen and Byrds","ascension_level":4}}