{"host":"6bsan6hkua32tfq7","time":1608018302,"event":{"mods":["BaseMod","Better Third Choice","Colored Map","Downfall","Highlight Path","Minty Spire (QoL Compilation)","StSLib"],"gold_per_floor":[119,44,44,62,3,3,35,35,61,61,81,112,131,160,160,160,160],"floor_reached":16,"playtime":377,"items_purged":[],"score":286,"play_id":"6528143a-6728-4fbd-8a2e-44b0d65a11cc","local_time":"20201215084502","is_ascension_mode":true,"campfire_choices":[{"data":"Dagger Spray","floor":6,"key":"SMITH"},{"data":"Well Laid Plans","floor":8,"key":"SMITH"},{"data":"Backstab","floor":10,"key":"SMITH"},{"data":"All Out Attack","floor":15,"key":"SMITH"}],"circlet_count":0,"master_deck":["AscendersBane","Strike_G","Strike_G","Strike_G","Strike_G","Strike_G","Defend_G","Defend_G","Defend_G","Defend_G","Survivor","Neutralize+1","Well Laid Plans+1","Backstab+1","Dagger Spray+1","Dagger Throw","All Out Attack+1","Tactician","PiercingWail"],"relics":["Ring of the Snake","NeowsBlessing","Meat on the Bone","Ancient Tea Set","Centennial Puzzle","The Courier"],"acts_visited":["Exordium"],"potions_floor_usage":[12,16,16],"damage_taken":[{"damage":0,"enemies":"Small Slimes","floor":1,"turns":1},{"damage":0,"enemies":"Jaw Worm","floor":4,"turns":1},{"damage":0,"enemies":"3 Sentries","floor":7,"turns":1},{"damage":0,"enemies":"Cultist","floor":11,"turns":2},{"damage":26,"enemies":"Gremlin Nob","floor":12,"turns":4},{"damage":13,"enemies":"Large Slime","floor":13,"turns":4},{"damage":22,"enemies":"3 Sentries","floor":14,"turns":6},{"damage":35,"enemies":"Hexaghost","floor":16,"turns":12}],"seed_played":"-8985995143350350937","potions_obtained":[{"floor":1,"key":"DuplicationPotion"},{"floor":4,"key":"SpeedPotion"},{"floor":14,"key":"Ancient Potion"}],"is_trial":false,"path_per_floor":["M","?","?","M","$","R","E","R","T","R","M","E","M","E","R","B"],"character_chosen":"THE_SILENT","items_purchased":["Dagger Spray"],"campfire_rested":0,"item_purchase_floors":[5],"current_hp_per_floor":[59,59,59,59,59,59,59,59,59,59,59,45,44,34,34,0,0],"gold":160,"neow_bonus":"THREE_ENEMY_KILL","is_daily":false,"chose_seed":false,"campfire_upgraded":4,"win_rate":0.0,"timestamp":1608018302,"path_taken":["M","?","?","M","$","R","E","R","T","R","?","E","M","E","R","BOSS"],"items_purchased_type":["Card"],"build_version":"2020-12-13","purchased_purges":0,"victory":false,"max_hp_per_floor":[66,66,66,66,66,66,66,66,66,66,66,66,66,66,66,66,66],"card_choices":[{"not_picked":["Prepared","Leg Sweep"],"picked":"Well Laid Plans","floor":1},{"not_picked":["Dagger Throw","Poisoned Stab"],"picked":"Backstab","floor":4},{"not_picked":["Eviscerate","Choke","Doppelganger"],"picked":"SKIP","floor":7},{"not_picked":["Flying Knee","Quick Slash"],"picked":"Dagger Throw","floor":11},{"not_picked":["Concentrate","Dodge and Roll"],"picked":"All Out Attack","floor":12},{"not_picked":["Expertise","Dodge and Roll"],"picked":"Tactician","floor":13},{"not_picked":["Poisoned Stab","Outmaneuver"],"picked":"PiercingWail","floor":14}],"player_experience":5158572,"relics_obtained":[{"floor":7,"key":"Meat on the Bone"},{"floor":9,"key":"Ancient Tea Set"},{"floor":12,"key":"Centennial Puzzle"},{"floor":14,"key":"The Courier"}],"event_choices":[{"cards_removed":["Defend_G"],"damage_healed":0,"gold_gain":0,"player_choice":"Card Removal","damage_taken":0,"max_hp_gain":0,"max_hp_loss":0,"event_name":"The Cleric","floor":2,"gold_loss":75},{"damage_healed":0,"gold_gain":0,"player_choice":"Upgraded","damage_taken":0,"max_hp_gain":0,"max_hp_loss":0,"event_name":"Upgrade Shrine","floor":3,"gold_loss":0,"cards_upgraded":["Neutralize"]}],"is_beta":false,"boss_relics":[],"items_purged_floors":[],"is_endless":false,"potions_floor_spawned":[1,4,14],"killed_by":"Hexaghost","ascension_level":20}}