{"host":"kh6fvhxn285ncg0o","time":1608013670,"event":{"mods":["Act Like it!","BaseMod","Colored Map","Friendly Minions","Keyboard Shortcuts","Minty Spire (QoL Compilation)","Quick Restart","Relic Stats","StSLib","SuperFastMode"],"gold_per_floor":[112,112,124,142,66,66,92,92,137,137,165,183,199,199,199,273,273,290,307,320,320,320],"floor_reached":21,"playtime":592,"items_purged":[],"score":382,"play_id":"26b615e7-2292-43ae-bb05-df21dadff8d5","local_time":"20201215152750","is_ascension_mode":true,"campfire_choices":[{"data":"Evolve","floor":6,"key":"SMITH"},{"data":"Fire Breathing","floor":8,"key":"SMITH"},{"floor":15,"key":"RECALL"}],"circlet_count":0,"master_deck":["AscendersBane","Strike_R","Strike_R","Strike_R+1","Strike_R+1","Defend_R","Defend_R","Defend_R","Defend_R","Bash+1","Second Wind+1","Evolve+1","Fire Breathing+1","Power Through+1","Reckless Charge"],"relics":["Burning Blood","Whetstone","War Paint","Bottled Tornado","Coffee Dripper"],"acts_visited":["Exordium","TheCity"],"potions_floor_usage":[7,19,21],"damage_taken":[{"damage":4,"enemies":"Jaw Worm","floor":1,"turns":4},{"damage":6,"enemies":"Cultist","floor":3,"turns":3},{"damage":17,"enemies":"Small Slimes","floor":4,"turns":5},{"damage":6,"enemies":"Lagavulin","floor":7,"turns":11},{"damage":19,"enemies":"3 Sentries","floor":11,"turns":4},{"damage":9,"enemies":"Red Slaver","floor":12,"turns":4},{"damage":0,"enemies":"3 Louse","floor":13,"turns":4},{"damage":25,"enemies":"Hexaghost","floor":16,"turns":8},{"damage":0,"enemies":"Chosen","floor":18,"turns":4},{"damage":8,"enemies":"Spheric Guardian","floor":19,"turns":5},{"damage":29,"enemies":"Centurion and Healer","floor":20,"turns":6},{"damage":59,"enemies":"Masked Bandits","floor":21,"turns":4}],"seed_played":"2811787648837202331","potions_obtained":[{"floor":1,"key":"Strength Potion"},{"floor":10,"key":"Ancient Potion"},{"floor":10,"key":"SmokeBomb"},{"floor":11,"key":"LiquidBronze"},{"floor":13,"key":"GamblersBrew"},{"floor":16,"key":"DuplicationPotion"}],"is_trial":false,"path_per_floor":["M","?","M","M","$","R","E","R","T","?","E","M","M","?","R","B",null,"M","M","M","?"],"character_chosen":"IRONCLAD","items_purchased":["Power Through"],"campfire_rested":0,"item_purchase_floors":[5],"current_hp_per_floor":[70,70,70,59,59,59,59,59,59,59,46,43,49,49,49,30,64,70,68,45,0,0],"gold":320,"neow_bonus":"UPGRADE_CARD","is_daily":false,"chose_seed":false,"campfire_upgraded":2,"win_rate":0.0,"timestamp":1608013670,"path_taken":["M","?","?","M","?","R","E","R","T","?","E","M","?","?","R","BOSS","M","M","?","?"],"items_purchased_type":["Card"],"build_version":"2020-12-13","purchased_purges":0,"victory":false,"max_hp_per_floor":[75,75,75,75,75,75,75,75,75,75,75,75,75,75,75,75,75,75,75,75,75,75],"relic_stats":{"counters":[12,62],"Whetstone":["Strike_R","Strike_R"],"War Paint":["Second Wind","Power Through"],"obtain_stats":[{"Coffee Dripper":17,"Whetstone":7,"War Paint":9,"Bottled Tornado":11,"Burning Blood":0},{"Coffee Dripper":8,"Whetstone":4,"War Paint":4,"Bottled Tornado":5,"Burning Blood":0},{"Coffee Dripper":43,"Whetstone":23,"War Paint":23,"Bottled Tornado":27,"Burning Blood":0}],"Burning Blood":66},"card_choices":[{"not_picked":["Heavy Blade","Burning Pact"],"picked":"Evolve","floor":3},{"not_picked":["Cleave","Rampage"],"picked":"Fire Breathing","floor":4},{"not_picked":["Cleave","Seeing Red","Sentinel"],"picked":"SKIP","floor":7},{"not_picked":["Dual Wield","Shrug It Off","Warcry"],"picked":"SKIP","floor":11},{"not_picked":["Exhume","Headbutt","Rupture"],"picked":"SKIP","floor":12},{"not_picked":["Pummel","Twin Strike","Cleave"],"picked":"SKIP","floor":13},{"not_picked":["Flex","True Grit","Headbutt"],"picked":"SKIP","floor":18},{"not_picked":["Sever Soul+1","Wild Strike"],"picked":"Reckless Charge","floor":19},{"not_picked":["True Grit","Rupture","Entrench"],"picked":"SKIP","floor":20}],"player_experience":3167557,"relics_obtained":[{"floor":7,"key":"Whetstone"},{"floor":9,"key":"War Paint"},{"floor":11,"key":"Bottled Tornado"}],"event_choices":[{"damage_healed":0,"gold_gain":0,"cards_transformed":["Strike_R"],"player_choice":"Transformed","damage_taken":0,"max_hp_gain":0,"max_hp_loss":0,"event_name":"Transmorgrifier","floor":2,"gold_loss":0,"cards_obtained":["Second Wind"]},{"damage_healed":0,"gold_gain":0,"player_choice":"Got Potions","damage_taken":0,"max_hp_gain":0,"max_hp_loss":0,"event_name":"Lab","floor":10,"gold_loss":0},{"damage_healed":0,"gold_gain":0,"player_choice":"0 cards matched","damage_taken":0,"max_hp_gain":0,"max_hp_loss":0,"event_name":"Match and Keep!","floor":14,"gold_loss":0,"cards_obtained":[]},{"damage_healed":0,"gold_gain":0,"player_choice":"Fought Bandits","damage_taken":0,"max_hp_gain":0,"max_hp_loss":0,"event_name":"Masked Bandits","floor":21,"gold_loss":0}],"is_beta":false,"boss_relics":[{"not_picked":["SlaversCollar","Runic Pyramid"],"picked":"Coffee Dripper"}],"items_purged_floors":[],"is_endless":false,"potions_floor_spawned":[1,11,13,16],"killed_by":"Masked Bandits","ascension_level":20}}