{"host":"n4f6h2mlrt4e12he","time":1608004099,"event":{"mods":["2.2 Compatiblity","BaseMod","Colored Map","Downfall","Highlight Path","Hubris","Infinite Spire","Minty Spire (QoL Compilation)","Replay The Spire","Shop Mod","StSLib"],"gold_per_floor":[99,99,24,24,24,54,80,114,39,87,87,110,142,166,194,296,296,296,335,335,365,412,512,565,605,530,585,585,685,717,384,410,527,527,527,573,601,601,880,914,914,914,914,914,914,948,948,987,1015,1039,1039,1086,506,506,522],"floor_reached":56,"playtime":6752,"items_purged":["Guardian:Strike_Guardian"],"score":1240,"play_id":"99c3f3e3-14c9-4fa5-98c9-62d7f97d3323","local_time":"20201214224819","is_ascension_mode":false,"campfire_choices":[{"floor":1,"key":"RECALL"},{"data":"Guardian:TwinSlam","floor":3,"key":"SMITH"},{"data":"Guardian:CrystalBeam","floor":9,"key":"SMITH"},{"data":"Guardian:BaubleBeam","floor":18,"key":"SMITH"},{"data":"Guardian:StasisField","floor":26,"key":"SMITH"},{"data":"Guardian:RevengeProtocol","floor":35,"key":"SMITH"},{"data":"Guardian:PrimingBeam","floor":38,"key":"SMITH"},{"data":"hubris:Fate","floor":44,"key":"SMITH"},{"floor":54,"key":"REST"}],"circlet_count":0,"master_deck":["Guardian:Strike_Guardian","Guardian:Strike_Guardian","Guardian:Strike_Guardian+1","Guardian:Defend_Guardian","Guardian:Defend_Guardian","Guardian:Defend_Guardian","Guardian:Defend_Guardian+1","Guardian:CurlUp","Guardian:TwinSlam+1","Guardian:CrystalBeam+1","Guardian:PrimingBeam+1","Guardian:StasisField+1","Guardian:PrimingBeam","Guardian:BaubleBeam+1","Guardian:RollAttack","hubris:Fate+1","Guardian:GuardianWhirl","Guardian:BronzeArmor+1","Guardian:RevengeProtocol+1","Guardian:Preprogram+1","Guardian:PrimingBeam+1","Guardian:PiercingHide+1","Guardian:Reroute+1","expansioncontent:CaCaw","expansioncontent:CaCaw","expansioncontent:Flail","Guardian:ShieldSpikes+1","Guardian:PolyBeam","Guardian:HyperBeam_Guardian","Guardian:WalkerClaw+1"],"relics":["Guardian:ModeShifter","downfall:HeartsMalice","downfall:HeartBlessingRed","Replay:Bandana","Thread and Needle","Replay:Mystery Machine","downfall:HeartBlessingGreen","PreservedInsect","Sozu","Bag of Marbles","ReplayTheSpireMod:TigerMarble","downfall:HeartBlessingBlue","Replay:Rubber Ducky","Blood Vial","War Paint","Runic Pyramid","hubris:CuriousFeather","hubris:Icosahedron","hubris:Towel","Toolbox","hubris:SlimyHat","Pantograph","Gremlin Food"],"acts_visited":["Exordium","TheCity","TheBeyond","TheEnding"],"potions_floor_usage":[15,55,55],"damage_taken":[{"damage":0,"enemies":"Jaw Worm","floor":2,"turns":1},{"damage":0,"enemies":"Cultist","floor":4,"turns":1},{"damage":0,"enemies":"Replay:BlueRogue","floor":6,"turns":1},{"damage":0,"enemies":"Small Slimes","floor":8,"turns":2},{"damage":1,"enemies":"3 Sentries","floor":10,"turns":7},{"damage":0,"enemies":"Red Slaver","floor":12,"turns":1},{"damage":0,"enemies":"Exordium Wildlife","floor":13,"turns":3},{"damage":0,"enemies":"Blue Slaver","floor":14,"turns":3},{"damage":0,"enemies":"2 Fungi Beasts","floor":15,"turns":3},{"damage":40,"enemies":"downfall:Ironclad","floor":16,"turns":12},{"damage":10,"enemies":"Slavers","floor":19,"turns":4},{"damage":0,"enemies":"Spheric Guardian","floor":21,"turns":2},{"damage":8,"enemies":"Book of Stabbing","floor":22,"turns":3},{"damage":0,"enemies":"Shell Parasite","floor":25,"turns":3},{"damage":0,"enemies":"Slavers","floor":27,"turns":2},{"damage":0,"enemies":"Sentry and Sphere","floor":30,"turns":3},{"damage":0,"enemies":"downfall:FleeingMerchant","floor":31,"turns":4},{"damage":0,"enemies":"Chosen and Byrds","floor":32,"turns":3},{"damage":58,"enemies":"downfall:Watcher","floor":33,"turns":10},{"damage":1,"enemies":"3 Darklings","floor":36,"turns":5},{"damage":0,"enemies":"3 Shapes","floor":37,"turns":1},{"damage":0,"enemies":"downfall:FleeingMerchant","floor":39,"turns":2},{"damage":2,"enemies":"Maw","floor":40,"turns":5},{"damage":0,"enemies":"Jaw Worm Horde","floor":46,"turns":3},{"damage":0,"enemies":"Sphere and 2 Shapes","floor":48,"turns":3},{"damage":0,"enemies":"Maw","floor":49,"turns":6},{"damage":13,"enemies":"downfall:Defect","floor":50,"turns":7},{"damage":101,"enemies":"downfall:CharBossMerchant","floor":52,"turns":10},{"damage":15,"enemies":"downfall:NeowBoss","floor":55,"turns":24}],"seed_played":"571544756909496164","potions_obtained":[{"floor":6,"key":"GamblersBrew"},{"floor":12,"key":"Dexterity Potion"},{"floor":14,"key":"AttackPotion"},{"floor":16,"key":"champ:CounterPotion"}],"is_trial":false,"path_per_floor":["R","M","R","M","?","E","T","M","R","E","?","M","M","M","M","B",null,"R","E","AVR","M","E","?","T","M","R","E","?","?","M","$","M","B",null,"R","M","M","R","$","M","T","?","?","R","?","M","?","M","M","B",null,"E","$","R","B",null],"character_chosen":"GUARDIAN","items_purchased":["Guardian:Gem_Purple","Blood Vial","War Paint","Guardian:Reroute","Pantograph","Gremlin Food","Guardian:Gem_White","Guardian:WalkerClaw+1"],"campfire_rested":1,"item_purchase_floors":[31,31,31,39,53,53,53,53],"current_hp_per_floor":[80,80,80,80,73,73,73,73,73,72,72,72,72,72,72,32,80,80,70,70,70,62,62,62,62,72,72,72,72,72,72,74,18,90,90,89,90,90,90,88,88,88,88,88,78,80,80,82,84,73,90,4,4,31,43],"gold":522,"neow_bonus":"THREE_ENEMY_KILL","is_daily":false,"chose_seed":false,"campfire_upgraded":7,"win_rate":0.0,"timestamp":1608004099,"path_taken":["R","M","R","M","?","E","T","M","R","E","?","M","M","?","M","BOSS","R","E","AVR","M","E","?","T","?","R","E","?","?","M","$","M","BOSS","R","M","M","R","$","M","T","?","?","R","?","M","?","M","M","BOSS","E","$","R","BOSS"],"items_purchased_type":["Card","Relic","Relic","Card","Relic","Relic","Card","Card"],"build_version":"2020-12-13","purchased_purges":1,"victory":true,"max_hp_per_floor":[80,80,80,80,80,80,80,80,80,80,80,80,80,80,80,80,80,80,80,80,80,80,80,80,80,90,90,90,90,90,90,90,90,90,90,90,90,90,90,90,90,90,90,90,90,90,90,90,90,90,90,90,90,90,90],"card_choices":[{"not_picked":["Guardian:Recover","Guardian:PrismaticBeam"],"picked":"Guardian:Gem_Fragmented","floor":2},{"not_picked":["Guardian:BronzeOrb","Guardian:ShieldCharger"],"picked":"Guardian:CrystalBeam","floor":4},{"not_picked":["Guardian:Incinerate","Guardian:PiercingHide"],"picked":"Guardian:Gem_Green","floor":6},{"not_picked":["Guardian:CrystalBeam","Guardian:Repulse"],"picked":"Guardian:Gem_Fragmented","floor":8},{"not_picked":["Guardian:PiercingHide","Guardian:Suspension"],"picked":"Guardian:PrimingBeam","floor":10},{"not_picked":["Guardian:GuardianWhirl","Guardian:Gem_Fragmented"],"picked":"Guardian:StasisField","floor":12},{"not_picked":["Guardian:RollAttack","Guardian:PrismaticBeam"],"picked":"Guardian:Gem_Red","floor":13},{"not_picked":["Guardian:SpikerProtocol","Guardian:Recover"],"picked":"Guardian:PrimingBeam","floor":14},{"not_picked":["Guardian:TemporalShield","Guardian:Recover"],"picked":"Guardian:Gem_Green","floor":15},{"not_picked":["Guardian:RevengeProtocol","Guardian:ConstructionForm"],"picked":"Guardian:BaubleBeam","floor":16},{"not_picked":["Guardian:WalkerClaw+1","Guardian:Planning"],"picked":"Guardian:RollAttack","floor":19},{"not_picked":["Guardian:Incinerate","Guardian:RefractedBeam"],"picked":"Guardian:GuardianWhirl","floor":21},{"not_picked":["Guardian:Gem_Blue","Guardian:RollAttack"],"picked":"Guardian:BronzeArmor","floor":22},{"not_picked":["Guardian:SentryBeam","Guardian:Recover"],"picked":"Guardian:Gem_Cyan","floor":25},{"not_picked":["Guardian:WalkerClaw+1","Guardian:FloatingOrbs"],"picked":"Guardian:RevengeProtocol","floor":27},{"not_picked":["Guardian:TemporalShield","Guardian:BronzeOrb"],"picked":"Guardian:Preprogram+1","floor":30},{"not_picked":["Guardian:Gem_Green","Guardian:CrystalBeam"],"picked":"Guardian:PrimingBeam+1","floor":31},{"not_picked":["Guardian:WalkerClaw","Guardian:Reroute","Guardian:VentSteam"],"picked":"SKIP","floor":32},{"not_picked":["Guardian:StasisField","Guardian:TimeSifter"],"picked":"Guardian:Gem_Orange","floor":33},{"not_picked":["Guardian:Reroute","Guardian:PrismaticBeam"],"picked":"Guardian:PiercingHide+1","floor":36},{"not_picked":["Guardian:PrimingBeam","Guardian:Suspension","Guardian:TemporalStrike+1"],"picked":"SKIP","floor":37},{"not_picked":["Guardian:DecasProtection","Guardian:Recover"],"picked":"Guardian:Gem_Red","floor":39},{"not_picked":["Guardian:Suspension","Guardian:RollAttack+1","Guardian:ShieldCharger+1"],"picked":"SKIP","floor":40},{"not_picked":["Replay:SS_forest_2","expansioncontent:DefensiveStance"],"picked":"expansioncontent:CaCaw","floor":45},{"not_picked":["expansioncontent:ManipulateTime","expansioncontent:PrepareCrush"],"picked":"expansioncontent:CaCaw","floor":45},{"not_picked":["Replay:SS_forest_6","Replay:SS_hec_1"],"picked":"expansioncontent:Flail","floor":45},{"not_picked":["Guardian:TemporalShield","Guardian:WalkerClaw+1"],"picked":"Guardian:ShieldSpikes+1","floor":46},{"not_picked":["Guardian:ShieldCharger+1","Guardian:Gem_Lightblue","Guardian:GuardianWhirl"],"picked":"SKIP","floor":48},{"not_picked":["Guardian:ShieldCharger+1","Guardian:Reroute+1"],"picked":"Guardian:PolyBeam","floor":49},{"not_picked":["Guardian:PrimingBeam","Guardian:MultiBeam+1"],"picked":"Guardian:HyperBeam_Guardian","floor":52}],"player_experience":1319149,"relics_obtained":[{"floor":6,"key":"Thread and Needle"},{"floor":7,"key":"Replay:Mystery Machine"},{"floor":10,"key":"PreservedInsect"},{"floor":19,"key":"Bag of Marbles"},{"floor":22,"key":"ReplayTheSpireMod:TigerMarble"},{"floor":27,"key":"Replay:Rubber Ducky"},{"floor":41,"key":"hubris:CuriousFeather"},{"floor":52,"key":"Toolbox"},{"floor":52,"key":"hubris:SlimyHat"}],"event_choices":[{"damage_healed":0,"gold_gain":0,"player_choice":"Success","damage_taken":7,"relics_obtained":["Replay:Bandana"],"max_hp_gain":0,"max_hp_loss":0,"event_name":"Scrap Ooze","floor":5,"gold_loss":0},{"damage_healed":0,"gold_gain":0,"player_choice":"Ignored","damage_taken":0,"max_hp_gain":0,"max_hp_loss":0,"event_name":"Vampires","floor":28,"gold_loss":0}],"is_beta":false,"boss_relics":[{"not_picked":["Replay:Ancient Bell","hubris:BlackHole"],"picked":"Sozu"},{"not_picked":["Kintsugi","Pandora\u0027s Box"],"picked":"Runic Pyramid"}],"items_purged_floors":[53],"is_endless":false,"potions_floor_spawned":[6,12,14,16,21,22,25,32,40,46,48,52],"ascension_level":0}}