{"host":"ilrepnd391jk07a9","time":1608068959,"event":{"mods":["Aspiration","BaseMod","Better Altar","Better Note","Better Skull","Better Third Choice","BetterRewards","Colored Powertips","DeckTracker","Defuse TimeMaze Blight","Downfall","GifTheSpireLib","Gremlin Skip","Halation","Highlight Path","Hubris","Minty Spire (QoL Compilation)","Quick Restart","Relic Stats","Replay The Spire","Reworked Bosses","StSLib","Stuff the Spire","everything is the same but u backflip on backflip","vexMod"],"gold_per_floor":[99,249,284,300,300,300,350,350,379,379,379,397,236,281,292,389,389,314,314,202,220,220,253,253,280,292,229,261,288,311,287,317,434,446,458,482,506,506],"floor_reached":37,"playtime":3166,"items_purged":["hexamod:Strike"],"score":513,"play_id":"a9c87d94-c00c-4b85-8ad1-9839863b93d4","local_time":"20201216104919","is_ascension_mode":true,"campfire_choices":[{"data":"hexamod:Float","floor":1,"key":"SMITH"},{"data":"hexamod:GhostflameBarrier","floor":6,"key":"SMITH"},{"floor":10,"key":"RECALL"},{"data":"hexamod:BurningTouch","floor":18,"key":"SMITH"},{"data":"hexamod:BurningTouch","floor":22,"key":"SMITH"},{"data":"hexamod:BurningTouch","floor":27,"key":"SMITH"},{"data":"hexamod:BurningTouch","floor":35,"key":"SMITH"}],"circlet_count":0,"master_deck":["hexamod:Strike","hexamod:Strike","hexamod:Strike","hexamod:Defend","hexamod:Defend","hexamod:Defend","hexamod:Defend","hexamod:Sear+1","hexamod:Float+1","expansioncontent:GuardianWhirl","hexamod:GhostflameBarrier+1","hexamod:FastForward","hexamod:FastForward","hexamod:BurningTouch+1","Pot Of Greed","Pot Of Greed","hexamod:HeatMetal","hexamod:HexaLevel","hexamod:BurningTouch+1","hexamod:BurningTouch+1","hexamod:SoulSteal+1","hexamod:BurningTouch+1","hexamod:PhantomCloak+1","hexamod:SkipABeat+1","hexamod:SpectralSpark+1","Pot Of Greed","hexamod:SoulSteal","hexamod:TimeOfNeed","hexamod:FirstSeal"],"relics":["hexamod:SpiritBrand","aspiration:Lifesprig","Simple Rune","hubris:Icosahedron","Meat on the Bone","Grinning Jar","hubris:OldNail","hubris:HollowSoul","downfall:HeartBlessingRed","Bloody Idol","Mirror","MawBank","Bird Faced Urn","downfall:HeartBlessingBlue","Sozu"],"acts_visited":["Exordium","TheCity","TheBeyond"],"potions_floor_usage":[21,23,37,37,37],"damage_taken":[{"damage":17,"enemies":"Lagavulin","floor":3,"turns":6},{"damage":0,"enemies":"Small Slimes","floor":4,"turns":3},{"damage":18,"enemies":"Replay:BlueRogue","floor":9,"turns":7},{"damage":0,"enemies":"2 Louse","floor":12,"turns":2},{"damage":0,"enemies":"downfall:FleeingMerchant","floor":13,"turns":4},{"damage":0,"enemies":"Jaw Worm","floor":15,"turns":3},{"damage":23,"enemies":"downfall:Watcher","floor":16,"turns":9},{"damage":5,"enemies":"downfall:FleeingMerchant","floor":20,"turns":4},{"damage":8,"enemies":"Chosen","floor":21,"turns":4},{"damage":22,"enemies":"Gremlin Leader","floor":23,"turns":6},{"damage":0,"enemies":"Replay:Snechameleon","floor":25,"turns":6},{"damage":10,"enemies":"Spheric Guardian","floor":28,"turns":4},{"damage":13,"enemies":"Shelled Parasite and Fungi","floor":29,"turns":4},{"damage":9,"enemies":"Chosen and Byrds","floor":30,"turns":3},{"damage":15,"enemies":"Snake Plant","floor":31,"turns":3},{"damage":26,"enemies":"Sentry and Sphere","floor":32,"turns":5},{"damage":52,"enemies":"downfall:Ironclad","floor":33,"turns":8},{"damage":30,"enemies":"3 Darklings","floor":36,"turns":6},{"damage":27,"enemies":"Reptomancer","floor":37,"turns":2}],"seed_played":"-3112546646046865249","potions_obtained":[{"floor":4,"key":"Fire Potion"},{"floor":16,"key":"Adrenaline Potion"},{"floor":21,"key":"Dexterity Potion"},{"floor":28,"key":"sneckomod:MuddlingPotion"},{"floor":29,"key":"EntropicBrew"}],"is_trial":false,"path_per_floor":["R","?","E","M","?","R","T","?","E","R","?","M","$","T","M","B",null,"R","?","$","M","R","E","T","E","?","R","M","M","M","M","M","B",null,"R","M","E"],"character_chosen":"THE_SPIRIT","items_purchased":["Grinning Jar","hexamod:BurningTouch"],"campfire_rested":0,"item_purchase_floors":[13,20],"current_hp_per_floor":[70,70,53,53,53,53,53,53,35,35,35,47,47,47,47,36,70,70,35,42,51,51,46,46,51,56,71,75,72,75,70,58,32,80,80,57,0,0],"gold":506,"neow_bonus":"RANDOM_COLORLESS","is_daily":false,"chose_seed":false,"campfire_upgraded":6,"win_rate":0.0,"timestamp":1608068959,"path_taken":["R","?","E","M","?","R","T","?","E","R","?","M","?","?","M","BOSS","R","?","$","M","R","E","T","E","?","R","M","M","?","M","M","BOSS","R","M","E"],"items_purchased_type":["Relic","Card"],"build_version":"2020-12-13","purchased_purges":1,"victory":false,"max_hp_per_floor":[70,70,70,70,70,70,70,70,70,70,70,70,70,70,70,70,70,70,70,70,70,70,70,70,70,70,80,80,80,80,80,80,80,80,80,80,80,80],"relic_stats":{"Sozu":4,"counters":[19,91],"Bloody Idol":100,"Bird Faced Urn":[20],"MawBank":156,"obtain_stats":[{"aspiration:Lifesprig":3,"downfall:HeartBlessingRed":18,"hubris:HollowSoul":17,"MawBank":25,"Sozu":34,"hubris:Icosahedron":8,"downfall:HeartBlessingBlue":27,"Bloody Idol":19,"Bird Faced Urn":26,"Simple Rune":7,"Grinning Jar":13,"Mirror":23,"hexamod:SpiritBrand":0,"hubris:OldNail":14,"Meat on the Bone":9},{"aspiration:Lifesprig":1,"downfall:HeartBlessingRed":7,"hubris:HollowSoul":7,"MawBank":11,"Sozu":17,"hubris:Icosahedron":2,"downfall:HeartBlessingBlue":11,"Bloody Idol":7,"Bird Faced Urn":11,"Simple Rune":2,"Grinning Jar":5,"Mirror":10,"hexamod:SpiritBrand":0,"hubris:OldNail":5,"Meat on the Bone":3},{"aspiration:Lifesprig":6,"downfall:HeartBlessingRed":34,"hubris:HollowSoul":34,"MawBank":54,"Sozu":81,"hubris:Icosahedron":9,"downfall:HeartBlessingBlue":54,"Bloody Idol":34,"Bird Faced Urn":54,"Simple Rune":9,"Grinning Jar":22,"Mirror":48,"hexamod:SpiritBrand":0,"hubris:OldNail":22,"Meat on the Bone":16}],"Meat on the Bone":72},"card_choices":[{"not_picked":["Survey Options","expansioncontent:CaCaw"],"picked":"expansioncontent:GuardianWhirl","floor":0},{"not_picked":["hexamod:NightmareStrike","hexamod:Firestarter"],"picked":"hexamod:GhostflameBarrier","floor":3},{"not_picked":["hexamod:DynamicBlow","hexamod:GhostShield"],"picked":"hexamod:FastForward","floor":4},{"not_picked":["hexamod:RetreatToShadows","hexamod:NecessarySacrifice"],"picked":"hexamod:FastForward","floor":9},{"not_picked":["hexamod:SpectralSpark","hexamod:HeatCrush"],"picked":"hexamod:BurningTouch","floor":12},{"not_picked":["hexamod:InspiringFlames","hexamod:HeatCrush","hexamod:EtherealExpedition"],"picked":"SKIP","floor":13},{"not_picked":["hexamod:SpectersWail","hexamod:EtherealExpedition"],"picked":"hexamod:HeatMetal","floor":15},{"not_picked":["hexamod:FifthSeal","hexamod:SixthSeal"],"picked":"hexamod:HexaLevel","floor":16},{"not_picked":["hexamod:SwordOfDarkness","hexamod:ThermalTransfer"],"picked":"hexamod:BurningTouch","floor":20},{"not_picked":["hexamod:StepThrough+1","hexamod:GhostOfSpireFuture+1"],"picked":"hexamod:SoulSteal+1","floor":21},{"not_picked":["hexamod:ShieldOfDarkness","hexamod:EtherealExpedition"],"picked":"hexamod:BurningTouch","floor":23},{"not_picked":["hexamod:TurnItUp","hexamod:RetreatToShadows"],"picked":"hexamod:PhantomCloak+1","floor":25},{"not_picked":["hexamod:Hexaguard+1","hexamod:SwordOfDarkness","hexamod:NightmareGuise+1"],"picked":"SKIP","floor":28},{"not_picked":["hexamod:SpectralAdrenaline","hexamod:ShieldOfDarkness"],"picked":"hexamod:SkipABeat+1","floor":29},{"not_picked":["hexamod:Rewind","hexamod:SuperheatedStrike"],"picked":"hexamod:SpectralSpark+1","floor":30},{"not_picked":["hexamod:FourthSeal","hexamod:GhostShield+1","hexamod:SpectersWail"],"picked":"SKIP","floor":31},{"not_picked":["hexamod:FastForward","hexamod:SpectersWail"],"picked":"hexamod:SoulSteal","floor":32},{"not_picked":["hexamod:TurnItUp","hexamod:UnleashSpirits"],"picked":"hexamod:TimeOfNeed","floor":33},{"not_picked":["hexamod:ThermalTransfer+1","hexamod:BacktrackSmack+1"],"picked":"hexamod:FirstSeal","floor":36}],"player_experience":797552,"relics_obtained":[{"floor":3,"key":"aspiration:Lifesprig"},{"floor":7,"key":"Simple Rune"},{"floor":9,"key":"Meat on the Bone"},{"floor":14,"key":"hubris:OldNail"},{"floor":23,"key":"Mirror"},{"floor":25,"key":"MawBank"},{"floor":26,"key":"Bird Faced Urn"}],"event_choices":[{"cards_removed":["Slimebound:Icky"],"damage_healed":0,"gold_gain":0,"player_choice":"Card Removal","damage_taken":0,"max_hp_gain":0,"max_hp_loss":0,"event_name":"The Cleric","floor":11,"gold_loss":0},{"damage_healed":0,"gold_gain":0,"player_choice":" Idol ","damage_taken":35,"relics_obtained":["Bloody Idol"],"max_hp_gain":70,"max_hp_loss":35,"event_name":"betterAltar:BetterAltar","floor":19,"potions_obtained":[],"relics_lost":[],"gold_loss":0},{"damage_healed":0,"gold_gain":0,"player_choice":"Relic","damage_taken":0,"max_hp_gain":0,"max_hp_loss":0,"event_name":"Wheel of Change","floor":26,"gold_loss":0}],"is_beta":false,"boss_relics":[{"not_picked":["vexMod:MegatonBomb","Fusion Hammer"],"picked":"hubris:HollowSoul"},{"not_picked":["ChewingGum","vexMod:CursedCompass"],"picked":"Sozu"}],"items_purged_floors":[20],"is_endless":false,"potions_floor_spawned":[4,16,21,28,29,31,36],"killed_by":"Reptomancer","ascension_level":1}}