{"host":"j4g6ia6asvpyu2b0","time":1608059861,"event":{"mods":["BaseMod","Colored Map","Minty Spire (QoL Compilation)","Permanent Neow","Quick Restart","Relic Stats","StSLib","Unceasing Turn Reminder"],"gold_per_floor":[114,129,204,219,219,249,249,264,264,279,294,309,243,273,273,373,373,388,388,388,388,106,136,136,136,136,136,151,166,72,102,102,202,202,217,317,332,173,188,218,233,263,313,328,343,343,358,15,15,15],"floor_reached":51,"playtime":1700,"items_purged":[],"score":1009,"play_id":"2b09226b-62e0-42df-80b4-297bf7280ea3","local_time":"20201215121741","daily_mods":["Allstar","Hoarder","Night Terrors"],"is_ascension_mode":false,"campfire_choices":[{"data":"Gash","floor":7,"key":"SMITH"},{"data":"Skim","floor":15,"key":"SMITH"},{"data":"Skim","floor":27,"key":"SMITH"},{"floor":32,"key":"REST"},{"floor":46,"key":"REST"},{"floor":49,"key":"REST"}],"circlet_count":0,"master_deck":["Strike_B+1","Strike_B+1","Strike_B+1","Strike_B+1","Defend_B+1","Defend_B+1","Defend_B+1","Defend_B+1","Zap","Dualcast","Discovery","Discovery","Discovery","Dramatic Entrance","Dramatic Entrance","Dramatic Entrance","Forethought","Forethought","Forethought+1","Jack Of All Trades","Jack Of All Trades","Jack Of All Trades","Forethought","Forethought","Forethought","Cold Snap","Cold Snap","Cold Snap","Leap","Leap","Leap","Gash+1","Gash","Gash","Gash","Gash","Gash","Aggregate","Aggregate","Aggregate","Echo Form","Echo Form","Echo Form","Sweeping Beam","Sweeping Beam","Sweeping Beam","Cold Snap","Cold Snap","Cold Snap","Skim+1","Skim+1","Skim+1","All For One","All For One","All For One","Capacitor+1","Capacitor+1","Capacitor+1","Gash","Gash","Gash","Sweeping Beam","Sweeping Beam","Sweeping Beam","Glacier+1","Glacier+1","Glacier+1","Gash","Gash","Gash","Rainbow+1","Rainbow+1","Rainbow+1","Compile Driver","Compile Driver","Compile Driver","Compile Driver+1","Compile Driver+1","Compile Driver+1","Coolheaded+1","Coolheaded+1","Coolheaded+1","Glacier+1","Glacier+1","Glacier+1","Scrape+1","Scrape+1","Scrape+1","Darkness+1","Darkness+1","Darkness+1","Loop","Loop","Loop","Discovery+1","Discovery+1","Discovery+1"],"relics":["Cracked Core","Shuriken","The Courier","Singing Bowl","Runic Dome","Omamori","Lantern","War Paint","Toxic Egg 2","Nilry\u0027s Codex","Bottled Flame","Bottled Tornado","Philosopher\u0027s Stone","Bag of Preparation","Ancient Tea Set","Potion Belt","Nunchaku","Bottled Lightning"],"acts_visited":["Exordium","TheCity","TheBeyond"],"potions_floor_usage":[23,23],"damage_taken":[{"damage":0,"enemies":"Small Slimes","floor":1,"turns":1},{"damage":9,"enemies":"Jaw Worm","floor":2,"turns":2},{"damage":0,"enemies":"2 Louse","floor":4,"turns":1},{"damage":0,"enemies":"Lagavulin","floor":6,"turns":9},{"damage":0,"enemies":"Large Slime","floor":8,"turns":5},{"damage":0,"enemies":"2 Fungi Beasts","floor":10,"turns":1},{"damage":0,"enemies":"Gremlin Gang","floor":11,"turns":1},{"damage":0,"enemies":"Blue Slaver","floor":12,"turns":2},{"damage":9,"enemies":"3 Sentries","floor":14,"turns":3},{"damage":35,"enemies":"Hexaghost","floor":16,"turns":8},{"damage":13,"enemies":"Shell Parasite","floor":18,"turns":4},{"damage":12,"enemies":"Book of Stabbing","floor":23,"turns":4},{"damage":0,"enemies":"Spheric Guardian","floor":28,"turns":2},{"damage":1,"enemies":"Chosen and Byrds","floor":29,"turns":2},{"damage":26,"enemies":"Slavers","floor":31,"turns":4},{"damage":16,"enemies":"Champ","floor":33,"turns":7},{"damage":7,"enemies":"3 Darklings","floor":35,"turns":3},{"damage":3,"enemies":"3 Shapes","floor":37,"turns":2},{"damage":30,"enemies":"Jaw Worm Horde","floor":39,"turns":3},{"damage":10,"enemies":"Reptomancer","floor":40,"turns":6},{"damage":10,"enemies":"3 Darklings","floor":41,"turns":2},{"damage":15,"enemies":"Nemesis","floor":42,"turns":5},{"damage":0,"enemies":"4 Shapes","floor":44,"turns":1},{"damage":0,"enemies":"Transient","floor":45,"turns":5},{"damage":58,"enemies":"Writhing Mass","floor":47,"turns":5},{"damage":59,"enemies":"Awakened One","floor":50,"turns":8}],"seed_played":"8833210206598683822","potions_obtained":[{"floor":2,"key":"SpeedPotion"},{"floor":6,"key":"Block Potion"},{"floor":8,"key":"Dexterity Potion"},{"floor":16,"key":"Swift Potion"},{"floor":23,"key":"SmokeBomb"},{"floor":31,"key":"EntropicBrew"},{"floor":33,"key":"PotionOfCapacity"},{"floor":45,"key":"Strength Potion"},{"floor":47,"key":"EntropicBrew"}],"is_trial":false,"path_per_floor":["M","M","?","M","?","E","R","M","T","M","M","M","$","E","R","B",null,"M","?","?","?","$","E","T","?","T","R","M","M","$","E","R","B",null,"M","?","M","$","M","E","M","E","T","M","M","R","M","$","R","B",null],"character_chosen":"DEFECT","items_purchased":["Skim","Omamori","Gash","Lantern","Glacier+1","Gash","Bag of Preparation","Compile Driver","Loop","Bottled Lightning","Discovery+1"],"campfire_rested":3,"item_purchase_floors":[13,22,22,22,30,30,38,38,48,48,48],"current_hp_per_floor":[75,66,55,55,55,55,55,55,55,55,55,55,55,48,48,13,77,64,64,64,64,64,54,54,38,38,38,40,39,39,15,78,62,78,73,73,72,72,42,32,22,7,7,7,9,79,23,23,76,17],"gold":15,"neow_bonus":"","is_daily":true,"chose_seed":false,"campfire_upgraded":3,"win_rate":0.0,"timestamp":1608059861,"path_taken":["M","M","?","M","?","E","R","M","T","M","M","M","$","E","R","BOSS","M","?","?","?","$","E","?","?","T","R","M","M","?","E","R","BOSS","M","?","M","$","M","E","M","E","T","M","?","R","M","$","R","BOSS"],"items_purchased_type":["Card","Relic","Card","Relic","Card","Card","Relic","Card","Card","Relic","Card"],"build_version":"2020-12-13","purchased_purges":0,"victory":true,"max_hp_per_floor":[75,75,75,75,75,75,75,75,75,75,75,75,75,77,77,77,77,77,77,77,77,77,79,79,79,79,79,81,81,81,83,78,78,78,80,80,82,82,82,82,82,82,82,82,84,79,81,81,76,76],"relic_stats":{"Nunchaku":[8],"Singing Bowl":16,"counters":[26,96],"Shuriken":[71],"Bag of Preparation":[16],"War Paint":["Forethought","Skim"],"obtain_stats":[{"Potion Belt":42,"Lantern":22,"Singing Bowl":14,"Nilry\u0027s Codex":25,"The Courier":9,"Omamori":22,"Bag of Preparation":38,"War Paint":23,"Bottled Tornado":31,"Ancient Tea Set":40,"Runic Dome":17,"Bottled Flame":26,"Nunchaku":43,"Shuriken":6,"Philosopher\u0027s Stone":34,"Bottled Lightning":48,"Toxic Egg 2":24,"Cracked Core":0},{"Potion Belt":22,"Lantern":11,"Singing Bowl":9,"Nilry\u0027s Codex":12,"The Courier":5,"Omamori":11,"Bag of Preparation":18,"War Paint":12,"Bottled Tornado":15,"Ancient Tea Set":20,"Runic Dome":10,"Bottled Flame":12,"Nunchaku":22,"Shuriken":4,"Philosopher\u0027s Stone":16,"Bottled Lightning":25,"Toxic Egg 2":12,"Cracked Core":0},{"Potion Belt":77,"Lantern":37,"Singing Bowl":25,"Nilry\u0027s Codex":41,"The Courier":18,"Omamori":37,"Bag of Preparation":61,"War Paint":41,"Bottled Tornado":49,"Ancient Tea Set":70,"Runic Dome":33,"Bottled Flame":41,"Nunchaku":77,"Shuriken":13,"Philosopher\u0027s Stone":56,"Bottled Lightning":88,"Toxic Egg 2":41,"Cracked Core":0}]},"card_choices":[{"not_picked":["Stack","Reinforced Body"],"picked":"Cold Snap","floor":1},{"not_picked":["Consume","Redo"],"picked":"Leap","floor":2},{"not_picked":["Rebound","Chill"],"picked":"Gash","floor":4},{"not_picked":["Redo","Fusion"],"picked":"Gash","floor":6},{"not_picked":["Conserve Battery","Coolheaded"],"picked":"Aggregate","floor":8},{"not_picked":["Sunder","Barrage"],"picked":"Echo Form","floor":10},{"not_picked":["Streamline","Hologram"],"picked":"Sweeping Beam","floor":11},{"not_picked":["Genetic Algorithm","Turbo"],"picked":"Cold Snap","floor":12},{"not_picked":["Skim","Turbo","Blizzard"],"picked":"Singing Bowl","floor":14},{"not_picked":["Thunder Strike","Machine Learning"],"picked":"All For One","floor":16},{"not_picked":["Barrage+1","Chaos"],"picked":"Capacitor+1","floor":18},{"not_picked":["Reinforced Body","Go for the Eyes","Rip and Tear"],"picked":"Singing Bowl","floor":23},{"not_picked":["Undo+1","Consume+1","Turbo+1"],"picked":"Singing Bowl","floor":28},{"not_picked":["Rebound+1","Beam Cell"],"picked":"Sweeping Beam","floor":29},{"not_picked":["Stack+1","Static Discharge","Glacier+1"],"picked":"Singing Bowl","floor":31},{"not_picked":["Buffer","Creative AI"],"picked":"Rainbow+1","floor":33},{"not_picked":["Streamline+1","Force Field+1","Go for the Eyes"],"picked":"Singing Bowl","floor":35},{"not_picked":["Redo+1","Beam Cell","FTL"],"picked":"Singing Bowl","floor":37},{"not_picked":["Heatsinks","Stack+1"],"picked":"Compile Driver+1","floor":39},{"not_picked":["Capacitor","Beam Cell+1"],"picked":"Coolheaded+1","floor":40},{"not_picked":["Steam+1","Cold Snap+1"],"picked":"Glacier+1","floor":41},{"not_picked":["Go for the Eyes+1","Lockon+1"],"picked":"Scrape+1","floor":42},{"not_picked":["Cold Snap","Lockon+1"],"picked":"Darkness+1","floor":44},{"not_picked":["Chaos+1","Steam+1","Aggregate+1"],"picked":"Singing Bowl","floor":45},{"not_picked":["Capacitor+1","Gash+1","Amplify+1"],"picked":"Singing Bowl","floor":47}],"player_experience":664099,"relics_obtained":[{"floor":6,"key":"Shuriken"},{"floor":9,"key":"The Courier"},{"floor":14,"key":"Singing Bowl"},{"floor":23,"key":"War Paint"},{"floor":24,"key":"Toxic Egg 2"},{"floor":25,"key":"Nilry\u0027s Codex"},{"floor":26,"key":"Bottled Flame"},{"floor":31,"key":"Bottled Tornado"},{"floor":40,"key":"Ancient Tea Set"},{"floor":42,"key":"Potion Belt"},{"floor":43,"key":"Nunchaku"}],"event_choices":[{"damage_healed":0,"gold_gain":75,"player_choice":"Gather Gold","damage_taken":11,"max_hp_gain":0,"max_hp_loss":0,"event_name":"World of Goop","floor":3,"gold_loss":0},{"damage_healed":0,"gold_gain":0,"player_choice":"Ignored","damage_taken":0,"max_hp_gain":0,"max_hp_loss":0,"event_name":"Liars Game","floor":5,"gold_loss":0},{"damage_healed":0,"gold_gain":0,"player_choice":"Ignored","damage_taken":0,"max_hp_gain":0,"max_hp_loss":0,"event_name":"Vampires","floor":19,"gold_loss":0},{"damage_healed":0,"gold_gain":0,"player_choice":"Ignored","damage_taken":0,"max_hp_gain":0,"max_hp_loss":0,"event_name":"Ghosts","floor":20,"gold_loss":0},{"damage_healed":0,"gold_gain":0,"player_choice":"Simplicity","damage_taken":0,"max_hp_gain":0,"max_hp_loss":0,"event_name":"Back to Basics","floor":21,"gold_loss":0,"cards_upgraded":["Strike_B","Strike_B","Strike_B","Strike_B","Defend_B","Defend_B","Defend_B","Defend_B"]},{"damage_healed":0,"gold_gain":0,"player_choice":"Obtained Book","damage_taken":16,"max_hp_gain":0,"max_hp_loss":0,"event_name":"Cursed Tome","floor":25,"gold_loss":0},{"damage_healed":0,"gold_gain":100,"player_choice":"Pray","damage_taken":0,"max_hp_gain":0,"max_hp_loss":0,"event_name":"Golden Shrine","floor":36,"gold_loss":0}],"is_beta":false,"boss_relics":[{"not_picked":["Inserter","SlaversCollar"],"picked":"Runic Dome"},{"not_picked":["Busted Crown","SacredBark"],"picked":"Philosopher\u0027s Stone"}],"items_purged_floors":[],"is_endless":false,"potions_floor_spawned":[2,6,8,16,23,31,33,40,41,45,47],"ascension_level":0}}