{"host":"a3oe3gstxz77c7qu","time":1608066333,"event":{"mods":["2.2 Compatiblity","Act Like it!","BaseMod","Bestiary","Better Altar","Better Match","Better Note","Better Sensory Stone","Better Skull","Better Third Choice","Block Reminder","Conspire","Curses Come First","Custom Start","Downfall","Friendly Minions","GifTheSpireLib","Humility","Infinite Spire","Lobotomy","LobotomyExtend","Marisa????????","Minty Spire (QoL Compilation)","Permanent Neow","Quick Restart","Relic Stats","Replay The Spire","Robot Space Explorer","StSLib","The Blue Laboratory","Uncapped","Wandering Minibosses"],"gold_per_floor":[115,115,28,46,66,96,96,96,96,130,147,147,147],"floor_reached":12,"playtime":665,"items_purged":[],"score":262,"play_id":"2666c34c-bc88-4d20-8e71-a0b8ee81123e","local_time":"20201215210533","is_ascension_mode":true,"campfire_choices":[{"data":"Replay:Fractal Strike","floor":8,"key":"SMITH"}],"circlet_count":0,"master_deck":["AscendersBane","Strike_R","Strike_R","Strike_R","Strike_R","Strike_R","Defend_R","Defend_R","Defend_R","Defend_R","Bash","Replay:Fractal Strike+1","Replay:Undeath\u0027s Touch","SpiderBud","UniverseFragment"],"relics":["Burning Blood","CogitoBucket","RabbitCall","LetterFromLob","ReplayTheSpireMod:Ninjato","Regal Pillow","Frozen Egg 2","Magic Flower","HellTrain"],"acts_visited":["Exordium"],"potions_floor_usage":[10],"damage_taken":[{"damage":2.0,"enemies":"Cultist","floor":1.0,"turns":4.0},{"damage":28.0,"enemies":"Jaw Worm","floor":4.0,"turns":7.0},{"damage":5.0,"enemies":"2 Louse","floor":5.0,"turns":6.0},{"damage":0.0,"enemies":"3 Sentries","floor":6.0,"turns":5.0},{"damage":9,"enemies":"Lagavulin","floor":10,"turns":5},{"damage":14,"enemies":"Exordium Wildlife","floor":11,"turns":5},{"damage":18,"enemies":"Gremlin Nob","floor":12,"turns":3}],"seed_played":"4513795463012242318","potions_obtained":[{"floor":5.0,"key":"Block Potion"},{"floor":10,"key":"Doom Potion"}],"is_trial":false,"path_per_floor":["M","?","?","M","M","E","?","R","T","E","M","E"],"character_chosen":"IRONCLAD","items_purchased":[],"campfire_rested":0,"item_purchase_floors":[],"current_hp_per_floor":[72,53,53,31,32,38,38,38,38,35,30,12,12],"gold":147,"neow_bonus":"","is_daily":false,"chose_seed":false,"campfire_upgraded":1,"win_rate":0.0,"timestamp":1608066333,"path_taken":["M","?","?","?","M","E","?","R","T","E","M","E"],"items_purchased_type":[],"build_version":"2020-12-13","purchased_purges":0,"victory":false,"max_hp_per_floor":[75,75,75,75,75,75,75,75,75,75,75,75,75],"relic_stats":{"Regal Pillow":0,"counters":[8,36],"Magic Flower":[3],"obtain_stats":[{"RabbitCall":0,"CogitoBucket":0,"Regal Pillow":6,"ReplayTheSpireMod:Ninjato":3,"Magic Flower":10,"LetterFromLob":1,"Frozen Egg 2":9,"HellTrain":11,"Burning Blood":0},{"RabbitCall":0,"CogitoBucket":0,"Regal Pillow":4,"ReplayTheSpireMod:Ninjato":1,"Magic Flower":5,"LetterFromLob":1,"Frozen Egg 2":4,"HellTrain":7,"Burning Blood":0},{"RabbitCall":0,"CogitoBucket":0,"Regal Pillow":22,"ReplayTheSpireMod:Ninjato":4,"Magic Flower":27,"LetterFromLob":4,"Frozen Egg 2":22,"HellTrain":33,"Burning Blood":0}],"Burning Blood":39},"card_choices":[{"not_picked":["Bloodbath","Wellcheers","ShyLook"],"picked":"Singing Bowl","floor":1.0},{"not_picked":["Clothesline","Reckless Charge","Second Wind"],"picked":"SKIP","floor":1.0},{"not_picked":["infinitespire:Execution","infinitespire:Collect"],"picked":"Replay:Fractal Strike","floor":2.0},{"not_picked":["Battle Trance","Iron Wave"],"picked":"Replay:Undeath\u0027s Touch","floor":4.0},{"not_picked":["SpiderBud","SingingMachine","LittlePrince"],"picked":"Singing Bowl","floor":4.0},{"not_picked":["WhitesApple","Porccubus","PunishingBird"],"picked":"Singing Bowl","floor":5.0},{"not_picked":["Battle Trance","Armaments","Flex"],"picked":"SKIP","floor":5.0},{"not_picked":["FairyFestival","MHz"],"picked":"SpiderBud","floor":6.0},{"not_picked":["Pommel Strike","Hemogenesis","Blood for Blood"],"picked":"SKIP","floor":6.0},{"not_picked":["Mercenary","BeautyBeast","MeatLantern"],"picked":"Singing Bowl","floor":10},{"not_picked":["OldLady","CherryBlossoms"],"picked":"UniverseFragment","floor":10},{"not_picked":["Run Through","Clash","Cleave"],"picked":"SKIP","floor":10},{"not_picked":["MHz","ShyLook","Bloodbath"],"picked":"Singing Bowl","floor":11},{"not_picked":["Ghostly Armor","Thunderclap","Reckless Charge"],"picked":"SKIP","floor":11}],"player_experience":813794,"relics_obtained":[{"floor":1.0,"key":"LetterFromLob"},{"floor":6.0,"key":"Regal Pillow"},{"floor":9,"key":"Frozen Egg 2"},{"floor":10,"key":"Magic Flower"}],"event_choices":[{"damage_healed":0.0,"max_hp_gain":0.0,"max_hp_loss":0.0,"gold_gain":0.0,"event_name":"WeMeetAgain","player_choice":"Paid Gold","floor":3.0,"gold_loss":87.0,"damage_taken":0.0,"relics_obtained":["ReplayTheSpireMod:Ninjato"]}],"is_beta":false,"boss_relics":[],"items_purged_floors":[],"is_endless":false,"potions_floor_spawned":[5,10],"killed_by":"Gremlin Nob","ascension_level":18}}