{"host":"6bsan6hkua32tfq7","time":1608013141,"event":{"mods":["BaseMod","Better Third Choice","Colored Map","Downfall","Highlight Path","Minty Spire (QoL Compilation)","StSLib"],"gold_per_floor":[119,44,44,56,56,82,99,128,175,175,194,218,249,207,207,207,207],"floor_reached":16,"playtime":346,"items_purged":["Defend_G"],"score":286,"play_id":"9cd8382d-4563-4f37-acf2-0ab9b6dd7bca","local_time":"20201215071901","is_ascension_mode":true,"campfire_choices":[{"data":"Terror","floor":10,"key":"SMITH"},{"data":"Venomology","floor":15,"key":"SMITH"}],"circlet_count":0,"master_deck":["AscendersBane","Strike_G","Strike_G","Strike_G","Strike_G+1","Strike_G","Defend_G+1","Defend_G","Defend_G","Survivor","Neutralize","Underhanded Strike","Catalyst","Terror+1","Corpse Explosion","Leg Sweep","Dagger Spray","Venomology+1"],"relics":["Ring of the Snake","NeowsBlessing","Darkstone Periapt","Akabeko","Bronze Scales","Snake Skull","Bird Faced Urn"],"acts_visited":["Exordium"],"potions_floor_usage":[8,13,16,16,16,16,16,16],"damage_taken":[{"damage":0,"enemies":"2 Louse","floor":1,"turns":1},{"damage":0,"enemies":"Small Slimes","floor":4,"turns":1},{"damage":0,"enemies":"Lagavulin","floor":6,"turns":1},{"damage":0,"enemies":"Jaw Worm","floor":7,"turns":3},{"damage":13,"enemies":"Gremlin Nob","floor":8,"turns":4},{"damage":11,"enemies":"Exordium Wildlife","floor":11,"turns":2},{"damage":12,"enemies":"Lagavulin","floor":13,"turns":8},{"damage":5,"enemies":"Hexaghost","floor":16,"turns":7}],"seed_played":"8752076533967796040","potions_obtained":[{"floor":1,"key":"EntropicBrew"},{"floor":6,"key":"Explosive Potion"},{"floor":11,"key":"BlessingOfTheForge"},{"floor":13,"key":"hexamod:EctoCoolerPotion"}],"is_trial":false,"path_per_floor":["M","$","?","M","?","E","M","E","T","R","M","T","E","?","R","B"],"character_chosen":"THE_SILENT","items_purchased":[],"campfire_rested":0,"item_purchase_floors":[],"current_hp_per_floor":[59,59,59,59,39,39,39,26,26,26,15,15,3,3,3,0,0],"gold":207,"neow_bonus":"THREE_ENEMY_KILL","is_daily":false,"chose_seed":false,"campfire_upgraded":2,"win_rate":0.0,"timestamp":1608013141,"path_taken":["M","$","?","M","?","E","?","E","T","R","M","?","E","?","R","BOSS"],"items_purchased_type":[],"build_version":"2020-12-13","purchased_purges":1,"victory":false,"max_hp_per_floor":[66,66,66,66,66,66,66,66,66,66,66,66,66,66,66,66,66],"card_choices":[{"not_picked":["Leg Sweep","Bane"],"picked":"Underhanded Strike","floor":1},{"not_picked":["Deflect","Riddle With Holes"],"picked":"Terror","floor":4},{"not_picked":["Reflex","Underhanded Strike"],"picked":"Corpse Explosion","floor":6},{"not_picked":["Blade Dance","Concentrate"],"picked":"Leg Sweep","floor":7},{"not_picked":["Slice","Poisoned Stab"],"picked":"Dagger Spray","floor":8},{"not_picked":["Sucker Punch","Poisoned Stab","Accuracy"],"picked":"SKIP","floor":11},{"not_picked":["Slice","Bouncing Flask"],"picked":"Venomology","floor":13}],"player_experience":5153665,"relics_obtained":[{"floor":6,"key":"Darkstone Periapt"},{"floor":8,"key":"Akabeko"},{"floor":9,"key":"Bronze Scales"},{"floor":12,"key":"Snake Skull"},{"floor":13,"key":"Bird Faced Urn"}],"event_choices":[{"damage_healed":0,"gold_gain":0,"cards_transformed":["Defend_G"],"player_choice":"Change","damage_taken":0,"max_hp_gain":0,"max_hp_loss":0,"event_name":"Living Wall","floor":3,"gold_loss":0,"cards_obtained":["Catalyst"]},{"damage_healed":59,"gold_gain":0,"player_choice":"Upgrade","damage_taken":20,"max_hp_gain":0,"max_hp_loss":66,"event_name":"betterThird:BetterShining","floor":5,"gold_loss":0,"cards_upgraded":["Strike_G","Defend_G"]},{"damage_healed":0,"gold_gain":0,"player_choice":"Left","damage_taken":0,"max_hp_gain":0,"max_hp_loss":0,"event_name":"betterThird:BetterGoop","floor":14,"gold_loss":42}],"is_beta":false,"boss_relics":[],"items_purged_floors":[2],"is_endless":false,"potions_floor_spawned":[1,6,11,13],"killed_by":"Hexaghost","ascension_level":20}}