{"host":"684z1xpuwaoqmmh1","time":1608044428,"event":{"mods":["Bard","BaseMod","Downfall","Hermit","Jorbs\u0027s Wanderer Trilogy","Marisa????????","Minty Spire (QoL Compilation)","StSLib","The Hierophant","The Mystic","The Runesmith"],"gold_per_floor":[99,114,140,150,178,178,178,192,219,144,164,183,11,28,42,42,42],"floor_reached":16,"playtime":1015,"items_purged":[],"score":161,"play_id":"94c7c559-b4c8-41c1-bede-c35cd5c6604e","local_time":"20201215170028","is_ascension_mode":true,"campfire_choices":[{"floor":1.0,"key":"RECALL"},{"floor":10.0,"key":"REST"}],"circlet_count":0,"master_deck":["champ:Strike","champ:Strike","champ:Strike","champ:Strike","champ:Defend","champ:Defend","champ:Defend","champ:Defend","champ:Execute","champ:Taunt+1","champ:CrookedStrike","champ:SteelEdge","champ:RisingSlash","champ:CrownThrow","champ:GladiatorStyle","champ:SkillfulDodge","champ:ShieldSigil","champ:EnchantShield","champ:FocusedBerserking","champ:RisingSlash","champ:RageSigil","champ:FocusedGladiator"],"relics":["champ:ChampionCrown","Matryoshka","StrikeDummy","GremlinMask","Oddly Smooth Stone","Ancient Tea Set","Dream Catcher","downfall:HeartBlessingRed","champ:BerserkersGuideToSlaughter"],"acts_visited":["Exordium"],"potions_floor_usage":[12,16],"damage_taken":[{"damage":7.0,"enemies":"Jaw Worm","floor":2.0,"turns":4.0},{"damage":40.0,"enemies":"3 Sentries","floor":3.0,"turns":10.0},{"damage":5.0,"enemies":"Cultist","floor":4.0,"turns":3.0},{"damage":32.0,"enemies":"Gremlin Nob","floor":5.0,"turns":4.0},{"damage":0.0,"enemies":"Small Slimes","floor":8.0,"turns":4.0},{"damage":23.0,"enemies":"3 Sentries","floor":9.0,"turns":7.0},{"damage":14,"enemies":"Exordium Wildlife","floor":11,"turns":3},{"damage":0,"enemies":"Lots of Slimes","floor":12,"turns":3},{"damage":11,"enemies":"downfall:FleeingMerchant","floor":13,"turns":4},{"damage":18,"enemies":"Exordium Thugs","floor":14,"turns":4},{"damage":18,"enemies":"3 Louse","floor":15,"turns":4},{"damage":37,"enemies":"downfall:Silent","floor":16,"turns":6}],"seed_played":"-7436487983648581532","potions_obtained":[{"floor":2.0,"key":"Energy Potion"},{"floor":9.0,"key":"SpeedPotion"},{"floor":11,"key":"AttackPotion"},{"floor":14,"key":"Weak Potion"}],"is_trial":false,"path_per_floor":["R","M","E","M","E","?","T","M","E","R","M","M","$","M","M","B"],"character_chosen":"THE_CHAMP","items_purchased":["champ:BerserkersGuideToSlaughter"],"campfire_rested":1,"item_purchase_floors":[13],"current_hp_per_floor":[81,79,54,54,30,30,30,30,18,45,40,40,42,34,36,0,0],"gold":42,"neow_bonus":"UPGRADE_CARD","is_daily":false,"chose_seed":false,"campfire_upgraded":0,"win_rate":0.0,"timestamp":1608044428,"path_taken":["R","M","E","M","E","?","T","M","E","R","?","M","$","M","M","BOSS"],"items_purchased_type":["Relic"],"build_version":"2020-12-13","purchased_purges":0,"victory":false,"max_hp_per_floor":[90,90,90,90,90,90,90,90,90,90,90,90,90,90,90,90,90],"card_choices":[{"not_picked":["champ:Haymaker","champ:BladeFlurry"],"picked":"champ:CrookedStrike","floor":2.0},{"not_picked":["champ:FanOfKnives","champ:Duel"],"picked":"champ:SteelEdge","floor":3.0},{"not_picked":["champ:Circumvent","champ:BerserkersShout"],"picked":"champ:RisingSlash","floor":4.0},{"not_picked":["champ:ViciousMockery","champ:Encircle"],"picked":"champ:CrownThrow","floor":5.0},{"not_picked":["champ:FanOfKnives","champ:BladeFlurry"],"picked":"champ:GladiatorStyle","floor":8.0},{"not_picked":["champ:StanceDance","champ:FightOn"],"picked":"champ:SkillfulDodge","floor":9.0},{"not_picked":["champ:TornadoPunch","champ:Encircle"],"picked":"champ:ShieldSigil","floor":10.0},{"not_picked":["champ:BringItOn","champ:ShieldSigil"],"picked":"champ:EnchantShield","floor":11},{"not_picked":["champ:Circumvent","champ:BringItOn"],"picked":"champ:FocusedBerserking","floor":12},{"not_picked":["champ:FlashCut","champ:FanOfKnives"],"picked":"champ:RisingSlash","floor":13},{"not_picked":["champ:RapidStrikes","champ:SwordSigil"],"picked":"champ:RageSigil","floor":14},{"not_picked":["champ:EnragedBash","champ:Haymaker"],"picked":"champ:FocusedGladiator","floor":15}],"player_experience":2311094,"relics_obtained":[{"floor":3.0,"key":"Matryoshka"},{"floor":5.0,"key":"StrikeDummy"},{"floor":7.0,"key":"Oddly Smooth Stone"},{"floor":7.0,"key":"Ancient Tea Set"},{"floor":9.0,"key":"Dream Catcher"}],"event_choices":[{"damage_healed":0.0,"max_hp_gain":0.0,"max_hp_loss":0.0,"gold_gain":0.0,"event_name":"FaceTrader","player_choice":"Trade","floor":6.0,"gold_loss":0.0,"damage_taken":0.0,"relics_obtained":["GremlinMask"]}],"is_beta":false,"boss_relics":[],"items_purged_floors":[],"is_endless":false,"potions_floor_spawned":[2,9,11,14],"killed_by":"downfall:Silent","ascension_level":6}}