{"host":"9pqy5lt7vda52ebm","time":1608059750,"event":{"mods":["BaseMod","Minty Spire (QoL Compilation)","Optimize The Spire","Quick Restart","StSLib","The Marked"],"gold_per_floor":[114,127,143,157,157,167,201,219,219,219,394,394,84,101,101,199,199,216,216,232,34,54,54,54,85,108,127,158,73,73,85,85,190,190,205,258,272,76,86,86,99,114,140,173,186,186,186,196,196,196],"floor_reached":51,"playtime":9648,"items_purged":["Doubt","theMarked:ReduceFriction"],"score":798,"play_id":"8a92276f-f984-439e-9a34-c97bd3db710f","local_time":"20201215141550","is_ascension_mode":false,"campfire_choices":[{"data":"theMarked:SoldierOfQuellstein","floor":10.0,"key":"SMITH"},{"data":"theMarked:ResourceFulStrike","floor":12.0,"key":"SMITH"},{"data":"theMarked:Panic","floor":15.0,"key":"SMITH"},{"data":"Apotheosis","floor":23,"key":"SMITH"},{"data":"theMarked:ComboAttacks","floor":30,"key":"SMITH"},{"data":"theMarked:MysticalArsenal","floor":32,"key":"SMITH"},{"data":"theMarked:SummonStrength","floor":40,"key":"SMITH"},{"data":"Good Instincts","floor":49,"key":"SMITH"}],"circlet_count":0,"master_deck":["theMarked:SoldierOfQuellstein+1","theMarked:ResourceFulStrike+1","theMarked:Convert","theMarked:SelfDefenseTraining","theMarked:MysticalArsenal+1","Apotheosis+1","theMarked:Panic+1","theMarked:ThrowWeapon","theMarked:ParalyzingBlade+1","theMarked:SummonStrength+1","theMarked:EmpowerWeapon","theMarked:BanishingWave","theMarked:UnarmedFury","theMarked:BanishingWave","theMarked:WastefulDefense","theMarked:ComboAttacks+1","theMarked:RepellingDischarge","Iron Wave","theMarked:RepellingDischarge+1","Dark Shackles","theMarked:WardOff+1","theMarked:BanishingStrike","theMarked:DeterminationOfTheMarked+1","theMarked:MysticalArsenal+1","theMarked:BanishingStrike+1","theMarked:SwordAndMagic","theMarked:SwordAndMagic+1","theMarked:SwordAndMagic+1","Good Instincts+1"],"relics":["theMarked:ArtifactOfAir","theMarked:DemonDagger","Ornamental Fan","Pandora\u0027s Box","Oddly Smooth Stone","War Paint","The Courier","Letter Opener","theMarked:Eyepatch","TungstenRod","Bottled Lightning","Torii"],"acts_visited":["Exordium","TheCity","TheBeyond"],"potions_floor_usage":[20,36,50,50,50],"damage_taken":[{"damage":0.0,"enemies":"Cultist","floor":1.0,"turns":3.0},{"damage":0.0,"enemies":"Jaw Worm","floor":2.0,"turns":3.0},{"damage":0.0,"enemies":"Small Slimes","floor":3.0,"turns":3.0},{"damage":11.0,"enemies":"3 Louse","floor":4.0,"turns":5.0},{"damage":6.0,"enemies":"Lots of Slimes","floor":6.0,"turns":5.0},{"damage":14.0,"enemies":"Gremlin Nob","floor":7.0,"turns":3.0},{"damage":0.0,"enemies":"Large Slime","floor":8.0,"turns":6.0},{"damage":0.0,"enemies":"Looter","floor":14.0,"turns":2.0},{"damage":27.0,"enemies":"Hexaghost","floor":16.0,"turns":9.0},{"damage":0,"enemies":"3 Byrds","floor":18,"turns":2},{"damage":6,"enemies":"2 Thieves","floor":20,"turns":2},{"damage":17,"enemies":"Snecko","floor":22,"turns":4},{"damage":1,"enemies":"Book of Stabbing","floor":25,"turns":4},{"damage":0,"enemies":"Centurion and Healer","floor":27,"turns":4},{"damage":13,"enemies":"Slavers","floor":28,"turns":4},{"damage":0,"enemies":"3 Cultists","floor":31,"turns":2},{"damage":0,"enemies":"Champ","floor":33,"turns":7},{"damage":0,"enemies":"Orb Walker","floor":35,"turns":3},{"damage":28,"enemies":"2 Orb Walkers","floor":36,"turns":3},{"damage":0,"enemies":"3 Shapes","floor":37,"turns":2},{"damage":0,"enemies":"Writhing Mass","floor":39,"turns":4},{"damage":13,"enemies":"Transient","floor":41,"turns":5},{"damage":0,"enemies":"Spire Growth","floor":42,"turns":3},{"damage":0,"enemies":"Reptomancer","floor":44,"turns":3},{"damage":0,"enemies":"3 Darklings","floor":45,"turns":2},{"damage":7,"enemies":"Maw","floor":48,"turns":4},{"damage":0,"enemies":"Awakened One","floor":50,"turns":3}],"seed_played":"6551631317902889959","potions_obtained":[{"floor":3.0,"key":"SteroidPotion"},{"floor":4.0,"key":"SpeedPotion"},{"floor":8.0,"key":"Weak Potion"},{"floor":18,"key":"theMarked:ChargePotion"},{"floor":28,"key":"Dexterity Potion"},{"floor":37,"key":"EntropicBrew"},{"floor":41,"key":"DuplicationPotion"}],"is_trial":false,"path_per_floor":["M","M","M","M","?","M","E","M","T","R","?","R","$","M","R","B",null,"M","?","M","$","M","R","?","E","T","M","E","?","R","M","R","B",null,"M","?","M","$","M","R","M","M","T","E","M","?","?","M","R","B",null],"character_chosen":"THE_DEFAULT","items_purchased":["Apotheosis","theMarked:Panic","Dark Shackles","Bottled Lightning"],"campfire_rested":0,"item_purchase_floors":[13,13,21,38],"current_hp_per_floor":[77,77,77,66,71,65,51,51,51,51,51,51,51,51,51,24,82,82,82,76,76,59,59,59,58,58,58,45,45,45,45,45,45,82,82,54,54,54,54,54,41,41,41,41,41,41,41,34,34,34],"gold":196,"neow_bonus":"TEN_PERCENT_HP_BONUS","is_daily":false,"chose_seed":false,"campfire_upgraded":8,"win_rate":0.0,"timestamp":1608059750,"path_taken":["M","M","M","?","?","M","E","M","T","R","?","R","$","M","R","BOSS","M","?","M","$","?","R","?","E","T","M","E","?","R","M","R","BOSS","M","?","M","$","M","R","M","M","T","E","M","?","?","?","R","BOSS"],"items_purchased_type":["Card","Card","Card","Relic"],"build_version":"2020-12-13","purchased_purges":2,"victory":true,"max_hp_per_floor":[77,77,77,77,82,82,82,82,82,82,82,82,82,82,82,82,82,82,82,82,82,82,82,82,82,82,82,82,82,82,82,82,82,82,82,82,82,82,82,82,82,82,82,82,82,82,82,82,82,82],"card_choices":[{"not_picked":["theMarked:Panic","theMarked:PowerFlow"],"picked":"theMarked:ResourceFulStrike","floor":1.0},{"not_picked":["theMarked:ChainLightning","theMarked:Parkour"],"picked":"theMarked:ReduceFriction","floor":2.0},{"not_picked":["theMarked:TakeCover","theMarked:WardOff"],"picked":"theMarked:Convert","floor":3.0},{"not_picked":["theMarked:Improvise","theMarked:EmpowerWeapon"],"picked":"theMarked:ContemptForTheProud","floor":4.0},{"not_picked":["theMarked:TurnInvisible","theMarked:Electrocute","theMarked:ContemptForTheProud"],"picked":"SKIP","floor":6.0},{"not_picked":["theMarked:ChainLightning","theMarked:ResourceFulStrike"],"picked":"theMarked:SelfDefenseTraining","floor":7.0},{"not_picked":["theMarked:HeritageOfTheMarked","theMarked:ShockingTouch"],"picked":"theMarked:MysticalArsenal","floor":8.0},{"not_picked":["theMarked:ChainLightning","theMarked:EnhanceMovement","theMarked:Parkour"],"picked":"SKIP","floor":14.0},{"not_picked":["theMarked:FavorableWinds","theMarked:Challenge"],"picked":"theMarked:ThrowWeapon","floor":16.0},{"not_picked":["theMarked:Parkour","theMarked:BanishingStrike"],"picked":"theMarked:RepellingDischarge","floor":18},{"not_picked":["theMarked:TunnelVision","theMarked:Improvise"],"picked":"theMarked:RepellingDischarge","floor":20},{"not_picked":["theMarked:TwofoldDefense","theMarked:Indomitable"],"picked":"theMarked:WardOff+1","floor":22},{"not_picked":["theMarked:MagicAdept","theMarked:WastefulDefense"],"picked":"theMarked:BanishingStrike","floor":25},{"not_picked":["theMarked:BanishingWave","theMarked:Aftermath","theMarked:MagicAdept"],"picked":"SKIP","floor":27},{"not_picked":["theMarked:ResourceFulStrike","theMarked:Generate"],"picked":"theMarked:DeterminationOfTheMarked+1","floor":28},{"not_picked":["theMarked:Parkour","theMarked:TwofoldDefense","theMarked:HeightenedSenses+1"],"picked":"SKIP","floor":31},{"not_picked":["theMarked:Aftermath+1","theMarked:ChainLightning+1"],"picked":"theMarked:MysticalArsenal+1","floor":35},{"not_picked":["theMarked:Indomitable+1","theMarked:MagicAdept+1"],"picked":"theMarked:BanishingStrike+1","floor":37},{"not_picked":["theMarked:Aftermath+1","theMarked:ChainLightning+1","theMarked:WastefulAttack"],"picked":"SKIP","floor":39},{"not_picked":["theMarked:LightningStrikesTwice+1","theMarked:Frustration+1","theMarked:Snap"],"picked":"SKIP","floor":41},{"not_picked":["theMarked:ContemptForTheProud","theMarked:RepellingDischarge"],"picked":"theMarked:SwordAndMagic","floor":42},{"not_picked":["theMarked:MagicAdept+1","theMarked:CreepingChasm"],"picked":"theMarked:SwordAndMagic+1","floor":44},{"not_picked":["theMarked:GodGivenPower+1","theMarked:StartUp+1"],"picked":"theMarked:SwordAndMagic+1","floor":45},{"not_picked":["Mayhem","Magnetism"],"picked":"Good Instincts","floor":46},{"not_picked":["theMarked:DeterminationOfTheMarked","theMarked:Frustration","theMarked:PowerFlow+1"],"picked":"SKIP","floor":48}],"player_experience":311977,"relics_obtained":[{"floor":7.0,"key":"theMarked:DemonDagger"},{"floor":9.0,"key":"Ornamental Fan"},{"floor":25,"key":"Oddly Smooth Stone"},{"floor":26,"key":"War Paint"},{"floor":28,"key":"The Courier"},{"floor":36,"key":"TungstenRod"},{"floor":44,"key":"Torii"}],"event_choices":[{"damage_healed":0.0,"max_hp_gain":5.0,"max_hp_loss":0.0,"gold_gain":0.0,"event_name":"Big Fish","player_choice":"Donut","floor":5.0,"gold_loss":0.0,"damage_taken":0.0},{"damage_healed":0.0,"max_hp_gain":0.0,"max_hp_loss":0.0,"gold_gain":175.0,"event_name":"Liars Game","player_choice":"AGREE","floor":11.0,"gold_loss":0.0,"damage_taken":0.0,"cards_obtained":["Doubt"]},{"cards_removed":["theMarked:Polarize"],"damage_healed":0,"gold_gain":0,"player_choice":"Took Card","damage_taken":0,"max_hp_gain":0,"max_hp_loss":0,"event_name":"NoteForYourself","floor":19,"gold_loss":0,"cards_obtained":["Iron Wave"]},{"cards_removed":["theMarked:ContemptForTheProud"],"damage_healed":0,"gold_gain":0,"player_choice":"Elegance","damage_taken":0,"max_hp_gain":0,"max_hp_loss":0,"event_name":"Back to Basics","floor":24,"gold_loss":0},{"damage_healed":0,"gold_gain":0,"player_choice":"Obtained Relic","damage_taken":0,"relics_obtained":["Letter Opener"],"max_hp_gain":0,"max_hp_loss":0,"event_name":"Addict","floor":29,"gold_loss":85},{"damage_healed":0,"gold_gain":0,"player_choice":"Fight","damage_taken":0,"max_hp_gain":0,"max_hp_loss":0,"event_name":"Mysterious Sphere","floor":36,"gold_loss":0},{"damage_healed":0,"gold_gain":0,"player_choice":"Memory 1","damage_taken":0,"max_hp_gain":0,"max_hp_loss":0,"event_name":"SensoryStone","floor":46,"gold_loss":0},{"damage_healed":0,"gold_gain":0,"player_choice":"Got Potions","damage_taken":0,"max_hp_gain":0,"max_hp_loss":0,"event_name":"Lab","floor":47,"gold_loss":0}],"is_beta":false,"boss_relics":[{"not_picked":["Velvet Choker","Black Star"],"picked":"Pandora\u0027s Box"},{"not_picked":["Busted Crown","Cursed Key"],"picked":"theMarked:Eyepatch"}],"items_purged_floors":[13,21],"is_endless":false,"potions_floor_spawned":[3,4,8,18,28,31,33,37,39,41,48],"ascension_level":0}}