{"host":"egwexuw5uvnxf11j","time":1608007205,"event":{"mods":["2.2 Compatiblity","Aspiration","BaseMod","Better Altar","Better Note","Better Sensory Stone","Better Third Choice","Displayed Cursed Tome","Downfall","Hermit","Key Reminder","Koishi","Marisa????????","Minty Spire (QoL Compilation)","Quick Restart","Shade Mod","Spicy Shops","StSLib","The Construct","The Cursed","The Hierophant","The Runesmith","The Senshi","The Servant 0.9.4","Transform Curses"],"gold_per_floor":[212,11,11,28,28,69,82,82,82,97,133,154,169,187,187,316,316,329,329,32,50,50,83,83,83,83,101,101,101,135,84,84,180,180,198,217,269,280,280,330,330,359,409,409,436,452,470,487,487,487],"floor_reached":51,"playtime":2527,"items_purged":[],"score":857,"play_id":"48429abb-534c-4ead-80c9-c8ff8cea3f05","local_time":"20201214234005","is_ascension_mode":false,"campfire_choices":[{"floor":15,"key":"REST"},{"floor":24,"key":"REST"},{"data":"Shade:Coordination","floor":32,"key":"SMITH"},{"floor":41,"key":"REST"},{"data":"Shade:PressTheAttack","floor":44,"key":"SMITH"},{"floor":49,"key":"REST"}],"circlet_count":0,"master_deck":["Shade:Strike_Shade","Shade:Strike_Shade","Shade:Strike_Shade","Shade:Strike_Shade","Shade:Defend_Shade","Shade:Defend_Shade","Shade:Defend_Shade","Shade:Defend_Shade+1","Shade:AnimateDead+1","Shade:CarefulCut","Shade:FuneraryJewels","Shade:AncientSpear","Shade:FreshBones+1","Shade:FleshOffering+1","Shade:GraveStillness+1","Shade:SanguineRitual+1","Shade:UnbarTheGrave+1","Shade:FleshToFlesh+1","Shade:FeralStrike","Shade:Coordination+1","Shade:AblativeArmor+1","Shade:SoulPierce","Shade:CommandSoldier+1","Shade:ExtraLimbs","Shade:SpectralStrikes","Shade:ClawBack","Shade:CommandSoldier+1","expansioncontent:Corrupt+1","expansioncontent:DarkVoid","Shade:FingerOfDeath+1","Shade:SkeletonArmy+1","Shade:SoulPierce","Shade:Bite_Shade","Shade:PoundOfFlesh+1","Shade:FreshBones+1","Shade:CallWraith+1","Writhe","Shade:CallOfTheGrave+1","Shade:PressTheAttack+1","Shade:CommandSoldier+1","Shade:Brains+1","Shade:CommandSoldier+1","Shade:PressTheAttack"],"relics":["Shade:YorickPolishedSkull","PreservedInsect","Toxic Egg 2","Bloody Idol","Bronze Scales","Bag of Marbles","Vajra","SlaversCollar","Medical Kit","Shuriken","Matryoshka","Mango","CatCart","theSenshi:SpiralHeartMoonRodRelic","War Paint","MealTicket","Juzu Bracelet","Peace Pipe"],"acts_visited":["Exordium","TheCity","TheBeyond"],"potions_floor_usage":[16,33,33,37,46,47,50,50],"damage_taken":[{"damage":3,"enemies":"2 Louse","floor":1,"turns":2},{"damage":0,"enemies":"Small Slimes","floor":4,"turns":3},{"damage":11,"enemies":"3 Sentries","floor":6,"turns":6},{"damage":0,"enemies":"Cultist","floor":7,"turns":2},{"damage":3,"enemies":"3 Louse","floor":10,"turns":3},{"damage":2,"enemies":"Lagavulin","floor":11,"turns":4},{"damage":0,"enemies":"2 Fungi Beasts","floor":12,"turns":2},{"damage":0,"enemies":"Exordium Thugs","floor":13,"turns":2},{"damage":0,"enemies":"Looter","floor":14,"turns":2},{"damage":34,"enemies":"Hexaghost","floor":16,"turns":8},{"damage":2,"enemies":"2 Thieves","floor":18,"turns":2},{"damage":2,"enemies":"3 Byrds","floor":21,"turns":3},{"damage":3,"enemies":"Gremlin Leader","floor":23,"turns":3},{"damage":4,"enemies":"3 Cultists","floor":27,"turns":4},{"damage":0,"enemies":"Book of Stabbing","floor":30,"turns":4},{"damage":39,"enemies":"Collector","floor":33,"turns":9},{"damage":21,"enemies":"3 Darklings","floor":35,"turns":3},{"damage":5,"enemies":"3 Shapes","floor":36,"turns":2},{"damage":25,"enemies":"Orin","floor":37,"turns":8},{"damage":15,"enemies":"Writhing Mass","floor":38,"turns":4},{"damage":7,"enemies":"Mind Bloom Boss Battle","floor":40,"turns":6},{"damage":12,"enemies":"Reptomancer","floor":42,"turns":3},{"damage":38,"enemies":"Nemesis","floor":45,"turns":6},{"damage":18,"enemies":"Jaw Worm Horde","floor":46,"turns":3},{"damage":33,"enemies":"Spire Growth","floor":47,"turns":4},{"damage":33,"enemies":"3 Darklings","floor":48,"turns":3},{"damage":44,"enemies":"Donu and Deca","floor":50,"turns":6}],"seed_played":"-5283286434203354695","potions_obtained":[{"floor":6,"key":"LiquidBronze"},{"floor":7,"key":"SteroidPotion"},{"floor":16,"key":"Explosive Potion"},{"floor":23,"key":"Slimebound:ThreeZeroPotion"},{"floor":33,"key":"Swift Potion"},{"floor":36,"key":"Explosive Potion"},{"floor":40,"key":"Dexterity Potion"},{"floor":46,"key":"Swift Potion"},{"floor":47,"key":"Fire Potion"},{"floor":48,"key":"SkillPotion"}],"is_trial":false,"path_per_floor":["M","$","?","M","?","E","M","?","T","M","E","M","M","M","R","B",null,"M","?","$","M","?","E","R","?","T","M","?","?","E","$","R","B",null,"M","M","?","M","?","?","R","E","T","R","E","M","M","M","R","B",null],"character_chosen":"SHADE","items_purchased":["PreservedInsect","Shade:AncientSpear","Medical Kit","Shade:SpectralStrikes","Shade:SkeletonArmy+1"],"campfire_rested":4,"item_purchase_floors":[2,2,20,20,31],"current_hp_per_floor":[62,62,62,62,62,51,51,51,51,48,46,46,46,46,65,31,65,63,63,63,61,61,58,65,64,64,65,65,65,79,79,79,45,79,63,63,45,35,55,53,76,71,76,76,45,40,16,52,75,45],"gold":487,"neow_bonus":"HUNDRED_GOLD","is_daily":false,"chose_seed":false,"campfire_upgraded":2,"win_rate":0.0,"timestamp":1608007205,"path_taken":["M","$","?","M","?","E","M","?","T","M","E","M","M","?","R","BOSS","M","?","$","M","?","E","R","?","T","?","?","?","E","$","R","BOSS","M","M","?","M","?","?","R","E","T","R","E","M","M","M","R","BOSS"],"items_purchased_type":["Relic","Card","Relic","Card","Card"],"build_version":"2020-12-13","purchased_purges":0,"victory":true,"max_hp_per_floor":[65,65,65,65,65,65,65,65,65,65,65,65,65,65,65,65,65,65,65,65,65,65,65,65,65,65,65,65,65,79,79,79,79,79,79,79,79,79,79,79,79,79,79,79,79,79,79,79,79,79],"card_choices":[{"not_picked":["Shade:Premonition","Shade:Patience"],"picked":"Shade:FuneraryJewels","floor":1},{"not_picked":["Shade:FuneraryArmor+1","Shade:RitualOffering+1"],"picked":"Shade:FreshBones+1","floor":4},{"not_picked":["Shade:FleshToFlesh+1","Shade:BoneShards"],"picked":"Shade:FleshOffering+1","floor":6},{"not_picked":["Shade:BoneShards","Shade:PotionOfRestlessness"],"picked":"Shade:GraveStillness+1","floor":7},{"not_picked":["Shade:ScuttlingHand","Shade:AncientSpear"],"picked":"Shade:UnbarTheGrave+1","floor":10},{"not_picked":["Shade:FuneraryJewels+1","Shade:FuneraryArmor+1"],"picked":"Shade:FleshToFlesh+1","floor":11},{"not_picked":["Shade:Bite_Shade","Shade:Premonition+1"],"picked":"Shade:FeralStrike","floor":12},{"not_picked":["Shade:SpectralStrikes","Shade:GoDigging+1"],"picked":"Shade:Coordination","floor":13},{"not_picked":["Shade:GoDigging+1","Shade:Doomsay"],"picked":"Shade:AblativeArmor+1","floor":14},{"not_picked":["Shade:SelfBurial+1","Shade:GreaterAnimation"],"picked":"Shade:SoulPierce","floor":16},{"not_picked":["Shade:AncientSpear","Shade:FuneraryJewels+1"],"picked":"Shade:CommandSoldier+1","floor":18},{"not_picked":["Shade:Trample+1","Shade:FuneraryJewels+1"],"picked":"Shade:ClawBack","floor":21},{"not_picked":["Shade:LoseControl+1","Shade:TouchOfTheGrave","Shade:Asphyxiate+1"],"picked":"SKIP","floor":23},{"not_picked":["Shade:FleshLikeOak+1","Shade:Brains+1"],"picked":"Shade:CommandSoldier+1","floor":27},{"not_picked":["expansioncontent:ManipulateTime+1","Magnetism"],"picked":"expansioncontent:Corrupt+1","floor":29},{"not_picked":["expansioncontent:DefensiveMode","expansioncontent:StudyTheSpire"],"picked":"expansioncontent:DarkVoid","floor":29},{"not_picked":["Shade:LastGasp+1","Shade:FuneraryJewels+1"],"picked":"Shade:FingerOfDeath+1","floor":30},{"not_picked":["Shade:Consume","Shade:OneIsEnough"],"picked":"Shade:SoulPierce","floor":33},{"not_picked":["Shade:ExtraLimbs+1","Shade:FleshToFlesh+1"],"picked":"Shade:Bite_Shade","floor":35},{"not_picked":["Shade:Trample+1","Shade:FingerOfDeath"],"picked":"Shade:PoundOfFlesh+1","floor":36},{"not_picked":["Shade:SelfBurial+1","Shade:Premonition+1"],"picked":"Shade:FreshBones+1","floor":37},{"not_picked":["Shade:BoneShards","Shade:Frenzy+1"],"picked":"Shade:CallWraith+1","floor":38},{"not_picked":["Shade:Trample+1","Shade:FleshToFlesh+1"],"picked":"Shade:CallOfTheGrave+1","floor":40},{"not_picked":["Shade:SelfBurial+1","Shade:FleshToFlesh+1"],"picked":"Shade:PressTheAttack","floor":42},{"not_picked":["Shade:Premonition+1","Shade:AncientSpear+1"],"picked":"Shade:CommandSoldier+1","floor":45},{"not_picked":["Shade:ClawBack","Shade:FuneraryJewels+1"],"picked":"Shade:Brains+1","floor":46},{"not_picked":["Shade:ScuttlingHand+1","Shade:ClawBack"],"picked":"Shade:CommandSoldier+1","floor":47},{"not_picked":["Shade:DarkOfNight+1","Shade:SkeletonHug+1"],"picked":"Shade:PressTheAttack","floor":48}],"player_experience":2083728,"relics_obtained":[{"floor":6,"key":"Bronze Scales"},{"floor":9,"key":"Bag of Marbles"},{"floor":11,"key":"Vajra"},{"floor":23,"key":"Shuriken"},{"floor":26,"key":"Matryoshka"},{"floor":30,"key":"Mango"},{"floor":37,"key":"CatCart"},{"floor":40,"key":"theSenshi:SpiralHeartMoonRodRelic"},{"floor":42,"key":"War Paint"},{"floor":43,"key":"MealTicket"},{"floor":43,"key":"Juzu Bracelet"},{"floor":45,"key":"Peace Pipe"}],"event_choices":[{"damage_healed":0,"gold_gain":0,"player_choice":"Take Wound","damage_taken":0,"relics_obtained":["Golden Idol"],"max_hp_gain":0,"max_hp_loss":0,"event_name":"Golden Idol","floor":5,"gold_loss":0,"cards_obtained":["Injury"]},{"damage_healed":0,"gold_gain":0,"cards_transformed":["Injury"],"player_choice":"Transformed","damage_taken":0,"max_hp_gain":0,"max_hp_loss":0,"event_name":"Transmorgrifier","floor":8,"gold_loss":0,"cards_obtained":["Shade:SanguineRitual"]},{"damage_healed":0,"gold_gain":0,"cards_transformed":["Injury"],"player_choice":"Transformed","damage_taken":0,"max_hp_gain":0,"max_hp_loss":0,"event_name":"Transmorgrifier","floor":19,"gold_loss":0,"cards_obtained":["Shade:ExtraLimbs"]},{"damage_healed":0,"gold_gain":0,"player_choice":"Ignored","damage_taken":0,"max_hp_gain":0,"max_hp_loss":0,"event_name":"betterNote:BetterNote","floor":22,"gold_loss":0,"cards_obtained":["Shade:AncientSpear"]},{"damage_healed":0,"gold_gain":0,"player_choice":" GoldIdol ","damage_taken":1,"relics_obtained":["Bloody Idol"],"max_hp_gain":65,"max_hp_loss":64,"event_name":"betterAltar:BetterAltar","floor":25,"potions_obtained":[],"relics_lost":["Golden Idol"],"gold_loss":0},{"damage_healed":0,"gold_gain":2,"player_choice":"1","damage_taken":0,"max_hp_gain":0,"max_hp_loss":0,"event_name":"betterStone:BetterStone","floor":29,"gold_loss":0},{"damage_healed":0,"gold_gain":0,"player_choice":"Fight","damage_taken":0,"max_hp_gain":0,"max_hp_loss":0,"event_name":"OrinTheCat","floor":37,"gold_loss":0},{"damage_healed":20,"gold_gain":0,"player_choice":"Writhe","damage_taken":0,"max_hp_gain":0,"max_hp_loss":0,"event_name":"Winding Halls","floor":39,"gold_loss":0,"cards_obtained":["Writhe"]},{"damage_healed":0,"gold_gain":0,"player_choice":"Fight","damage_taken":0,"max_hp_gain":0,"max_hp_loss":0,"event_name":"MindBloom","floor":40,"gold_loss":0}],"is_beta":false,"boss_relics":[{"not_picked":["aspiration:SilentSkillbook","aspiration:PoetsPen_weak"],"picked":"SlaversCollar"},{"not_picked":["theSenshi:MoonKaleidoScopeRelic","aspiration:RunicSpoon"],"picked":"Shade:YorickPolishedSkull"}],"items_purged_floors":[],"is_endless":false,"potions_floor_spawned":[6,7,16,23,30,33,36,40,45,46,47,48],"ascension_level":0}}