{"host":"rxpu8tqu58sn7qk5","time":1608002227,"event":{"mods":["BaseMod","Colored Map","Colored Powertips","Downfall","Hubris","Minty Spire (QoL Compilation)","Replay The Spire","StSLib"],"gold_per_floor":[199,209,221,233,8,8,33,33,45,30,41,58,43,57,71,176,176,26,26,26,37,37,37,37,69,69,94,244,244,244],"floor_reached":29,"playtime":2137,"items_purged":[],"score":278,"play_id":"0689e52a-8bd2-49b8-a49f-8672bb27396f","local_time":"20201214221707","is_ascension_mode":false,"campfire_choices":[{"floor":1,"key":"RECALL"},{"data":"Slimebound:Gluttony","floor":20,"key":"SMITH"},{"floor":23,"key":"REST"},{"data":"Slimebound:TongueLash","floor":26,"key":"SMITH"}],"circlet_count":0,"master_deck":["Slimebound:Strike_Slimebound","Slimebound:Strike_Slimebound","Slimebound:Strike_Slimebound","Slimebound:Tackle","Slimebound:Defend_Slimebound","Slimebound:Defend_Slimebound","Slimebound:Defend_Slimebound","Slimebound:Defend_Slimebound","Slimebound:Split","Slimebound:CorrosiveSpit","Slimebound:TongueLash+1","Slimebound:PrepareCrush","Slimebound:SplitBruiser","Slimebound:ItLooksTasty+1","Slimebound:Gluttony+1","Slimebound:SlimeSpikes","Slimebound:LeechingTouch","Slimebound:SplitBruiser","Slimebound:ViciousTackle","Slimebound:GoopSpray","Slimebound:LivingWall","Slimebound:GoopSpray","Slimebound:DouseInSlime","Slimebound:LevelUp","Slimebound:Gluttony+1","Slimebound:LivingWall"],"relics":["Slimebound:AbsorbEndCombat","hubris:Towel","SacredBark","downfall:HeartBlessingRed","downfall:HeartBlessingBlue","downfall:RedIOU","Mummified Hand","Mango"],"acts_visited":["Exordium","TheCity"],"potions_floor_usage":[9,12,13,16,21,27],"damage_taken":[{"damage":5,"enemies":"Cultist","floor":2,"turns":3},{"damage":12,"enemies":"Small Slimes","floor":3,"turns":4},{"damage":8,"enemies":"Jaw Worm","floor":4,"turns":3},{"damage":4,"enemies":"downfall:FleeingMerchant","floor":5,"turns":4},{"damage":11,"enemies":"Red Slaver","floor":9,"turns":4},{"damage":15,"enemies":"downfall:FleeingMerchant","floor":10,"turns":4},{"damage":17,"enemies":"Blue Slaver","floor":11,"turns":3},{"damage":22,"enemies":"Exordium Thugs","floor":12,"turns":3},{"damage":18,"enemies":"downfall:FleeingMerchant","floor":13,"turns":4},{"damage":12,"enemies":"Exordium Wildlife","floor":14,"turns":4},{"damage":16,"enemies":"2 Fungi Beasts","floor":15,"turns":4},{"damage":60,"enemies":"downfall:Watcher","floor":16,"turns":9},{"damage":39,"enemies":"Spheric Guardian","floor":21,"turns":4},{"damage":36,"enemies":"Replay:Snechameleon","floor":25,"turns":5},{"damage":74,"enemies":"Book of Stabbing","floor":27,"turns":7},{"damage":53,"enemies":"Chosen and Byrds","floor":29,"turns":6}],"seed_played":"-8277117474400592131","potions_obtained":[{"floor":4,"key":"Block Potion"},{"floor":11,"key":"DistilledChaos"},{"floor":12,"key":"Block Potion"},{"floor":15,"key":"Fire Potion"},{"floor":16,"key":"Reflective Coating"},{"floor":25,"key":"LifebloodPotion"},{"floor":27,"key":"hexamod:EctoCoolerPotion"}],"is_trial":false,"path_per_floor":["R_BF","M","M","M","$","?","T","?","M","$","M","M","$","M","M","B",null,"R_BF","?","R","M","?","R","T","E","R","E","?","M"],"character_chosen":"SLIMEBOUND","items_purchased":["Slimebound:ItLooksTasty","Slimebound:Gluttony","Slimebound:SlimeSpikes"],"campfire_rested":1,"item_purchase_floors":[5,5,5],"current_hp_per_floor":[60,60,52,56,60,60,60,60,54,47,42,36,34,38,34,14,60,70,70,70,43,43,64,64,74,74,36,36,0,0],"gold":244,"neow_bonus":"HUNDRED_GOLD","is_daily":false,"chose_seed":false,"campfire_upgraded":2,"win_rate":0.0,"timestamp":1608002227,"path_taken":["R_BF","M","?","M","$","?","T","?","M","?","M","M","?","?","M","BOSS","R_BF","?","R","M","?","R","T","E","R","E","?","?"],"items_purchased_type":["Card","Card","Card"],"build_version":"2020-12-13","purchased_purges":0,"victory":false,"max_hp_per_floor":[60,60,60,60,60,60,60,60,60,60,60,60,60,60,60,60,60,70,70,70,70,70,70,70,84,84,84,84,84,84],"card_choices":[{"not_picked":["Slimebound:LeechingTouch","Slimebound:SlimeBrawl"],"picked":"Slimebound:TongueLash","floor":2},{"not_picked":["Slimebound:SplitLeeching","Slimebound:GrowthPunch","Slimebound:DivideAndConquer"],"picked":"SKIP","floor":3},{"not_picked":["Slimebound:FinishingTackle","Slimebound:GrowthPunch"],"picked":"Slimebound:PrepareCrush","floor":4},{"not_picked":["Slimebound:ServeAndProtect","Slimebound:SlimeSpikes"],"picked":"Slimebound:SplitBruiser","floor":5},{"not_picked":["Slimebound:SpikyOuterGoop","Slimebound:BestDefense"],"picked":"Slimebound:LeechingTouch","floor":9},{"not_picked":["Slimebound:SplitMire","Slimebound:LeechEnergy","Slimebound:MinionMaster"],"picked":"SKIP","floor":10},{"not_picked":["Slimebound:RollThrough","Slimebound:GrowthPunch"],"picked":"Slimebound:SplitBruiser","floor":11},{"not_picked":["Slimebound:SplitMire","Slimebound:ComboTackle"],"picked":"Slimebound:ViciousTackle","floor":12},{"not_picked":["Slimebound:AcidTongue","Slimebound:Nibble"],"picked":"Slimebound:GoopSpray","floor":13},{"not_picked":["Slimebound:ComboTackle","Slimebound:Chomp"],"picked":"Slimebound:LivingWall","floor":14},{"not_picked":["Slimebound:LivingWall","Slimebound:MegaLick"],"picked":"Slimebound:GoopSpray","floor":15},{"not_picked":["Slimebound:SlimeSlap","Slimebound:OneTwoCombo"],"picked":"Slimebound:DouseInSlime","floor":16},{"not_picked":["Slimebound:ViciousTackle","Slimebound:LeechEnergy"],"picked":"Slimebound:LevelUp","floor":21},{"not_picked":["Slimebound:ProtectTheBoss","Slimebound:MinionMaster"],"picked":"Slimebound:Gluttony+1","floor":25},{"not_picked":["Slimebound:DisruptingSlam","Slimebound:DivideAndConquer"],"picked":"Slimebound:LivingWall","floor":27}],"player_experience":98686,"relics_obtained":[{"floor":24,"key":"Mummified Hand"},{"floor":25,"key":"Mango"},{"floor":27,"key":"Replay:Accelerometer"}],"event_choices":[{"damage_healed":0,"gold_gain":0,"player_choice":"Box","damage_taken":0,"relics_obtained":["Eternal Feather"],"max_hp_gain":0,"max_hp_loss":0,"event_name":"Big Fish","floor":8,"gold_loss":0,"cards_obtained":["Regret"]}],"is_beta":false,"boss_relics":[{"not_picked":["Ectoplasm","hubris:HollowSoul"],"picked":"SacredBark"}],"items_purged_floors":[],"is_endless":false,"potions_floor_spawned":[4,11,12,15,16,25,27],"killed_by":"Chosen and Byrds","ascension_level":0}}