{"host":"l4kdldlios54gl54","time":1608013324,"event":{"mods":["AchievementEnabler","BaseMod","Colored Map","Colored Powertips","Minty Spire (QoL Compilation)","Random Character Button"],"gold_per_floor":[110,185,335,29,42,42,70,70,70,70,90,90,103,3,3,3,3],"floor_reached":16,"playtime":448,"items_purged":["Doubt","Pain"],"score":240,"play_id":"81e4f858-1192-4ba1-8f76-a7590a7612d6","local_time":"20201215072204","is_ascension_mode":true,"campfire_choices":[{"data":"Quick Slash","floor":6,"key":"SMITH"},{"data":"Sucker Punch","floor":8,"key":"SMITH"},{"data":"PiercingWail","floor":12,"key":"SMITH"},{"data":"Well Laid Plans","floor":15,"key":"SMITH"}],"circlet_count":0,"master_deck":["AscendersBane","Strike_G","Strike_G","Strike_G","Strike_G","Strike_G","Defend_G","Defend_G","Defend_G","Defend_G","Defend_G","Survivor","Neutralize","PiercingWail+1","Quick Slash+1","Cloak And Dagger","Sucker Punch+1","Well Laid Plans+1"],"relics":["Ring of the Snake","NeowsBlessing","Oddly Smooth Stone","Happy Flower","Nunchaku","WarpedTongs"],"acts_visited":["Exordium"],"potions_floor_usage":[16],"damage_taken":[{"damage":0,"enemies":"Jaw Worm","floor":1,"turns":1},{"damage":0,"enemies":"Small Slimes","floor":5,"turns":1},{"damage":0,"enemies":"Lagavulin","floor":7,"turns":1},{"damage":3,"enemies":"Cultist","floor":11,"turns":3},{"damage":14,"enemies":"Exordium Thugs","floor":13,"turns":7},{"damage":35,"enemies":"Hexaghost","floor":16,"turns":15}],"seed_played":"-1188300917393828523","potions_obtained":[{"floor":1,"key":"DistilledChaos"},{"floor":5,"key":"Poison Potion"},{"floor":7,"key":"DuplicationPotion"}],"is_trial":false,"path_per_floor":["M","?","?","$","M","R","E","R","T","?","M","R","M","$","R","B"],"character_chosen":"THE_SILENT","items_purchased":["Oddly Smooth Stone","Quick Slash"],"campfire_rested":0,"item_purchase_floors":[4,4],"current_hp_per_floor":[59,48,48,48,48,48,48,48,48,48,45,45,31,31,31,0,0],"gold":3,"neow_bonus":"THREE_ENEMY_KILL","is_daily":false,"chose_seed":false,"campfire_upgraded":4,"win_rate":0.0,"timestamp":1608013324,"path_taken":["M","?","?","$","M","R","E","R","T","?","M","R","M","$","R","BOSS"],"items_purchased_type":["Relic","Card"],"build_version":"2020-12-13","purchased_purges":2,"victory":false,"max_hp_per_floor":[66,66,66,66,66,66,66,66,66,66,66,66,66,66,66,66,66],"card_choices":[{"not_picked":["Concentrate","Backflip"],"picked":"PiercingWail","floor":1},{"not_picked":["Catalyst","Masterful Stab"],"picked":"Cloak And Dagger","floor":5},{"not_picked":["Well Laid Plans","Slice"],"picked":"Sucker Punch","floor":7},{"not_picked":["Acrobatics","Dagger Throw","Endless Agony"],"picked":"SKIP","floor":11},{"not_picked":["Dodge and Roll","Acrobatics"],"picked":"Well Laid Plans","floor":13}],"player_experience":828283,"relics_obtained":[{"floor":7,"key":"Happy Flower"},{"floor":9,"key":"Nunchaku"}],"event_choices":[{"damage_healed":0,"gold_gain":75,"player_choice":"Gather Gold","damage_taken":11,"max_hp_gain":0,"max_hp_loss":0,"event_name":"World of Goop","floor":2,"gold_loss":0},{"damage_healed":0,"gold_gain":150,"player_choice":"AGREE","damage_taken":0,"max_hp_gain":0,"max_hp_loss":0,"event_name":"Liars Game","floor":3,"gold_loss":0,"cards_obtained":["Doubt"]},{"damage_healed":0,"gold_gain":0,"player_choice":"Rummage","damage_taken":0,"relics_obtained":["WarpedTongs"],"max_hp_gain":0,"max_hp_loss":0,"event_name":"Accursed Blacksmith","floor":10,"gold_loss":0,"cards_obtained":["Pain"]}],"is_beta":false,"boss_relics":[],"items_purged_floors":[4,14],"is_endless":false,"potions_floor_spawned":[1,5,7],"killed_by":"Hexaghost","ascension_level":19}}