{"host":"8dhn6p16jorj0i1s","time":1608063282,"event":{"mods":["BaseMod","Colored Map","DeckTracker","Minty Spire (QoL Compilation)","Permanent Neow","Quick Restart"],"gold_per_floor":[118,43,56,6,18,18,30,65,65,79,93,121,135,165,165,266,266,283,283,183,183,183,183],"floor_reached":22,"playtime":2450,"items_purged":["Strike_R","Strike_R"],"score":225,"play_id":"21e84fe9-cfd4-47c2-9afa-6208ac89daec","local_time":"20201215211442","is_ascension_mode":true,"campfire_choices":[{"data":"Clothesline","floor":6,"key":"SMITH"},{"data":"Spot Weakness","floor":15,"key":"SMITH"}],"circlet_count":0,"master_deck":["Strike_R","Defend_R","Defend_R","Defend_R","Bash","Combust","Clothesline+1","Heavy Blade","Spot Weakness+1","Reaper","Rupture","Spot Weakness","Demon Form"],"relics":["Burning Blood","Red Skull","Bottled Lightning","InkBottle","Dream Catcher","Runic Cube","GremlinMask"],"acts_visited":["Exordium","TheCity"],"potions_floor_usage":[8,8,12,12,16],"damage_taken":[{"damage":6,"enemies":"Small Slimes","floor":1,"turns":4},{"damage":11,"enemies":"Jaw Worm","floor":3,"turns":4},{"damage":4,"enemies":"Cultist","floor":5,"turns":3},{"damage":11,"enemies":"3 Louse","floor":7,"turns":2},{"damage":27,"enemies":"Gremlin Nob","floor":8,"turns":5},{"damage":22,"enemies":"Lots of Slimes","floor":10,"turns":3},{"damage":9,"enemies":"Exordium Wildlife","floor":11,"turns":3},{"damage":8,"enemies":"3 Sentries","floor":12,"turns":5},{"damage":4,"enemies":"Large Slime","floor":13,"turns":5},{"damage":34,"enemies":"The Guardian","floor":16,"turns":6},{"damage":32,"enemies":"2 Thieves","floor":18,"turns":4},{"damage":34,"enemies":"Shell Parasite","floor":22,"turns":4}],"seed_played":"2772863314872261796","potions_obtained":[{"floor":1,"key":"SkillPotion"},{"floor":3,"key":"Swift Potion"},{"floor":8,"key":"AttackPotion"},{"floor":10,"key":"EssenceOfSteel"},{"floor":13,"key":"PowerPotion"}],"is_trial":false,"path_per_floor":["M","$","M","?","M","R","M","E","T","M","M","E","M","?","R","B",null,"M","?","$","?","M"],"character_chosen":"IRONCLAD","items_purchased":[],"campfire_rested":0,"item_purchase_floors":[],"current_hp_per_floor":[72,72,67,67,69,69,64,43,43,27,24,52,66,66,66,38,72,46,33,33,33,0,0],"gold":183,"neow_bonus":"REMOVE_TWO","is_daily":false,"chose_seed":false,"campfire_upgraded":2,"win_rate":0.0,"timestamp":1608063282,"path_taken":["M","$","M","?","M","R","M","E","T","M","M","E","M","?","R","BOSS","M","?","$","?","M"],"items_purchased_type":[],"build_version":"2020-12-13","purchased_purges":2,"victory":false,"max_hp_per_floor":[72,72,72,72,72,72,72,72,72,72,72,72,72,72,72,72,72,72,77,77,77,77,77],"card_choices":[{"not_picked":["Metallicize","Battle Trance"],"picked":"Combust","floor":1},{"not_picked":["Sentinel","Feel No Pain","Rage"],"picked":"SKIP","floor":3},{"not_picked":["Armaments","Fire Breathing"],"picked":"Clothesline","floor":5},{"not_picked":["Cleave","Pommel Strike"],"picked":"Heavy Blade","floor":7},{"not_picked":["True Grit","Disarm"],"picked":"Spot Weakness","floor":8},{"not_picked":["Clothesline","Dark Embrace"],"picked":"Reaper","floor":10},{"not_picked":["Intimidate","Sentinel","Uppercut"],"picked":"SKIP","floor":11},{"not_picked":["Wild Strike","Sword Boomerang"],"picked":"Rupture","floor":12},{"not_picked":["Perfected Strike","Havoc"],"picked":"Spot Weakness","floor":13},{"not_picked":["Impervious","Barricade"],"picked":"Demon Form","floor":16},{"not_picked":["Twin Strike+1","Battle Trance","Body Slam+1"],"picked":"SKIP","floor":18}],"player_experience":287488,"relics_obtained":[{"floor":8,"key":"Red Skull"},{"floor":9,"key":"Bottled Lightning"},{"floor":12,"key":"InkBottle"}],"event_choices":[{"cards_removed":["Defend_R"],"damage_healed":0,"gold_gain":0,"player_choice":"Card Removal","damage_taken":0,"max_hp_gain":0,"max_hp_loss":0,"event_name":"The Cleric","floor":4,"gold_loss":50},{"damage_healed":0,"gold_gain":30,"player_choice":"Searched \u00273\u0027 times","damage_taken":0,"relics_obtained":["Dream Catcher"],"max_hp_gain":0,"max_hp_loss":0,"event_name":"Dead Adventurer","floor":14,"gold_loss":0},{"damage_healed":0,"gold_gain":0,"player_choice":"Shed Blood","damage_taken":18,"max_hp_gain":5,"max_hp_loss":0,"event_name":"Forgotten Altar","floor":19,"gold_loss":0},{"damage_healed":0,"gold_gain":0,"player_choice":"Trade","damage_taken":0,"relics_obtained":["GremlinMask"],"max_hp_gain":0,"max_hp_loss":0,"event_name":"FaceTrader","floor":21,"gold_loss":0}],"is_beta":false,"boss_relics":[{"not_picked":["Coffee Dripper","Calling Bell"],"picked":"Runic Cube"}],"items_purged_floors":[2,20],"is_endless":false,"potions_floor_spawned":[1,3,8,10,13],"killed_by":"Shell Parasite","ascension_level":3}}