{"host":"rqd50iigewdjy74u","time":1608020561,"event":{"mods":["AchievementEnabler","BaseMod","BetterRewards","Custom Start","Minty Spire (QoL Compilation)","StSLib"],"gold_per_floor":[115,125,125,125,125,125,145,158,208,223,257,287,307,68,68,167,167,182,107,107,127,127,127,158,158,158,158,3,34,34,48,48,48,48],"floor_reached":33,"playtime":1371,"items_purged":[],"score":358,"play_id":"297546d9-d22f-4f75-95eb-d25f0bf98513","local_time":"20201215022241","is_ascension_mode":false,"campfire_choices":[{"data":"Bouncing Flask","floor":6,"key":"SMITH"},{"data":"Catalyst","floor":15,"key":"SMITH"},{"data":"Night Terror","floor":23,"key":"SMITH"},{"data":"Prepared","floor":25,"key":"SMITH"},{"data":"Outmaneuver","floor":27,"key":"SMITH"},{"data":"Outmaneuver","floor":30,"key":"SMITH"},{"data":"Deadly Poison","floor":32,"key":"SMITH"}],"circlet_count":0,"master_deck":["Defend_G","Defend_G","Defend_G","Defend_G","Defend_G","Survivor","Neutralize+1","Catalyst+1","Deadly Poison+1","Outmaneuver+1","Bouncing Flask+1","Decay","Deadly Poison","Deadly Poison","Dagger Spray","Slice","Infinite Blades","Infinite Blades","Outmaneuver+1","Night Terror+1","Flying Knee+1","Bite","Bite","Bite","Bite","Bite","Prepared+1","Prepared+1"],"relics":["Ring of the Snake","Torii","Whetstone","PreservedInsect","Orichalcum","Pen Nib","Strawberry","Black Star","Vajra","InkBottle","Mango","MealTicket","Bag of Marbles","FossilizedHelix","Boot"],"acts_visited":["Exordium","TheCity"],"potions_floor_usage":[13,13,13,29,29,29],"damage_taken":[{"damage":0,"enemies":"Cultist","floor":1,"turns":4},{"damage":0,"enemies":"2 Louse","floor":2,"turns":3},{"damage":8,"enemies":"Jaw Worm","floor":7,"turns":3},{"damage":8,"enemies":"Looter","floor":8,"turns":3},{"damage":1,"enemies":"Large Slime","floor":10,"turns":5},{"damage":36,"enemies":"3 Sentries","floor":11,"turns":5},{"damage":6,"enemies":"Exordium Thugs","floor":13,"turns":3},{"damage":2,"enemies":"Hexaghost","floor":16,"turns":6},{"damage":15,"enemies":"Shell Parasite","floor":18,"turns":6},{"damage":16,"enemies":"Spheric Guardian","floor":21,"turns":5},{"damage":28,"enemies":"Gremlin Leader","floor":24,"turns":5},{"damage":33,"enemies":"Slavers","floor":29,"turns":4},{"damage":17,"enemies":"Centurion and Healer","floor":31,"turns":7},{"damage":75,"enemies":"Automaton","floor":33,"turns":6}],"seed_played":"-8445920608836906732","potions_obtained":[{"floor":1,"key":"Energy Potion"},{"floor":7,"key":"AttackPotion"},{"floor":8,"key":"Fire Potion"},{"floor":18,"key":"Regen Potion"},{"floor":21,"key":"Explosive Potion"},{"floor":24,"key":"Block Potion"}],"is_trial":false,"path_per_floor":["M","M","?","?","?","R","M","M","T","M","E","?","M","$","R","B",null,"M","?","?","M","?","R","E","R","T","R","$","E","R","M","R","B"],"character_chosen":"THE_SILENT","items_purchased":["Catalyst","Deadly Poison","Torii","Whetstone","Strawberry","Infinite Blades","Outmaneuver","Bag of Marbles"],"campfire_rested":0,"item_purchase_floors":[0,0,0,0,14,14,14,28],"current_hp_per_floor":[70,70,63,68,68,68,62,56,56,57,23,23,19,26,26,26,82,67,67,67,59,59,59,53,53,53,53,68,44,44,31,31,0,0],"gold":48,"neow_bonus":"","is_daily":false,"chose_seed":false,"campfire_upgraded":7,"win_rate":0.0,"timestamp":1608020561,"path_taken":["M","M","?","?","?","R","?","M","T","M","E","?","M","?","R","BOSS","M","?","?","M","?","R","E","R","T","R","$","E","R","M","R","BOSS"],"items_purchased_type":["Card","Card","Relic","Relic","Relic","Card","Card","Relic"],"build_version":"2020-12-13","purchased_purges":0,"victory":false,"max_hp_per_floor":[70,70,70,75,75,75,75,75,75,75,75,75,75,82,82,82,82,82,82,82,82,82,82,96,96,96,96,96,96,96,96,96,96,96],"card_choices":[{"not_picked":["Endless Agony","All Out Attack"],"picked":"Outmaneuver","floor":1},{"not_picked":["Dagger Throw","Dodge and Roll"],"picked":"Bouncing Flask","floor":2},{"not_picked":["Accuracy","Calculated Gamble"],"picked":"Deadly Poison","floor":7},{"not_picked":["All Out Attack","Caltrops"],"picked":"Deadly Poison","floor":8},{"not_picked":["Cloak And Dagger","All Out Attack"],"picked":"Dagger Spray","floor":10},{"not_picked":["Predator","Cloak And Dagger"],"picked":"Slice","floor":11},{"not_picked":["Riddle With Holes","Sucker Punch"],"picked":"Infinite Blades","floor":13},{"not_picked":["Glass Knife","Burst"],"picked":"Night Terror","floor":16},{"not_picked":["Outmaneuver","Well Laid Plans"],"picked":"Flying Knee+1","floor":18},{"not_picked":["Choke","Cloak And Dagger+1"],"picked":"Infinite Blades","floor":21},{"not_picked":["Infinite Blades","Blade Dance"],"picked":"Prepared","floor":24},{"not_picked":["Slice+1","Backstab"],"picked":"Prepared+1","floor":29},{"not_picked":["Glass Knife","Sucker Punch+1","Blur"],"picked":"SKIP","floor":31}],"player_experience":46844,"relics_obtained":[{"floor":9,"key":"PreservedInsect"},{"floor":11,"key":"Orichalcum"},{"floor":24,"key":"InkBottle"},{"floor":24,"key":"Mango"},{"floor":26,"key":"MealTicket"},{"floor":29,"key":"FossilizedHelix"},{"floor":29,"key":"Boot"}],"event_choices":[{"damage_healed":0,"gold_gain":0,"player_choice":"Success","damage_taken":7,"relics_obtained":["Blood Vial"],"max_hp_gain":0,"max_hp_loss":0,"event_name":"Scrap Ooze","floor":3,"gold_loss":0},{"damage_healed":0,"gold_gain":0,"player_choice":"Donut","damage_taken":0,"max_hp_gain":5,"max_hp_loss":0,"event_name":"Big Fish","floor":4,"gold_loss":0},{"damage_healed":0,"gold_gain":0,"player_choice":"Cursed","damage_taken":0,"max_hp_gain":0,"max_hp_loss":0,"event_name":"Wheel of Change","floor":5,"gold_loss":0,"cards_obtained":["Decay"]},{"damage_healed":0,"gold_gain":30,"player_choice":"Searched \u00273\u0027 times","damage_taken":0,"relics_obtained":["Pen Nib"],"max_hp_gain":0,"max_hp_loss":0,"event_name":"Dead Adventurer","floor":12,"gold_loss":0},{"cards_removed":["Strike_G"],"damage_healed":0,"gold_gain":0,"player_choice":"Gave Gold","damage_taken":0,"max_hp_gain":0,"max_hp_loss":0,"event_name":"Beggar","floor":19,"gold_loss":75},{"damage_healed":0,"gold_gain":0,"player_choice":"Became a vampire (Vial)","damage_taken":0,"max_hp_gain":0,"max_hp_loss":0,"event_name":"Vampires","floor":20,"relics_lost":["Blood Vial"],"gold_loss":0,"cards_obtained":["Bite","Bite","Bite","Bite","Bite"]},{"cards_removed":["Infinite Blades"],"damage_healed":0,"gold_gain":0,"player_choice":"Gave Card","damage_taken":0,"relics_obtained":["Vajra"],"max_hp_gain":0,"max_hp_loss":0,"event_name":"WeMeetAgain","floor":22,"gold_loss":0}],"is_beta":false,"boss_relics":[{"not_picked":["WristBlade","Philosopher\u0027s Stone"],"picked":"Black Star"}],"items_purged_floors":[],"is_endless":false,"potions_floor_spawned":[1,7,8,18,21,24],"killed_by":"Automaton","ascension_level":0}}