{"host":"21cpix1xyksoaq27","time":1608006830,"event":{"mods":["BaseMod","Minty Spire (QoL Compilation)","StSLib","The Forsaken","The Hierophant","The Judge","The Necromancer","The Showman","The Spell Scribe"],"gold_per_floor":[113,113,131,146,163,163,198,198,225,240,240,257,272,237,237,237,237],"floor_reached":16,"playtime":1103,"items_purged":[],"score":104,"play_id":"bd0b5dea-c733-49f0-a5d8-8df4b8fcaa76","local_time":"20201214233350","is_ascension_mode":false,"campfire_choices":[{"floor":6,"key":"REST"},{"data":"Clothesline","floor":11,"key":"SMITH"},{"data":"Strike_R","floor":15,"key":"SMITH"}],"circlet_count":0,"master_deck":["Strike_R","Strike_R","Strike_R","Strike_R","Strike_R+1","Defend_R","Defend_R","Defend_R","Defend_R","Bash","Armaments","Entrench","Shockwave","Cleave","Ghostly Armor+1","Clothesline+1","Shrug It Off","Intimidate"],"relics":["Burning Blood","Blood Vial","Orichalcum"],"acts_visited":["Exordium"],"potions_floor_usage":[7,16,16],"damage_taken":[{"damage":0,"enemies":"2 Louse","floor":1,"turns":4},{"damage":12,"enemies":"Small Slimes","floor":3,"turns":6},{"damage":8,"enemies":"Cultist","floor":4,"turns":5},{"damage":31,"enemies":"3 Louse","floor":5,"turns":6},{"damage":22,"enemies":"Gremlin Nob","floor":7,"turns":5},{"damage":2,"enemies":"Looter","floor":10,"turns":5},{"damage":13,"enemies":"Lots of Slimes","floor":12,"turns":4},{"damage":0,"enemies":"2 Fungi Beasts","floor":13,"turns":3},{"damage":64,"enemies":"The Guardian","floor":16,"turns":19}],"seed_played":"1538333754360966299","potions_obtained":[{"floor":4,"key":"Fire Potion"},{"floor":10,"key":"Energy Potion"},{"floor":12,"key":"Fire Potion"}],"is_trial":false,"path_per_floor":["M","?","M","M","M","R","E","?","T","M","R","M","M","?","R","B"],"character_chosen":"IRONCLAD","items_purchased":[],"campfire_rested":1,"item_purchase_floors":[],"current_hp_per_floor":[88,88,82,80,55,81,65,65,65,71,71,66,74,88,88,24,24],"gold":237,"neow_bonus":"TEN_PERCENT_HP_BONUS","is_daily":false,"chose_seed":false,"campfire_upgraded":2,"win_rate":0.0,"timestamp":1608006830,"path_taken":["M","?","M","M","M","R","E","?","T","M","R","M","M","?","R","BOSS"],"items_purchased_type":[],"build_version":"2020-12-13","purchased_purges":0,"victory":false,"max_hp_per_floor":[88,88,88,88,88,88,88,88,88,88,88,88,88,88,88,88,88],"card_choices":[{"not_picked":["Sword Boomerang","Sever Soul"],"picked":"Armaments","floor":1},{"not_picked":["Armaments","Headbutt"],"picked":"Entrench","floor":3},{"not_picked":["Thunderclap","Headbutt"],"picked":"Shockwave","floor":4},{"not_picked":["Battle Trance","Pommel Strike"],"picked":"Cleave","floor":5},{"not_picked":["Twin Strike","Headbutt"],"picked":"Ghostly Armor","floor":7},{"not_picked":["Anger","Bloodletting"],"picked":"Clothesline","floor":10},{"not_picked":["Twin Strike","Disarm"],"picked":"Shrug It Off","floor":12},{"not_picked":["Flex","Demon Form"],"picked":"Intimidate","floor":13}],"player_experience":74123,"relics_obtained":[{"floor":7,"key":"Blood Vial"},{"floor":9,"key":"Orichalcum"}],"event_choices":[{"damage_healed":0,"gold_gain":0,"player_choice":"Fled","damage_taken":0,"max_hp_gain":0,"max_hp_loss":0,"event_name":"Scrap Ooze","floor":2,"gold_loss":0},{"damage_healed":0,"gold_gain":0,"player_choice":"Grow","damage_taken":0,"max_hp_gain":0,"max_hp_loss":0,"event_name":"Living Wall","floor":8,"gold_loss":0,"cards_upgraded":["Ghostly Armor"]},{"damage_healed":22,"gold_gain":0,"player_choice":"Healed","damage_taken":0,"max_hp_gain":0,"max_hp_loss":0,"event_name":"The Cleric","floor":14,"gold_loss":35}],"is_beta":false,"boss_relics":[],"items_purged_floors":[],"is_endless":false,"potions_floor_spawned":[4,10,12],"killed_by":"The Guardian","ascension_level":0}}