{"host":"ygqjzatmv950topu","time":1608060767,"event":{"mods":["Aspiration","BaseMod","Colored Map","Colored Powertips","Downfall","Jorbs\u0027s Wanderer Trilogy","Minty Spire (QoL Compilation)","StSLib","The Hierophant","The Runesmith"],"gold_per_floor":[116,116,135,154,172,203,231,271,351,379,407,138,162,162,162,257,257,275,374,374,393,404,404,148,148,148],"floor_reached":25,"playtime":2288,"items_purged":["Injury"],"score":215,"play_id":"19a893a5-d735-49be-9435-23fcfa9ed09d","local_time":"20201215113247","is_ascension_mode":false,"campfire_choices":[{"data":"Runesmith:FieryHammer+1","floor":15,"key":"SMITH"},{"floor":23,"key":"REST"}],"circlet_count":0,"master_deck":["Runesmith:CraftFirestone","Runesmith:Fortify","Runesmith:GoWithTheFlow","Runesmith:OneForEveryone+1","Runesmith:BackupBattery","Runesmith:RuneHurl+1","Runesmith:ChargedHammer+1","Runesmith:UnstableHammer+1","Runesmith:HammerAndChisel","Runesmith:Repurpose","Runesmith:CraftMagma","Runesmith:HeatedChisel+1","Runesmith:Firestorm","Runesmith:FieryHammer+2","Runesmith:MetallurgicalResearch","Runesmith:HeatExchange+1","Runesmith:CraftVitae","Runesmith:Grindstone","Runesmith:CraftMedicinae","Runesmith:Supernova","Runesmith:CraftSpiculum","Runesmith:ChiselStab+1","Runesmith:CraftMedicinae","aspiration:UnbridledHammer+1","Runesmith:CraftProtectio+1","Runesmith:LithiumIon+1","Runesmith:HeatedChisel+1"],"relics":["Runesmith:BrokenRuby","Molten Egg 2","MawBank","Oddly Smooth Stone","aspiration:StickyExplosives_weak","Lee\u0027s Waffle","Odd Mushroom","Pandora\u0027s Box","aspiration:RitualStick","Sling"],"acts_visited":["Exordium","TheCity"],"potions_floor_usage":[11,11,16,16,18,25,25],"damage_taken":[{"damage":4,"enemies":"Small Slimes","floor":1,"turns":4},{"damage":0,"enemies":"2 Louse","floor":3,"turns":2},{"damage":0,"enemies":"Cultist","floor":4,"turns":3},{"damage":11,"enemies":"3 Louse","floor":5,"turns":5},{"damage":39,"enemies":"Gremlin Nob","floor":6,"turns":5},{"damage":0,"enemies":"Large Slime","floor":7,"turns":4},{"damage":11,"enemies":"3 Sentries","floor":8,"turns":5},{"damage":11,"enemies":"Gremlin Gang","floor":10,"turns":4},{"damage":0,"enemies":"Blue Slaver","floor":11,"turns":4},{"damage":6,"enemies":"The Mushroom Lair","floor":13,"turns":4},{"damage":32,"enemies":"Slime Boss","floor":16,"turns":7},{"damage":15,"enemies":"2 Thieves","floor":18,"turns":3},{"damage":25,"enemies":"Shell Parasite","floor":21,"turns":4},{"damage":0,"enemies":"Cultist and Chosen","floor":22,"turns":3},{"damage":60,"enemies":"Gremlin Leader","floor":25,"turns":4}],"seed_played":"4043426354088115766","potions_obtained":[{"floor":1,"key":"Energy Potion"},{"floor":7,"key":"Weak Potion"},{"floor":11,"key":"PowerPotion"},{"floor":13,"key":"EssenceOfSteel"},{"floor":16,"key":"AttackPotion"},{"floor":21,"key":"ColorlessPotion"},{"floor":22,"key":"SpeedPotion"}],"is_trial":false,"path_per_floor":["M","?","M","M","M","E","M","E","T","M","M","$","?","?","R","B",null,"M","?","?","M","M","R","$","E"],"character_chosen":"RUNESMITH_CLASS","items_purchased":["Lee\u0027s Waffle","Runesmith:HeatedChisel+1","Runesmith:Firestorm","Runesmith:HeatedChisel+1","Sling"],"campfire_rested":1,"item_purchase_floors":[12,12,12,24,24],"current_hp_per_floor":[73,73,73,73,62,23,23,12,12,1,1,84,78,78,78,46,84,70,70,58,33,33,58,58,0,0],"gold":148,"neow_bonus":"TEN_PERCENT_HP_BONUS","is_daily":false,"chose_seed":false,"campfire_upgraded":1,"win_rate":0.0,"timestamp":1608060767,"path_taken":["M","?","M","M","M","E","M","E","T","M","M","$","?","?","R","BOSS","M","?","?","M","M","R","$","E"],"items_purchased_type":["Relic","Card","Card","Card","Relic"],"build_version":"2020-12-13","purchased_purges":1,"victory":false,"max_hp_per_floor":[77,77,77,77,77,77,77,77,77,77,77,84,84,84,84,84,84,84,84,84,84,84,84,84,84,84],"card_choices":[{"not_picked":["Runesmith:RuneHurl","Runesmith:StaticCage"],"picked":"Runesmith:GoWithTheFlow","floor":1},{"not_picked":["Runesmith:Repurpose","Runesmith:Grindstone"],"picked":"Runesmith:OneForEveryone+1","floor":3},{"not_picked":["Runesmith:EnergizedChisel+1","Runesmith:Firewall"],"picked":"Runesmith:BackupBattery","floor":4},{"not_picked":["Runesmith:ElementalConversion","Runesmith:Duplicate"],"picked":"Runesmith:RuneHurl+1","floor":5},{"not_picked":["Runesmith:Empowerment","Runesmith:Overpower+1"],"picked":"Runesmith:ChargedHammer+1","floor":6},{"not_picked":["Runesmith:EnergizedChisel+1","Runesmith:RuneHurl+1"],"picked":"Runesmith:UnstableHammer+1","floor":7},{"not_picked":["Runesmith:Repurpose","Runesmith:NegativeSpace"],"picked":"Runesmith:HammerAndChisel","floor":8},{"not_picked":["Runesmith:MakeshiftArmor","Runesmith:BackupBattery"],"picked":"Runesmith:Repurpose","floor":10},{"not_picked":["Runesmith:NegativeSpace","Runesmith:Superposition+1"],"picked":"Runesmith:CraftMagma","floor":11},{"not_picked":["Runesmith:CraftIncendium","Runesmith:Malloc"],"picked":"Runesmith:FieryHammer+1","floor":13},{"not_picked":["Runesmith:FissionHammer+1","Runesmith:LastStand"],"picked":"Runesmith:MetallurgicalResearch","floor":16},{"not_picked":["Runesmith:EnergizedChisel+1","Runesmith:HammerThrow+1"],"picked":"aspiration:UnbridledHammer+1","floor":18},{"not_picked":["Runesmith:RuneHurl+1","Runesmith:CraftIncendium"],"picked":"Runesmith:CraftProtectio+1","floor":21},{"not_picked":["Runesmith:ChiselStab+1","Runesmith:WhiteBalance+1"],"picked":"Runesmith:LithiumIon+1","floor":22}],"player_experience":729161,"relics_obtained":[{"floor":6,"key":"MawBank"},{"floor":8,"key":"Oddly Smooth Stone"},{"floor":9,"key":"aspiration:StickyExplosives_weak"},{"floor":13,"key":"Odd Mushroom"}],"event_choices":[{"damage_healed":0,"gold_gain":0,"player_choice":"Fought Mushrooms","damage_taken":0,"max_hp_gain":0,"max_hp_loss":0,"event_name":"Mushrooms","floor":13,"gold_loss":0},{"damage_healed":0,"gold_gain":0,"player_choice":"Ignored","damage_taken":0,"max_hp_gain":0,"max_hp_loss":0,"event_name":"NoteForYourself","floor":14,"gold_loss":0},{"damage_healed":0,"gold_gain":99,"player_choice":"Stole From Cult","damage_taken":0,"max_hp_gain":0,"max_hp_loss":0,"event_name":"Nest","floor":19,"gold_loss":0}],"is_beta":false,"boss_relics":[{"not_picked":["Philosopher\u0027s Stone","SacredBark"],"picked":"Pandora\u0027s Box"}],"items_purged_floors":[24],"is_endless":false,"potions_floor_spawned":[1,7,11,13,16,21,22],"killed_by":"Gremlin Leader","ascension_level":0}}