{"host":"wonp23fsqqcu31ie","time":1608010747,"event":{"mods":["2.2 Compatiblity","AchievementEnabler","Aspiration","BaseMod","Bestiary","Better Altar","Better Match","Better Sensory Stone","Better Skull","Better Third Choice","BetterRewards","Block Reminder","Colored Map","Colored Powertips","Conspire","DeckTracker","Displayed Cursed Tome","Downfall","Hermit","Highlight Path","Hubris","Minty Spire (QoL Compilation)","Permanent Neow","Quick Restart","Rare Cards Sparkle","Relic Stats","Replay The Spire","Shade Mod","Shop Mod","StSLib","SuperFastMode","The Animator","The Cursed","The Gatherer","The Necromancer","The Runesmith","The Servant 0.9.4"],"gold_per_floor":[32,32,46,125,142,182,30,67,67,96,96,120,144,175,175,275,300,315,332,332,292,306,306,306],"floor_reached":23,"playtime":740,"items_purged":[],"score":260,"play_id":"6c7cac7e-782e-4b31-97bf-db7520eb23dd","local_time":"20201215163907","is_ascension_mode":true,"campfire_choices":[{"floor":15,"key":"RECALL"}],"circlet_count":0,"master_deck":["animator:Strike_FullmetalAlchemist","animator:Defend_FullmetalAlchemist","animator:Strike","animator:Strike","animator:Strike","animator:Defend","animator:Defend+1","animator:Defend","animator:ElricEdward","animator:ElricAlphonse+1","animator:Hans","animator:Verdia","animator:UneriGinkaku","animator:Shuna","animator:MaesHughes+1","animator:ShinjiMatou","animator:Caster","animator:Megumin+2","animator:Lancer","animator:Gilgamesh+1","animator:WinryRockbell+1","animator:Rimuru"],"relics":["animator:LivingPicture","animator:TheMissingPiece","Bag of Marbles","Lee\u0027s Waffle","MealTicket","animator:Buoy","hubris:TenFootPole","ReplayFunnel","aspiration:ServantSkillbook"],"acts_visited":["Exordium","TheCity"],"potions_floor_usage":[16,16,16,18],"damage_taken":[{"damage":7,"enemies":"Jaw Worm","floor":1,"turns":4},{"damage":7,"enemies":"2 Louse","floor":3,"turns":4},{"damage":2,"enemies":"Cultist","floor":5,"turns":3},{"damage":21,"enemies":"Gremlin Nob","floor":6,"turns":5},{"damage":15,"enemies":"Lagavulin","floor":8,"turns":7},{"damage":23,"enemies":"Replay:BlueRogue","floor":10,"turns":7},{"damage":10,"enemies":"Red Slaver","floor":13,"turns":3},{"damage":1,"enemies":"conspire:2 RoseBushes","floor":14,"turns":4},{"damage":34,"enemies":"The Guardian","floor":16,"turns":11},{"damage":47,"enemies":"Shell Parasite","floor":18,"turns":7},{"damage":15,"enemies":"conspire:FuzzyDice","floor":19,"turns":6},{"damage":0,"enemies":"Centurion and Healer","floor":22,"turns":5},{"damage":23,"enemies":"Slavers","floor":23,"turns":1}],"seed_played":"-5076880535750216519","potions_obtained":[{"floor":3,"key":"Doom Potion"},{"floor":6,"key":"Swift Potion"},{"floor":10,"key":"Dexterity Potion"},{"floor":16,"key":"DuplicationPotion"}],"is_trial":false,"path_per_floor":["M","?","M","?","M","E","$","E","T","E","$","T","M","M","R","B",null,"M","M","T","?","M","E"],"character_chosen":"THE_ANIMATOR","items_purchased":["Lee\u0027s Waffle"],"campfire_rested":0,"item_purchase_floors":[7],"current_hp_per_floor":[60,47,40,40,38,17,74,59,59,37,52,52,42,41,41,8,76,30,15,15,15,15,0,0],"gold":306,"neow_bonus":"THREE_RARE_CARDS","is_daily":false,"chose_seed":false,"campfire_upgraded":0,"win_rate":0.0,"timestamp":1608010747,"path_taken":["M","?","M","?","?","E","$","E","T","E","$","?","M","M","R","BOSS","M","M","?","?","?","E"],"items_purchased_type":["Relic"],"build_version":"2020-12-13","purchased_purges":0,"victory":false,"max_hp_per_floor":[67,67,67,67,67,67,74,74,74,75,75,75,75,75,75,76,76,77,77,77,77,77,77,77],"relic_stats":{"Lee\u0027s Waffle":57,"counters":[13,66],"MealTicket":15,"obtain_stats":[{"animator:Buoy":9,"ReplayFunnel":12,"Lee\u0027s Waffle":7,"animator:TheMissingPiece":0,"aspiration:ServantSkillbook":17,"MealTicket":8,"animator:LivingPicture":0,"Bag of Marbles":6,"hubris:TenFootPole":10},{"animator:Buoy":5,"ReplayFunnel":6,"Lee\u0027s Waffle":4,"animator:TheMissingPiece":0,"aspiration:ServantSkillbook":9,"MealTicket":5,"animator:LivingPicture":0,"Bag of Marbles":4,"hubris:TenFootPole":6},{"animator:Buoy":23,"ReplayFunnel":30,"Lee\u0027s Waffle":16,"animator:TheMissingPiece":0,"aspiration:ServantSkillbook":47,"MealTicket":23,"animator:LivingPicture":0,"Bag of Marbles":16,"hubris:TenFootPole":30}]},"card_choices":[{"not_picked":["animator:Shiro","animator:Boros"],"picked":"animator:Hans","floor":0},{"not_picked":["animator:ElricEdward","animator:Emonzaemon"],"picked":"animator:Verdia","floor":1},{"not_picked":["animator:DolaCouronne","animator:Hakurou"],"picked":"animator:UneriGinkaku","floor":3},{"not_picked":["animator:Togame","animator:Millim"],"picked":"animator:Shuna","floor":5},{"not_picked":["animator:Sloth","animator:WinryRockbell"],"picked":"animator:MaesHughes","floor":6},{"not_picked":["animator:Benimaru","animator:Azekura"],"picked":"animator:ShinjiMatou","floor":8},{"not_picked":["animator:GazelDwargon","animator:SakuraMatou"],"picked":"animator:Caster","floor":10},{"not_picked":["animator:Tatsumaki","animator:Benimaru"],"picked":"animator:Megumin","floor":13},{"not_picked":["animator:ShinjiMatou","animator:Alexander"],"picked":"animator:Lancer","floor":14},{"not_picked":["animator:Saber","animator:Rimuru"],"picked":"animator:Gilgamesh","floor":16},{"not_picked":["Rearm","BottledTime+1","Moonlight+1"],"picked":"animator:WinryRockbell+1","floor":18},{"not_picked":["DoubleEdge","Gouge+1","animator:DolaSchwi"],"picked":"animator:Megumin+1","floor":19},{"not_picked":["animator:IzunaHatsuse","animator:Hitei","animator:Sloth"],"picked":"animator:Rimuru","floor":22}],"player_experience":612351,"relics_obtained":[{"floor":6,"key":"Bag of Marbles"},{"floor":8,"key":"MealTicket"},{"floor":9,"key":"animator:Buoy"},{"floor":10,"key":"hubris:TenFootPole"},{"floor":12,"key":"ReplayFunnel"}],"event_choices":[{"damage_healed":60,"gold_gain":0,"player_choice":"Upgrade","damage_taken":13,"max_hp_gain":0,"max_hp_loss":67,"event_name":"betterThird:BetterShining","floor":2,"gold_loss":0,"cards_upgraded":["animator:ElricAlphonse","animator:Defend"]},{"damage_healed":0,"gold_gain":79,"player_choice":"Gained Gold","damage_taken":0,"max_hp_gain":0,"max_hp_loss":0,"event_name":"Golden Wing","floor":4,"gold_loss":0},{"damage_healed":0,"gold_gain":0,"player_choice":"Upgrade","damage_taken":0,"max_hp_gain":0,"max_hp_loss":0,"event_name":"Designer","floor":21,"gold_loss":40,"cards_upgraded":["animator:MaesHughes"]}],"is_beta":false,"boss_relics":[{"not_picked":["hubris:TerracottaHorce","hubris:Stopwatch"],"picked":"aspiration:ServantSkillbook"}],"items_purged_floors":[],"is_endless":false,"potions_floor_spawned":[3,6,10,13,16],"killed_by":"Slavers","ascension_level":2}}