{"host":"ygqjzatmv950topu","time":1608051479,"event":{"mods":["Aspiration","BaseMod","Colored Map","Colored Powertips","Downfall","Jorbs\u0027s Wanderer Trilogy","Minty Spire (QoL Compilation)","StSLib","The Hierophant"],"gold_per_floor":[118,132,148,166,186,217,217,243,243,243,243,243,267,301,301,401,401,414,427,135,148,148,148,183,183,210,220,248,248,347,358,358,455,455,467,177,227,227,227,227,227],"floor_reached":40,"playtime":3000,"items_purged":[],"score":608,"play_id":"1820bc98-237a-4056-a08b-f97aa010c3ae","local_time":"20201215085759","is_ascension_mode":true,"campfire_choices":[{"data":"Armaments","floor":7,"key":"SMITH"},{"data":"Body Slam","floor":11,"key":"SMITH"},{"data":"Feel No Pain","floor":15,"key":"SMITH"},{"data":"Juggernaut","floor":23,"key":"SMITH"},{"data":"Bite","floor":25,"key":"SMITH"},{"floor":32,"key":"REST"}],"circlet_count":0,"master_deck":["Defend_R","Defend_R","Defend_R","Anger","Iron Wave","Body Slam+1","Shrug It Off","Armaments+1","Feel No Pain+1","Cloak And Dagger","Crippling Poison","Skewer","Warcry","Juggernaut+1","Evolve+1","Fire Breathing","Ghostly Armor","Bite+1","Bite","Bite","Bite","Bite","Exhume","Power Through+1","Decay","Infernal Blade","Immolate","Fire Breathing","Wild Strike+1","expansioncontent:QuickStudy","Madness","Madness"],"relics":["Black Blood","aspiration:Nostalgia","Guardian:ModeShifter","Boot","Odd Mushroom","Pear","Pantograph","Juzu Bracelet","StrikeDummy","Charon\u0027s Ashes","Lantern","Anchor","Shovel","Coffee Dripper","TungstenRod","aspiration:SneckoTail"],"acts_visited":["Exordium","TheCity","TheBeyond"],"potions_floor_usage":[2,8,14,24,27,31],"damage_taken":[{"damage":12,"enemies":"Small Slimes","floor":1,"turns":5},{"damage":7,"enemies":"Jaw Worm","floor":2,"turns":3},{"damage":3,"enemies":"2 Louse","floor":3,"turns":2},{"damage":2,"enemies":"Looter","floor":4,"turns":4},{"damage":6,"enemies":"Blue Slaver","floor":5,"turns":4},{"damage":35,"enemies":"Gremlin Nob","floor":6,"turns":5},{"damage":20,"enemies":"The Mushroom Lair","floor":8,"turns":5},{"damage":17,"enemies":"3 Sentries","floor":14,"turns":9},{"damage":22,"enemies":"Slime Boss","floor":16,"turns":11},{"damage":12,"enemies":"Chosen","floor":18,"turns":4},{"damage":11,"enemies":"2 Thieves","floor":19,"turns":5},{"damage":34,"enemies":"Snake Plant","floor":21,"turns":5},{"damage":100,"enemies":"Gremlin Leader","floor":24,"turns":9},{"damage":18,"enemies":"3 Cultists","floor":27,"turns":6},{"damage":31,"enemies":"Slavers","floor":28,"turns":6},{"damage":19,"enemies":"Centurion and Healer","floor":31,"turns":8},{"damage":42,"enemies":"Collector","floor":33,"turns":9},{"damage":12,"enemies":"Orb Walker","floor":35,"turns":4},{"damage":27,"enemies":"2 Orb Walkers","floor":37,"turns":4},{"damage":64,"enemies":"Reptomancer","floor":40,"turns":3}],"seed_played":"3955180716550364801","potions_obtained":[{"floor":1,"key":"Fruit Juice"},{"floor":2,"key":"FairyPotion"},{"floor":5,"key":"GamblersBrew"},{"floor":14,"key":"Fruit Juice"},{"floor":21,"key":"AttackPotion"},{"floor":24,"key":"Swift Potion"},{"floor":28,"key":"BlessingOfTheForge"},{"floor":33,"key":"SteroidPotion"}],"is_trial":false,"path_per_floor":["M","M","M","M","M","E","R","?","T","?","R","?","T","E","R","B",null,"M","M","$","M","?","R","E","R","T","M","E","?","?","M","R","B",null,"M","$","?","?","?","E"],"character_chosen":"IRONCLAD","items_purchased":["Charon\u0027s Ashes","TungstenRod"],"campfire_rested":1,"item_purchase_floors":[20,36],"current_hp_per_floor":[66,70,73,77,77,48,48,34,44,37,37,37,37,31,31,40,85,85,86,86,64,64,64,32,32,32,33,22,22,22,27,47,51,65,69,69,63,63,55,0,0],"gold":227,"neow_bonus":"NOSTALGIA","is_daily":false,"chose_seed":false,"campfire_upgraded":5,"win_rate":0.0,"timestamp":1608051479,"path_taken":["M","M","M","M","M","E","R","?","T","?","R","?","?","E","R","BOSS","M","M","$","M","?","R","E","R","T","M","E","?","?","M","R","BOSS","M","$","?","?","?","E"],"items_purchased_type":["Relic","Relic"],"build_version":"2020-12-13","purchased_purges":0,"victory":false,"max_hp_per_floor":[80,85,85,85,85,85,85,85,95,95,95,95,95,100,100,100,100,100,100,100,100,69,69,69,69,69,69,69,69,69,69,69,69,69,69,69,69,69,69,69,69],"card_choices":[{"not_picked":["Spot Weakness","Blood for Blood"],"picked":"Anger","floor":1},{"not_picked":["Wild Strike","Cleave"],"picked":"Iron Wave","floor":2},{"not_picked":["Pummel","Armaments"],"picked":"Body Slam","floor":3},{"not_picked":["Carnage","Clash"],"picked":"Power Through","floor":4},{"not_picked":["Clash","True Grit"],"picked":"Shrug It Off","floor":5},{"not_picked":["Shrug It Off","Intimidate"],"picked":"Armaments","floor":6},{"not_picked":["Immolate","Clothesline"],"picked":"Feel No Pain","floor":8},{"not_picked":["Iron Wave","Uppercut"],"picked":"Warcry","floor":14},{"not_picked":["Bludgeon","Feed"],"picked":"Juggernaut","floor":16},{"not_picked":["Flex+1","Twin Strike"],"picked":"Evolve+1","floor":18},{"not_picked":["Battle Trance","Clash"],"picked":"Fire Breathing","floor":19},{"not_picked":["Heavy Blade","Flex+1"],"picked":"Ghostly Armor","floor":21},{"not_picked":["Dual Wield","Twin Strike"],"picked":"Exhume","floor":24},{"not_picked":["Fire Breathing","Anger","Battle Trance+1"],"picked":"SKIP","floor":27},{"not_picked":["Feed","Heavy Blade"],"picked":"Power Through+1","floor":28},{"not_picked":["Disarm+1","Anger+1"],"picked":"Infernal Blade","floor":31},{"not_picked":["Feed","Reaper"],"picked":"Immolate","floor":33},{"not_picked":["Flex","Rampage+1"],"picked":"Fire Breathing","floor":35},{"not_picked":["Pommel Strike","Armaments"],"picked":"Wild Strike+1","floor":37},{"not_picked":["expansioncontent:BronzeBeam","expansioncontent:ChargeUp"],"picked":"expansioncontent:QuickStudy","floor":38}],"player_experience":726161,"relics_obtained":[{"floor":6,"key":"Boot"},{"floor":8,"key":"Odd Mushroom"},{"floor":9,"key":"Pear"},{"floor":13,"key":"Juzu Bracelet"},{"floor":14,"key":"StrikeDummy"},{"floor":24,"key":"Lantern"},{"floor":26,"key":"Anchor"},{"floor":28,"key":"Shovel"},{"floor":37,"key":"aspiration:SneckoTail"}],"event_choices":[{"damage_healed":0,"gold_gain":0,"player_choice":"Fought Mushrooms","damage_taken":0,"max_hp_gain":0,"max_hp_loss":0,"event_name":"Mushrooms","floor":8,"gold_loss":0},{"damage_healed":0,"gold_gain":0,"player_choice":"Success","damage_taken":7,"relics_obtained":["Pantograph"],"max_hp_gain":0,"max_hp_loss":0,"event_name":"Scrap Ooze","floor":10,"gold_loss":0},{"damage_healed":0,"gold_gain":0,"player_choice":"Became a vampire","damage_taken":0,"max_hp_gain":0,"max_hp_loss":31,"event_name":"Vampires","floor":22,"gold_loss":0,"cards_obtained":["Bite","Bite","Bite","Bite","Bite"]},{"damage_healed":0,"gold_gain":0,"player_choice":"Smashed Altar","damage_taken":0,"max_hp_gain":0,"max_hp_loss":0,"event_name":"Forgotten Altar","floor":29,"gold_loss":0,"cards_obtained":["Decay"]},{"damage_healed":0,"gold_gain":99,"player_choice":"Stole From Cult","damage_taken":0,"max_hp_gain":0,"max_hp_loss":0,"event_name":"Nest","floor":30,"gold_loss":0},{"damage_healed":0,"gold_gain":0,"player_choice":"Fight","damage_taken":0,"max_hp_gain":0,"max_hp_loss":0,"event_name":"Mysterious Sphere","floor":37,"gold_loss":0},{"damage_healed":0,"gold_gain":0,"player_choice":"Memory 1","damage_taken":0,"max_hp_gain":0,"max_hp_loss":0,"event_name":"SensoryStone","floor":38,"gold_loss":0},{"damage_healed":0,"gold_gain":0,"player_choice":"Embrace Madness","damage_taken":9,"max_hp_gain":0,"max_hp_loss":0,"event_name":"Winding Halls","floor":39,"gold_loss":0,"cards_obtained":["Madness","Madness"]}],"is_beta":false,"boss_relics":[{"not_picked":["Pandora\u0027s Box","Cursed Key"],"picked":"Black Blood"},{"not_picked":["Fusion Hammer","aspiration:RunicSpoon"],"picked":"Coffee Dripper"}],"items_purged_floors":[],"is_endless":false,"potions_floor_spawned":[1,2,5,14,21,24,28,33],"killed_by":"Reptomancer","ascension_level":7}}