{"host":"4np54w3ai1r5lqo1","time":1608022817,"event":{"mods":["BaseMod","Colored Map","Minty Spire (QoL Compilation)","Quick Restart"],"gold_per_floor":[112,124,124,124,141,141,166,184,255,255,281,126,142,142,142],"floor_reached":14,"playtime":602,"items_purged":["Strike_G"],"score":145,"play_id":"56b02804-6e13-47a6-9263-962b873d1754","local_time":"20201215070017","is_ascension_mode":true,"campfire_choices":[{"data":"Bouncing Flask","floor":6,"key":"SMITH"},{"data":"Poisoned Stab","floor":10,"key":"SMITH"}],"circlet_count":0,"master_deck":["Strike_G","Strike_G","Strike_G","Strike_G","Defend_G","Defend_G","Defend_G","Defend_G","Defend_G","Survivor","Neutralize","Bouncing Flask+1","Poisoned Stab+1","After Image","Backflip","Bouncing Flask","Blur","Deadly Poison"],"relics":["Ring of the Snake","Gambling Chip","GremlinMask","Tough Bandages","InkBottle","Tiny Chest"],"acts_visited":[],"potions_floor_usage":[11,11,11,14],"damage_taken":[{"damage":4,"enemies":"Jaw Worm","floor":1,"turns":4},{"damage":19,"enemies":"Small Slimes","floor":2,"turns":4},{"damage":2,"enemies":"Cultist","floor":5,"turns":4},{"damage":11,"enemies":"Lagavulin","floor":7,"turns":5},{"damage":3,"enemies":"2 Fungi Beasts","floor":8,"turns":4},{"damage":16,"enemies":"Gremlin Nob","floor":11,"turns":3},{"damage":0,"enemies":"Blue Slaver","floor":13,"turns":4},{"damage":8,"enemies":"Lagavulin","floor":14,"turns":2}],"seed_played":"7521752039254024632","potions_obtained":[{"floor":1,"key":"BlessingOfTheForge"},{"floor":5,"key":"DistilledChaos"},{"floor":7,"key":"PowerPotion"},{"floor":13,"key":"Poison Potion"}],"is_trial":false,"path_per_floor":["M","M","?","?","M","R","E","M","T","R","E","$","M","E"],"character_chosen":"THE_SILENT","items_purchased":["Blur"],"campfire_rested":0,"item_purchase_floors":[12],"current_hp_per_floor":[59,40,40,40,38,38,27,24,24,24,8,8,8,0,0],"gold":142,"neow_bonus":"ONE_RARE_RELIC","is_daily":false,"chose_seed":false,"campfire_upgraded":2,"win_rate":0.0,"timestamp":1608022817,"path_taken":["M","M","?","?","M","R","E","M","T","R","E","$","M","E"],"items_purchased_type":["Card"],"build_version":"2020-12-13","purchased_purges":1,"victory":false,"max_hp_per_floor":[63,63,63,63,63,63,63,63,63,63,63,63,63,63,63],"card_choices":[{"not_picked":["Backflip","Dagger Throw"],"picked":"Bouncing Flask","floor":1},{"not_picked":["Dagger Spray","Eviscerate"],"picked":"Poisoned Stab","floor":2},{"not_picked":["Dagger Throw","PiercingWail"],"picked":"After Image","floor":5},{"not_picked":["Outmaneuver","Accuracy","Infinite Blades"],"picked":"SKIP","floor":7},{"not_picked":["Crippling Poison","Outmaneuver"],"picked":"Backflip","floor":8},{"not_picked":["Flying Knee","Dagger Spray"],"picked":"Bouncing Flask","floor":11},{"not_picked":["Eviscerate","Flying Knee"],"picked":"Deadly Poison","floor":13}],"player_experience":461013,"relics_obtained":[{"floor":7,"key":"Tough Bandages"},{"floor":9,"key":"InkBottle"},{"floor":11,"key":"Tiny Chest"}],"event_choices":[{"damage_healed":0,"gold_gain":0,"player_choice":"Ignored","damage_taken":0,"max_hp_gain":0,"max_hp_loss":0,"event_name":"Golden Wing","floor":3,"gold_loss":0},{"damage_healed":0,"gold_gain":0,"player_choice":"Trade","damage_taken":0,"relics_obtained":["GremlinMask"],"max_hp_gain":0,"max_hp_loss":0,"event_name":"FaceTrader","floor":4,"gold_loss":0}],"is_beta":false,"boss_relics":[],"items_purged_floors":[12],"is_endless":false,"potions_floor_spawned":[1,5,7,13],"killed_by":"Lagavulin","ascension_level":9}}