{"host":"l1ihaotq1cxp1b6b","time":1608042854,"event":{"mods":["AchievementEnabler","Arknights The Spire","BaseMod","Colored Map","Custom Start","DeckTracker","Minty Spire (QoL Compilation)","StSLib","SuperFastMode","everything is the same but u backflip on backflip"],"gold_per_floor":[115,42,42,54,72,72,87,87,87,87,120,19,31,42,42,146,146,164,79,91,108,108,108,121,148,148,23,23,48,48,74,74,181,181,202,34,43,43,61,61,61],"floor_reached":40,"playtime":1176,"items_purged":["ats:Powerful Strike","ats:Armor Crushing Shot"],"score":386,"play_id":"a417a914-b4e3-48e4-9b89-ec96010f578b","local_time":"20201215233414","is_ascension_mode":false,"campfire_choices":[{"data":"ats:Very Hot Blade","floor":6.0,"key":"SMITH"},{"floor":15.0,"key":"REST"},{"floor":23.0,"key":"REST"},{"floor":28.0,"key":"REST"},{"floor":30.0,"key":"REST"},{"floor":32.0,"key":"REST"}],"circlet_count":0,"master_deck":["ats:Powerful Strike","ats:Defend Up+1","ats:Defend Up+1","ats:Defend Up","ats:Defend Up","ats:Emotion Absorption+1","ats:Emotion Absorption+1","ats:Assault Order","ats:Very Hot Blade+1","ats:Explosion Area Strengthen","ats:Flexible Camouflage","ats:Ignite","ats:Hook Shot","ats:Automatic Cover+1","ats:Just Like an Apocalypse+1","ats:Mental Burst","ats:Fate","ats:True Silver Slash","ats:Just Like an Apocalypse+1","ats:Very Hot Blade","ats:Charging Defense+1","ats:Defend Order","ats:Assault Order+1","ats:Cat Scratch","ats:Thermite Blade+1","ats:Nebulous Foxfire+1","ats:Nebulous Foxfire+1","ats:Consecutive Shot: Auto+1","ats:Overload","Writhe","Madness+1","Madness+1"],"relics":["ats:Sanity","War Paint","Bottled Flame","ats:Originium","Toxic Egg 2","ats:Tactical Delivery","ats:Ability Aura","Nilry\u0027s Codex","CeramicFish","Mummified Hand","Runic Pyramid"],"acts_visited":["TheBeyond"],"potions_floor_usage":[],"damage_taken":[{"damage":1.0,"enemies":"Cultist","floor":1.0,"turns":3.0},{"damage":0.0,"enemies":"2 Louse","floor":4.0,"turns":2.0},{"damage":6.0,"enemies":"Jaw Worm","floor":5.0,"turns":3.0},{"damage":0.0,"enemies":"3 Louse","floor":7.0,"turns":2.0},{"damage":11.0,"enemies":"3 Sentries","floor":11.0,"turns":5.0},{"damage":2.0,"enemies":"Looter","floor":13.0,"turns":3.0},{"damage":5.0,"enemies":"Large Slime","floor":14.0,"turns":4.0},{"damage":37.0,"enemies":"Slime Boss","floor":16.0,"turns":13.0},{"damage":29.0,"enemies":"Chosen","floor":18.0,"turns":5.0},{"damage":15.0,"enemies":"3 Byrds","floor":20.0,"turns":6.0},{"damage":16.0,"enemies":"Centurion and Healer","floor":21.0,"turns":4.0},{"damage":26.0,"enemies":"3 Cultists","floor":24.0,"turns":4.0},{"damage":38.0,"enemies":"Snake Plant","floor":29.0,"turns":8.0},{"damage":19.0,"enemies":"Shelled Parasite and Fungi","floor":31.0,"turns":5.0},{"damage":26.0,"enemies":"Champ","floor":33.0,"turns":17.0},{"damage":16,"enemies":"3 Darklings","floor":35,"turns":6},{"damage":97,"enemies":"Nemesis","floor":40,"turns":9}],"seed_played":"373568063905706132","potions_obtained":[{"floor":1.0,"key":"BlessingOfTheForge"},{"floor":4.0,"key":"Ancient Potion"},{"floor":5.0,"key":"LiquidMemories"},{"floor":13.0,"key":"DistilledChaos"},{"floor":16.0,"key":"DuplicationPotion"},{"floor":21.0,"key":"AttackPotion"},{"floor":29.0,"key":"LiquidMemories"},{"floor":33.0,"key":"FearPotion"},{"floor":35,"key":"PowerPotion"}],"is_trial":false,"path_per_floor":["M","$","?","M","M","R","M","?","T","R","E","$","M","M","R","B",null,"M","?","M","M","?","R","M","T","T","$","R","M","R","M","R","B",null,"M","$","?","$","?","E"],"character_chosen":"DOCTOR_CLASS","items_purchased":["ats:Very Hot Blade","ats:Explosion Area Strengthen","ats:Just Like an Apocalypse+1","ats:Defend Order","ats:Assault Order+1","ats:Cat Scratch","ats:Overload"],"campfire_rested":5,"item_purchase_floors":[2,2,12,27,27,27,36],"current_hp_per_floor":[71,71,57,57,51,51,51,44,44,44,33,33,31,29,50,25,72,45,45,39,29,13,34,14,14,14,14,35,9,30,17,38,41,72,60,60,60,60,51,0,0],"gold":61,"neow_bonus":"RANDOM_COMMON_RELIC","is_daily":false,"chose_seed":false,"campfire_upgraded":1,"win_rate":0.0,"timestamp":1608042854,"path_taken":["M","?","?","?","M","R","M","?","T","R","E","$","M","M","R","BOSS","M","?","M","M","?","R","M","?","T","?","R","M","R","M","R","BOSS","M","$","?","?","?","E"],"items_purchased_type":["Card","Card","Card","Card","Card","Card","Card"],"build_version":"2020-12-13","purchased_purges":2,"victory":false,"max_hp_per_floor":[72,72,72,72,72,72,72,72,72,72,72,72,72,72,72,72,72,72,72,72,72,72,72,72,72,72,72,72,72,72,72,72,72,72,72,72,72,72,72,72,72],"card_choices":[{"not_picked":["ats:Attack Strengthen","ats:Flexible Camouflage"],"picked":"ats:Assault Order","floor":1.0},{"not_picked":["ats:Attack Strengthen","ats:Shell Defense"],"picked":"ats:Flexible Camouflage","floor":4.0},{"not_picked":["ats:Curse Doll","ats:Poison Spread"],"picked":"ats:Ignite","floor":5.0},{"not_picked":["ats:Explosion Area Strengthen","ats:Defend Order"],"picked":"ats:Hook Shot","floor":7.0},{"not_picked":["ats:Composite Medical Shells","ats:Sunburst"],"picked":"ats:Automatic Cover+1","floor":11.0},{"not_picked":["ats:Flexible Camouflage+1","ats:Hook Shot+1"],"picked":"ats:Mental Burst","floor":13.0},{"not_picked":["ats:Cat Scratch","ats:Just Like an Apocalypse+1"],"picked":"ats:Fate","floor":14.0},{"not_picked":["ats:Fate","ats:Volcano"],"picked":"ats:True Silver Slash","floor":16.0},{"not_picked":["ats:Very Hot Blade","ats:Counter Healing Mode"],"picked":"ats:Just Like an Apocalypse+1","floor":18.0},{"not_picked":["ats:Counter Healing Mode","ats:Rapid Magazine"],"picked":"ats:Very Hot Blade","floor":20.0},{"not_picked":["ats:Shell Defense+1","ats:Thorns"],"picked":"ats:Charging Defense+1","floor":21.0},{"not_picked":["ats:Cat Scratch","ats:Very Hot Blade","ats:Consecutive Shot: Auto"],"picked":"SKIP","floor":24.0},{"not_picked":["ats:Hook Shot+1","ats:Poison Spread"],"picked":"ats:Thermite Blade+1","floor":29.0},{"not_picked":["ats:Neurotoxin","ats:Shadow Raid+1"],"picked":"ats:Nebulous Foxfire+1","floor":31.0},{"not_picked":["ats:Beaten Up+1","ats:Shadow Assault"],"picked":"ats:Nebulous Foxfire+1","floor":33.0},{"not_picked":["ats:Just Like an Apocalypse+1","ats:Very Hot Blade+1"],"picked":"ats:Consecutive Shot: Auto+1","floor":35}],"player_experience":529776,"relics_obtained":[{"floor":9.0,"key":"Bottled Flame"},{"floor":10.0,"key":"ats:Originium"},{"floor":11.0,"key":"Toxic Egg 2"},{"floor":22.0,"key":"Nilry\u0027s Codex"},{"floor":25.0,"key":"CeramicFish"},{"floor":26.0,"key":"Mummified Hand"}],"event_choices":[{"damage_healed":0.0,"max_hp_gain":0.0,"max_hp_loss":0.0,"gold_gain":0.0,"event_name":"Shining Light","player_choice":"Entered Light","floor":3.0,"gold_loss":0.0,"damage_taken":14.0,"cards_upgraded":["ats:Defend Up","ats:Emotion Absorption"]},{"cards_removed":["ats:Powerful Strike"],"damage_healed":0.0,"max_hp_gain":0.0,"max_hp_loss":0.0,"gold_gain":0.0,"event_name":"Golden Wing","player_choice":"Card Removal","floor":8.0,"gold_loss":0.0,"damage_taken":7.0},{"damage_healed":0.0,"max_hp_gain":0.0,"max_hp_loss":0.0,"gold_gain":0.0,"event_name":"Addict","player_choice":"Obtained Relic","floor":19.0,"gold_loss":85.0,"damage_taken":0.0,"relics_obtained":["ats:Ability Aura"]},{"damage_healed":0.0,"max_hp_gain":0.0,"max_hp_loss":0.0,"gold_gain":0.0,"event_name":"Cursed Tome","player_choice":"Obtained Book","floor":22.0,"gold_loss":0.0,"damage_taken":16.0},{"damage_healed":0,"gold_gain":0,"player_choice":"1 cards matched","damage_taken":0,"max_hp_gain":0,"max_hp_loss":0,"event_name":"Match and Keep!","floor":37,"gold_loss":0,"cards_obtained":["Writhe"]},{"damage_healed":0,"gold_gain":0,"player_choice":"Embrace Madness","damage_taken":9,"max_hp_gain":0,"max_hp_loss":0,"event_name":"Winding Halls","floor":39,"gold_loss":0,"cards_obtained":["Madness","Madness"]}],"is_beta":false,"boss_relics":[{"not_picked":["Pandora\u0027s Box","Tiny House"],"picked":"ats:Tactical Delivery"},{"not_picked":["Fusion Hammer","Cursed Key"],"picked":"Runic Pyramid"}],"items_purged_floors":[12,36],"is_endless":false,"potions_floor_spawned":[1,4,5,13,16,21,29,33,35],"killed_by":"Nemesis","ascension_level":0}}