{"host":"t0dvmwh9w61bq0j7","time":1608033335,"event":{"mods":["2.2 Compatiblity","AchievementEnabler","BaseMod","Better Note","Block Reminder","Colored Map","DeckTracker","Highlight Path","Jorbs\u0027s Wanderer Trilogy","Minty Spire (QoL Compilation)","Random Character Button","Rare Cards Sparkle","Relic Stats","StSLib","The Cursed","The Judge","TheVacant","Transform Curses"],"gold_per_floor":[99,99,17,17,32,59,59,87,87,99,99,274,36,51,51,151,151,171,171,28,40,54,54,83,83,107,107,121,134,151,166,166,269,269,286,286,286,302,302,302],"floor_reached":39,"playtime":2287,"items_purged":["Pain"],"score":525,"play_id":"4475fc76-6ec3-40fa-bc0e-1094f2bb1cae","local_time":"20201215125535","is_ascension_mode":false,"campfire_choices":[{"floor":7.0,"key":"REST"},{"data":"WordoMod:LordOfTheFlies","floor":11.0,"key":"SMITH"},{"floor":15.0,"key":"RECALL"},{"floor":23.0,"key":"REST"},{"floor":25.0,"key":"REST"},{"floor":27.0,"key":"REST"},{"floor":32.0,"key":"REST"}],"circlet_count":0,"master_deck":["WordoMod:StrikeCard","WordoMod:StrikeCard","WordoMod:StrikeCard","WordoMod:StrikeCard","WordoMod:DefendCard","WordoMod:DefendCard","WordoMod:DefendCard","WordoMod:DefendCard","WordoMod:Accursed","WordoMod:IllWill","Master of Strategy","WordoMod:Penitence+1","WordoMod:LordOfTheFlies+1","WordoMod:LanternFlame","Clumsy","WordoMod:Cleanse","WordoMod:Combo","Doubt","Finesse","TheCursedMod:Dregs","WordoMod:MorbidFascination","WordoMod:Resurrection","WordoMod:Pestilence+1","WordoMod:Petrified","WordoMod:InfectiousCulture+1","WordoMod:FoggyMind","WordoMod:Plague+1","WordoMod:CurseBuckler","WordoMod:Reading","stsjorbsmod:Withering","CurseOfTheBell","WordoMod:Exorcism","Writhe","Clumsy","WordoMod:ICurseThee+1"],"relics":["WordoMod:Obsidian","WordoMod:Effigy","Spirit Poop","Oddly Smooth Stone","Odd Mushroom","Strawberry","Black Star","WarpedTongs","Bag of Marbles","Eternal Feather","Orichalcum","Calling Bell","MealTicket","Ornamental Fan","Gambling Chip"],"acts_visited":["Exordium","TheCity","TheBeyond"],"potions_floor_usage":[],"damage_taken":[{"damage":9.0,"enemies":"2 Louse","floor":1.0,"turns":2.0},{"damage":9.0,"enemies":"Jaw Worm","floor":5.0,"turns":4.0},{"damage":20.0,"enemies":"3 Sentries","floor":6.0,"turns":8.0},{"damage":12.0,"enemies":"The Mushroom Lair","floor":8.0,"turns":3.0},{"damage":0.0,"enemies":"Cultist","floor":10.0,"turns":4.0},{"damage":7.0,"enemies":"2 Fungi Beasts","floor":14.0,"turns":3.0},{"damage":36.0,"enemies":"Slime Boss","floor":16.0,"turns":12.0},{"damage":30.0,"enemies":"Spheric Guardian","floor":18.0,"turns":7.0},{"damage":33.0,"enemies":"2 Thieves","floor":21.0,"turns":4.0},{"damage":18.0,"enemies":"Sentry and Sphere","floor":22.0,"turns":7.0},{"damage":23.0,"enemies":"Book of Stabbing","floor":24.0,"turns":6.0},{"damage":26.0,"enemies":"Centurion and Healer","floor":28.0,"turns":8.0},{"damage":22.0,"enemies":"Cultist and Chosen","floor":29.0,"turns":7.0},{"damage":12.0,"enemies":"Snake Plant","floor":30.0,"turns":5.0},{"damage":9.0,"enemies":"Snecko","floor":31.0,"turns":5.0},{"damage":48.0,"enemies":"Champ","floor":33.0,"turns":13.0},{"damage":49.0,"enemies":"3 Darklings","floor":35.0,"turns":8.0},{"damage":1.0,"enemies":"3 Shapes","floor":38.0,"turns":6.0},{"damage":53,"enemies":"3 Darklings","floor":39,"turns":4}],"seed_played":"-1872420546894009384","potions_obtained":[{"floor":5.0,"key":"Block Potion"},{"floor":6.0,"key":"Dexterity Potion"},{"floor":14.0,"key":"SneckoOil"},{"floor":22.0,"key":"EntropicBrew"},{"floor":29.0,"key":"PowerPotion"},{"floor":31.0,"key":"Weak Potion"}],"is_trial":false,"path_per_floor":["M","?","$","?","M","E","R","?","T","M","R","?","$","M","R","B",null,"M","?","$","M","M","R","E","R","T","R","M","M","M","M","R","B",null,"M","?","?","M","M"],"character_chosen":"JUDGE_CLASS","items_purchased":["WordoMod:LordOfTheFlies","Finesse","Strawberry","WordoMod:Pestilence"],"campfire_rested":5,"item_purchase_floors":[3,13,13,20],"current_hp_per_floor":[66,66,66,66,57,37,59,47,47,47,47,47,54,47,47,11,82,52,52,52,19,1,25,2,41,41,80,54,32,20,11,53,5,82,33,54,54,53,0,0],"gold":302,"neow_bonus":"RANDOM_COLORLESS_2","is_daily":false,"chose_seed":false,"campfire_upgraded":1,"win_rate":0.0,"timestamp":1608033335,"path_taken":["M","?","?","?","?","E","R","?","T","M","R","?","$","M","R","BOSS","M","?","$","M","M","R","E","R","T","R","M","M","M","M","R","BOSS","M","?","?","M","M"],"items_purchased_type":["Card","Card","Relic","Card"],"build_version":"2020-12-13","purchased_purges":1,"victory":false,"max_hp_per_floor":[75,75,75,75,75,75,75,75,75,75,75,75,82,82,82,82,82,82,82,82,82,82,82,82,82,82,82,82,82,82,82,82,82,82,82,82,82,82,82,82],"relic_stats":{"counters":[19,116],"Ornamental Fan":[4],"Gambling Chip":[4],"Eternal Feather":48,"MealTicket":0,"Black Star":1,"Orichalcum":[66],"obtain_stats":[{"WordoMod:Effigy":0,"WordoMod:Obsidian":0,"Spirit Poop":4,"Oddly Smooth Stone":6,"Eternal Feather":24,"Odd Mushroom":8,"Orichalcum":26,"WarpedTongs":19,"Calling Bell":34,"Ornamental Fan":34,"Strawberry":13,"Gambling Chip":34,"MealTicket":34,"Black Star":17,"Bag of Marbles":24},{"WordoMod:Effigy":0,"WordoMod:Obsidian":0,"Spirit Poop":1,"Oddly Smooth Stone":3,"Eternal Feather":11,"Odd Mushroom":4,"Orichalcum":11,"WarpedTongs":8,"Calling Bell":16,"Ornamental Fan":16,"Strawberry":5,"Gambling Chip":16,"MealTicket":16,"Black Star":7,"Bag of Marbles":11},{"WordoMod:Effigy":0,"WordoMod:Obsidian":0,"Spirit Poop":2,"Oddly Smooth Stone":14,"Eternal Feather":60,"Odd Mushroom":17,"Orichalcum":60,"WarpedTongs":43,"Calling Bell":98,"Ornamental Fan":98,"Strawberry":21,"Gambling Chip":98,"MealTicket":98,"Black Star":36,"Bag of Marbles":60}],"WarpedTongs":[72]},"card_choices":[{"not_picked":["Transmutation","Magnetism"],"picked":"Master of Strategy","floor":0.0},{"not_picked":["WordoMod:LanternFlame","WordoMod:ProfanedFlame"],"picked":"WordoMod:Penitence","floor":1.0},{"not_picked":["WordoMod:DarkBead","WordoMod:WipingAllOut"],"picked":"WordoMod:LanternFlame","floor":5.0},{"not_picked":["WordoMod:Infected","Writhe"],"picked":"Clumsy","floor":6.0},{"not_picked":["WordoMod:BoundlessGreed","WordoMod:UltimateSacrifice"],"picked":"WordoMod:Cleanse","floor":6.0},{"not_picked":["WordoMod:SoulSpear","WordoMod:RiskTaker"],"picked":"WordoMod:Combo","floor":8.0},{"not_picked":["WordoMod:BoundlessGreed","WordoMod:ShackleGuard","WordoMod:SoulSpear"],"picked":"SKIP","floor":10.0},{"not_picked":["Decay","Shame"],"picked":"TheCursedMod:Dregs","floor":14.0},{"not_picked":["WordoMod:Repent","WordoMod:BreakChains","WordoMod:SoulSpear"],"picked":"SKIP","floor":14.0},{"not_picked":["WordoMod:EndOfTheWorld","WordoMod:HighwayToHell"],"picked":"WordoMod:MorbidFascination","floor":16.0},{"not_picked":["WordoMod:Taunt","WordoMod:LanternFlame+1"],"picked":"WordoMod:Resurrection","floor":18.0},{"not_picked":["stsjorbsmod:Amnesia","Parasite"],"picked":"WordoMod:Petrified","floor":21.0},{"not_picked":["WordoMod:Exorcism","WordoMod:WillOWisp"],"picked":"WordoMod:InfectiousCulture+1","floor":21.0},{"not_picked":["WordoMod:Vulgarity+1","WordoMod:Malice","WordoMod:BreakChains"],"picked":"SKIP","floor":22.0},{"not_picked":["WordoMod:MementoMori","WordoMod:Cremate","WordoMod:Vulgarity+1"],"picked":"SKIP","floor":24.0},{"not_picked":["Regret","Pain"],"picked":"WordoMod:FoggyMind","floor":28.0},{"not_picked":["WordoMod:Rise","WordoMod:Sacrilege"],"picked":"WordoMod:Plague+1","floor":28.0},{"not_picked":["WordoMod:ICurseThee","WordoMod:CloudOfDust+1"],"picked":"WordoMod:CurseBuckler","floor":29.0},{"not_picked":["WordoMod:SoulSpear","WordoMod:MonkeysPaw"],"picked":"WordoMod:Reading","floor":30.0},{"not_picked":["stsjorbsmod:Amnesia","WordoMod:Infected"],"picked":"stsjorbsmod:Withering","floor":31.0},{"not_picked":["WordoMod:Vulgarity+1","WordoMod:Malice","WordoMod:LanternFlame"],"picked":"SKIP","floor":31.0},{"not_picked":["WordoMod:ProfanedFlame","WordoMod:Sacrilege"],"picked":"WordoMod:Exorcism","floor":35.0},{"not_picked":["stsjorbsmod:Withering","Decay"],"picked":"Clumsy","floor":38.0},{"not_picked":["WordoMod:ShackleGuard+1","WordoMod:LanternFlame"],"picked":"WordoMod:ICurseThee+1","floor":38.0}],"player_experience":300664,"relics_obtained":[{"floor":6.0,"key":"Oddly Smooth Stone"},{"floor":8.0,"key":"Odd Mushroom"},{"floor":24.0,"key":"Bag of Marbles"},{"floor":24.0,"key":"Eternal Feather"},{"floor":26.0,"key":"Orichalcum"},{"floor":34.0,"key":"MealTicket"},{"floor":34.0,"key":"Ornamental Fan"},{"floor":34.0,"key":"Gambling Chip"}],"event_choices":[{"damage_healed":0.0,"max_hp_gain":0.0,"max_hp_loss":0.0,"gold_gain":0.0,"event_name":"Living Wall","player_choice":"Grow","floor":2.0,"gold_loss":0.0,"damage_taken":0.0,"cards_upgraded":["WordoMod:Penitence"]},{"cards_removed":["Pain"],"damage_healed":0.0,"max_hp_gain":0.0,"max_hp_loss":0.0,"gold_gain":0.0,"event_name":"Bonfire Elementals","player_choice":"Offered Curse","floor":4.0,"gold_loss":0.0,"damage_taken":0.0,"relics_obtained":["Spirit Poop"]},{"damage_healed":0.0,"max_hp_gain":0.0,"max_hp_loss":0.0,"gold_gain":0.0,"event_name":"Mushrooms","player_choice":"Fought Mushrooms","floor":8.0,"gold_loss":0.0,"damage_taken":0.0},{"damage_healed":0.0,"max_hp_gain":0.0,"max_hp_loss":0.0,"gold_gain":175.0,"event_name":"Liars Game","player_choice":"AGREE","floor":12.0,"gold_loss":0.0,"damage_taken":0.0,"cards_obtained":["Doubt"]},{"damage_healed":0.0,"max_hp_gain":0.0,"max_hp_loss":0.0,"gold_gain":0.0,"event_name":"Accursed Blacksmith","player_choice":"Rummage","floor":19.0,"gold_loss":0.0,"damage_taken":0.0,"relics_obtained":["WarpedTongs"],"cards_obtained":["Pain"]},{"damage_healed":21.0,"max_hp_gain":0.0,"max_hp_loss":0.0,"gold_gain":0.0,"event_name":"Winding Halls","player_choice":"Writhe","floor":36.0,"gold_loss":0.0,"damage_taken":0.0,"cards_obtained":["Writhe"]},{"damage_healed":0.0,"max_hp_gain":0.0,"max_hp_loss":0.0,"gold_gain":0.0,"event_name":"Upgrade Shrine","player_choice":"Upgraded","floor":37.0,"gold_loss":0.0,"damage_taken":0.0,"cards_upgraded":["WordoMod:Pestilence"]}],"is_beta":false,"boss_relics":[{"not_picked":["Snecko Eye","Tiny House"],"picked":"Black Star"},{"not_picked":["Pandora\u0027s Box","Runic Dome"],"picked":"Calling Bell"}],"items_purged_floors":[20],"is_endless":false,"potions_floor_spawned":[5,6,14,16,21,22,29,31],"killed_by":"3 Darklings","ascension_level":0}}