{"host":"milnbpnt8q6cnpmr","time":1608001952,"event":{"mods":["BaseMod","Marisa????????","Minty Spire (QoL Compilation)"],"gold_per_floor":[117,137,152,171,171,171,205,63,63,80,80,80],"floor_reached":11,"playtime":433,"items_purged":[],"score":146,"play_id":"874ef116-ef64-4aee-9888-c2f73850483d","local_time":"20201214191232","is_ascension_mode":true,"campfire_choices":[{"data":"MillisecondPulsars","floor":6,"key":"SMITH"}],"circlet_count":0,"master_deck":["AscendersBane","Strike_MRS","Strike_MRS","Strike_MRS","Defend_MRS","Defend_MRS","Defend_MRS","Defend_MRS","MasterSpark","UpSweep","MillisecondPulsars+1","FairyDestructionRay","MagicAbsorber","SporeBomb","AsteroidBelt","MaximisePower","GalacticHalo+1"],"relics":["MiniHakkero","Darkstone Periapt","Toxic Egg 2"],"acts_visited":["Exordium"],"potions_floor_usage":[7,10,11],"damage_taken":[{"damage":4,"enemies":"Small Slimes","floor":1,"turns":3},{"damage":0,"enemies":"2 Louse","floor":2,"turns":1},{"damage":0,"enemies":"Cultist","floor":3,"turns":3},{"damage":0,"enemies":"3 Louse","floor":4,"turns":1},{"damage":31,"enemies":"3 Sentries","floor":7,"turns":8},{"damage":0,"enemies":"Large Slime","floor":10,"turns":2},{"damage":20,"enemies":"Gremlin Nob","floor":11,"turns":3}],"seed_played":"-4876281758054421414","potions_obtained":[{"floor":1,"key":"Weak Potion"},{"floor":7,"key":"DistilledChaos"},{"floor":10,"key":"Block Potion"}],"is_trial":false,"path_per_floor":["M","M","M","M","?","R","E","?","T","M","E"],"character_chosen":"MARISA","items_purchased":[],"campfire_rested":0,"item_purchase_floors":[],"current_hp_per_floor":[41,41,41,41,34,34,3,3,3,3,0,0],"gold":80,"neow_bonus":"THREE_RARE_CARDS","is_daily":false,"chose_seed":false,"campfire_upgraded":1,"win_rate":0.0,"timestamp":1608001952,"path_taken":["M","M","M","M","?","R","E","?","T","?","E"],"items_purchased_type":[],"build_version":"2020-12-13","purchased_purges":0,"victory":false,"max_hp_per_floor":[70,70,70,70,70,70,70,70,70,70,70,70],"card_choices":[{"not_picked":["SatelliteIllusion","FinalSpark"],"picked":"MillisecondPulsars","floor":0},{"not_picked":["EnergyRecoil","Occultation"],"picked":"FairyDestructionRay","floor":1},{"not_picked":["UnstableBomb","OpenUniverse"],"picked":"MagicAbsorber","floor":2},{"not_picked":["IllusionStar","ChargingUp"],"picked":"SporeBomb","floor":3},{"not_picked":["NonDirectionalLaser","DC"],"picked":"AsteroidBelt","floor":4},{"not_picked":["ChargingUp","ShootingEcho"],"picked":"MaximisePower","floor":7},{"not_picked":["NonDirectionalLaser","SuperPerseids+1"],"picked":"GalacticHalo+1","floor":10}],"player_experience":1148191,"relics_obtained":[{"floor":9,"key":"Toxic Egg 2"}],"event_choices":[{"cards_removed":["Strike_MRS"],"damage_healed":0,"gold_gain":0,"player_choice":"Card Removal","damage_taken":7,"max_hp_gain":0,"max_hp_loss":0,"event_name":"Golden Wing","floor":5,"gold_loss":0},{"damage_healed":0,"gold_gain":0,"player_choice":"Paid Gold","damage_taken":0,"relics_obtained":["Darkstone Periapt"],"max_hp_gain":0,"max_hp_loss":0,"event_name":"WeMeetAgain","floor":8,"gold_loss":142}],"is_beta":false,"boss_relics":[],"items_purged_floors":[],"is_endless":false,"potions_floor_spawned":[1,7,10],"killed_by":"Gremlin Nob","ascension_level":19}}