{"host":"kh6fvhxn285ncg0o","time":1608065823,"event":{"mods":["Act Like it!","BaseMod","Colored Map","Friendly Minions","Keyboard Shortcuts","Minty Spire (QoL Compilation)","Quick Restart","Relic Stats","StSLib","SuperFastMode"],"gold_per_floor":[119,119,136,46,121,121,150,167,192,192,222,172,202,229,241,325,337,359,421,451,262,293,293,319,319,319,319,269,301,319,330,330,406,406,423,423,437,112,125,150,150,183,183,215,215,215,229,240,240,240,240,240,240,29,57,57],"floor_reached":57,"playtime":1757,"items_purged":["Strike_R","Strike_R","Strike_R","Strike_R","Sever Soul"],"score":3192,"play_id":"830fc5ae-f09b-4b1e-9f5c-d7fb34ba48be","local_time":"20201216055703","is_ascension_mode":true,"campfire_choices":[{"data":"Flash of Steel","floor":6.0,"key":"SMITH"},{"data":"Bash","floor":15.0,"key":"SMITH"},{"data":"Offering","floor":23.0,"key":"SMITH"},{"data":"Evolve","floor":25.0,"key":"SMITH"},{"floor":27.0,"key":"REST"},{"data":"Feel No Pain","floor":32.0,"key":"SMITH"},{"data":"Pommel Strike","floor":41.0,"key":"SMITH"},{"data":"Power Through","floor":45,"key":"SMITH"},{"floor":49,"key":"RECALL"},{"data":"Exhume","floor":53,"key":"SMITH"}],"circlet_count":0,"master_deck":["AscendersBane","Defend_R","Defend_R","Defend_R","Defend_R","Power Through+1","Flash of Steel+1","Fiend Fire","Offering+1","Evolve+1","Impatience","Feel No Pain+1","Exhume+1","Pommel Strike+1","Shockwave+1","Shrug It Off+1"],"relics":["Burning Blood","NeowsBlessing","Smiling Mask","Bronze Scales","Happy Flower","Mango","MawBank","Mark of Pain","Red Mask","Pen Nib","Charon\u0027s Ashes","Mercury Hourglass","Runic Pyramid","Shuriken","Anchor","Bird Faced Urn","Ginger","ClockworkSouvenir","TungstenRod"],"acts_visited":["Exordium","TheCity","TheBeyond","TheEnding"],"potions_floor_usage":[56],"damage_taken":[{"damage":0.0,"enemies":"2 Louse","floor":1.0,"turns":1.0},{"damage":0.0,"enemies":"Jaw Worm","floor":3.0,"turns":1.0},{"damage":0.0,"enemies":"Gremlin Nob","floor":7.0,"turns":1.0},{"damage":0.0,"enemies":"Cultist","floor":8.0,"turns":3.0},{"damage":20.0,"enemies":"3 Sentries","floor":11.0,"turns":7.0},{"damage":8.0,"enemies":"Gremlin Nob","floor":13.0,"turns":3.0},{"damage":6.0,"enemies":"Looter","floor":14.0,"turns":2.0},{"damage":13.0,"enemies":"Hexaghost","floor":16.0,"turns":7.0},{"damage":14.0,"enemies":"2 Thieves","floor":18.0,"turns":3.0},{"damage":3.0,"enemies":"3 Byrds","floor":20.0,"turns":3.0},{"damage":24.0,"enemies":"Masked Bandits","floor":22.0,"turns":4.0},{"damage":24.0,"enemies":"Gremlin Leader","floor":24.0,"turns":5.0},{"damage":11.0,"enemies":"Book of Stabbing","floor":29.0,"turns":3.0},{"damage":6.0,"enemies":"Centurion and Healer","floor":30.0,"turns":2.0},{"damage":6.0,"enemies":"Shelled Parasite and Fungi","floor":31.0,"turns":2.0},{"damage":12.0,"enemies":"Champ","floor":33.0,"turns":6.0},{"damage":6.0,"enemies":"Orb Walker","floor":35.0,"turns":3.0},{"damage":0.0,"enemies":"3 Shapes","floor":37.0,"turns":2.0},{"damage":35.0,"enemies":"Maw","floor":39.0,"turns":6.0},{"damage":14.0,"enemies":"Nemesis","floor":40.0,"turns":5.0},{"damage":6,"enemies":"Reptomancer","floor":42,"turns":4},{"damage":6,"enemies":"Nemesis","floor":44,"turns":5},{"damage":0,"enemies":"Transient","floor":47,"turns":6},{"damage":0,"enemies":"Jaw Worm Horde","floor":48,"turns":5},{"damage":6,"enemies":"Awakened One","floor":50,"turns":6},{"damage":11,"enemies":"Donu and Deca","floor":51,"turns":6},{"damage":6,"enemies":"Shield and Spear","floor":55,"turns":5},{"damage":41,"enemies":"The Heart","floor":56,"turns":5}],"seed_played":"791238654455466904","potions_obtained":[{"floor":8.0,"key":"EntropicBrew"},{"floor":11.0,"key":"LiquidMemories"},{"floor":13.0,"key":"LiquidMemories"},{"floor":14.0,"key":"Fire Potion"},{"floor":22.0,"key":"Fire Potion"},{"floor":29.0,"key":"Strength Potion"},{"floor":31.0,"key":"Explosive Potion"},{"floor":40.0,"key":"PowerPotion"},{"floor":44,"key":"ElixirPotion"},{"floor":55,"key":"Swift Potion"}],"is_trial":false,"path_per_floor":["M","?","M","$","?","R","E","M","T","?","E","$","E","M","R","B",null,"M","?","M","$","?","R","E","R","T","R","$","E","M","M","R","B",null,"M","?","M","$","M","E","R","E","T","E","R","?","M","M","R","B","B",null,"R","$","E","B",null],"character_chosen":"IRONCLAD","items_purchased":["Flash of Steel","Evolve","Impatience","Shuriken","ClockworkSouvenir"],"campfire_rested":1,"item_purchase_floors":[4,21,21,38,54],"current_hp_per_floor":[74,67,73,73,62,62,68,74,74,63,63,63,61,61,61,54,80,72,64,67,67,49,49,31,31,31,57,57,52,52,52,52,46,78,78,78,84,84,55,47,47,47,47,51,51,51,59,69,69,73,72,85,85,85,89,59],"gold":57,"neow_bonus":"THREE_ENEMY_KILL","is_daily":false,"chose_seed":false,"campfire_upgraded":8,"win_rate":0.0,"timestamp":1608065823,"path_taken":["M","?","M","$","?","R","E","M","T","?","E","?","E","M","R","BOSS","M","?","?","$","?","R","E","R","T","R","$","E","M","M","R","BOSS","M","?","M","$","?","E","R","E","T","E","R","?","M","M","R","BOSS","BOSS","R","$","E","BOSS"],"items_purchased_type":["Card","Card","Card","Relic","Relic"],"build_version":"2020-12-13","purchased_purges":5,"victory":true,"max_hp_per_floor":[75,75,75,75,75,75,75,75,75,75,89,89,89,89,89,89,89,89,89,89,89,89,89,89,89,89,89,89,89,89,89,89,89,89,89,89,89,89,89,89,89,89,89,89,89,89,89,89,89,89,89,89,89,89,89,89],"relic_stats":{"Happy Flower":[35],"counters":[28,111],"Pen Nib":[26],"Charon\u0027s Ashes":[915],"Ginger":[2],"Smiling Mask":375,"MawBank":96,"Burning Blood":168,"Mercury Hourglass":[236],"Shuriken":[52],"Bronze Scales":[343],"Bird Faced Urn":[27],"obtain_stats":[{"NeowsBlessing":0,"Happy Flower":10,"Mango":11,"Pen Nib":24,"Charon\u0027s Ashes":26,"Ginger":44,"Smiling Mask":7,"MawBank":13,"Burning Blood":0,"Mercury Hourglass":29,"ClockworkSouvenir":54,"Anchor":40,"Shuriken":38,"Bronze Scales":9,"Bird Faced Urn":42,"Mark of Pain":17,"Red Mask":22,"TungstenRod":55,"Runic Pyramid":34},{"NeowsBlessing":0,"Happy Flower":4,"Mango":5,"Pen Nib":12,"Charon\u0027s Ashes":12,"Ginger":22,"Smiling Mask":3,"MawBank":6,"Burning Blood":0,"Mercury Hourglass":13,"ClockworkSouvenir":26,"Anchor":20,"Shuriken":18,"Bronze Scales":4,"Bird Faced Urn":21,"Mark of Pain":8,"Red Mask":11,"TungstenRod":27,"Runic Pyramid":16},{"NeowsBlessing":0,"Happy Flower":6,"Mango":13,"Pen Nib":40,"Charon\u0027s Ashes":40,"Ginger":78,"Smiling Mask":3,"MawBank":16,"Burning Blood":0,"Mercury Hourglass":43,"ClockworkSouvenir":101,"Anchor":69,"Shuriken":58,"Bronze Scales":6,"Bird Faced Urn":73,"Mark of Pain":25,"Red Mask":35,"TungstenRod":106,"Runic Pyramid":53}],"TungstenRod":11},"card_choices":[{"not_picked":["Searing Blow","Heavy Blade"],"picked":"Power Through","floor":3.0},{"not_picked":["Wild Strike","Heavy Blade","True Grit"],"picked":"SKIP","floor":7.0},{"not_picked":["Heavy Blade","Warcry"],"picked":"Sever Soul","floor":8.0},{"not_picked":["Perfected Strike","Ghostly Armor"],"picked":"Fiend Fire","floor":11.0},{"not_picked":["Bloodletting","Perfected Strike","Blood for Blood"],"picked":"SKIP","floor":13.0},{"not_picked":["Warcry","Flex","Clothesline"],"picked":"SKIP","floor":14.0},{"not_picked":["Barricade","Corruption"],"picked":"Offering","floor":16.0},{"not_picked":["Clothesline","Anger","Wild Strike"],"picked":"SKIP","floor":18.0},{"not_picked":["Heavy Blade","Ghostly Armor","Body Slam"],"picked":"SKIP","floor":20.0},{"not_picked":["Clash+1","Warcry"],"picked":"Feel No Pain","floor":24.0},{"not_picked":["Demon Form","Combust+1","Anger"],"picked":"SKIP","floor":29.0},{"not_picked":["Iron Wave","Flex","Whirlwind"],"picked":"SKIP","floor":30.0},{"not_picked":["Rupture","Perfected Strike","Iron Wave"],"picked":"SKIP","floor":31.0},{"not_picked":["Bludgeon","Double Tap"],"picked":"Exhume","floor":33.0},{"not_picked":["Cleave","Armaments","Perfected Strike"],"picked":"SKIP","floor":35.0},{"not_picked":["Heavy Blade","Iron Wave","Combust"],"picked":"SKIP","floor":37.0},{"not_picked":["Perfected Strike","Carnage","Pommel Strike+1"],"picked":"SKIP","floor":39.0},{"not_picked":["Offering","Flame Barrier","Blood for Blood"],"picked":"SKIP","floor":40.0},{"not_picked":["Offering","Flame Barrier","Blood for Blood"],"picked":"SKIP","floor":40.0},{"not_picked":["Cleave","Clash"],"picked":"Shockwave+1","floor":42},{"not_picked":["Wild Strike+1","Pommel Strike+1"],"picked":"Shrug It Off+1","floor":44},{"not_picked":["Uppercut+1","Pummel","Pommel Strike"],"picked":"SKIP","floor":47},{"not_picked":["Body Slam+1","Anger+1","Headbutt"],"picked":"SKIP","floor":48},{"not_picked":["Havoc","Limit Break","Pommel Strike"],"picked":"SKIP","floor":55}],"player_experience":3176361,"relics_obtained":[{"floor":7.0,"key":"Smiling Mask"},{"floor":9.0,"key":"Bronze Scales"},{"floor":11.0,"key":"Mango"},{"floor":13.0,"key":"MawBank"},{"floor":22.0,"key":"Red Mask"},{"floor":24.0,"key":"Pen Nib"},{"floor":26.0,"key":"Charon\u0027s Ashes"},{"floor":29.0,"key":"Mercury Hourglass"},{"floor":40.0,"key":"Anchor"},{"floor":42,"key":"Bird Faced Urn"},{"floor":44,"key":"Ginger"},{"floor":55,"key":"TungstenRod"}],"event_choices":[{"cards_removed":["Strike_R"],"damage_healed":0.0,"max_hp_gain":0.0,"max_hp_loss":0.0,"gold_gain":0.0,"event_name":"Golden Wing","player_choice":"Card Removal","floor":2.0,"gold_loss":0.0,"damage_taken":7.0},{"damage_healed":0.0,"max_hp_gain":0.0,"max_hp_loss":0.0,"gold_gain":75.0,"event_name":"World of Goop","player_choice":"Gather Gold","floor":5.0,"gold_loss":0.0,"damage_taken":11.0},{"damage_healed":0.0,"max_hp_gain":0.0,"max_hp_loss":0.0,"gold_gain":0.0,"event_name":"Scrap Ooze","player_choice":"Success","floor":10.0,"gold_loss":0.0,"damage_taken":11.0,"relics_obtained":["Happy Flower"]},{"damage_healed":0.0,"max_hp_gain":0.0,"max_hp_loss":0.0,"gold_gain":50.0,"event_name":"FaceTrader","player_choice":"Touch","floor":19.0,"gold_loss":0.0,"damage_taken":8.0},{"damage_healed":0.0,"max_hp_gain":0.0,"max_hp_loss":0.0,"gold_gain":0.0,"event_name":"Masked Bandits","player_choice":"Fought Bandits","floor":22.0,"gold_loss":0.0,"damage_taken":0.0},{"damage_healed":0.0,"max_hp_gain":0.0,"max_hp_loss":0.0,"gold_gain":0.0,"event_name":"Match and Keep!","player_choice":"1 cards matched","floor":36.0,"gold_loss":0.0,"damage_taken":0.0,"cards_obtained":["Pommel Strike"]},{"cards_removed":["Bash"],"damage_healed":0,"gold_gain":0,"player_choice":"Purged","damage_taken":0,"max_hp_gain":0,"max_hp_loss":0,"event_name":"Purifier","floor":46,"gold_loss":0}],"is_beta":false,"boss_relics":[{"not_picked":["Busted Crown","SacredBark"],"picked":"Mark of Pain"},{"not_picked":["Tiny House","Runic Dome"],"picked":"Runic Pyramid"}],"items_purged_floors":[12,21,28,38,54],"is_endless":false,"potions_floor_spawned":[8,11,13,14,22,29,31,40,44,47,55],"ascension_level":20}}