{"host":"ne76zto1t2nsyewv","time":1608059260,"event":{"mods":["2.2 Compatiblity","AchievementEnabler","Act Like it!","Aspiration","BaseMod","Better Altar","Better Match","Better Note","Better Sensory Stone","Better Skull","Better Third Choice","BetterRewards","CapriCore","Colored Map","Colored Powertips","Energized Spire","Gensokyo","GungeonMod","Hallownest","HololiveMod","Infinite Spire","Koishi","Lobotomy","LobotomyExtend","Luminous","Marisa????????","Minty Spire (QoL Compilation)","Reimu??????","Remilia??????","Replay The Spire","RumiaBox-????????","Spicy Shops","StSLib","The Animator","The Blue Laboratory","The Bug Knight","The Gatherer","The Immortal","The Servant 0.9.4","TheSwordswoman","Yuyuko","???????????mod"],"gold_per_floor":[111,111,161,21,21,65,65,65,65,65,65,65,15,25,86,175,175,178,169,192,110,110,110,156,156,183,224,224,224,268,293,293,423,448,462,10,63,113,159,159,159,159,184,209,273,273,322,364,389,518,518,518,769,860,997,1022,1022,20,20,20],"floor_reached":59,"playtime":12284,"items_purged":["Pain","Languid","Pain","Doubt"],"score":935,"play_id":"0bcf57cd-ae12-45fa-ab90-73ae13771ad2","local_time":"20201215200740","is_ascension_mode":false,"campfire_choices":[{"data":"animator:Priestess","floor":8,"key":"SMITH"},{"floor":23,"key":"REST"},{"floor":25,"key":"REST"},{"floor":29,"key":"RECALL"},{"data":"animator:Aisha","floor":32,"key":"SMITH"},{"data":"animator:Sloth","floor":40,"key":"SMITH"},{"data":"animator:HinaKagiyama","floor":42,"key":"SMITH"},{"data":"animator:Saber","floor":44,"key":"SMITH"},{"data":"animator:Shalltear","floor":49,"key":"SMITH"},{"data":"animator:Envy","floor":52,"key":"SMITH"}],"circlet_count":0,"master_deck":["animator:Strike_FullmetalAlchemist+1","animator:Defend_FullmetalAlchemist","animator:Strike+1","animator:Strike+1","animator:Strike+1","animator:Defend","animator:Defend","animator:Defend+1","animator:ElricEdward+1","animator:ElricAlphonse+1","animator:Priestess+1","Replay:Hysterical Blindness","Chaos+1","animator:Aisha","animator:Saber+1","Writhe","Clumsy","animator:Pride+1","animator:RoyMustang","animator:Gluttony","animator:Spearman+1","animator:Gilgamesh+19","animator:GuildGirl+1","animator:Shuna","animator:Laby+1","Hallucinations","animator:Ainz+1","animator:Cocytus","animator:PandorasActor+1","animator:HigakiRinne","animator:Sloth","animator:HinaKagiyama","animator:Curse_Dizziness","animator:Curse_GriefSeed","animator:Shalltear+1","animator:GoblinSlayer+1","animator:MaesHughes+1","Voices","animator:Envy+1","animator:GazelDwargon"],"relics":["animator:TheEruzaStone","animator:AncientMedallion"],"acts_visited":["Gensokyo:Gensokyo","Gensokyo:Gensokyoer","Hallownest:KingdomsEdge","TheEnding","EYB:TheUnnamedReign"],"potions_floor_usage":[20,20,33,55,59,59,59],"damage_taken":[{"damage":0,"enemies":"Gensokyo:Python","floor":1,"turns":1},{"damage":7,"enemies":"Gensokyo:Mamizou","floor":6,"turns":7},{"damage":0,"enemies":"Gensokyo:Gryphon","floor":14,"turns":1},{"damage":0,"enemies":"Gensokyo:Yukari","floor":16,"turns":6},{"damage":0,"enemies":"Gensokyo:Chomper","floor":18,"turns":5},{"damage":11,"enemies":"Gensokyo:AngelMirror","floor":19,"turns":5},{"damage":37,"enemies":"Gensokyo:Swordslinger","floor":20,"turns":3},{"damage":8,"enemies":"Gensokyo:Wraith","floor":21,"turns":3},{"damage":53,"enemies":"Gensokyo:Tenshi","floor":24,"turns":5},{"damage":0,"enemies":"Gensokyo:Chomper_and_Gloop","floor":27,"turns":2},{"damage":1,"enemies":"Gensokyo:Slime_Group","floor":30,"turns":3},{"damage":24,"enemies":"Gensokyo:Eternal_Rivals","floor":33,"turns":9},{"damage":0,"enemies":"Hallownest:2_Littles","floor":35,"turns":4},{"damage":15,"enemies":"Hallownest:3_Siblings","floor":37,"turns":5},{"damage":5,"enemies":"Hallownest:2_Soldiers_and_1_Guardian","floor":39,"turns":4},{"damage":1,"enemies":"Hallownest:eliteCollector","floor":45,"turns":5},{"damage":0,"enemies":"Hallownest:2_Wing_and_1_Kings","floor":47,"turns":6},{"damage":0,"enemies":"Hallownest:monsterPrimalAspid","floor":48,"turns":3},{"damage":14,"enemies":"Hallownest:BossGreyPrinceZote","floor":50,"turns":5},{"damage":44,"enemies":"animator:UNNAMED_CULTIST_1","floor":54,"turns":9},{"damage":44,"enemies":"animator:UNNAMED_HAT","floor":55,"turns":13},{"damage":54,"enemies":"animator:UNNAMED_CULTIST_2","floor":59,"turns":6}],"seed_played":"-5558362857950819844","potions_obtained":[{"floor":12,"key":"GamblersBrew"},{"floor":12,"key":"Cursed Concoction"},{"floor":14,"key":"blueLaboratory:LouseDecoction"},{"floor":19,"key":"SkillPotion"},{"floor":24,"key":"SteroidPotion"},{"floor":39,"key":"ColorlessPotion"},{"floor":45,"key":"blueLaboratory:FrostheartPotion"},{"floor":54,"key":"animator:FalseLifePotion"},{"floor":55,"key":"animator:FalseLifePotion"}],"is_trial":false,"path_per_floor":["M","?","?","$","?","E","?","R","T","T","?","R","$","M","R_BF","B",null,"M","M","M","M","?","R","E","R","T","M","?","R","M","T","R","B",null,"M","$","M","AVR","M","R","?","R","T","R","E","?","M","M","R","B",null,"R","??","M","M","T","?","$","M"],"character_chosen":"THE_ANIMATOR","items_purchased":["DemoMod:GundromedaStrain","MagicDraw3","Runic Capacitor","animator:AncientMedallion","animator:AncientMedallion","animator:AncientMedallion","animator:AncientMedallion","animator:FalseLifePotion","animator:FalseLifePotion"],"campfire_rested":2,"item_purchase_floors":[4,36,36,58,58,58,58,58,58],"current_hp_per_floor":[66,66,66,66,60,53,53,53,53,53,53,53,53,53,53,53,66,66,56,19,12,13,33,41,61,61,65,65,65,68,68,68,49,77,79,79,70,70,78,78,78,78,78,78,85,85,89,91,91,84,90,90,98,58,18,18,28,28,0,0],"gold":20,"neow_bonus":"THREE_ENEMY_KILL","is_daily":false,"chose_seed":false,"campfire_upgraded":7,"win_rate":0.0,"timestamp":1608059260,"path_taken":["M","?","?","?","?","E","?","R","T","?","?","R","$","M","R_BF","BOSS","M","M","M","M","?","R","E","R","T","M","?","R","M","?","R","BOSS","M","$","M","AVR","M","R","?","R","T","R","E","?","M","M","R","BOSS","R","??","M","M","T","?","$","M"],"items_purchased_type":["Relic","Relic","Relic","Relic","Relic","Relic","Relic","Potion","Potion"],"build_version":"2020-12-13","purchased_purges":4,"victory":false,"max_hp_per_floor":[66,66,66,66,66,66,66,66,66,66,66,66,66,66,66,66,66,66,67,67,68,69,69,69,69,69,69,69,69,69,69,69,69,77,79,79,81,81,84,84,84,84,84,84,86,86,89,91,91,90,90,90,98,98,98,98,98,98,98,98],"card_choices":[{"not_picked":["animator:Sebas","animator:Kuribayashi"],"picked":"animator:Shuna","floor":1},{"not_picked":["animator:NarberalGamma","animator:PandorasActor"],"picked":"animator:Priestess","floor":6},{"not_picked":["infinitespire:SealOfDarkness+","infinitespire:Menacing"],"picked":"infinitespire:Oblivion","floor":11},{"not_picked":["animator:YaoHaDucy","animator:Sonic"],"picked":"animator:Aisha","floor":14},{"not_picked":["animator:PinaCoLada","animator:Boros"],"picked":"animator:Saber","floor":16},{"not_picked":["animator:Curse_Nutcracker","ReplayTheSpireMod:Faulty Equipment"],"picked":"Writhe","floor":17},{"not_picked":["Gluttony_TH","Poor:ReiMu"],"picked":"Doubt","floor":17},{"not_picked":["ReplayTheSpireMod:IOU","Gluttony_TH"],"picked":"Clumsy","floor":17},{"not_picked":["animator:Father","animator:ElricAlphonse"],"picked":"animator:Pride","floor":18},{"not_picked":["animator:Vesta","animator:Witch"],"picked":"animator:RoyMustang","floor":19},{"not_picked":["animator:Assassin","animator:ElricEdward"],"picked":"animator:Gluttony+1","floor":20},{"not_picked":["animator:Rena","animator:Caster"],"picked":"animator:Spearman","floor":21},{"not_picked":["animator:Boros+1","animator:SwordMaiden+1"],"picked":"animator:Gilgamesh+1","floor":22},{"not_picked":["animator:Priestess","animator:Spearman"],"picked":"animator:GuildGirl","floor":24},{"not_picked":["animator:Hitei","animator:MaesHughes"],"picked":"animator:Shuna","floor":27},{"not_picked":["animator:ZankiKiguchi","animator:Illya"],"picked":"animator:Laby","floor":30},{"not_picked":["animator:HigakiRinne","animator:Saitama"],"picked":"animator:Ainz","floor":33},{"not_picked":["animator:EmiyaShirou","animator:Millim"],"picked":"animator:Cocytus+1","floor":35},{"not_picked":["animator:Cocytus","animator:Sebas"],"picked":"animator:PandorasActor","floor":37},{"not_picked":["animator:Hitei","animator:PandorasActor+1"],"picked":"animator:Sloth","floor":39},{"not_picked":["animator:Laby+1","animator:Gluttony+1"],"picked":"animator:Shalltear","floor":45},{"not_picked":["animator:Scar","animator:Elsword"],"picked":"animator:GoblinSlayer","floor":47},{"not_picked":["animator:Sloth","animator:Pride"],"picked":"animator:MaesHughes","floor":48},{"not_picked":["animator:Elesis","animator:PinaCoLada"],"picked":"animator:Envy","floor":50},{"not_picked":["animator:Raven","animator:Caster","animator:ElricEdward"],"picked":"SKIP","floor":54},{"not_picked":["animator:ElricAlphonse+1","animator:DwarfShaman"],"picked":"animator:GazelDwargon","floor":55}],"player_experience":784323,"relics_obtained":[{"floor":3,"key":"Ring of Fangs"},{"floor":3,"key":"Ring of Greed"},{"floor":3,"key":"Smiling Mask"},{"floor":3,"key":"Tiny Chest"},{"floor":6,"key":"GodSword3"},{"floor":9,"key":"ChaoDraw"},{"floor":10,"key":"Chameleon Ring"},{"floor":16,"key":"Gensokyo:OccultBall"},{"floor":24,"key":"Singing Bowl"},{"floor":27,"key":"Gensokyo:OccultBall"},{"floor":31,"key":"MagicDraw4"},{"floor":33,"key":"Gensokyo:OccultBall"},{"floor":43,"key":"Dead Branch"},{"floor":45,"key":"DemoMod:WeirdEgg"},{"floor":50,"key":"Gensokyo:OccultBall"},{"floor":53,"key":"animator:TheEruzaStone"},{"floor":53,"key":"animator:AncientMedallion"},{"floor":54,"key":"LetterFromLob"},{"floor":55,"key":"LetterFromLob"},{"floor":55,"key":"RedMistMask"},{"floor":56,"key":"animator:AncientMedallion"}],"event_choices":[{"damage_healed":0,"gold_gain":0,"player_choice":"2","damage_taken":0,"max_hp_gain":0,"max_hp_loss":0,"event_name":"betterMatch:BetterMatch","floor":22,"gold_loss":0,"cards_obtained":["betterMatch:RareCard"]}],"is_beta":false,"boss_relics":[{"not_picked":["Painkiller Herb","energizedSpire:StickyHand"],"picked":"Replay:Ancient Bell"},{"not_picked":["War Paint","aspiration:HiddenCompartment"],"picked":"Gremlin Food"},{"not_picked":["LastBattle","Shuriken"],"picked":"Golden Egg"},{"not_picked":["Counterbalance","Thread and Needle"],"picked":"Lizard Tail"},{"not_picked":["aspiration:FutureDiary","aspiration:WatcherSkillbook"],"picked":"animator:HolyGrailRelic"}],"items_purged_floors":[4,13,36,38],"is_endless":false,"potions_floor_spawned":[14,19,24,39,45,47,54],"killed_by":"animator:UNNAMED_CULTIST_2","ascension_level":0}}