{"host":"5gc11emcm5chfr5t","time":1608052523,"event":{"mods":["2.2 Compatiblity","AchievementEnabler","BaseMod","Bestiary","Better Note","Colored Map","Colored Powertips","Downfall","Googly Eyes","Minty Spire (QoL Compilation)","Rare Cards Sparkle","StSLib"],"gold_per_floor":[111,111,124,141,157,157,188,263,341,20,71,82,82,82,82,203,203,284,284,384,384,2,39,39,69,69,69,217,217,290,290,290,440,440,597,616,715,943,1054,1054,1180,1555,1579,2094,1175,1085,1427,469,469,610,610,610,70,125,143],"floor_reached":56,"playtime":3646,"items_purged":["Injury","sneckomod:Bewildered","sneckomod:TailWhip"],"score":1557,"play_id":"6a5c7461-54c8-4ce5-a3c9-800a6dbcccf2","local_time":"20201215121523","is_ascension_mode":true,"campfire_choices":[{"floor":6.0,"key":"RECALL"},{"floor":15.0,"key":"REST"},{"floor":24.0,"key":"REST"},{"floor":29.0,"key":"REST"},{"floor":32.0,"key":"REST"},{"data":"sneckomod:DiceBoulder+1","floor":40.0,"key":"SMITH"},{"floor":49.0,"key":"REST"},{"data":"sneckomod:DiceBoulder+2","floor":52.0,"key":"SMITH"}],"circlet_count":0,"master_deck":["sneckomod:SnekBite","sneckomod:Unknown","sneckomod:Unknown","sneckomod:Transmogrify","sneckomod:UnknownRareSkill+1","sneckomod:UnknownVulnerable","sneckomod:UnknownUncommonPower","sneckomod:IronFang","sneckomod:ImprovisedGuard+1","sneckomod:Unknown0Cost","Panache","sneckomod:UnknownExhaust","sneckomod:GlitteringGambit+1","sneckomod:MixItUp","sneckomod:TrashToTreasure","sneckomod:QuickMove","sneckomod:DefensiveFlair","sneckomod:UnknownWeak+1","sneckomod:UnknownCommonSkill+1","sneckomod:Unknown0Cost+1","sneckomod:UnknownX+1","sneckomod:UnknownClassBLUE+1","sneckomod:Unknown0Cost+1","sneckomod:UnknownBlock+1","sneckomod:UnknownClassGUARDIAN+1","sneckomod:UnknownRareAttack+1","sneckomod:ImprovisedAttack+1","sneckomod:DiceBoulder+3","sneckomod:UnknownCommonAttack","sneckomod:UnknownClassGREEN","sneckomod:UnknownRarePower","Apotheosis","expansioncontent:Collect","sneckomod:Unknown0Cost+1","sneckomod:UnknownUncommonAttack","sneckomod:UnknownUncommonPower","expansioncontent:Flail","expansioncontent:StudyTheSpire","sneckomod:WideSting+1"],"relics":["sneckomod:SneckoSoul","Gremlin Horn","sneckomod:SleevedAce","Golden Idol","Nilry\u0027s Codex","Bag of Marbles","Ice Cream","White Beast Statue","MutagenicStrength","Sundial","sneckomod:SneckoTalon","Busted Crown","Kunai","Lizard Tail","TungstenRod","Turnip","Pen Nib","Art of War","Juzu Bracelet","sneckomod:CleanMud","Toy Ornithopter","Toxic Egg 2","Boot","TheAbacus","Mercury Hourglass","sneckomod:ConfusingCodex"],"acts_visited":["Exordium","TheCity","TheBeyond","TheEnding"],"potions_floor_usage":[55],"damage_taken":[{"damage":0.0,"enemies":"2 Louse","floor":1.0,"turns":1.0},{"damage":4.0,"enemies":"Small Slimes","floor":3.0,"turns":4.0},{"damage":0.0,"enemies":"Jaw Worm","floor":4.0,"turns":3.0},{"damage":5.0,"enemies":"Exordium Thugs","floor":5.0,"turns":2.0},{"damage":44.0,"enemies":"Lagavulin","floor":7.0,"turns":6.0},{"damage":0.0,"enemies":"3 Louse","floor":12.0,"turns":3.0},{"damage":20.0,"enemies":"Hexaghost","floor":16.0,"turns":12.0},{"damage":19.0,"enemies":"Spheric Guardian","floor":18.0,"turns":4.0},{"damage":3.0,"enemies":"2 Thieves","floor":20.0,"turns":3.0},{"damage":42.0,"enemies":"Slavers","floor":23.0,"turns":4.0},{"damage":21.0,"enemies":"Snecko","floor":25.0,"turns":5.0},{"damage":26.0,"enemies":"Colosseum Slavers","floor":28.0,"turns":6.0},{"damage":9.0,"enemies":"Colosseum Nobs","floor":28.0,"turns":5.0},{"damage":18.0,"enemies":"Book of Stabbing","floor":30.0,"turns":5.0},{"damage":25.0,"enemies":"Champ","floor":33.0,"turns":10.0},{"damage":6.0,"enemies":"Orb Walker","floor":35.0,"turns":2.0},{"damage":0.0,"enemies":"3 Darklings","floor":36.0,"turns":1.0},{"damage":6.0,"enemies":"2 Orb Walkers","floor":37.0,"turns":4.0},{"damage":14.0,"enemies":"Jaw Worm Horde","floor":38.0,"turns":4.0},{"damage":1.0,"enemies":"Mind Bloom Boss Battle","floor":39.0,"turns":10.0},{"damage":8.0,"enemies":"Giant Head","floor":41.0,"turns":7.0},{"damage":17.0,"enemies":"Maw","floor":42.0,"turns":5.0},{"damage":1.0,"enemies":"Reptomancer","floor":44.0,"turns":4.0},{"damage":3.0,"enemies":"4 Shapes","floor":47.0,"turns":1.0},{"damage":67.0,"enemies":"Awakened One","floor":50.0,"turns":7.0},{"damage":72.0,"enemies":"Shield and Spear","floor":54.0,"turns":6.0},{"damage":106,"enemies":"The Heart","floor":55,"turns":11}],"seed_played":"1746021109703369200","potions_obtained":[{"floor":7.0,"key":"Slimebound:ThreeZeroPotion"},{"floor":12.0,"key":"sneckomod:OffclassReductionPotion"},{"floor":16.0,"key":"Guardian:BlockOnCardUsePotion"},{"floor":18.0,"key":"SpeedPotion"},{"floor":25.0,"key":"CultistPotion"},{"floor":28.0,"key":"Block Potion"},{"floor":33.0,"key":"LiquidMemories"},{"floor":33.0,"key":"sneckomod:DiceRollPotion"},{"floor":35.0,"key":"sneckomod:MuddlingPotion"},{"floor":38.0,"key":"SteroidPotion"},{"floor":41.0,"key":"EssenceOfSteel"},{"floor":42.0,"key":"CultistPotion"},{"floor":44.0,"key":"AttackPotion"},{"floor":54.0,"key":"Explosive Potion"}],"is_trial":false,"path_per_floor":["M","?","M","M","M","R","E","?","T","$","T","M","?","?","R","B",null,"M","?","M","?","$","E","R","M","T","?","?","R","E","?","R","B",null,"M","M","?","M","?","R","E","M","T","E","$","?","M","$","R","B",null,"R","$","E","B",null],"character_chosen":"THE_SNECKO","items_purchased":["sneckomod:SleevedAce","Panache","Torii","sneckomod:CleanMud","Toy Ornithopter","Apotheosis","expansioncontent:Collect","DistilledChaos","Dexterity Potion","Toxic Egg 2","Boot","TheAbacus","sneckomod:Unknown0Cost+1","sneckomod:UnknownUncommonAttack","sneckomod:UnknownUncommonPower","expansioncontent:Flail","Mercury Hourglass","expansioncontent:StudyTheSpire","Fruit Juice"],"campfire_rested":5,"item_purchase_floors":[10,10,22,45,45,45,45,45,45,48,48,48,48,48,48,48,53,53,53],"current_hp_per_floor":[83,83,80,80,75,75,36,25,25,25,25,26,26,26,51,31,86,67,51,48,48,48,6,31,26,26,26,25,51,34,38,66,42,95,89,89,83,70,75,75,68,51,51,50,50,50,47,50,81,29,106,106,111,64,23],"gold":143,"neow_bonus":"TRANSFORM_TWO_CARDS","is_daily":false,"chose_seed":false,"campfire_upgraded":2,"win_rate":0.0,"timestamp":1608052523,"path_taken":["M","?","M","M","M","R","E","?","T","$","?","?","?","?","R","BOSS","M","?","M","?","$","E","R","?","T","?","?","R","E","?","R","BOSS","M","M","?","M","?","R","E","M","T","E","$","?","M","$","R","BOSS","R","$","E","BOSS"],"items_purchased_type":["Relic","Card","Relic","Relic","Relic","Card","Card","Potion","Potion","Relic","Relic","Relic","Card","Card","Card","Card","Relic","Card","Potion"],"build_version":"2020-12-13","purchased_purges":3,"victory":true,"max_hp_per_floor":[83,83,84,84,84,84,85,85,85,85,85,86,86,86,86,86,86,86,86,86,86,86,86,86,88,88,88,89,89,90,94,94,95,95,95,95,95,96,102,102,103,103,103,103,103,103,103,106,106,106,106,106,111,111,111],"card_choices":[{"not_picked":["sneckomod:RainOfDice","sneckomod:UnknownWeak"],"picked":"sneckomod:UnknownVulnerable","floor":1.0},{"not_picked":["sneckomod:WideSting","sneckomod:UnknownCommonAttack"],"picked":"sneckomod:UnknownUncommonPower","floor":3.0},{"not_picked":["sneckomod:DiceBlock","sneckomod:PureSnecko"],"picked":"sneckomod:IronFang","floor":4.0},{"not_picked":["sneckomod:SerpentMind","sneckomod:QuickBite"],"picked":"sneckomod:ImprovisedGuard","floor":5.0},{"not_picked":["sneckomod:MixItUp","sneckomod:UnknownClassTHE_CHAMP_GRAY"],"picked":"sneckomod:Unknown0Cost","floor":7.0},{"not_picked":["sneckomod:UnknownWeak","sneckomod:QuickBite"],"picked":"sneckomod:UnknownExhaust","floor":12.0},{"not_picked":["sneckomod:UnknownColorless","sneckomod:SerpentMind"],"picked":"sneckomod:GlitteringGambit","floor":16.0},{"not_picked":["sneckomod:UnknownBlock","sneckomod:Unknown1Cost"],"picked":"sneckomod:MixItUp","floor":18.0},{"not_picked":["sneckomod:QuickBite","sneckomod:UnknownCommonSkill"],"picked":"sneckomod:Nope","floor":18.0},{"not_picked":["sneckomod:QuickBite","sneckomod:MasterEye"],"picked":"sneckomod:TrashToTreasure","floor":20.0},{"not_picked":["sneckomod:UnknownCommonSkill","sneckomod:UnknownCommonAttack"],"picked":"sneckomod:QuickMove","floor":20.0},{"not_picked":["sneckomod:UnknownClassTHE_CHAMP_GRAY+1","sneckomod:UnknownCommonAttack+1"],"picked":"sneckomod:DefensiveFlair","floor":23.0},{"not_picked":["sneckomod:RainOfDice","sneckomod:WideSting"],"picked":"sneckomod:UnknownWeak+1","floor":25.0},{"not_picked":["sneckomod:UnknownWeak+1","sneckomod:WideSting"],"picked":"sneckomod:UnknownCommonSkill+1","floor":25.0},{"not_picked":["sneckomod:RainOfDice","sneckomod:UnknownCommonAttack+1"],"picked":"sneckomod:Unknown0Cost+1","floor":28.0},{"not_picked":["sneckomod:UnknownCommonAttack+1","sneckomod:UnknownVulnerable+1"],"picked":"sneckomod:UnknownX+1","floor":30.0},{"not_picked":["sneckomod:DangerNoodle","sneckomod:Cheat"],"picked":"sneckomod:UnknownRareAttack+1","floor":33.0},{"not_picked":[],"picked":"sneckomod:ImprovisedAttack+1","floor":35.0},{"not_picked":["sneckomod:UnknownStrike+1"],"picked":"SKIP","floor":36.0},{"not_picked":[],"picked":"sneckomod:DiceBoulder+1","floor":37.0},{"not_picked":[],"picked":"sneckomod:UnknownCommonAttack","floor":38.0},{"not_picked":[],"picked":"sneckomod:UnknownClassGREEN","floor":39.0},{"not_picked":[],"picked":"sneckomod:UnknownRarePower","floor":41.0},{"not_picked":["sneckomod:RainOfDice"],"picked":"SKIP","floor":42.0},{"not_picked":["sneckomod:WideSting+1"],"picked":"SKIP","floor":44.0},{"not_picked":["sneckomod:SoulCleanse"],"picked":"SKIP","floor":47.0},{"not_picked":[],"picked":"sneckomod:WideSting+1","floor":54.0},{"not_picked":["sneckomod:SoulDraw+1"],"picked":"SKIP","floor":54.0}],"player_experience":376928,"relics_obtained":[{"floor":7.0,"key":"WingedGreaves"},{"floor":9.0,"key":"Gremlin Horn"},{"floor":12.0,"key":"sneckomod:SleevedAce"},{"floor":16.0,"key":"Prayer Wheel"},{"floor":19.0,"key":"Nilry\u0027s Codex"},{"floor":20.0,"key":"Bag of Marbles"},{"floor":23.0,"key":"Ice Cream"},{"floor":23.0,"key":"sneckomod:UnknownEgg"},{"floor":26.0,"key":"White Beast Statue"},{"floor":28.0,"key":"Thread and Needle"},{"floor":28.0,"key":"Sundial"},{"floor":30.0,"key":"sneckomod:SneckoTalon"},{"floor":30.0,"key":"Kunai"},{"floor":35.0,"key":"Kunai"},{"floor":37.0,"key":"Lizard Tail"},{"floor":38.0,"key":"TungstenRod"},{"floor":39.0,"key":"Incense Burner"},{"floor":39.0,"key":"Turnip"},{"floor":41.0,"key":"Pen Nib"},{"floor":43.0,"key":"Art of War"},{"floor":44.0,"key":"Juzu Bracelet"},{"floor":54.0,"key":"sneckomod:ConfusingCodex"}],"event_choices":[{"damage_healed":0.0,"max_hp_gain":0.0,"max_hp_loss":0.0,"gold_gain":0.0,"event_name":"Living Wall","player_choice":"Grow","floor":2.0,"gold_loss":0.0,"damage_taken":0.0,"cards_upgraded":["sneckomod:UnknownRareSkill"]},{"damage_healed":0.0,"max_hp_gain":0.0,"max_hp_loss":0.0,"gold_gain":75.0,"event_name":"World of Goop","player_choice":"Gather Gold","floor":8.0,"gold_loss":0.0,"damage_taken":11.0},{"damage_healed":0.0,"max_hp_gain":0.0,"max_hp_loss":0.0,"gold_gain":0.0,"event_name":"Golden Idol","player_choice":"Take Wound","floor":14.0,"gold_loss":0.0,"damage_taken":0.0,"relics_obtained":["Golden Idol"],"cards_obtained":["Injury"]},{"damage_healed":0.0,"max_hp_gain":0.0,"max_hp_loss":0.0,"gold_gain":0.0,"event_name":"Cursed Tome","player_choice":"Obtained Book","floor":19.0,"gold_loss":0.0,"damage_taken":16.0},{"damage_healed":0.0,"max_hp_gain":0.0,"max_hp_loss":0.0,"gold_gain":0.0,"event_name":"Upgrade Shrine","player_choice":"Upgraded","floor":21.0,"gold_loss":0.0,"damage_taken":0.0,"cards_upgraded":["sneckomod:GlitteringGambit"]},{"damage_healed":0.0,"max_hp_gain":0.0,"max_hp_loss":0.0,"gold_gain":0.0,"event_name":"Drug Dealer","player_choice":"Inject Mutagens","floor":27.0,"gold_loss":0.0,"damage_taken":0.0,"relics_obtained":["MutagenicStrength"]},{"damage_healed":0.0,"max_hp_gain":0.0,"max_hp_loss":0.0,"gold_gain":0.0,"event_name":"Colosseum","player_choice":"Fight","floor":28.0,"gold_loss":0.0,"damage_taken":0.0},{"damage_healed":0.0,"max_hp_gain":0.0,"max_hp_loss":0.0,"gold_gain":0.0,"event_name":"Colosseum","player_choice":"Fought Nobs","floor":28.0,"gold_loss":0.0,"damage_taken":0.0},{"damage_healed":0.0,"max_hp_gain":0.0,"max_hp_loss":0.0,"gold_gain":0.0,"event_name":"Mysterious Sphere","player_choice":"Fight","floor":37.0,"gold_loss":0.0,"damage_taken":0.0},{"damage_healed":0.0,"max_hp_gain":0.0,"max_hp_loss":0.0,"gold_gain":0.0,"event_name":"MindBloom","player_choice":"Fight","floor":39.0,"gold_loss":0.0,"damage_taken":0.0},{"cards_removed":["sneckomod:Nope"],"damage_healed":0.0,"max_hp_gain":0.0,"max_hp_loss":0.0,"gold_gain":0.0,"event_name":"Designer","player_choice":"Upgrade and Remove","floor":46.0,"gold_loss":90.0,"damage_taken":0.0,"cards_upgraded":["sneckomod:ImprovisedGuard"]}],"is_beta":false,"boss_relics":[{"not_picked":["Tiny House","Velvet Choker"],"picked":"sneckomod:SneckoTalon"},{"not_picked":["Cursed Key","Empty Cage"],"picked":"Busted Crown"}],"items_purged_floors":[22,45,48],"is_endless":false,"potions_floor_spawned":[7,12,16,18,25,28,28,33,35,36,37,38,41,42,44,47,54],"ascension_level":3}}