{"host":"1tmagqyeywr2w44t","time":1608046390,"event":{"mods":["2.2 Compatiblity","BaseMod","Colored Powertips","Marisa£¨Ùöéë¡¡Øª×âÞÞ£©","Minty Spire (QoL Compilation)","Rare Cards Sparkle","Replay The Spire","StSLib","SuperFastMode","The Cursed"],"gold_per_floor":[111,130,130,130,141,175,175,207,207,207,227,262,342,369,369,470,470,485,501,132,185,197,222,234,234,257,267,292,38,72,83,83,184,184,203,216,271,321,344,344,373,407,432,460,470,25,41,75,75,75,75,75,24,57,57],"floor_reached":56,"playtime":3076,"items_purged":["Delirium","TheCursedMod:Strike_TheCursed","TheCursedMod:CircleOfCorruption"],"score":2150,"play_id":"19b5fba0-2cb2-475d-9312-e67c2d60e5a4","local_time":"20201216003310","is_ascension_mode":true,"campfire_choices":[{"floor":7.0,"key":"REST"},{"data":"TheCursedMod:CollectTribute","floor":15,"key":"SMITH"},{"data":"TheCursedMod:RavingStaff","floor":15,"key":"SMITH"},{"data":"TheCursedMod:CursedSpellbook","floor":25,"key":"SMITH"},{"data":"TheCursedMod:ForbiddenAlchemy","floor":25,"key":"SMITH"},{"data":"TheCursedMod:VoidForm","floor":32,"key":"SMITH"},{"data":"TheCursedMod:NeowsMight","floor":32,"key":"SMITH"},{"data":"TheCursedMod:Neurasthenia","floor":40,"key":"SMITH"},{"data":"TheCursedMod:CleanUpWorkshop","floor":40,"key":"SMITH"},{"floor":49,"key":"RECALL"},{"data":"TheCursedMod:Grudge","floor":52,"key":"SMITH"},{"data":"TheCursedMod:DarkBarrier","floor":52,"key":"SMITH"}],"circlet_count":0,"master_deck":["TheCursedMod:Strike_TheCursed+1","TheCursedMod:Strike_TheCursed","TheCursedMod:Defend_TheCursed","TheCursedMod:Defend_TheCursed","TheCursedMod:Defend_TheCursed","TheCursedMod:Defend_TheCursed","TheCursedMod:CursedWand+1","TheCursedMod:CleanUpWorkshop+1","TheCursedMod:Dregs","TheCursedMod:CollectTribute+1","TheCursedMod:FleshFromBone","TheCursedMod:Grudge+1","TheCursedMod:ForbiddenAlchemy+1","TheCursedMod:RavingStaff+1","TheCursedMod:DarkBarrier+1","TheCursedMod:NeowsMight+1","TheCursedMod:AbyssShockwave","TheCursedMod:CursedSpellbook+1","TheCursedMod:CircleOfCorruption","ReplayTheSpireMod:Splinters","TheCursedMod:Obscuration+1","TheCursedMod:VoidForm+1","TheCursedMod:BlessingInDisguise+1","TheCursedMod:SpitefulStrike","TheCursedMod:AshesToAshes","TheCursedMod:Neurasthenia+1","TheCursedMod:CursedRelics","TheCursedMod:SpitefulPlan"],"relics":["TheCursedMod:BlackMagic101","PreservedInsect","Meat on the Bone","Replay:Arrowhead","Happy Flower","SacredBark","Kunai","Replay:Mystery Machine","Bottled Tornado","Potion Belt","Tiny Chest","Oddly Smooth Stone","Toy Ornithopter","Busted Crown","CatCart","WingedGreaves","Whetstone","Omamori","Bag of Marbles","Replay:Rubber Ducky","Pet Ghost","Mummified Hand","Art of War","ReplayTheSpireMod:TigerMarble"],"acts_visited":["Exordium","TheCity","TheBeyond","TheEnding"],"potions_floor_usage":[14,14,14,14,14,16,16,16,16,16,16,16,18,18,18,19,19,19,19,19,22,22,23,23,23,23,27,27,27,27,27,28,28,28,30,30,30,30,30,31,33,33,33,33,33,33,33,33,33,33,33,33,33,35,35,35,35,35,36,36,37,37,37,38,38,38,38,38,41,41,41,41,41,41,41,42,42,42,44,44,44,44,44,44,45,45,45,45,48,48,48,48,48,48,48,50,50,50,50,50,50,50,50,50,50,50,54,54,54,54,54,54,54,54,55,55,55,55,55,55,55,55,55,55,55],"damage_taken":[{"damage":11.0,"enemies":"Small Slimes","floor":1.0,"turns":6.0},{"damage":1.0,"enemies":"Jaw Worm","floor":2.0,"turns":6.0},{"damage":1.0,"enemies":"Cultist","floor":5.0,"turns":4.0},{"damage":9.0,"enemies":"3 Sentries","floor":6.0,"turns":22.0},{"damage":0.0,"enemies":"Lagavulin","floor":8.0,"turns":14.0},{"damage":12.0,"enemies":"Large Slime","floor":11.0,"turns":3.0},{"damage":7.0,"enemies":"3 Sentries","floor":12.0,"turns":6.0},{"damage":22,"enemies":"Lagavulin","floor":14,"turns":11},{"damage":26,"enemies":"Hexaghost","floor":16,"turns":9},{"damage":9,"enemies":"Shell Parasite","floor":18,"turns":7},{"damage":13,"enemies":"3 Byrds","floor":19,"turns":5},{"damage":12,"enemies":"3 Cultists","floor":22,"turns":4},{"damage":9,"enemies":"Gremlin Leader","floor":23,"turns":4},{"damage":19,"enemies":"Snecko","floor":24,"turns":4},{"damage":1,"enemies":"Centurion and Healer","floor":27,"turns":2},{"damage":0,"enemies":"Book of Stabbing","floor":28,"turns":3},{"damage":0,"enemies":"Slavers","floor":30,"turns":2},{"damage":3,"enemies":"Cultist and Chosen","floor":31,"turns":3},{"damage":3,"enemies":"Automaton","floor":33,"turns":5},{"damage":20,"enemies":"3 Shapes","floor":35,"turns":4},{"damage":12,"enemies":"Orb Walker","floor":36,"turns":4},{"damage":0,"enemies":"Orin","floor":37,"turns":5},{"damage":12,"enemies":"2 Orb Walkers","floor":38,"turns":2},{"damage":4,"enemies":"R_Hoarder","floor":41,"turns":3},{"damage":0,"enemies":"Nemesis","floor":42,"turns":3},{"damage":0,"enemies":"Reptomancer","floor":44,"turns":3},{"damage":0,"enemies":"Spire Growth","floor":45,"turns":4},{"damage":15,"enemies":"Writhing Mass","floor":47,"turns":4},{"damage":0,"enemies":"Nemesis","floor":48,"turns":3},{"damage":23,"enemies":"Time Eater","floor":50,"turns":3},{"damage":0,"enemies":"Shield and Spear","floor":54,"turns":3},{"damage":21,"enemies":"The Heart","floor":55,"turns":7}],"seed_played":"8493149009106473813","potions_obtained":[{"floor":1.0,"key":"Dexterity Potion"},{"floor":6.0,"key":"LifebloodPotion"},{"floor":12.0,"key":"GamblersBrew"},{"floor":14,"key":"Ancient Potion"},{"floor":18,"key":"Weak Potion"},{"floor":21,"key":"Doom Potion"},{"floor":22,"key":"AttackPotion"},{"floor":27,"key":"Toxic Potion"},{"floor":28,"key":"AttackPotion"},{"floor":30,"key":"AttackPotion"},{"floor":35,"key":"Elixir"},{"floor":42,"key":"Reflective Coating"},{"floor":45,"key":"FairyPotion"},{"floor":47,"key":"Regen Potion"},{"floor":48,"key":"Fruit Juice"}],"is_trial":false,"path_per_floor":["M","M","?","?","M","E","R","E","T","?","M","E","?","E","R","B",null,"M","M","$","?","M","E","M","R","T","M","E","$","E","M","R","B",null,"M","M","?","?","T","R","E","E","T","E","M","$","M","E","R","B",null,"R","$","E","B",null],"character_chosen":"THE_CURSED","items_purchased":["Kunai","TheCursedMod:CircleOfCorruption","Oddly Smooth Stone","Mummified Hand","TheCursedMod:SpitefulPlan","Energy Potion"],"campfire_rested":1,"item_purchase_floors":[20,20,29,46,46,53],"current_hp_per_floor":[57,56,56,49,48,39,61,61,61,66,54,47,47,37,37,23,66,57,44,44,44,44,47,40,40,40,51,51,51,51,53,53,80,80,60,58,73,80,80,80,76,80,80,80,80,80,65,90,90,90,90,90,90,90,84],"gold":57,"neow_bonus":"ONE_RANDOM_RARE_CARD","is_daily":false,"chose_seed":false,"campfire_upgraded":10,"win_rate":0.0,"timestamp":1608046390,"path_taken":["M","M","?","?","?","E","R","E","T","?","M","E","?","E","R","BOSS","M","M","$","?","M","E","M","R","T","M","E","?","E","M","R","BOSS","M","M","?","?","?","R","E","E","T","E","M","?","M","E","R","BOSS","R","$","E","BOSS"],"items_purchased_type":["Relic","Card","Relic","Relic","Card","Potion"],"build_version":"2020-12-13","purchased_purges":3,"victory":true,"max_hp_per_floor":[75,75,75,75,75,75,75,75,75,80,80,80,80,80,80,80,80,80,80,80,80,80,80,80,80,80,80,80,80,80,80,80,80,80,80,80,80,80,80,80,80,80,80,80,80,80,80,90,90,90,90,90,90,90,90],"card_choices":[{"not_picked":["TheCursedMod:CursedShiv","TheCursedMod:CircleOfFlame"],"picked":"TheCursedMod:FleshFromBone","floor":1.0},{"not_picked":["TheCursedMod:RavingStaff","TheCursedMod:CursedShiv"],"picked":"TheCursedMod:Grudge","floor":2.0},{"not_picked":["TheCursedMod:CursedBoomerang","TheCursedMod:CircleOfFlame","TheCursedMod:RavingStaff"],"picked":"SKIP","floor":5.0},{"not_picked":["TheCursedMod:Wield","TheCursedMod:Grudge"],"picked":"TheCursedMod:ForbiddenAlchemy","floor":6.0},{"not_picked":["TheCursedMod:TroublousMinions","TheCursedMod:SurpriseAttack"],"picked":"TheCursedMod:RavingStaff","floor":8.0},{"not_picked":["TheCursedMod:CircleOfBlood","TheCursedMod:Wield","TheCursedMod:CursedAmulet"],"picked":"SKIP","floor":11.0},{"not_picked":["TheCursedMod:CircleOfCorruption","TheCursedMod:Obscuration","TheCursedMod:Wield"],"picked":"SKIP","floor":12.0},{"not_picked":["TheCursedMod:Torture","TheCursedMod:Stigma"],"picked":"TheCursedMod:DarkBarrier","floor":14},{"not_picked":["TheCursedMod:CollectTribute","TheCursedMod:DemonicPact"],"picked":"TheCursedMod:NeowsMight","floor":16},{"not_picked":["TheCursedMod:Torture","TheCursedMod:WearCloak"],"picked":"TheCursedMod:AbyssShockwave","floor":18},{"not_picked":["TheCursedMod:SmokeScreen","TheCursedMod:RavingStaff"],"picked":"TheCursedMod:CursedSpellbook","floor":19},{"not_picked":["TheCursedMod:Stretching","TheCursedMod:CursedAmulet"],"picked":"TheCursedMod:Obscuration+1","floor":21},{"not_picked":["TheCursedMod:WearCloak","TheCursedMod:VitalStrike+1"],"picked":"TheCursedMod:VoidForm","floor":21},{"not_picked":["TheCursedMod:CircleOfFlame","TheCursedMod:WearCloak","TheCursedMod:Stretching+1"],"picked":"SKIP","floor":22},{"not_picked":["TheCursedMod:SaltUponWound","TheCursedMod:RapidMovement"],"picked":"TheCursedMod:BlessingInDisguise+1","floor":23},{"not_picked":["TheCursedMod:CursedBlade","TheCursedMod:Stigma"],"picked":"TheCursedMod:SpitefulStrike","floor":24},{"not_picked":["TheCursedMod:CursedBoomerang","TheCursedMod:Hemoplague+1","TheCursedMod:TacticalStrike"],"picked":"SKIP","floor":27},{"not_picked":["TheCursedMod:SmokeScreen","TheCursedMod:Evocation","TheCursedMod:CircleOfFocus"],"picked":"SKIP","floor":28},{"not_picked":["TheCursedMod:DoubleShield","TheCursedMod:CursedSpellbook","TheCursedMod:RapidMovement"],"picked":"SKIP","floor":30},{"not_picked":["TheCursedMod:SoulReap+1","TheCursedMod:VoidForm"],"picked":"TheCursedMod:AshesToAshes","floor":31},{"not_picked":["TheCursedMod:ShockAndAwe","TheCursedMod:DarkBarrier"],"picked":"TheCursedMod:Neurasthenia","floor":33},{"not_picked":["TheCursedMod:VitalStrike+1"],"picked":"SKIP","floor":35},{"not_picked":["TheCursedMod:CircleOfCorruption"],"picked":"SKIP","floor":36},{"not_picked":["TheCursedMod:CursedStaff"],"picked":"SKIP","floor":41},{"not_picked":["TheCursedMod:Hemoplague+1"],"picked":"SKIP","floor":42},{"not_picked":[],"picked":"TheCursedMod:CursedRelics","floor":44},{"not_picked":["TheCursedMod:CursedArmor+1"],"picked":"SKIP","floor":45},{"not_picked":["TheCursedMod:FuryStrike"],"picked":"SKIP","floor":47},{"not_picked":["TheCursedMod:BlessingInDisguise"],"picked":"SKIP","floor":48},{"not_picked":["TheCursedMod:SurpriseAttack"],"picked":"SKIP","floor":54}],"player_experience":155687,"relics_obtained":[{"floor":6.0,"key":"PreservedInsect"},{"floor":8.0,"key":"Meat on the Bone"},{"floor":12.0,"key":"Replay:Arrowhead"},{"floor":14,"key":"Happy Flower"},{"floor":21,"key":"Replay:Mystery Machine"},{"floor":23,"key":"Bottled Tornado"},{"floor":26,"key":"Potion Belt"},{"floor":28,"key":"Tiny Chest"},{"floor":30,"key":"Toy Ornithopter"},{"floor":37,"key":"CatCart"},{"floor":38,"key":"WingedGreaves"},{"floor":39,"key":"Whetstone"},{"floor":41,"key":"Omamori"},{"floor":42,"key":"Bag of Marbles"},{"floor":43,"key":"Replay:Rubber Ducky"},{"floor":44,"key":"Pet Ghost"},{"floor":48,"key":"Art of War"},{"floor":54,"key":"ReplayTheSpireMod:TigerMarble"}],"event_choices":[{"damage_healed":0.0,"max_hp_gain":0.0,"max_hp_loss":0.0,"gold_gain":0.0,"event_name":"Wheel of Change","player_choice":"Damaged","floor":4.0,"gold_loss":0.0,"damage_taken":7.0},{"damage_healed":0.0,"max_hp_gain":5.0,"max_hp_loss":0.0,"gold_gain":0.0,"event_name":"Big Fish","player_choice":"Donut","floor":10.0,"gold_loss":0.0,"damage_taken":0.0},{"damage_healed":0,"gold_gain":0,"player_choice":"Fight","damage_taken":0,"max_hp_gain":0,"max_hp_loss":0,"event_name":"OrinTheCat","floor":37,"gold_loss":0},{"damage_healed":0,"gold_gain":0,"player_choice":"Fight","damage_taken":0,"max_hp_gain":0,"max_hp_loss":0,"event_name":"Mysterious Sphere","floor":38,"gold_loss":0}],"is_beta":false,"boss_relics":[{"not_picked":["Philosopher\u0027s Stone","Calling Bell"],"picked":"SacredBark"},{"not_picked":["Snecko Eye","Runic Pyramid"],"picked":"Busted Crown"}],"items_purged_floors":[20,29,46],"is_endless":false,"potions_floor_spawned":[1,6,12,14,18,22,27,28,30,35,42,45,47,48],"ascension_level":7}}