{"host":"121m0oxswv9tg9hk","time":1608048620,"event":{"mods":["AchievementEnabler","BaseMod","Better Third Choice","Downfall","Hermit","Hubris","Infinite Spire","MarisaÅiñ∂âJÅ@ñÇóùçπÅj","Minty Spire (QoL Compilation)","Replay The Spire","Shade Mod","StSLib","The Construct","The Cursed","The Gatherer","The Hierophant","The Mystic"],"gold_per_floor":[116,116,136,61,78,118,118,168,214,214,218,218,279,327,327,454,454,458,491,552,583,583,583,583,612,635,560,617,617,673,745,745,871,871,941,1033,1033,1094,1094,1094,622,622,622,664,664,664,383,457,457,539,539,515,515,515,55,130,84],"floor_reached":58,"playtime":4619,"items_purged":["hierophant:Defend_Hierophant","hierophant:Strike_Hierophant","hierophant:Defend_Hierophant","hubris:Sloth","hierophant:RustyCrate"],"score":1636,"play_id":"9b7ba6a8-5dcd-4113-8fff-c10d7840185e","local_time":"20201215171020","is_ascension_mode":true,"campfire_choices":[{"data":"hierophant:Smite","floor":7,"key":"SMITH"},{"floor":10,"key":"REST"},{"data":"hierophant:ChurchCoffers","floor":12,"key":"SMITH"},{"data":"hierophant:Repentance","floor":15,"key":"SMITH"},{"floor":24,"key":"REST"},{"floor":29,"key":"REST"},{"data":"infinitespire:NeuralNetwork","floor":32,"key":"SMITH"},{"floor":40,"key":"RECALL"},{"data":"infinitespire:SevenWalls","floor":42,"key":"SMITH"},{"data":"hierophant:Community","floor":49,"key":"SMITH"},{"data":"hierophant:Kindle","floor":51,"key":"SMITH"},{"data":"hierophant:Community","floor":54,"key":"SMITH"}],"circlet_count":0,"master_deck":["hierophant:Strike_Hierophant","hierophant:Strike_Hierophant","hierophant:Punish+1","hierophant:Defend_Hierophant","hierophant:Defend_Hierophant","hierophant:ChurchCoffers+1","hierophant:Encroach","hierophant:RepressedViolence","hierophant:FaithHealing","hierophant:Doubloon","hierophant:Doubloon","hierophant:Smite+1","hierophant:Blessing","hierophant:SecretStash","hierophant:Repentance+1","hierophant:Kindle+1","hierophant:OrnateBuckler","hierophant:Community+1","hierophant:Doubloon","hierophant:Remorse+1","hierophant:Community+1","infinitespire:NeuralNetwork+1","infinitespire:SevenWalls+1","hierophant:Doubloon","hierophant:Charity","hierophant:Empathy","hierophant:Shelter+1","hierophant:DivineIntervention","hierophant:FlamingChariot+1","Injury","infinitespire:Starlight","hierophant:OrnateBuckler","hierophant:Sermon","hierophant:Doubloon","hierophant:CursedGold+1","Good Instincts","hierophant:Dazzle","hierophant:Doubloon","hierophant:Shelter"],"relics":["hierophant:PropheticMaskRelic","infinitespire:FocusingShard","Singing Bowl","Vajra","construct:WeddingRing","Sozu","InkBottle","Anchor","infinitespire:Lucky Rock","ChewingGum","hubris:BundleOfHerbs","infinitespire:Satchel","Guardian:BottledAnomaly","Eternal Feather","Bronze Scales","hubris:SlimyHat","Pen Nib","Replay:Bottled Steam"],"acts_visited":["Exordium","TheCity","TheBeyond","TheEnding"],"potions_floor_usage":[16,23,28,30],"damage_taken":[{"damage":0,"enemies":"2 Louse","floor":1,"turns":2},{"damage":0,"enemies":"Cultist","floor":3,"turns":4},{"damage":5,"enemies":"Small Slimes","floor":5,"turns":3},{"damage":21,"enemies":"3 Sentries","floor":6,"turns":7},{"damage":26,"enemies":"Lagavulin","floor":8,"turns":5},{"damage":5,"enemies":"Looter","floor":11,"turns":3},{"damage":7,"enemies":"Large Slime","floor":13,"turns":4},{"damage":0,"enemies":"Red Slaver","floor":14,"turns":1},{"damage":27,"enemies":"Fading Forest","floor":16,"turns":11},{"damage":28,"enemies":"2 Thieves","floor":18,"turns":3},{"damage":15,"enemies":"Chosen","floor":19,"turns":4},{"damage":28,"enemies":"Centurion and Healer","floor":20,"turns":5},{"damage":18,"enemies":"Snake Plant","floor":21,"turns":4},{"damage":0,"enemies":"Book of Stabbing","floor":23,"turns":2},{"damage":11,"enemies":"Cultist and Chosen","floor":25,"turns":5},{"damage":8,"enemies":"Centurion and Healer","floor":28,"turns":7},{"damage":7,"enemies":"Slavers","floor":30,"turns":4},{"damage":7,"enemies":"Snake Plant","floor":31,"turns":4},{"damage":20,"enemies":"Collector","floor":33,"turns":8},{"damage":0,"enemies":"3 Darklings","floor":35,"turns":2},{"damage":4,"enemies":"2 Orb Walkers","floor":36,"turns":3},{"damage":8,"enemies":"3 Shapes","floor":38,"turns":3},{"damage":13,"enemies":"Nemesis","floor":44,"turns":5},{"damage":27,"enemies":"Reptomancer","floor":48,"turns":6},{"damage":0,"enemies":"Sphere and 2 Shapes","floor":50,"turns":3},{"damage":94,"enemies":"Time Eater","floor":52,"turns":13},{"damage":13,"enemies":"Shield and Spear","floor":56,"turns":6},{"damage":78,"enemies":"The Heart","floor":57,"turns":11}],"seed_played":"8126096837551733450","potions_obtained":[{"floor":8,"key":"sneckomod:MuddlingPotion"},{"floor":16,"key":"Dexterity Potion"},{"floor":20,"key":"SmokeBomb"},{"floor":21,"key":"GamblersBrew"}],"is_trial":false,"path_per_floor":["M","?","M","$","M","E","R","E","T","R","M","R","M","M","R","B",null,"M","M","M","M","AVR","E","R","M","T","?","M","R","E","M","R","B",null,"M","?","?","M","?","R","$","R","T","E","PTL","PTL","$","E","R","M","R","B",null,"R","$","E","B",null],"character_chosen":"HIEROPHANT","items_purchased":["hierophant:OrnateBuckler","infinitespire:Satchel","Guardian:BottledAnomaly","hierophant:Sermon","Bronze Scales","Good Instincts","Pen Nib","hierophant:Dazzle"],"campfire_rested":3,"item_purchase_floors":[41,41,41,41,47,55,55,55],"current_hp_per_floor":[75,75,75,75,70,49,49,23,23,45,47,47,47,56,56,50,77,49,41,20,9,9,9,32,28,28,28,29,52,52,52,52,39,79,79,77,77,75,75,75,75,75,75,81,81,81,81,71,85,87,87,3,87,87,87,87,87],"gold":84,"neow_bonus":"UPGRADE_CARD","is_daily":false,"chose_seed":false,"campfire_upgraded":8,"win_rate":0.0,"timestamp":1608048620,"path_taken":["M","?","M","$","M","E","R","E","T","R","M","R","?","?","R","BOSS","M","M","M","M","AVR","E","R","M","T","?","M","R","E","M","R","BOSS","M","?","?","M","?","R","$","R","T","E","PTL","PTL","$","E","R","M","R","BOSS","R","$","E","BOSS"],"items_purchased_type":["Card","Relic","Relic","Card","Relic","Card","Relic","Card"],"build_version":"2020-12-13","purchased_purges":5,"victory":true,"max_hp_per_floor":[75,75,75,75,75,75,75,75,75,75,75,75,75,77,77,77,77,77,77,77,77,77,77,77,77,77,77,79,79,79,79,79,79,79,79,81,81,83,83,83,83,83,83,85,85,85,85,85,85,87,87,87,87,87,87,87,87],"card_choices":[{"not_picked":["hierophant:Charity","hierophant:TollTheBells"],"picked":"hierophant:Encroach","floor":1},{"not_picked":["hierophant:TollTheBells","hierophant:Bribe"],"picked":"hierophant:FaithHealing","floor":3},{"not_picked":["hierophant:Dazzle","hierophant:RecallFunds"],"picked":"hierophant:RustyCrate","floor":5},{"not_picked":["hierophant:AuricBeam","hierophant:RepressedViolence"],"picked":"hierophant:Smite","floor":6},{"not_picked":["hierophant:ThreeLashes","hierophant:PristineSoul"],"picked":"hierophant:Blessing","floor":8},{"not_picked":["hierophant:Encroach","hierophant:BulkyChest"],"picked":"hierophant:SecretStash","floor":11},{"not_picked":["hierophant:Embezzle","hierophant:RepressedViolence"],"picked":"hierophant:Repentance","floor":13},{"not_picked":["hierophant:ThreeLashes","hierophant:Embezzle","hierophant:SealAway"],"picked":"Singing Bowl","floor":14},{"not_picked":["hierophant:Batter","hierophant:Levitation"],"picked":"hierophant:Kindle","floor":16},{"not_picked":["hierophant:Smite","hierophant:RecallFunds"],"picked":"hierophant:OrnateBuckler","floor":18},{"not_picked":["hierophant:Doubloon","hierophant:Racketeering+1"],"picked":"hierophant:Community","floor":19},{"not_picked":["hierophant:DivineIntervention","hierophant:Purify+1"],"picked":"hierophant:Remorse+1","floor":20},{"not_picked":["hierophant:CursedGold+1","hierophant:Zeal+1"],"picked":"hierophant:Community","floor":21},{"not_picked":["hierophant:SolarFlare","hierophant:Martyrdom"],"picked":"hierophant:Charity","floor":25},{"not_picked":["hierophant:FieryStrike","hierophant:Exaltation","hierophant:SealAway"],"picked":"Singing Bowl","floor":28},{"not_picked":["hierophant:RepressedViolence","hierophant:Encroach+1"],"picked":"hierophant:Empathy","floor":30},{"not_picked":["hierophant:FaithHealing","hierophant:Martyrdom+1"],"picked":"hierophant:Shelter","floor":31},{"not_picked":["hierophant:Invocation","hierophant:DeathKnell"],"picked":"hierophant:DivineIntervention","floor":33},{"not_picked":["hierophant:Blessing","hierophant:OrnateJavelin+1"],"picked":"hierophant:FlamingChariot+1","floor":35},{"not_picked":["hierophant:RustyCrate","hierophant:ThreeLashes+1","hierophant:RepressedViolence"],"picked":"Singing Bowl","floor":36},{"not_picked":["infinitespire:Oblivion","ReplayTheSpireMod:Echoes of Time"],"picked":"infinitespire:Starlight","floor":37},{"not_picked":["hierophant:FlamingChariot+1","hierophant:MirrorShield+1","hierophant:Remorse+1"],"picked":"Singing Bowl","floor":38},{"not_picked":["hierophant:Purify","hierophant:Martyrdom+1","hierophant:Empathy"],"picked":"Singing Bowl","floor":44},{"not_picked":["hierophant:Refuge","hierophant:Community"],"picked":"hierophant:CursedGold+1","floor":48},{"not_picked":["hierophant:RepressedViolence+1","hierophant:Cornucopia","hierophant:ThreeLashes+1"],"picked":"Singing Bowl","floor":50},{"not_picked":["hierophant:Racketeering+1","hierophant:PassingBell+1"],"picked":"hierophant:Shelter","floor":56}],"player_experience":2848087,"relics_obtained":[{"floor":6,"key":"infinitespire:FocusingShard"},{"floor":8,"key":"Singing Bowl"},{"floor":9,"key":"Vajra"},{"floor":26,"key":"Anchor"},{"floor":30,"key":"infinitespire:Lucky Rock"},{"floor":36,"key":"hubris:BundleOfHerbs"},{"floor":44,"key":"Eternal Feather"},{"floor":48,"key":"hubris:SlimyHat"},{"floor":56,"key":"Replay:Bottled Steam"}],"event_choices":[{"damage_healed":0,"gold_gain":0,"player_choice":"1 cards matched","damage_taken":0,"max_hp_gain":0,"max_hp_loss":0,"event_name":"Match and Keep!","floor":2,"gold_loss":0,"cards_obtained":["hierophant:RepressedViolence"]},{"cards_removed":["hierophant:Strike_Hierophant"],"damage_healed":0,"gold_gain":0,"player_choice":"Gave Gold","damage_taken":0,"max_hp_gain":0,"max_hp_loss":0,"event_name":"Beggar","floor":27,"gold_loss":75},{"damage_healed":0,"gold_gain":0,"player_choice":"Fight","damage_taken":0,"max_hp_gain":0,"max_hp_loss":0,"event_name":"Mysterious Sphere","floor":36,"gold_loss":0},{"damage_healed":0,"gold_gain":0,"player_choice":"Forge","damage_taken":0,"max_hp_gain":0,"max_hp_loss":0,"event_name":"Accursed Blacksmith","floor":39,"gold_loss":0,"cards_upgraded":["hierophant:Shelter"]}],"is_beta":false,"boss_relics":[{"not_picked":["infinitespire:Cupcake","hubris:Stopwatch"],"picked":"construct:WeddingRing"},{"not_picked":["Snecko Heart","hubris:HollowSoul"],"picked":"ChewingGum"}],"items_purged_floors":[4,22,41,47,55],"is_endless":false,"potions_floor_spawned":[8,16,20,21,25,28,30,36,48],"ascension_level":2}}