{"host":"yecadp3kwkksam5a","time":1608050554,"event":{"mods":["BaseMod","Minty Spire (QoL Compilation)","Replay The Spire","StSLib"],"gold_per_floor":[117,136,152,171,23,48,63,91,91,166,184,184,5,40,40,137,137,156,174,174,46,59,59,59],"floor_reached":23,"playtime":1096,"items_purged":["Strike_R"],"score":256,"play_id":"a1cb8f42-bd96-4b29-9237-97329beb943d","local_time":"20201216014234","is_ascension_mode":true,"campfire_choices":[{"floor":15.0,"key":"DIG"}],"circlet_count":0,"master_deck":["Strike_R","Strike_R","Strike_R","Strike_R","Defend_R","Defend_R","Defend_R","Defend_R","Bash","Fiend Fire","Anger","Shrug It Off","ReplayTheSpireMod:Muscle Training","Pommel Strike","Power Through","Dropkick","Wild Strike","Twin Strike","Wild Strike","Whirlwind","Dark Embrace","Double Tap+1","Demonic Infusion","Perfected Strike","Shrug It Off","ReplayTheSpireMod:Muscle Training+1"],"relics":["Burning Blood","Potion Belt","Replay:Towering Pillar of Hats","Garlic","Iron Hammer","Akabeko","SlaversCollar"],"acts_visited":["Exordium","TheCity"],"potions_floor_usage":[],"damage_taken":[{"damage":4.0,"enemies":"Jaw Worm","floor":1.0,"turns":4.0},{"damage":2.0,"enemies":"2 Louse","floor":2.0,"turns":2.0},{"damage":1.0,"enemies":"Cultist","floor":3.0,"turns":3.0},{"damage":12.0,"enemies":"2 Fungi Beasts","floor":4.0,"turns":3.0},{"damage":17.0,"enemies":"Lagavulin","floor":6.0,"turns":6.0},{"damage":3.0,"enemies":"Looter","floor":7.0,"turns":2.0},{"damage":8.0,"enemies":"Gremlin Nob","floor":8.0,"turns":3.0},{"damage":0.0,"enemies":"3 Louse","floor":11.0,"turns":2.0},{"damage":14.0,"enemies":"3 Sentries","floor":14.0,"turns":7.0},{"damage":21.0,"enemies":"Fading Forest","floor":16.0,"turns":11.0},{"damage":24.0,"enemies":"Shell Parasite","floor":18.0,"turns":4.0},{"damage":9.0,"enemies":"2 Thieves","floor":19.0,"turns":3.0},{"damage":17.0,"enemies":"Cultist and Chosen","floor":22.0,"turns":4.0},{"damage":27,"enemies":"Gremlin Leader","floor":23,"turns":3}],"seed_played":"-6975425842644048641","potions_obtained":[{"floor":1.0,"key":"Adrenaline Potion"},{"floor":2.0,"key":"Doom Potion"},{"floor":4.0,"key":"Dexterity Potion"},{"floor":16.0,"key":"Adrenaline Potion"},{"floor":18.0,"key":"SpeedPotion"}],"is_trial":false,"path_per_floor":["M","M","M","M","$","E","M","E","T","?","M","T","$","E","R","B",null,"M","M","?","$","M","E"],"character_chosen":"IRONCLAD","items_purchased":["Power Through","Dropkick","Dark Embrace","Double Tap+1","Shrug It Off"],"campfire_rested":0,"item_purchase_floors":[5,5,13,13,21],"current_hp_per_floor":[72,72,72,66,66,55,58,56,56,45,51,51,51,43,43,42,72,54,51,38,38,27,0,0],"gold":59,"neow_bonus":"THREE_RARE_CARDS","is_daily":false,"chose_seed":false,"campfire_upgraded":0,"win_rate":0.0,"timestamp":1608050554,"path_taken":["M","M","M","M","$","E","M","E","T","?","M","?","?","E","R","BOSS","M","M","?","$","M","E"],"items_purchased_type":["Card","Card","Card","Card","Card"],"build_version":"2020-12-13","purchased_purges":1,"victory":false,"max_hp_per_floor":[72,72,72,72,72,72,72,72,72,72,72,72,72,72,72,72,72,72,72,77,77,77,77,77],"card_choices":[{"not_picked":["Replay:Many Hands","Hemogenesis"],"picked":"Fiend Fire","floor":0.0},{"not_picked":["Defy Death","Thunderclap"],"picked":"Anger","floor":1.0},{"not_picked":["Heavy Blade","Carnage"],"picked":"Shrug It Off","floor":2.0},{"not_picked":["Clothesline","Armaments"],"picked":"ReplayTheSpireMod:Muscle Training","floor":3.0},{"not_picked":["Massacre","Heavy Blade"],"picked":"Pommel Strike","floor":4.0},{"not_picked":["Juggernaut","Burning Pact"],"picked":"Wild Strike","floor":6.0},{"not_picked":["Heavy Blade","Run Through"],"picked":"Twin Strike","floor":7.0},{"not_picked":["Clash","ReplayTheSpireMod:Strike From Hell"],"picked":"Wild Strike","floor":8.0},{"not_picked":["Pummel","ReplayTheSpireMod:Corrosion Curse"],"picked":"Whirlwind","floor":11.0},{"not_picked":["True Grit","Run Through","Barricade"],"picked":"SKIP","floor":14.0},{"not_picked":["Exhume","Demon Form"],"picked":"Demonic Infusion","floor":16.0},{"not_picked":["Flex","Body Slam","ReplayTheSpireMod:Strike From Hell+1"],"picked":"SKIP","floor":18.0},{"not_picked":["Wild Strike+1","Warcry"],"picked":"Perfected Strike","floor":19.0},{"not_picked":["Cleave+1","Heavy Blade"],"picked":"ReplayTheSpireMod:Muscle Training+1","floor":22.0}],"player_experience":184745,"relics_obtained":[{"floor":6.0,"key":"Potion Belt"},{"floor":8.0,"key":"Replay:Towering Pillar of Hats"},{"floor":12.0,"key":"Garlic"},{"floor":14.0,"key":"Iron Hammer"},{"floor":15.0,"key":"Akabeko"}],"event_choices":[{"damage_healed":0.0,"max_hp_gain":0.0,"max_hp_loss":0.0,"gold_gain":75.0,"event_name":"World of Goop","player_choice":"Gather Gold","floor":10.0,"gold_loss":0.0,"damage_taken":11.0},{"damage_healed":0.0,"max_hp_gain":5.0,"max_hp_loss":0.0,"gold_gain":0.0,"event_name":"Forgotten Altar","player_choice":"Shed Blood","floor":20.0,"gold_loss":0.0,"damage_taken":18.0}],"is_beta":false,"boss_relics":[{"not_picked":["Coffee Dripper","ReplayTheSpireMod:DimensionalGlitch"],"picked":"SlaversCollar"}],"items_purged_floors":[21],"is_endless":false,"potions_floor_spawned":[1,2,4,16,18,19],"killed_by":"Gremlin Leader","ascension_level":4}}