{"host":"o3b7ow6d1xe49css","time":1608009878,"event":{"mods":["2.2 Compatiblity","Act Like it!","Aspiration","BaseMod","Bestiary","Better Altar","Better Match","Better Note","Better Sensory Stone","Better Skull","Better Third Choice","Colored Powertips","Conspire","Downfall","Elementarium","Energized Spire","GifTheSpireLib","Halation","Hermit","Hubris","Infinite Spire","Minty Spire (QoL Compilation)","Quick Restart","Replay The Spire","Spicy Shops","Spikes Relics","StSLib","Stuff the Spire","The Blue Laboratory","The Jungle","Wandering Minibosses","vexMod"],"gold_per_floor":[113,133,148,167,15,43,43,74,74,105,105,122,148,148,148,249,249,268,331,331,101,111,111,139,166,192,220,220,249,249,282,282,379,379,394,409,157,157,9,34,59,59,59,59,59,59,59,59,59,59],"floor_reached":51,"playtime":1750,"items_purged":["Strike_P","Strike_P","Strike_P+1"],"score":1288,"play_id":"42dfe0f9-8fe6-4135-a90c-44fbf5cb6ac3","local_time":"20201214202438","daily_mods":["Heirloom","Flight","Elite Swarm"],"is_ascension_mode":true,"campfire_choices":[{"data":"BattleHymn","floor":7,"key":"SMITH"},{"floor":11,"key":"REST"},{"data":"Vault","floor":15,"key":"SMITH"},{"floor":23,"key":"REST"},{"floor":28,"key":"REST"},{"data":"Glass Knife","floor":30,"key":"SMITH"},{"data":"Bullet Time","floor":32,"key":"SMITH"},{"data":"Pot Of Greed","floor":44,"key":"SMITH"},{"data":"Pot Of Greed","floor":47,"key":"SMITH"},{"data":"ClearTheMind","floor":49,"key":"SMITH"}],"circlet_count":0,"master_deck":["Strike_P+1","Defend_P+1","Defend_P","Defend_P+1","Defend_P+1","Eruption+1","Vigilance+1","MentalFortress+1","BattleHymn+1","ClearTheMind+1","Tantrum+1","Establishment+1","Vault+1","BowlingBash+1","LessonLearned+1","PiercingWail+1","Bullet Time+1","Glass Knife+1","DevaForm+1","DeusExMachina","Pot Of Greed+1","Pot Of Greed+1"],"relics":["PureWater","Ring of Chaos","TungstenRod","Membership Card","Replay:WaspNest","Akabeko","hubris:MysteriousPyramids","Replay:Towering Pillar of Hats","aspiration:SilentSkillbook","MawBank","Guardian:PocketSentry","Medical Kit","StuffTheSpire:CocoNut","Replay:Bottled Flurry","PreservedInsect","Ornamental Fan","Replay:Mystery Machine","infinitespire:Broken Mirror","vexMod:EndlessSickness","Quantum Egg","Rawhide","halation:EternalFortune","infinitespire:Satchel","Melange","Snack Pack","infinitespire:Lucky Rock","Grinning Jar","halation:PinkSoulGem"],"acts_visited":["Exordium","TheCity","TheBeyond"],"potions_floor_usage":[6,8,10,13,16,24,25,25,31,31,33,40,40,50],"damage_taken":[{"damage":0.0,"enemies":"Cultist","floor":1.0,"turns":2.0},{"damage":12,"enemies":"Small Slimes","floor":2,"turns":5},{"damage":6,"enemies":"Jaw Worm","floor":3,"turns":3},{"damage":2,"enemies":"Blue Slaver","floor":4,"turns":4},{"damage":0,"enemies":"Lagavulin","floor":6,"turns":4},{"damage":31,"enemies":"Gremlin Nob","floor":8,"turns":3},{"damage":0,"enemies":"Lagavulin","floor":10,"turns":5},{"damage":0,"enemies":"3 Louse","floor":12,"turns":2},{"damage":0,"enemies":"Gremlin Nob","floor":13,"turns":3},{"damage":11,"enemies":"Hexaghost","floor":16,"turns":6},{"damage":12,"enemies":"Shell Parasite","floor":18,"turns":5},{"damage":0,"enemies":"3 Byrds","floor":19,"turns":5},{"damage":21,"enemies":"Snake Plant","floor":22,"turns":4},{"damage":0,"enemies":"Gremlin Leader","floor":24,"turns":4},{"damage":11,"enemies":"Slavers","floor":25,"turns":4},{"damage":0,"enemies":"Book of Stabbing","floor":27,"turns":3},{"damage":3,"enemies":"Nightmare","floor":29,"turns":5},{"damage":8,"enemies":"Gremlin Leader","floor":31,"turns":2},{"damage":19,"enemies":"Champ","floor":33,"turns":6},{"damage":0,"enemies":"3 Shapes","floor":35,"turns":5},{"damage":0,"enemies":"Orb Walker","floor":36,"turns":3},{"damage":0,"enemies":"Nemesis","floor":40,"turns":3},{"damage":0,"enemies":"R_Hoarder","floor":41,"turns":4},{"damage":3,"enemies":"Donu and Deca","floor":50,"turns":6}],"seed_played":"7430096851865382562","potions_obtained":[{"floor":1.0,"key":"Venom Potion"},{"floor":4,"key":"DistilledChaos"},{"floor":8,"key":"Block Potion"},{"floor":10,"key":"blueLaboratory:BottledTrinity"},{"floor":14,"key":"Reflective Coating"},{"floor":14,"key":"blueLaboratory:EmptyBottle"},{"floor":14,"key":"BottledMiracle"},{"floor":18,"key":"blueLaboratory:EpiphanyPotion"},{"floor":29,"key":"Venom Potion"},{"floor":31,"key":"Flashbang"},{"floor":33,"key":"Swift Potion"},{"floor":35,"key":"SteroidPotion"}],"is_trial":true,"path_per_floor":["M","M","M","M","$","E","R","E","T","E","R","M","E","?","R","B",null,"M","M","AVR","$","M","R","E","E","T","E","R","NM","R","E","R","B",null,"M","M","$","?","$","E","E","?","T","R","?","AVR","R","?","R","B",null],"character_chosen":"WATCHER","items_purchased":["Membership Card","Guardian:PocketSentry","Medical Kit","Strength Potion","Quantum Egg","Rawhide","infinitespire:Satchel","Melange"],"campfire_rested":3,"item_purchase_floors":[5,21,21,21,37,37,39,39],"current_hp_per_floor":[72,60,54,52,52,52,52,21,21,21,42,42,42,42,42,31,62,50,50,50,50,29,50,57,46,46,46,69,66,66,58,58,39,69,69,69,69,72,72,72,75,75,75,75,75,75,75,75,75,80],"gold":59,"neow_bonus":"","is_daily":false,"chose_seed":false,"campfire_upgraded":7,"win_rate":0.0,"timestamp":1608009878,"path_taken":["M","M","M","M","?","E","R","E","T","E","R","M","E","?","R","BOSS","M","M","AVR","$","M","R","E","E","T","E","R","NM","R","E","R","BOSS","M","M","$","?","$","E","E","?","T","R","?","AVR","R","?","R","BOSS"],"items_purchased_type":["Relic","Relic","Relic","Potion","Relic","Relic","Relic","Relic"],"build_version":"2020-12-13","purchased_purges":3,"victory":true,"max_hp_per_floor":[72,72,72,72,72,72,72,72,72,72,72,72,72,72,72,72,72,72,72,72,72,72,72,79,79,79,79,79,79,79,79,79,79,79,79,79,79,82,82,82,85,85,85,85,85,85,85,81,81,81],"card_choices":[{"not_picked":["Evaluate","Replay:AtTheReady"],"picked":"MentalFortress","floor":1.0},{"not_picked":["SashWhip","Replay:BluntJabs"],"picked":"BattleHymn","floor":2},{"not_picked":["FlyingSleeves","SignatureMove"],"picked":"ClearTheMind","floor":3},{"not_picked":["Vengeance","Halt"],"picked":"Tantrum","floor":4},{"not_picked":["ConjureBlade","Ragnarok"],"picked":"Establishment","floor":6},{"not_picked":["SpiritShield","Replay:LoomingThreat","ConjureBlade"],"picked":"SKIP","floor":8},{"not_picked":["SpiritShield","Omniscience"],"picked":"Vault","floor":10},{"not_picked":["Conclude","EmptyBody"],"picked":"BowlingBash","floor":12},{"not_picked":["Alpha","MasterReality"],"picked":"LessonLearned","floor":13},{"not_picked":["Accuracy","ReplayTheSpireMod:Speed Training","ClearTheMind"],"picked":"PiercingWail","floor":18},{"not_picked":["Collect","Masterful Stab","Slice","Deadly Poison"],"picked":"SKIP","floor":19},{"not_picked":["Acrobatics","StuffTheSpire:BrimstoneBlast","Leg Sweep","Cloak And Dagger"],"picked":"SKIP","floor":22},{"not_picked":["Wish","MasterReality","Vault"],"picked":"Bullet Time","floor":24},{"not_picked":["SpiritShield","StuffTheSpire:FinalStruggle","Replay:LoomingThreat"],"picked":"Glass Knife","floor":25},{"not_picked":["A Thousand Cuts","Burst","MasterReality","Judgement"],"picked":"SKIP","floor":27},{"not_picked":["ConjureBlade","After Image","Alpha","Bullet Time"],"picked":"SKIP","floor":29},{"not_picked":["Night Terror","Venomology","Replay:AllIn"],"picked":"DevaForm","floor":31},{"not_picked":["MasterReality","Blasphemy","Glass Knife"],"picked":"DeusExMachina","floor":33},{"not_picked":["ReplayTheSpireMod:The Works+1","FlurryOfBlows+1","Pray","Backflip"],"picked":"SKIP","floor":35},{"not_picked":["Deadly Poison","PathToVictory","hubris:SlightOfHand","InnerPeace"],"picked":"SKIP","floor":36},{"not_picked":["Wish","Ragnarok","Vault","Establishment"],"picked":"SKIP","floor":40},{"not_picked":["Vault","SpiritShield","DeusExMachina","Storm of Steel"],"picked":"SKIP","floor":41}],"player_experience":1704814,"relics_obtained":[{"floor":6,"key":"Replay:WaspNest"},{"floor":8,"key":"Akabeko"},{"floor":9,"key":"hubris:MysteriousPyramids"},{"floor":10,"key":"Replay:Towering Pillar of Hats"},{"floor":24,"key":"StuffTheSpire:CocoNut"},{"floor":25,"key":"Replay:Bottled Flurry"},{"floor":26,"key":"PreservedInsect"},{"floor":27,"key":"Ornamental Fan"},{"floor":29,"key":"Replay:Mystery Machine"},{"floor":31,"key":"infinitespire:Broken Mirror"},{"floor":40,"key":"Snack Pack"},{"floor":41,"key":"halation:EternalFortune"},{"floor":41,"key":"infinitespire:Lucky Rock"},{"floor":43,"key":"Grinning Jar"}],"event_choices":[{"damage_healed":0,"gold_gain":0,"player_choice":"Got Potions","damage_taken":0,"max_hp_gain":0,"max_hp_loss":0,"event_name":"Lab","floor":14,"gold_loss":0},{"damage_healed":0,"gold_gain":0,"player_choice":"Max HP","damage_taken":0,"max_hp_gain":0,"max_hp_loss":4,"event_name":"Winding Halls","floor":48,"gold_loss":0}],"is_beta":false,"boss_relics":[{"not_picked":["energizedSpire:CrystalSphere","hubris:HollowSoul"],"picked":"aspiration:SilentSkillbook"},{"not_picked":["energizedSpire:RedRose","Runic Pyramid"],"picked":"vexMod:EndlessSickness"}],"items_purged_floors":[20,21,46],"is_endless":true,"potions_floor_spawned":[1,4,8,10,18,22,29,31,33,35],"ascension_level":5}}