{"host":"wukocnei7dgudpva","time":1608015127,"event":{"mods":["AchievementEnabler","BaseMod","Colored Map","Minty Spire (QoL Compilation)","StSLib","SuperFastMode"],"gold_per_floor":[112,112,122,141,160,186,186,186,186,186,186],"floor_reached":10,"playtime":317,"items_purged":[],"score":68,"play_id":"f6d2e5e6-9ec1-4733-87a8-6215e9df4acc","local_time":"20201215155207","is_ascension_mode":false,"campfire_choices":[{"floor":7,"key":"REST"}],"circlet_count":0,"master_deck":["Strike_B","Strike_B+1","Strike_B","Defend_B","Defend_B","Defend_B","Zap","Dualcast+1","Writhe","Defragment","Genetic Algorithm+1","Chaos","Cold Snap","Defragment","Tempest"],"relics":["Cracked Core","Pantograph","Matryoshka"],"acts_visited":["Exordium"],"potions_floor_usage":[],"damage_taken":[{"damage":6,"enemies":"2 Louse","floor":1,"turns":3},{"damage":0,"enemies":"Cultist","floor":3,"turns":3},{"damage":0,"enemies":"Small Slimes","floor":4,"turns":3},{"damage":14,"enemies":"Gremlin Gang","floor":5,"turns":5},{"damage":31,"enemies":"Gremlin Nob","floor":6,"turns":5},{"damage":0,"enemies":"3 Sentries","floor":10,"turns":1}],"seed_played":"4341654808896001428","potions_obtained":[{"floor":5,"key":"Weak Potion"},{"floor":6,"key":"Block Potion"}],"is_trial":false,"path_per_floor":["M","?","M","M","M","E","R","?","T","E"],"character_chosen":"DEFECT","items_purchased":[],"campfire_rested":1,"item_purchase_floors":[],"current_hp_per_floor":[69,54,54,54,40,9,31,31,31,31,31],"gold":186,"neow_bonus":"TRANSFORM_TWO_CARDS","is_daily":false,"chose_seed":false,"campfire_upgraded":0,"win_rate":0.0,"timestamp":1608015127,"path_taken":["M","?","M","M","M","E","R","?","T","E"],"items_purchased_type":[],"build_version":"2020-12-13","purchased_purges":0,"victory":false,"max_hp_per_floor":[75,75,75,75,75,75,75,75,75,75,75],"card_choices":[{"not_picked":["Gash","Compile Driver"],"picked":"Chaos","floor":1},{"not_picked":["Turbo","Steam"],"picked":"Cold Snap","floor":3},{"not_picked":["Streamline","Turbo","Barrage"],"picked":"SKIP","floor":4},{"not_picked":["BootSequence","Rebound"],"picked":"Defragment","floor":5},{"not_picked":["Steam Power","BootSequence"],"picked":"Tempest","floor":6}],"player_experience":229538,"relics_obtained":[{"floor":6,"key":"Pantograph"},{"floor":9,"key":"Matryoshka"}],"event_choices":[{"damage_healed":0,"gold_gain":0,"player_choice":"Entered Light","damage_taken":15,"max_hp_gain":0,"max_hp_loss":0,"event_name":"Shining Light","floor":2,"gold_loss":0,"cards_upgraded":["Dualcast","Strike_B"]},{"damage_healed":0,"gold_gain":0,"player_choice":"Forge","damage_taken":0,"max_hp_gain":0,"max_hp_loss":0,"event_name":"Accursed Blacksmith","floor":8,"gold_loss":0,"cards_upgraded":["Genetic Algorithm"]}],"is_beta":false,"boss_relics":[],"items_purged_floors":[],"is_endless":false,"potions_floor_spawned":[5,6],"killed_by":"3 Sentries","ascension_level":0}}