{"host":"6csbbk4539itd1k2","time":1608051834,"event":{"mods":["BaseMod","Colored Powertips","Downfall","Googly Eyes","Hermit","Minty Spire (QoL Compilation)","Replay The Spire","StSLib","SuperFastMode","The Animator","The Bug Knight","The Cursed","The Hierophant","The Necromancer","The Servant 0.9.4"],"gold_per_floor":[99,99,112,112,138,138,138,138,154,188,206,220,132,150,169,270,270,270,105,125,159,173,207,230,249,249,275,294,294,2,12,30,131,131,131,157,157,157,157,191,218,218,76,76,93,143,154,54,70,70],"floor_reached":51,"playtime":4650,"items_purged":["Guardian:Strike_Guardian","Guardian:Strike_Guardian"],"score":825,"play_id":"e5a51fe5-4abb-44d9-aa40-09fb8d627511","local_time":"20201215180354","is_ascension_mode":false,"campfire_choices":[{"data":"Guardian:CurlUp","floor":1,"key":"SMITH"},{"data":"Guardian:TwinSlam","floor":4,"key":"SMITH"},{"data":"Guardian:ChargeCore","floor":8,"key":"SMITH"},{"data":"Guardian:DonusPower","floor":18,"key":"SMITH"},{"floor":26,"key":"REST"},{"floor":35,"key":"DIG"},{"data":"Guardian:GuardianWhirl","floor":38,"key":"SMITH"},{"data":"Guardian:ChargeUp","floor":44,"key":"SMITH"}],"circlet_count":0,"master_deck":["Guardian:Strike_Guardian","Guardian:Strike_Guardian","Guardian:Defend_Guardian","Guardian:Defend_Guardian","Guardian:Defend_Guardian","Guardian:Defend_Guardian","Guardian:CurlUp+1","Guardian:TwinSlam+1","Guardian:ChargeCore+1","Guardian:Suspension","Guardian:TimeSifter","Guardian:TemporalShield","Guardian:Reroute","Guardian:Planning","Guardian:DonusPower+1","Guardian:ExploitGems","AbeCurse","Guardian:TimeCapacitor","Guardian:GuardianWhirl+1","Guardian:DecasProtection+1","Guardian:PiercingHide","Guardian:SentryBeam+1","Guardian:ShieldCharger+1","Guardian:FloatingOrbs+1","Guardian:TemporalStrike","Necronomicurse","Guardian:FloatingOrbs+1","Guardian:PrismaticBeam+1","Guardian:FloatingOrbs+1","Guardian:ChargeUp+1","Guardian:Suspension+1","Guardian:EvasiveProtocol+1","Guardian:Gem_Green","Guardian:Gem_Purple"],"relics":["Guardian:ModeShifter","Darkstone Periapt","ReplayTheSpireMod:TigerMarble","MealTicket","Regal Pillow","HollowMod:LifeEnderRelic","Abe\u0027s Treasure","Juzu Bracelet","Frozen Egg 2","Replay:Rubber Ducky","Guardian:PickAxe","Necronomicon","Letter Opener","Sozu","Turnip","Bag of Marbles","Potion Belt","Strawberry","Thread and Needle","StoneCalendar"],"acts_visited":["Exordium","TheCity","TheBeyond"],"potions_floor_usage":[],"damage_taken":[{"damage":0,"enemies":"Small Slimes","floor":3,"turns":4},{"damage":10,"enemies":"Gremlin Nob","floor":5,"turns":5},{"damage":0,"enemies":"Jaw Worm","floor":9,"turns":1},{"damage":13,"enemies":"3 Sentries","floor":10,"turns":7},{"damage":0,"enemies":"Cultist","floor":11,"turns":3},{"damage":0,"enemies":"3 Louse","floor":12,"turns":3},{"damage":0,"enemies":"downfall:FleeingMerchant","floor":13,"turns":4},{"damage":0,"enemies":"2 Fungi Beasts","floor":14,"turns":3},{"damage":3,"enemies":"Large Slime","floor":15,"turns":4},{"damage":28,"enemies":"downfall:Defect","floor":16,"turns":8},{"damage":10,"enemies":"downfall:FleeingMerchant","floor":19,"turns":4},{"damage":0,"enemies":"Chosen","floor":20,"turns":4},{"damage":10,"enemies":"Replay:Snechameleon","floor":21,"turns":5},{"damage":14,"enemies":"Shelled Parasite and Fungi","floor":22,"turns":5},{"damage":13,"enemies":"Slavers","floor":23,"turns":4},{"damage":20,"enemies":"Centurion and Healer","floor":25,"turns":5},{"damage":6,"enemies":"Replay:Snechameleon","floor":27,"turns":6},{"damage":5,"enemies":"Chosen and Byrds","floor":28,"turns":5},{"damage":0,"enemies":"downfall:FleeingMerchant","floor":30,"turns":4},{"damage":0,"enemies":"Snake Plant","floor":31,"turns":3},{"damage":16,"enemies":"Cultist and Chosen","floor":32,"turns":5},{"damage":23,"enemies":"downfall:Ironclad","floor":33,"turns":9},{"damage":20,"enemies":"Nemesis","floor":36,"turns":5},{"damage":5,"enemies":"Giant Head","floor":40,"turns":7},{"damage":0,"enemies":"downfall:FleeingMerchant","floor":43,"turns":3},{"damage":0,"enemies":"Orb Walker","floor":45,"turns":3},{"damage":0,"enemies":"Mind Bloom Boss Battle","floor":46,"turns":4},{"damage":6,"enemies":"3 Shapes","floor":47,"turns":1},{"damage":2,"enemies":"Writhing Mass","floor":49,"turns":5},{"damage":0,"enemies":"downfall:Watcher","floor":50,"turns":5}],"seed_played":"-5597622508364766615","potions_obtained":[{"floor":9,"key":"sneckomod:MuddlingPotion"},{"floor":11,"key":"SpeedPotion"},{"floor":12,"key":"Milkshake"},{"floor":20,"key":"Languid Potion"},{"floor":28,"key":"Guardian:DefensiveModePotion"}],"is_trial":false,"path_per_floor":["R","?","M","R","E","?","T","R","M","E","M","M","$","M","M","B",null,"R","$","M","E","M","E","T","M","R","E","M","?","$","M","M","B",null,"R","E","?","R","?","E","T","?","$","R","M","?","M","$","M","B",null],"character_chosen":"GUARDIAN","items_purchased":["Guardian:TemporalShield","Guardian:Reroute","Guardian:TimeCapacitor","Guardian:GuardianWhirl","Letter Opener","Guardian:FloatingOrbs+1","Guardian:FloatingOrbs+1","Thread and Needle","Guardian:ChargeUp"],"campfire_rested":1,"item_purchase_floors":[13,13,19,19,30,30,43,43,43],"current_hp_per_floor":[88,88,88,88,78,66,66,66,66,53,53,53,68,68,65,37,94,94,84,84,74,60,47,47,27,70,64,59,49,64,64,48,25,100,100,80,80,80,80,75,82,82,97,97,97,97,91,106,104,104],"gold":70,"neow_bonus":"TEN_PERCENT_HP_BONUS","is_daily":false,"chose_seed":false,"campfire_upgraded":6,"win_rate":0.0,"timestamp":1608051834,"path_taken":["R","?","M","R","E","?","T","R","M","E","M","M","$","M","M","BOSS","R","$","M","E","M","E","T","M","R","E","M","?","$","M","M","BOSS","R","E","?","R","?","E","T","?","$","R","M","?","M","$","M","BOSS"],"items_purchased_type":["Card","Card","Card","Card","Relic","Card","Card","Relic","Card"],"build_version":"2020-12-13","purchased_purges":2,"victory":true,"max_hp_per_floor":[88,88,88,88,88,88,88,88,88,88,88,88,88,88,88,88,94,94,94,94,94,94,94,94,94,94,94,94,100,100,100,100,100,100,100,100,100,100,100,100,107,107,107,107,107,107,107,107,107,107],"card_choices":[{"not_picked":["Guardian:ShieldCharger","Guardian:RefractedBeam"],"picked":"Guardian:Gem_Red","floor":3},{"not_picked":["Guardian:PrismaticBeam","Guardian:BronzeOrb"],"picked":"Guardian:ChargeCore","floor":5},{"not_picked":["Guardian:WalkerClaw","Guardian:ShieldCharger"],"picked":"Guardian:Suspension","floor":9},{"not_picked":["Guardian:PiercingHide","Guardian:MultiBeam"],"picked":"Guardian:Gem_White","floor":10},{"not_picked":["Guardian:Gem_Cyan","Guardian:Harden"],"picked":"Guardian:Gem_White","floor":11},{"not_picked":["Guardian:Gem_Lightblue","Guardian:Suspension"],"picked":"Guardian:TimeSifter","floor":12},{"not_picked":["Guardian:Recover","Guardian:Incinerate"],"picked":"Guardian:SpikerProtocol","floor":13},{"not_picked":["Guardian:ChargeCore","Guardian:ShieldCharger"],"picked":"Guardian:Planning","floor":14},{"not_picked":["Guardian:Reroute","Guardian:VentSteam"],"picked":"Guardian:DonusPower","floor":15},{"not_picked":["Guardian:AncientConstruct","Guardian:FastForward"],"picked":"Guardian:ExploitGems","floor":16},{"not_picked":["Guardian:Repulse","Guardian:SpikerProtocol"],"picked":"Guardian:Gem_Red","floor":19},{"not_picked":["Guardian:CrystalBeam","Guardian:PiercingHide"],"picked":"Guardian:DecasProtection+1","floor":20},{"not_picked":["Guardian:FastForward","Guardian:Gem_Purple"],"picked":"Guardian:Gem_Fragmented","floor":21},{"not_picked":["Guardian:Incinerate","Guardian:ChargeCore+1"],"picked":"Guardian:PiercingHide","floor":22},{"not_picked":["Guardian:TimeCapacitor+1","Guardian:ExploitGems"],"picked":"Guardian:SentryBeam+1","floor":23},{"not_picked":["Guardian:Planning","Guardian:ShieldSpikes"],"picked":"Guardian:ShieldCharger+1","floor":25},{"not_picked":["Guardian:PiercingHide+1","Guardian:RefractedBeam"],"picked":"Guardian:FloatingOrbs+1","floor":27},{"not_picked":["Guardian:Gem_Lightblue","Guardian:Gem_Cyan"],"picked":"Guardian:TemporalStrike","floor":28},{"not_picked":["Guardian:HyperBeam_Guardian","Guardian:Incinerate"],"picked":"Guardian:Gem_Cyan","floor":30},{"not_picked":["Guardian:Gem_Fragmented","Guardian:SentryBeam"],"picked":"Guardian:PrismaticBeam+1","floor":31},{"not_picked":["Guardian:Planning","Guardian:ShieldCharger"],"picked":"Guardian:Gem_Purple","floor":32},{"not_picked":["Guardian:ExploitGems","Guardian:HyperBeam_Guardian"],"picked":"Guardian:Gem_Synthetic","floor":33},{"not_picked":["Guardian:BaubleBeam","Guardian:RefractedBeam"],"picked":"Guardian:Gem_Blue","floor":36},{"not_picked":["Guardian:ArmoredProtocol+1","Guardian:PrimingBeam"],"picked":"Guardian:Gem_Crimson","floor":40},{"not_picked":["Guardian:StasisStrike","Guardian:VentSteam+1","Guardian:ShieldCharger"],"picked":"SKIP","floor":43},{"not_picked":["Guardian:WalkerClaw","Guardian:GuardianWhirl"],"picked":"Guardian:Suspension+1","floor":45},{"not_picked":["Guardian:Gem_Cyan","Guardian:BronzeOrb+1"],"picked":"Guardian:EvasiveProtocol+1","floor":46},{"not_picked":["Guardian:GuardianWhirl","Guardian:Incinerate"],"picked":"Guardian:Gem_Green","floor":47},{"not_picked":["Guardian:TemporalShield+1","Guardian:Gem_Crimson"],"picked":"Guardian:Gem_Purple","floor":49}],"player_experience":138142,"relics_obtained":[{"floor":5,"key":"ReplayTheSpireMod:TigerMarble"},{"floor":7,"key":"Regal Pillow"},{"floor":10,"key":"HollowMod:LifeEnderRelic"},{"floor":21,"key":"Juzu Bracelet"},{"floor":23,"key":"Frozen Egg 2"},{"floor":24,"key":"Replay:Rubber Ducky"},{"floor":27,"key":"Guardian:PickAxe"},{"floor":29,"key":"Necronomicon"},{"floor":35,"key":"Turnip"},{"floor":36,"key":"Bag of Marbles"},{"floor":40,"key":"Potion Belt"},{"floor":41,"key":"Strawberry"},{"floor":46,"key":"StoneCalendar"}],"event_choices":[{"damage_healed":0,"gold_gain":0,"player_choice":"Success","damage_taken":12,"relics_obtained":["MealTicket"],"max_hp_gain":0,"max_hp_loss":0,"event_name":"Scrap Ooze","floor":6,"gold_loss":0},{"cards_removed":["Guardian:SpikerProtocol"],"damage_healed":0,"gold_gain":0,"player_choice":"Removed Power","damage_taken":0,"max_hp_gain":0,"max_hp_loss":0,"event_name":"Falling","floor":42,"gold_loss":0}],"is_beta":false,"boss_relics":[{"not_picked":["Coffee Dripper","Ectoplasm"],"picked":"Abe\u0027s Treasure"},{"not_picked":["ReplayTheSpireMod:Onyx Gauntlets","Replay:Wanted Poster"],"picked":"Sozu"}],"items_purged_floors":[43,48],"is_endless":false,"potions_floor_spawned":[9,11,12,14,20,23,25,28,31,33,45,49],"ascension_level":0}}