{"host":"7pe9xwx78c6nlay8","time":1608039709,"event":{"mods":["BaseMod","Minty Spire (QoL Compilation)"],"gold_per_floor":[116,133,133,308,258,258,273,305,359,385,411,411,421,435,435,537,537,551,551,650,560,475,507,519,519,519],"floor_reached":25,"playtime":1265,"items_purged":[],"score":355,"play_id":"386b984e-1520-4c06-9b71-2911c9ba2cbc","local_time":"20201215214149","is_ascension_mode":true,"campfire_choices":[{"data":"DevaForm","floor":6.0,"key":"SMITH"},{"floor":12.0,"key":"REST"},{"floor":15.0,"key":"REST"}],"circlet_count":0,"master_deck":["AscendersBane","Strike_P","Strike_P","Strike_P","Defend_P","Defend_P","Defend_P+1","Defend_P","Eruption+1","Vigilance","DevaForm+1","CutThroughFate","JustLucky","ForeignInfluence","ReachHeaven","WaveOfTheHand+1","Judgement+1","CutThroughFate","ThirdEye+1","Nirvana"],"relics":["PureWater","Anchor","Juzu Bracelet","Ornamental Fan","Potion Belt","Black Star","StrikeDummy","Nunchaku","War Paint"],"acts_visited":["Exordium","TheCity"],"potions_floor_usage":[18,25],"damage_taken":[{"damage":0.0,"enemies":"2 Louse","floor":1.0,"turns":1.0},{"damage":8.0,"enemies":"Small Slimes","floor":2.0,"turns":6.0},{"damage":0.0,"enemies":"Cultist","floor":7.0,"turns":4.0},{"damage":16.0,"enemies":"Gremlin Nob","floor":8.0,"turns":3.0},{"damage":45.0,"enemies":"3 Sentries","floor":10.0,"turns":8.0},{"damage":8.0,"enemies":"Gremlin Gang","floor":13.0,"turns":5.0},{"damage":0.0,"enemies":"2 Fungi Beasts","floor":14.0,"turns":2.0},{"damage":39.0,"enemies":"The Guardian","floor":16.0,"turns":12.0},{"damage":2,"enemies":"2 Thieves","floor":18,"turns":4},{"damage":32,"enemies":"Slavers","floor":23,"turns":6},{"damage":11,"enemies":"Shell Parasite","floor":24,"turns":7},{"damage":6,"enemies":"Masked Bandits","floor":25,"turns":2}],"seed_played":"-6588827352686402798","potions_obtained":[{"floor":7.0,"key":"Regen Potion"},{"floor":13.0,"key":"BlessingOfTheForge"},{"floor":14.0,"key":"SkillPotion"},{"floor":24,"key":"CultistPotion"}],"is_trial":false,"path_per_floor":["M","M","?","?","?","R","M","E","T","E","T","R","M","M","R","B",null,"M","?","?","?","?","E","M","?"],"character_chosen":"WATCHER","items_purchased":[],"campfire_rested":2,"item_purchase_floors":[],"current_hp_per_floor":[65,57,57,57,57,57,57,41,41,11,11,30,22,22,41,2,49,47,47,47,47,47,15,4,0,0],"gold":519,"neow_bonus":"THREE_RARE_CARDS","is_daily":false,"chose_seed":false,"campfire_upgraded":1,"win_rate":0.0,"timestamp":1608039709,"path_taken":["M","M","?","?","?","R","M","E","T","E","?","R","M","M","R","BOSS","M","?","?","?","?","E","M","?"],"items_purchased_type":[],"build_version":"2020-12-13","purchased_purges":0,"victory":false,"max_hp_per_floor":[65,65,65,65,65,65,65,65,65,65,65,65,65,65,65,65,65,65,65,65,65,65,65,65,65,65],"card_choices":[{"not_picked":["Judgement","MasterReality"],"picked":"DevaForm","floor":0.0},{"not_picked":["Halt","Protect"],"picked":"CutThroughFate","floor":1.0},{"not_picked":["Consecrate","ClearTheMind","EmptyMind"],"picked":"SKIP","floor":2.0},{"not_picked":["CrushJoints","Consecrate"],"picked":"JustLucky","floor":7.0},{"not_picked":["Study","Protect"],"picked":"ForeignInfluence","floor":8.0},{"not_picked":["Swivel","ClearTheMind","FlurryOfBlows"],"picked":"SKIP","floor":10.0},{"not_picked":["Devotion","FearNoEvil"],"picked":"ReachHeaven","floor":13.0},{"not_picked":["FollowUp","Wallop"],"picked":"WaveOfTheHand","floor":14.0},{"not_picked":["DeusExMachina","LessonLearned"],"picked":"Judgement","floor":16.0},{"not_picked":["Meditate","Consecrate"],"picked":"CutThroughFate","floor":18},{"not_picked":["TalkToTheHand","CutThroughFate"],"picked":"ThirdEye+1","floor":23},{"not_picked":["FearNoEvil+1","Crescendo"],"picked":"Nirvana","floor":24}],"player_experience":1524477,"relics_obtained":[{"floor":8.0,"key":"Anchor"},{"floor":9.0,"key":"Juzu Bracelet"},{"floor":10.0,"key":"Ornamental Fan"},{"floor":11.0,"key":"Potion Belt"},{"floor":23,"key":"Nunchaku"},{"floor":23,"key":"War Paint"}],"event_choices":[{"damage_healed":0.0,"max_hp_gain":0.0,"max_hp_loss":0.0,"gold_gain":0.0,"event_name":"Living Wall","player_choice":"Grow","floor":3.0,"gold_loss":0.0,"damage_taken":0.0,"cards_upgraded":["Eruption"]},{"damage_healed":0.0,"max_hp_gain":0.0,"max_hp_loss":0.0,"gold_gain":175.0,"event_name":"Liars Game","player_choice":"AGREE","floor":4.0,"gold_loss":0.0,"damage_taken":0.0,"cards_obtained":["Doubt"]},{"cards_removed":["Doubt"],"damage_healed":0.0,"max_hp_gain":0.0,"max_hp_loss":0.0,"gold_gain":0.0,"event_name":"The Cleric","player_choice":"Card Removal","floor":5.0,"gold_loss":50.0,"damage_taken":0.0},{"damage_healed":0,"gold_gain":0,"player_choice":"Bought 0 Potions","damage_taken":0,"max_hp_gain":0,"max_hp_loss":0,"event_name":"The Woman in Blue","floor":19,"gold_loss":0},{"damage_healed":0,"gold_gain":99,"player_choice":"Stole From Cult","damage_taken":0,"max_hp_gain":0,"max_hp_loss":0,"event_name":"Nest","floor":20,"gold_loss":0},{"cards_removed":["Strike_P"],"damage_healed":0,"gold_gain":0,"player_choice":"Upgrade and Remove","damage_taken":0,"max_hp_gain":0,"max_hp_loss":0,"event_name":"Designer","floor":21,"gold_loss":90,"cards_upgraded":["Defend_P"]},{"damage_healed":0,"gold_gain":0,"player_choice":"Obtained Relic","damage_taken":0,"relics_obtained":["StrikeDummy"],"max_hp_gain":0,"max_hp_loss":0,"event_name":"Addict","floor":22,"gold_loss":85},{"damage_healed":0,"gold_gain":0,"player_choice":"Fought Bandits","damage_taken":0,"max_hp_gain":0,"max_hp_loss":0,"event_name":"Masked Bandits","floor":25,"gold_loss":0}],"is_beta":false,"boss_relics":[{"not_picked":["Sozu","Ectoplasm"],"picked":"Black Star"}],"items_purged_floors":[],"is_endless":false,"potions_floor_spawned":[7,13,14,24],"killed_by":"Masked Bandits","ascension_level":11}}