{"host":"db9qq6yd9ck6prkg","time":1608030852,"event":{"mods":["BaseMod","Custom Start","Minty Spire (QoL Compilation)","StSLib","Uncapped"],"gold_per_floor":[100117,100131,100067,100067,99328,99361,99361,99361,99361],"floor_reached":8,"playtime":150,"items_purged":["Defend_P"],"score":183,"play_id":"37d25d77-150e-4eb6-9698-c784c8bfb5ba","local_time":"20201215191412","is_ascension_mode":true,"campfire_choices":[{"data":"Eruption","floor":7.0,"key":"SMITH"}],"circlet_count":0,"master_deck":["AscendersBane","Strike_P","Strike_P","Strike_P","Strike_P","Defend_P","Defend_P","Eruption+1","Vigilance","BowlingBash","Pray","Omniscience"],"relics":["Philosopher\u0027s Stone","OrangePellets","StrikeDummy","Bronze Scales","White Beast Statue"],"acts_visited":["Exordium"],"potions_floor_usage":[8],"damage_taken":[{"damage":10.0,"enemies":"2 Louse","floor":1.0,"turns":3.0},{"damage":2.0,"enemies":"Cultist","floor":2.0,"turns":4.0},{"damage":29.0,"enemies":"Lagavulin","floor":6.0,"turns":5.0},{"damage":15,"enemies":"3 Sentries","floor":8,"turns":5}],"seed_played":"2898113042131830593","potions_obtained":[{"floor":2.0,"key":"StancePotion"}],"is_trial":false,"path_per_floor":["M","M","?","?","$","E","R","E"],"character_chosen":"WATCHER","items_purchased":["OrangePellets","StrikeDummy","Bronze Scales","Block Potion"],"campfire_rested":0,"item_purchase_floors":[5,5,5,5],"current_hp_per_floor":[51,49,49,42,42,13,13,0,0],"gold":99361,"neow_bonus":"BOSS_RELIC","is_daily":false,"chose_seed":false,"campfire_upgraded":1,"win_rate":0.0,"timestamp":1608030852,"path_taken":["M","M","?","?","$","E","R","E"],"items_purchased_type":["Relic","Relic","Relic","Potion"],"build_version":"2020-12-13","purchased_purges":1,"victory":false,"max_hp_per_floor":[68,68,68,68,68,68,68,68,68],"card_choices":[{"not_picked":["CrushJoints","FollowUp"],"picked":"BowlingBash","floor":1.0},{"not_picked":["Prostrate","SandsOfTime"],"picked":"Pray","floor":2.0},{"not_picked":["EmptyFist","ConjureBlade"],"picked":"Omniscience","floor":6.0}],"player_experience":176096,"relics_obtained":[{"floor":6.0,"key":"White Beast Statue"}],"event_choices":[{"damage_healed":0.0,"max_hp_gain":0.0,"max_hp_loss":0.0,"gold_gain":0.0,"event_name":"World of Goop","player_choice":"Left Gold","floor":3.0,"gold_loss":64.0,"damage_taken":0.0},{"cards_removed":["Defend_P"],"damage_healed":0.0,"max_hp_gain":0.0,"max_hp_loss":0.0,"gold_gain":0.0,"event_name":"Golden Wing","player_choice":"Card Removal","floor":4.0,"gold_loss":0.0,"damage_taken":7.0}],"is_beta":false,"boss_relics":[],"items_purged_floors":[5],"is_endless":false,"potions_floor_spawned":[2],"killed_by":"3 Sentries","ascension_level":20}}