{"host":"jm9833yuloeli2yd","time":1608076723,"event":{"mods":["AchievementEnabler","BaseMod","Better Altar","Better Match","Better Note","Better Sensory Stone","Better Skull","Better Vampires","Colored Map","Colored Powertips","DeckTracker","Minty Spire (QoL Compilation)","Permanent Neow","Quick Restart","Replay The Spire","StSLib","SuperFastMode"],"gold_per_floor":[359,359,45,69,84,84,123,123,147,161,161,161,161],"floor_reached":12,"playtime":218,"items_purged":[],"score":156,"play_id":"6136d52d-c2bf-4b6d-a725-b4aed5b41c59","local_time":"20201215185843","is_ascension_mode":true,"campfire_choices":[{"floor":6,"key":"REST"},{"data":"Zap","floor":8,"key":"SMITH"}],"circlet_count":0,"master_deck":["AscendersBane","Strike_B","Strike_B","Strike_B","Strike_B","Defend_B","Defend_B","Defend_B","Defend_B","Zap+1","Dualcast","Ball Lightning","Sweeping Beam+1","Gash+1","Beam Cell+1","Steam Power"],"relics":["Cracked Core","Golden Idol","Molten Egg 2","ReplayTheSpireMod:Lightbulb","Akabeko"],"acts_visited":["Exordium"],"potions_floor_usage":[7,12,12],"damage_taken":[{"damage":7,"enemies":"Cultist","floor":1,"turns":4},{"damage":5,"enemies":"2 Louse","floor":4,"turns":2},{"damage":10,"enemies":"Small Slimes","floor":5,"turns":3},{"damage":18,"enemies":"3 Sentries","floor":7,"turns":6},{"damage":11,"enemies":"Blue Slaver","floor":10,"turns":3},{"damage":25,"enemies":"Lagavulin","floor":12,"turns":4}],"seed_played":"-2941553229874338255","potions_obtained":[{"floor":4,"key":"Dexterity Potion"},{"floor":7,"key":"Energy Potion"},{"floor":11,"key":"Toxic Potion"}],"is_trial":false,"path_per_floor":["M","?","$","M","M","R","E","R","T","M","?","E"],"character_chosen":"DEFECT","items_purchased":["Molten Egg 2","Sweeping Beam+1"],"campfire_rested":1,"item_purchase_floors":[3,3],"current_hp_per_floor":[39,39,39,34,24,43,25,25,25,14,14,0,0],"gold":161,"neow_bonus":"TWO_FIFTY_GOLD","is_daily":false,"chose_seed":false,"campfire_upgraded":1,"win_rate":0.0,"timestamp":1608076723,"path_taken":["M","?","$","M","M","R","E","R","T","M","?","E"],"items_purchased_type":["Relic","Card"],"build_version":"2020-12-13","purchased_purges":0,"victory":false,"max_hp_per_floor":[71,64,64,64,64,64,64,64,64,64,64,64,64],"card_choices":[{"not_picked":["Leap","FTL"],"picked":"Ball Lightning","floor":1},{"not_picked":["Crystallizer","Rebound+1"],"picked":"Gash+1","floor":4},{"not_picked":["Redo","Thunder Strike+1"],"picked":"Beam Cell+1","floor":5},{"not_picked":["Sunder+1","ReplayTheSpireMod:Repulse"],"picked":"Steam Power","floor":7},{"not_picked":["Reprogram","Stack","Streamline+1"],"picked":"SKIP","floor":10}],"player_experience":1088051,"relics_obtained":[{"floor":7,"key":"ReplayTheSpireMod:Lightbulb"},{"floor":9,"key":"Akabeko"}],"event_choices":[{"damage_healed":0,"gold_gain":0,"player_choice":"Lose Max HP","damage_taken":0,"relics_obtained":["Golden Idol"],"max_hp_gain":0,"max_hp_loss":7,"event_name":"Golden Idol","floor":2,"gold_loss":0},{"damage_healed":0,"gold_gain":0,"player_choice":"Got Potions","damage_taken":0,"max_hp_gain":0,"max_hp_loss":0,"event_name":"Lab","floor":11,"gold_loss":0}],"is_beta":false,"boss_relics":[],"items_purged_floors":[],"is_endless":false,"potions_floor_spawned":[4,7],"killed_by":"Lagavulin","ascension_level":20}}