{"host":"ufl0k2so27eic2iy","time":1608043572,"event":{"mods":["BaseMod","Minty Spire (QoL Compilation)","StSLib","The Animator"],"gold_per_floor":[119,119,44,59,88,88,136,173,200,239,219,245,245,293,293,399,399,426,457,280,280,308,308,308],"floor_reached":23,"playtime":1239,"items_purged":["animator:Strike","animator:Strike"],"score":355,"play_id":"01005671-badc-4070-b223-e025daf6b289","local_time":"20201215144612","is_ascension_mode":true,"campfire_choices":[{"data":"animator:HidekiHinata","floor":6,"key":"SMITH"},{"floor":13,"key":"REST"},{"data":"animator:Sora","floor":15,"key":"SMITH"}],"circlet_count":0,"master_deck":["AscendersBane","animator:Strike_AngelBeats+1","animator:Defend_AngelBeats+1","animator:Strike+1","animator:Defend+1","animator:Defend+1","animator:Defend+1","animator:HidekiHinata+1","animator:MasamiIwasawa","animator:Shinoa","animator:GuildGirl","animator:Noda","animator:EriShiina","animator:DolaRiku","animator:Sora+1","animator:DolaCouronne","animator:DolaSchwi","animator:IzunaHatsuse","animator:Elesis","animator:DolaStephanie","animator:Noda","animator:Mikaela","animator:Shinoa","animator:Shirosaki+1"],"relics":["animator:LivingPicture","animator:TheMissingPiece","Golden Idol","Dream Catcher","animator:ShionDessert","Ornamental Fan","SlaversCollar"],"acts_visited":["Exordium","TheCity"],"potions_floor_usage":[7,16,16],"damage_taken":[{"damage":8,"enemies":"Small Slimes","floor":1,"turns":4},{"damage":0,"enemies":"2 Louse","floor":4,"turns":3},{"damage":0,"enemies":"Cultist","floor":5,"turns":3},{"damage":5,"enemies":"3 Sentries","floor":7,"turns":8},{"damage":7,"enemies":"Looter","floor":8,"turns":4},{"damage":28,"enemies":"Gremlin Nob","floor":10,"turns":5},{"damage":3,"enemies":"Exordium Thugs","floor":12,"turns":2},{"damage":2,"enemies":"Lots of Slimes","floor":14,"turns":2},{"damage":19,"enemies":"Slime Boss","floor":16,"turns":14},{"damage":10,"enemies":"Shell Parasite","floor":18,"turns":8},{"damage":0,"enemies":"3 Byrds","floor":19,"turns":5},{"damage":0,"enemies":"Centurion and Healer","floor":22,"turns":9},{"damage":52,"enemies":"Book of Stabbing","floor":23,"turns":7}],"seed_played":"7786242948459459657","potions_obtained":[{"floor":5,"key":"DistilledChaos"},{"floor":7,"key":"LiquidMemories"},{"floor":11,"key":"animator:FalseLifePotion"},{"floor":19,"key":"FearPotion"}],"is_trial":false,"path_per_floor":["M","?","$","M","M","R","E","M","T","E","?","M","R","M","R","B",null,"M","M","$","?","M","E"],"character_chosen":"THE_ANIMATOR","items_purchased":["animator:Mikaela","animator:Shinoa"],"campfire_rested":1,"item_purchase_floors":[20,20],"current_hp_per_floor":[52,52,52,52,52,52,48,41,41,14,14,11,30,28,28,17,52,44,44,44,44,44,0,0],"gold":308,"neow_bonus":"TEN_PERCENT_HP_BONUS","is_daily":false,"chose_seed":true,"campfire_upgraded":2,"win_rate":0.0,"timestamp":1608043572,"path_taken":["M","?","$","M","M","R","E","M","T","E","?","M","R","?","R","BOSS","M","M","$","?","M","E"],"items_purchased_type":["Card","Card"],"build_version":"2020-12-13","purchased_purges":2,"victory":false,"max_hp_per_floor":[66,60,60,60,60,60,61,61,61,62,62,62,63,63,63,63,63,65,65,65,65,65,65,65],"card_choices":[{"not_picked":["animator:LizardPriest","animator:DwarfShaman"],"picked":"animator:Shinoa","floor":1},{"not_picked":["animator:Ara","animator:Konayuki"],"picked":"animator:GuildGirl","floor":4},{"not_picked":["animator:NoriSakurada","animator:Elsword"],"picked":"animator:Noda","floor":5},{"not_picked":["animator:Chaa","animator:MasamiIwasawa"],"picked":"animator:EriShiina","floor":7},{"not_picked":["animator:Azekura","animator:TsurugaMeisai"],"picked":"animator:DolaRiku","floor":8},{"not_picked":["animator:Azekura","animator:Lu"],"picked":"animator:Sora","floor":10},{"not_picked":["animator:Spearman","animator:DolaRiku"],"picked":"animator:DolaCouronne","floor":12},{"not_picked":["animator:IzunaHatsuse","animator:FielNirvalen"],"picked":"animator:DolaSchwi","floor":13},{"not_picked":["animator:Shiro","animator:DolaCouronne"],"picked":"animator:IzunaHatsuse","floor":14},{"not_picked":["animator:Enju","animator:KanadeTachibana"],"picked":"animator:Elesis","floor":16},{"not_picked":["animator:Ara","animator:Jibril"],"picked":"animator:DolaStephanie","floor":18},{"not_picked":["animator:Yoichi+1","animator:Ara"],"picked":"animator:Noda","floor":19},{"not_picked":["animator:Yusa","animator:HidekiHinata"],"picked":"animator:Shirosaki+1","floor":22}],"player_experience":2289113,"relics_obtained":[{"floor":7,"key":"Dream Catcher"},{"floor":9,"key":"animator:ShionDessert"},{"floor":10,"key":"Ornamental Fan"}],"event_choices":[{"damage_healed":0,"gold_gain":0,"player_choice":"Lose Max HP","damage_taken":0,"relics_obtained":["Golden Idol"],"max_hp_gain":0,"max_hp_loss":6,"event_name":"Golden Idol","floor":2,"gold_loss":0},{"damage_healed":0,"gold_gain":0,"player_choice":"Bought 1 Potion","damage_taken":0,"max_hp_gain":0,"max_hp_loss":0,"event_name":"The Woman in Blue","floor":11,"gold_loss":0},{"damage_healed":0,"gold_gain":0,"player_choice":"Simplicity","damage_taken":0,"max_hp_gain":0,"max_hp_loss":0,"event_name":"Back to Basics","floor":21,"gold_loss":0,"cards_upgraded":["animator:Strike_AngelBeats","animator:Defend_AngelBeats","animator:Strike","animator:Defend","animator:Defend","animator:Defend"]}],"is_beta":false,"boss_relics":[{"not_picked":["Coffee Dripper","Pandora\u0027s Box"],"picked":"SlaversCollar"}],"items_purged_floors":[3,20],"is_endless":false,"potions_floor_spawned":[5,7,19],"killed_by":"Book of Stabbing","ascension_level":15}}