{"host":"i9wanet4r0ff4t9y","time":1608022167,"event":{"mods":["2.2 Compatiblity","Act Like it!","BaseMod","Better Altar","Better Match","Better Note","Better Sensory Stone","Better Skull","Better Third Choice","Better Vampires","BetterRewards","CapriCore","Downfall","Minty Spire (QoL Compilation)","READ ME - Guardian Mod","READ ME - Snecko Mod","Relic Stats","Replay The Spire","Spicy Shops","StSLib","The Disciple","Waifu the Spire"],"gold_per_floor":[109,128,142,142,26,26,45,45,45,95,112,140,154,154,154,254,254,272,289,289,289,61,88,28,56,107,107,132,132,150,178,178,278,278,297,149,162,178,178,213,213,241,265,45,45,62,94,2,2,2,2,2,2,28,28],"floor_reached":56,"playtime":1973,"items_purged":[],"score":2243,"play_id":"fa254902-f6da-4e47-bd6f-2227b993ca8d","local_time":"20201215094927","is_ascension_mode":true,"campfire_choices":[{"data":"ReplayTheSpireMod:Brewmster","floor":6,"key":"SMITH"},{"data":"ReplayReversal","floor":8,"key":"SMITH"},{"data":"Life Link","floor":15,"key":"SMITH"},{"data":"Whirlwind","floor":27,"key":"SMITH"},{"floor":32,"key":"RECALL"},{"floor":41,"key":"DIG"},{"floor":49,"key":"DIG"},{"floor":52,"key":"DIG"}],"circlet_count":0,"master_deck":["Strike_R","Strike_R+1","Strike_R","Strike_R+1","Strike_R","Defend_R","Defend_R","Defend_R","Bash","Writhe","Metallicize","Anger","Sadistic Nature","ReplayTheSpireMod:Brewmster+1","Power Through","Ghostly Armor","Pummel","ReplayReversal+1","Pain","Hallucinations","Thunderclap","Carnage","Dropkick","Writhe","ReplayReversal","Disarm","Life Link+1","Amnesia","Bludgeon","Ghostly Armor","Flex","Whirlwind+1","J.A.X.","Rupture","Bludgeon","Flame Barrier+1","Clumsy","Pot Of Greed","Pot Of Greed","Pot Of Greed","Pot Of Greed","Rage","Combust","Havoc+1","Hallucinations","Demon Form","CurseOfTheBell","Carnage","Metallicize+1","Anger+1","Guardian:Aged","Pot Of Greed","Rupture+1","Hemogenesis+1","ReplayTheSpireMod:Brewmster+1","Madness","Madness","Parasite","Life Link","Feel No Pain+1","Fire Breathing+1"],"relics":["Burning Blood","Strawberry","ClockworkSouvenir","Replay:Rubber Ducky","Simple Rune","Pondfish Scales","Coffee Dripper","WarpedTongs","ReplayTheSpireMod:CursedCoin","Gremlin Food","Torii","Ring of Misfortune","Ring of Greed","Garlic","ReplayFunnel","ChewingGum","PreservedInsect","Turnip","Replay:Mystery Machine","Grinning Jar","Shovel","ReplayTheSpireMod:TigerMarble","Calling Bell","Toy Ornithopter","Golden Egg","Ice Cream","Potion Belt","Iron Hammer","Bag of Marbles","Blood Vial","DollysMirror","Strange Spoon","Pet Ghost","Replay:Bottled Flurry","Snack Pack","Bag of Preparation"],"acts_visited":["Exordium","TheCity","TheBeyond","TheEnding"],"potions_floor_usage":[11,11,12,12,12,12,16,16,16,16,16,18,19,23,23,25,28,28,30,33,33,33,33,33,35,37,40,40,50,50,50,50,50,54,54,54,54,54,54,55,55,55,55,55,55,55,55],"damage_taken":[{"damage":0,"enemies":"Cultist","floor":1,"turns":4},{"damage":0,"enemies":"2 Louse","floor":2,"turns":3},{"damage":0,"enemies":"Jaw Worm","floor":3,"turns":3},{"damage":14,"enemies":"3 Louse","floor":7,"turns":2},{"damage":0,"enemies":"Blue Slaver","floor":11,"turns":3},{"damage":0,"enemies":"Lagavulin","floor":12,"turns":4},{"damage":7,"enemies":"Large Slime","floor":13,"turns":4},{"damage":0,"enemies":"Fading Forest","floor":16,"turns":11},{"damage":0,"enemies":"Shell Parasite","floor":18,"turns":4},{"damage":1,"enemies":"2 Thieves","floor":19,"turns":5},{"damage":2,"enemies":"Gremlin Leader","floor":23,"turns":3},{"damage":10,"enemies":"Book of Stabbing","floor":25,"turns":3},{"damage":10,"enemies":"Gremlin Leader","floor":28,"turns":6},{"damage":11,"enemies":"Snecko","floor":30,"turns":4},{"damage":0,"enemies":"Slavers","floor":31,"turns":3},{"damage":2,"enemies":"Automaton","floor":33,"turns":9},{"damage":17,"enemies":"3 Shapes","floor":35,"turns":2},{"damage":0,"enemies":"3 Darklings","floor":37,"turns":3},{"damage":0,"enemies":"Maw","floor":38,"turns":7},{"damage":3,"enemies":"Nemesis","floor":40,"turns":3},{"damage":0,"enemies":"R_Hoarder","floor":42,"turns":7},{"damage":0,"enemies":"Writhing Mass","floor":46,"turns":5},{"damage":0,"enemies":"Reptomancer","floor":47,"turns":4},{"damage":4,"enemies":"Donu and Deca","floor":50,"turns":8},{"damage":1,"enemies":"Shield and Spear","floor":54,"turns":6},{"damage":6,"enemies":"The Heart","floor":55,"turns":8}],"seed_played":"956836275354151995","potions_obtained":[{"floor":7,"key":"DistilledChaos"},{"floor":11,"key":"champ:CounterPotion"},{"floor":13,"key":"Explosive Potion"},{"floor":18,"key":"SteroidPotion"},{"floor":23,"key":"ColorlessPotion"},{"floor":25,"key":"Ancient Potion"},{"floor":28,"key":"Cursed Concoction"},{"floor":33,"key":"hexamod:EctoCoolerPotion"},{"floor":40,"key":"Toxic Potion"},{"floor":47,"key":"Doom Potion"}],"is_trial":false,"path_per_floor":["M","M","M","?","$","R","M","R","T","?","M","E","M","T","R","B",null,"M","M","?","?","$","E","?","E","T","R","E","?","M","E","R","B",null,"M","$","M","M","?","E","R","E","T","$","?","M","E","$","R","B",null,"R","$","E","B",null],"character_chosen":"IRONCLAD","items_purchased":["Strawberry","ClockworkSouvenir","Replay:Rubber Ducky","Simple Rune","Metallicize","Flex","Anger","Sadistic Nature","ReplayTheSpireMod:CursedCoin","Gremlin Food","Thunderclap","Carnage","Rupture","PreservedInsect","Potion Belt","DollysMirror","Strange Spoon","Feel No Pain"],"campfire_rested":0,"item_purchase_floors":[0,0,0,0,0,0,0,0,5,5,5,5,22,22,36,44,44,48],"current_hp_per_floor":[49,55,61,61,61,61,53,53,53,53,76,87,86,86,86,87,87,87,87,87,87,87,87,87,83,83,83,87,87,82,87,87,87,87,76,76,87,87,87,87,87,87,87,87,76,87,87,87,87,87,87,87,87,87,87],"gold":28,"neow_bonus":"","is_daily":false,"chose_seed":false,"campfire_upgraded":4,"win_rate":0.0,"timestamp":1608022167,"path_taken":["M","M","M","?","$","R","?","R","T","?","M","E","M","?","R","BOSS","M","M","?","?","$","E","?","E","T","R","E","?","M","E","R","BOSS","M","$","?","M","?","E","R","E","T","$","?","M","E","?","R","BOSS","R","$","E","BOSS"],"items_purchased_type":["Relic","Relic","Relic","Relic","Card","Card","Card","Card","Relic","Relic","Card","Card","Card","Relic","Relic","Relic","Relic","Card"],"build_version":"2020-12-13","purchased_purges":0,"victory":true,"max_hp_per_floor":[87,87,87,87,87,87,87,87,87,87,87,87,87,87,87,87,87,87,87,87,87,87,87,87,87,87,87,87,87,87,87,87,87,87,87,87,87,87,87,87,87,87,87,87,87,87,87,87,87,87,87,87,87,87,87],"relic_stats":{"Blood Vial":2,"Strange Spoon":[26],"Shovel":3,"Torii":25,"counters":[156,749],"PreservedInsect":417,"Turnip":[5],"Bag of Preparation":[2],"obtain_stats":[{"Golden Egg":34,"Sling":47,"Old Coin":24,"Blood Vial":22,"Replay:Ringing Soul":47,"Sundial":17,"MealTicket":26,"Replay:Bottled Flurry":49,"Kunai":10,"Replay:Wax Seal":0,"Electric Blood":17,"ReplayTheSpireMod:Ring of Addiction":36,"Replay:Ancient Bell":34,"Akabeko":31,"Bird Faced Urn":9,"Mark of Pain":17,"Regal Pillow":24,"Lantern":34,"Torii":47,"Singing Bowl":0,"Magic Flower":0,"StoneCalendar":0,"King of Hearts":47,"Replay:Multitool":25,"Bag of Preparation":54,"Cursed Key":34,"Burning Blood":0,"Pet Ghost":44,"Replay:Rubber Ducky":34,"Shovel":34,"Toolbox":0,"Chemical X":21,"InkBottle":34,"Paper Frog":23,"Potion Belt":36,"Lee\u0027s Waffle":44,"PreservedInsect":22,"Omamori":42,"Ring of Greed":10,"MawBank":27,"Busted Crown":17,"Bloody Idol":22,"Ring of Misfortune":36,"betterThird:SlimedRelic":3,"Turnip":23,"Art of War":40,"Garlic":12,"ReplayTheSpireMod:Lightbulb":27,"Toy Ornithopter":28,"Ice Cream":6,"Calipers":6,"Nilry\u0027s Codex":22,"CeramicFish":24,"Vajra":8,"Lizard Tail":42,"Centennial Puzzle":2,"HornCleat":52,"FaceOfCleric":13,"DollysMirror":44,"Strawberry":10,"Prayer Wheel":40,"Iron Hammer":9,"Toxic Egg 2":36,"Girya":23,"Happy Flower":14,"ReplayTheSpireMod:CursedCoin":19,"Dead Branch":17,"Oddly Smooth Stone":41,"Letter Opener":9,"Replay:Kaleidoscope":37,"WarpedTongs":29,"Bottled Flame":26,"Replay:Baseball":38,"ReplayTheSpireMod:Shallot":27,"Shuriken":34,"Bronze Scales":45,"Molten Egg 2":43,"Onion Ring":54,"Simple Rune":27,"ReplayTheSpireMod:TigerMarble":23,"Grinning Jar":6,"ReplayFunnel":14,"Replay:PocketPolymizer":34,"Mango":40,"Juzu Bracelet":19,"Replay:Mystery Machine":26,"ClockworkSouvenir":44,"Nunchaku":45,"Chameleon Ring":49,"Pantograph":0,"Red Mask":41,"Red Skull":17,"Gremlin Food":37,"BargainBundle":19,"ReplayTheSpireMod:Ninjato":48,"Quantum Egg":42,"Replay:WaspNest":3,"Odd Mushroom":12,"Orichalcum":43,"White Beast Statue":36,"Mercury Hourglass":43,"Calling Bell":17,"Strange Spoon":44,"CaptainsWheel":0,"Anchor":38,"Pondfish Scales":0,"ChewingGum":17,"Another Sword":47,"Snack Pack":28,"Bag of Marbles":0,"Coffee Dripper":0,"Membership Card":24,"FossilizedHelix":12,"TungstenRod":7},{"Golden Egg":146,"Sling":102,"Old Coin":92,"Blood Vial":39,"Replay:Ringing Soul":102,"Sundial":11,"MealTicket":14,"Replay:Bottled Flurry":153,"Kunai":33,"Replay:Wax Seal":28,"Electric Blood":62,"ReplayTheSpireMod:Ring of Addiction":47,"Replay:Ancient Bell":46,"Akabeko":94,"Bird Faced Urn":7,"Mark of Pain":37,"Regal Pillow":14,"Lantern":46,"Torii":77,"Singing Bowl":104,"Magic Flower":28,"StoneCalendar":55,"King of Hearts":102,"Replay:Multitool":117,"Bag of Preparation":155,"Cursed Key":19,"Burning Blood":0,"Pet Ghost":75,"Replay:Rubber Ducky":122,"Shovel":46,"Toolbox":28,"Chemical X":13,"InkBottle":122,"Paper Frog":40,"Potion Belt":47,"Lee\u0027s Waffle":75,"PreservedInsect":140,"Omamori":100,"Ring of Greed":134,"MawBank":92,"Busted Crown":112,"Bloody Idol":39,"Ring of Misfortune":47,"betterThird:SlimedRelic":105,"Turnip":141,"Art of War":49,"Garlic":136,"ReplayTheSpireMod:Lightbulb":92,"Toy Ornithopter":92,"Ice Cream":83,"Calipers":32,"Nilry\u0027s Codex":13,"CeramicFish":66,"Vajra":7,"Lizard Tail":24,"Centennial Puzzle":105,"HornCleat":54,"FaceOfCleric":9,"DollysMirror":151,"Strawberry":85,"Prayer Wheel":23,"Iron Hammer":33,"Toxic Egg 2":20,"Girya":115,"Happy Flower":36,"ReplayTheSpireMod:CursedCoin":113,"Dead Branch":11,"Oddly Smooth Stone":75,"Letter Opener":60,"Replay:Kaleidoscope":73,"WarpedTongs":67,"Bottled Flame":41,"Replay:Baseball":97,"ReplayTheSpireMod:Shallot":67,"Shuriken":46,"Bronze Scales":127,"Molten Egg 2":24,"Onion Ring":55,"Simple Rune":118,"ReplayTheSpireMod:TigerMarble":66,"Grinning Jar":106,"ReplayFunnel":137,"Replay:PocketPolymizer":122,"Mango":99,"Juzu Bracelet":113,"Replay:Mystery Machine":66,"ClockworkSouvenir":75,"Nunchaku":51,"Chameleon Ring":53,"Pantograph":55,"Red Mask":23,"Red Skull":11,"Gremlin Food":47,"BargainBundle":89,"ReplayTheSpireMod:Ninjato":129,"Quantum Egg":50,"Replay:WaspNest":29,"Odd Mushroom":9,"Orichalcum":100,"White Beast Statue":47,"Mercury Hourglass":75,"Calling Bell":11,"Strange Spoon":151,"CaptainsWheel":0,"Anchor":123,"Pondfish Scales":130,"ChewingGum":138,"Another Sword":102,"Snack Pack":92,"Bag of Marbles":104,"Coffee Dripper":130,"Membership Card":66,"FossilizedHelix":34,"TungstenRod":59},{"Golden Egg":696,"Sling":464,"Old Coin":431,"Blood Vial":183,"Replay:Ringing Soul":464,"Sundial":38,"MealTicket":52,"Replay:Bottled Flurry":727,"Kunai":146,"Replay:Wax Seal":125,"Electric Blood":319,"ReplayTheSpireMod:Ring of Addiction":228,"Replay:Ancient Bell":224,"Akabeko":436,"Bird Faced Urn":28,"Mark of Pain":174,"Regal Pillow":52,"Lantern":224,"Torii":381,"Singing Bowl":473,"Magic Flower":125,"StoneCalendar":286,"King of Hearts":464,"Replay:Multitool":528,"Bag of Preparation":741,"Cursed Key":81,"Burning Blood":0,"Pet Ghost":375,"Replay:Rubber Ducky":565,"Shovel":224,"Toolbox":125,"Chemical X":46,"InkBottle":565,"Paper Frog":188,"Potion Belt":228,"Lee\u0027s Waffle":375,"PreservedInsect":668,"Omamori":460,"Ring of Greed":637,"MawBank":431,"Busted Crown":501,"Bloody Idol":183,"Ring of Misfortune":228,"betterThird:SlimedRelic":475,"Turnip":671,"Art of War":239,"Garlic":644,"ReplayTheSpireMod:Lightbulb":431,"Toy Ornithopter":431,"Ice Cream":404,"Calipers":142,"Nilry\u0027s Codex":46,"CeramicFish":335,"Vajra":28,"Lizard Tail":102,"Centennial Puzzle":475,"HornCleat":280,"FaceOfCleric":32,"DollysMirror":718,"Strawberry":409,"Prayer Wheel":101,"Iron Hammer":146,"Toxic Egg 2":85,"Girya":519,"Happy Flower":161,"ReplayTheSpireMod:CursedCoin":506,"Dead Branch":38,"Oddly Smooth Stone":375,"Letter Opener":306,"Replay:Kaleidoscope":363,"WarpedTongs":338,"Bottled Flame":193,"Replay:Baseball":448,"ReplayTheSpireMod:Shallot":338,"Shuriken":224,"Bronze Scales":593,"Molten Egg 2":102,"Onion Ring":286,"Simple Rune":534,"ReplayTheSpireMod:TigerMarble":335,"Grinning Jar":479,"ReplayFunnel":648,"Replay:PocketPolymizer":565,"Mango":458,"Juzu Bracelet":506,"Replay:Mystery Machine":335,"ClockworkSouvenir":375,"Nunchaku":256,"Chameleon Ring":267,"Pantograph":286,"Red Mask":101,"Red Skull":38,"Gremlin Food":228,"BargainBundle":422,"ReplayTheSpireMod:Ninjato":608,"Quantum Egg":245,"Replay:WaspNest":129,"Odd Mushroom":32,"Orichalcum":460,"White Beast Statue":228,"Mercury Hourglass":375,"Calling Bell":38,"Strange Spoon":718,"CaptainsWheel":0,"Anchor":570,"Pondfish Scales":625,"ChewingGum":659,"Another Sword":464,"Snack Pack":431,"Bag of Marbles":473,"Coffee Dripper":625,"Membership Card":335,"FossilizedHelix":150,"TungstenRod":303}],"Burning Blood":868,"Toy Ornithopter":54,"WarpedTongs":[158]},"card_choices":[{"not_picked":["Anger","Dual Wield"],"picked":"Ghostly Armor","floor":1},{"not_picked":["Dual Wield","Perfected Strike"],"picked":"Pummel","floor":2},{"not_picked":["Searing Blow","True Grit"],"picked":"ReplayReversal","floor":3},{"not_picked":["Clash","Headbutt"],"picked":"Dropkick","floor":7},{"not_picked":["Twin Strike","Flex"],"picked":"ReplayReversal","floor":11},{"not_picked":["Clash","ReplayTheSpireMod:LeadingStrike"],"picked":"Disarm","floor":12},{"not_picked":["Entrench","Battle Trance"],"picked":"Life Link","floor":13},{"not_picked":["Double Tap","Juggernaut"],"picked":"Bludgeon","floor":16},{"not_picked":["Clash","Perfected Strike"],"picked":"Ghostly Armor","floor":18},{"not_picked":["True Grit+1","Replay:Undeath\u0027s Touch"],"picked":"Flex","floor":19},{"not_picked":["Twin Strike","Warcry"],"picked":"Bludgeon","floor":23},{"not_picked":["Defy Death","Hemokinesis"],"picked":"Flame Barrier+1","floor":25},{"not_picked":["Twin Strike","Battle Trance"],"picked":"Rage","floor":28},{"not_picked":["Intimidate","Sever Soul"],"picked":"Combust","floor":30},{"not_picked":["ReplayReversal+1","Whirlwind"],"picked":"Havoc+1","floor":31},{"not_picked":["Immolate","Feed"],"picked":"Demon Form","floor":33},{"not_picked":["Pommel Strike","Clash"],"picked":"Carnage","floor":35},{"not_picked":["Sentinel+1","Sword Boomerang"],"picked":"Metallicize+1","floor":37},{"not_picked":["Massacre","ReplayTheSpireMod:Strike From Hell"],"picked":"Anger+1","floor":38},{"not_picked":["Twin Strike","Power Through"],"picked":"Rupture+1","floor":40},{"not_picked":["Iron Wave","Sword Boomerang+1"],"picked":"Hemogenesis","floor":42},{"not_picked":["Headbutt+1","Shrug It Off","Body Slam+1"],"picked":"SKIP","floor":46},{"not_picked":["Blood for Blood","Combust+1"],"picked":"Life Link","floor":47},{"not_picked":["Body Slam+1","Metallicize"],"picked":"Fire Breathing+1","floor":54}],"player_experience":353930,"relics_obtained":[{"floor":9,"key":"Torii"},{"floor":10,"key":"Ring of Misfortune"},{"floor":10,"key":"Ring of Greed"},{"floor":12,"key":"Garlic"},{"floor":14,"key":"ReplayFunnel"},{"floor":23,"key":"Turnip"},{"floor":25,"key":"Replay:Mystery Machine"},{"floor":26,"key":"Grinning Jar"},{"floor":28,"key":"Shovel"},{"floor":31,"key":"ReplayTheSpireMod:TigerMarble"},{"floor":34,"key":"Toy Ornithopter"},{"floor":34,"key":"Golden Egg"},{"floor":34,"key":"Ice Cream"},{"floor":40,"key":"Iron Hammer"},{"floor":41,"key":"Bag of Marbles"},{"floor":42,"key":"Blood Vial"},{"floor":47,"key":"Pet Ghost"},{"floor":49,"key":"Replay:Bottled Flurry"},{"floor":52,"key":"Snack Pack"},{"floor":54,"key":"Bag of Preparation"}],"event_choices":[{"damage_healed":0,"gold_gain":0,"player_choice":"Rummage","damage_taken":0,"relics_obtained":["WarpedTongs"],"max_hp_gain":0,"max_hp_loss":0,"event_name":"Accursed Blacksmith","floor":4,"gold_loss":0,"cards_obtained":["Pain"]},{"damage_healed":0,"gold_gain":0,"player_choice":"Read","damage_taken":0,"max_hp_gain":0,"max_hp_loss":0,"event_name":"The Library","floor":20,"gold_loss":0,"cards_obtained":["Whirlwind"]},{"damage_healed":0,"gold_gain":0,"player_choice":"Obtain J.A.X.","damage_taken":0,"max_hp_gain":0,"max_hp_loss":0,"event_name":"Drug Dealer","floor":21,"gold_loss":0,"cards_obtained":["J.A.X."]},{"damage_healed":0,"gold_gain":0,"player_choice":"Bought 0 Potions","damage_taken":0,"max_hp_gain":0,"max_hp_loss":0,"event_name":"The Woman in Blue","floor":29,"gold_loss":0},{"cards_removed":["Flex"],"damage_healed":0,"gold_gain":0,"player_choice":"Removed Skill","damage_taken":0,"max_hp_gain":0,"max_hp_loss":0,"event_name":"Falling","floor":39,"gold_loss":0},{"damage_healed":0,"gold_gain":0,"player_choice":"Embrace Madness","damage_taken":11,"max_hp_gain":0,"max_hp_loss":0,"event_name":"Winding Halls","floor":45,"gold_loss":0,"cards_obtained":["Madness","Madness"]}],"is_beta":false,"boss_relics":[{"not_picked":["Black Star","Snecko Eye"],"picked":"ChewingGum"},{"not_picked":["Black Blood","Kintsugi"],"picked":"Calling Bell"}],"items_purged_floors":[],"is_endless":false,"potions_floor_spawned":[7,11,13,18,23,25,28,33,35,40,47],"ascension_level":4}}