{"host":"2461dio7vetlq1z3","time":1608046774,"event":{"mods":["2.2 Compatiblity","AchievementEnabler","BaseMod","Downfall","Hermit","Lobotomy","Marisa????????","Minty Spire (QoL Compilation)","Relic Stats","Spicy Shops","StSLib","Waifu the Spire"],"gold_per_floor":[113,124,49,99,115,115,133,166,192,226,245,261,261,307,307,385,385,398,448,46,66,66,66,84,119,173,173,205,220,220,244,244,316,316,328,343,3,30,42,78,105,125,125,125,11,11,11,27,27,27,27,27,27,27,27,27],"floor_reached":55,"playtime":2891,"items_purged":[],"score":1869,"play_id":"f666da31-4a7b-4dd6-ad1b-b1dee50bc7d4","local_time":"20201215163934","is_ascension_mode":true,"campfire_choices":[{"floor":6,"key":"RECALL"},{"floor":15,"key":"REST"},{"floor":23,"key":"REST"},{"floor":27,"key":"REST"},{"floor":32,"key":"REST"},{"floor":44,"key":"REST"},{"floor":46,"key":"REST"},{"floor":49,"key":"REST"},{"floor":53,"key":"REST"}],"circlet_count":0,"master_deck":["AscendersBane","Defend_R+1","Defend_R+1","Defend_R+1","Defend_R+1","Bash","Clothesline","Iron Wave","Second Wind","Battle Trance","Sever Soul","Cleave","Burning Pact","Feel No Pain","Juggernaut","Dual Wield","Offering","Dark Embrace","expansioncontent:StudyTheSpire","Shockwave","Impervious","Havoc","Bite","Bite","Bite","Bite","Bite","Demon Form","Battle Trance+1","Feel No Pain","Apotheosis","True Grit","Reaper","Bloodletting"],"relics":["Fusion Hammer","PreservedInsect","Strawberry","Tiny Chest","Happy Flower","Bag of Marbles","Empty Cage","Ornamental Fan","Champion Belt","MealTicket","Philosopher\u0027s Stone","CeramicFish","Letter Opener","Magic Flower"],"acts_visited":["Exordium","TheCity","TheBeyond","TheEnding"],"potions_floor_usage":[8,10,16,33,33,40,41,55],"damage_taken":[{"damage":7,"enemies":"Jaw Worm","floor":1,"turns":4},{"damage":0,"enemies":"Small Slimes","floor":2,"turns":3},{"damage":0,"enemies":"Cultist","floor":5,"turns":3},{"damage":0,"enemies":"Blue Slaver","floor":7,"turns":4},{"damage":8,"enemies":"Lagavulin","floor":8,"turns":7},{"damage":5,"enemies":"3 Sentries","floor":10,"turns":6},{"damage":0,"enemies":"Exordium Wildlife","floor":11,"turns":3},{"damage":16,"enemies":"Large Slime","floor":12,"turns":6},{"damage":26,"enemies":"The Guardian","floor":16,"turns":10},{"damage":13,"enemies":"Spheric Guardian","floor":18,"turns":4},{"damage":23,"enemies":"2 Thieves","floor":21,"turns":4},{"damage":7,"enemies":"3 Cultists","floor":24,"turns":5},{"damage":17,"enemies":"Slavers","floor":25,"turns":3},{"damage":32,"enemies":"Book of Stabbing","floor":28,"turns":5},{"damage":0,"enemies":"Centurion and Healer","floor":29,"turns":7},{"damage":46,"enemies":"Collector","floor":33,"turns":8},{"damage":16,"enemies":"Orb Walker","floor":35,"turns":4},{"damage":31,"enemies":"3 Darklings","floor":36,"turns":4},{"damage":37,"enemies":"Transient","floor":39,"turns":6},{"damage":0,"enemies":"Nemesis","floor":40,"turns":7},{"damage":70,"enemies":"4 Shapes","floor":41,"turns":4},{"damage":35,"enemies":"Writhing Mass","floor":42,"turns":7},{"damage":28,"enemies":"Sphere and 2 Shapes","floor":48,"turns":7},{"damage":161,"enemies":"Awakened One","floor":50,"turns":12},{"damage":92,"enemies":"Time Eater","floor":51,"turns":13},{"damage":82,"enemies":"Shield and Spear","floor":55,"turns":2}],"seed_played":"1654563150728835522","potions_obtained":[{"floor":2,"key":"ColorlessPotion"},{"floor":7,"key":"SkillPotion"},{"floor":11,"key":"Strength Potion"},{"floor":16,"key":"CultistPotion"},{"floor":21,"key":"Energy Potion"},{"floor":35,"key":"GamblersBrew"},{"floor":36,"key":"PowerPotion"}],"is_trial":false,"path_per_floor":["M","M","?","?","M","R","M","E","T","E","M","M","?","T","R","B",null,"M","T","$","M","?","R","M","E","T","R","E","M","?","T","R","B",null,"M","M","$","T","M","E","M","M","T","R","$","R","?","M","R","B","B",null,"R","$","E"],"character_chosen":"IRONCLAD","items_purchased":["Offering","Dark Embrace","expansioncontent:StudyTheSpire","Feel No Pain","Apotheosis","True Grit","PowerPotion"],"campfire_rested":8,"item_purchase_floors":[20,20,20,37,37,37,45],"current_hp_per_floor":[61,61,61,54,54,54,54,46,53,48,48,32,32,32,56,30,69,56,56,56,35,35,59,54,39,39,63,33,35,35,35,59,21,67,57,32,47,47,37,53,38,45,45,69,82,82,78,78,78,78,78,78,78,78,0,0],"gold":27,"neow_bonus":"BOSS_RELIC","is_daily":false,"chose_seed":false,"campfire_upgraded":0,"win_rate":0.0,"timestamp":1608046774,"path_taken":["M","M","?","?","M","R","M","E","T","E","?","M","?","?","R","BOSS","M","?","$","M","?","R","M","E","T","R","E","M","?","?","R","BOSS","M","M","$","?","M","E","M","M","T","R","$","R","?","M","R","BOSS","BOSS","R","$","E"],"items_purchased_type":["Card","Card","Card","Card","Card","Card","Potion"],"build_version":"2020-12-13","purchased_purges":0,"victory":false,"max_hp_per_floor":[75,75,75,75,75,75,75,75,82,82,82,82,82,82,82,82,82,82,82,82,82,82,82,82,82,82,82,82,82,82,82,82,82,82,82,82,82,82,82,82,82,82,82,82,82,82,78,78,78,78,78,78,78,78,78,78],"relic_stats":{"Happy Flower":[37],"counters":[26,148],"Ornamental Fan":[80],"CeramicFish":18,"Magic Flower":[79],"Tiny Chest":2,"MealTicket":28,"PreservedInsect":244,"Champion Belt":[53],"Letter Opener":[132],"obtain_stats":[{"Happy Flower":13,"CeramicFish":38,"Magic Flower":43,"PreservedInsect":8,"Letter Opener":40,"Empty Cage":17,"Burning Blood":0,"Blood Vial":19,"Ornamental Fan":25,"Strawberry":9,"Tiny Chest":10,"MealTicket":31,"Philosopher\u0027s Stone":34,"Fusion Hammer":0,"Bag of Marbles":14,"Champion Belt":28},{"Happy Flower":8,"CeramicFish":18,"Magic Flower":22,"PreservedInsect":5,"Letter Opener":20,"Empty Cage":9,"Burning Blood":0,"Blood Vial":10,"Ornamental Fan":13,"Strawberry":5,"Tiny Chest":6,"MealTicket":15,"Philosopher\u0027s Stone":16,"Fusion Hammer":0,"Bag of Marbles":8,"Champion Belt":14},{"Happy Flower":36,"CeramicFish":90,"Magic Flower":114,"PreservedInsect":21,"Letter Opener":103,"Empty Cage":46,"Burning Blood":0,"Blood Vial":50,"Ornamental Fan":62,"Strawberry":21,"Tiny Chest":27,"MealTicket":74,"Philosopher\u0027s Stone":82,"Fusion Hammer":0,"Bag of Marbles":36,"Champion Belt":67}]},"card_choices":[{"not_picked":["Infernal Blade","Twin Strike"],"picked":"Clothesline","floor":1},{"not_picked":["Headbutt","Clothesline"],"picked":"Iron Wave","floor":2},{"not_picked":["Clothesline","Sever Soul"],"picked":"Second Wind","floor":5},{"not_picked":["Fire Breathing","Clash"],"picked":"Battle Trance","floor":7},{"not_picked":["Perfected Strike","Heavy Blade"],"picked":"Sever Soul","floor":8},{"not_picked":["Havoc","Sever Soul"],"picked":"Cleave","floor":10},{"not_picked":["Wild Strike","Warcry"],"picked":"Burning Pact","floor":11},{"not_picked":["Wild Strike","Whirlwind"],"picked":"Feel No Pain","floor":12},{"not_picked":["Bludgeon","Brutality"],"picked":"Juggernaut","floor":16},{"not_picked":["Flex","Body Slam"],"picked":"Dual Wield","floor":18},{"not_picked":["Whirlwind","Heavy Blade+1"],"picked":"Shockwave","floor":21},{"not_picked":["Entrench","Thunderclap","Cleave"],"picked":"SKIP","floor":24},{"not_picked":["Anger","Clash","Armaments"],"picked":"SKIP","floor":25},{"not_picked":["Searing Blow","Perfected Strike+1"],"picked":"Impervious","floor":28},{"not_picked":["Reckless Charge","Warcry"],"picked":"Havoc","floor":29},{"not_picked":["Immolate","Impervious"],"picked":"Demon Form","floor":33},{"not_picked":["Clothesline","Clash","Uppercut"],"picked":"SKIP","floor":35},{"not_picked":["Clash+1","Anger"],"picked":"Battle Trance+1","floor":36},{"not_picked":["Warcry","Anger+1","Armaments+1"],"picked":"SKIP","floor":39},{"not_picked":["Dropkick","Limit Break"],"picked":"Reaper","floor":40},{"not_picked":["Twin Strike","Warcry+1"],"picked":"Bloodletting","floor":41},{"not_picked":["Fire Breathing","Sword Boomerang","Thunderclap+1"],"picked":"SKIP","floor":42},{"not_picked":["Sword Boomerang","Sever Soul","Heavy Blade+1"],"picked":"SKIP","floor":48}],"player_experience":840495,"relics_obtained":[{"floor":8,"key":"PreservedInsect"},{"floor":9,"key":"Strawberry"},{"floor":10,"key":"Tiny Chest"},{"floor":14,"key":"Bag of Marbles"},{"floor":19,"key":"Blood Vial"},{"floor":25,"key":"Ornamental Fan"},{"floor":28,"key":"Champion Belt"},{"floor":31,"key":"MealTicket"},{"floor":38,"key":"CeramicFish"},{"floor":40,"key":"Letter Opener"},{"floor":43,"key":"Magic Flower"}],"event_choices":[{"cards_removed":["Strike_R"],"damage_healed":0,"gold_gain":0,"player_choice":"Card Removal","damage_taken":0,"max_hp_gain":0,"max_hp_loss":0,"event_name":"The Cleric","floor":3,"gold_loss":75},{"damage_healed":0,"gold_gain":50,"player_choice":"Touch","damage_taken":7,"max_hp_gain":0,"max_hp_loss":0,"event_name":"FaceTrader","floor":4,"gold_loss":0},{"damage_healed":0,"gold_gain":0,"player_choice":"Box","damage_taken":0,"relics_obtained":["Happy Flower"],"max_hp_gain":0,"max_hp_loss":0,"event_name":"Big Fish","floor":13,"gold_loss":0,"cards_obtained":["Regret"]},{"damage_healed":0,"gold_gain":0,"player_choice":"Simplicity","damage_taken":0,"max_hp_gain":0,"max_hp_loss":0,"event_name":"Back to Basics","floor":22,"gold_loss":0,"cards_upgraded":["Strike_R","Strike_R","Strike_R","Defend_R","Defend_R","Defend_R","Defend_R"]},{"damage_healed":0,"gold_gain":0,"player_choice":"Became a vampire (Vial)","damage_taken":0,"max_hp_gain":0,"max_hp_loss":0,"event_name":"Vampires","floor":30,"relics_lost":["Blood Vial"],"gold_loss":0,"cards_obtained":["Bite","Bite","Bite","Bite","Bite"]},{"damage_healed":0,"gold_gain":0,"player_choice":"Max HP","damage_taken":0,"max_hp_gain":0,"max_hp_loss":4,"event_name":"Winding Halls","floor":47,"gold_loss":0}],"is_beta":false,"boss_relics":[{"not_picked":["Tiny House","Astrolabe"],"picked":"Empty Cage"},{"not_picked":["Coffee Dripper","Runic Dome"],"picked":"Philosopher\u0027s Stone"}],"items_purged_floors":[],"is_endless":false,"potions_floor_spawned":[2,7,11,16,21,25,28,35,36],"killed_by":"Shield and Spear","ascension_level":20}}