{"host":"5mo0809oo9tcrmpl","time":1608074684,"event":{"mods":["BaseMod","Highlight Path","Minty Spire (QoL Compilation)","Relic Stats","Slay the Relics Exporter"],"gold_per_floor":[110,128,203,216,216,256,256,23,99,99,99],"floor_reached":10,"playtime":317,"items_purged":["Strike_R"],"score":132,"play_id":"b3f95978-3de9-4039-b072-c5a07a0a3181","local_time":"20201215172444","is_ascension_mode":true,"campfire_choices":[{"floor":7.0,"key":"REST"}],"circlet_count":0,"master_deck":["AscendersBane","Strike_R","Strike_R","Strike_R","Strike_R","Defend_R","Defend_R","Defend_R","Defend_R","Bash+1","Cleave","Pommel Strike","Cleave","Iron Wave+1"],"relics":["Burning Blood","Gremlin Horn","Golden Idol","Molten Egg 2","ClockworkSouvenir","InkBottle"],"acts_visited":["Exordium"],"potions_floor_usage":[],"damage_taken":[{"damage":1.0,"enemies":"Cultist","floor":1.0,"turns":3.0},{"damage":2.0,"enemies":"2 Louse","floor":2.0,"turns":2.0},{"damage":3.0,"enemies":"Small Slimes","floor":4.0,"turns":3.0},{"damage":37.0,"enemies":"Gremlin Nob","floor":6.0,"turns":5.0},{"damage":48,"enemies":"Lagavulin","floor":10,"turns":6}],"seed_played":"-3458074334966196374","potions_obtained":[{"floor":1.0,"key":"HeartOfIron"}],"is_trial":false,"path_per_floor":["M","M","T","M","?","E","R","$","T","E"],"character_chosen":"IRONCLAD","items_purchased":["ClockworkSouvenir"],"campfire_rested":1,"item_purchase_floors":[8],"current_hp_per_floor":[73,75,75,75,49,18,40,40,40,0,0],"gold":99,"neow_bonus":"UPGRADE_CARD","is_daily":false,"chose_seed":false,"campfire_upgraded":0,"win_rate":0.0,"timestamp":1608074684,"path_taken":["M","M","?","M","?","E","R","$","T","E"],"items_purchased_type":["Relic"],"build_version":"2020-12-13","purchased_purges":1,"victory":false,"max_hp_per_floor":[75,75,75,75,75,75,75,75,75,75,75],"relic_stats":{"Gremlin Horn":[1,1],"counters":[5,19],"Golden Idol":8,"obtain_stats":[{"Gremlin Horn":3,"Golden Idol":5,"Molten Egg 2":6,"Burning Blood":0,"InkBottle":9,"ClockworkSouvenir":8},{"Gremlin Horn":2,"Golden Idol":3,"Molten Egg 2":4,"Burning Blood":0,"InkBottle":4,"ClockworkSouvenir":4},{"Gremlin Horn":5,"Golden Idol":8,"Molten Egg 2":13,"Burning Blood":0,"InkBottle":13,"ClockworkSouvenir":13}],"Burning Blood":19,"InkBottle":[1]},"card_choices":[{"not_picked":["Rage","Headbutt"],"picked":"Cleave","floor":1.0},{"not_picked":["Havoc","Sword Boomerang"],"picked":"Pommel Strike","floor":2.0},{"not_picked":["Flex","Anger"],"picked":"Cleave","floor":4.0},{"not_picked":["Twin Strike+1","Feel No Pain"],"picked":"Iron Wave+1","floor":6.0}],"player_experience":1263628,"relics_obtained":[{"floor":3.0,"key":"Gremlin Horn"},{"floor":6.0,"key":"Molten Egg 2"},{"floor":9.0,"key":"InkBottle"}],"event_choices":[{"damage_healed":0.0,"max_hp_gain":0.0,"max_hp_loss":0.0,"gold_gain":0.0,"event_name":"Golden Idol","player_choice":"Take Damage","floor":5.0,"gold_loss":0.0,"damage_taken":26.0,"relics_obtained":["Golden Idol"]}],"is_beta":false,"boss_relics":[],"items_purged_floors":[8],"is_endless":false,"potions_floor_spawned":[1],"killed_by":"Lagavulin","ascension_level":20}}