{"host":"cv6i479uilws7tk5","time":1608057492,"event":{"mods":["BaseMod","Better Altar","Better Match","Better Note","Better Sensory Stone","Better Skull","Better Third Choice","Energized Spire","Highlight Path","Minty Spire (QoL Compilation)","Rare Cards Sparkle","Relic Stats","StSLib"],"gold_per_floor":[360,15,29,41,41,41,68,68,113,146,162,196,276,287,287,386,386,398,398,620,67,78,78,110,10,81,81,9,22,22,33,33,33,33],"floor_reached":33,"playtime":1074,"items_purged":["Injury","Strike_R"],"score":404,"play_id":"e1d7f45a-5d69-441d-b7ff-9ad4a992c3d5","local_time":"20201215113812","is_ascension_mode":true,"campfire_choices":[{"data":"Cleave","floor":6,"key":"SMITH"},{"floor":15,"key":"REST"},{"floor":23,"key":"REST"},{"floor":27,"key":"REST"},{"data":"Demon Form","floor":30,"key":"SMITH"},{"data":"Shockwave","floor":32,"key":"SMITH"}],"circlet_count":0,"master_deck":["Defend_R","Defend_R","Defend_R","Defend_R","Bash","Disarm","Heavy Blade","Iron Wave","Cleave+1","Headbutt","Thunderclap","Impervious","Second Wind+1","Juggernaut+1","Berserk+1","Demon Form+1","Shockwave+1"],"relics":["Burning Blood","Singing Bowl","Orichalcum","Happy Flower","White Beast Statue","Peace Pipe","Letter Opener","Astrolabe","Bronze Scales","Self Forming Clay","Ice Cream","Meat on the Bone","Kunai"],"acts_visited":["Exordium","TheCity"],"potions_floor_usage":[14,16,16,22,24,33,33],"damage_taken":[{"damage":5,"enemies":"2 Louse","floor":1,"turns":3},{"damage":4,"enemies":"Cultist","floor":3,"turns":3},{"damage":4,"enemies":"Jaw Worm","floor":4,"turns":4},{"damage":19,"enemies":"Gremlin Nob","floor":7,"turns":4},{"damage":21,"enemies":"Lagavulin","floor":10,"turns":7},{"damage":14,"enemies":"Exordium Thugs","floor":11,"turns":5},{"damage":25,"enemies":"3 Sentries","floor":12,"turns":5},{"damage":4,"enemies":"Red Slaver","floor":14,"turns":3},{"damage":18,"enemies":"Slime Boss","floor":16,"turns":6},{"damage":16,"enemies":"Spheric Guardian","floor":18,"turns":4},{"damage":5,"enemies":"Shell Parasite","floor":22,"turns":6},{"damage":30,"enemies":"Book of Stabbing","floor":24,"turns":5},{"damage":9,"enemies":"Snake Plant","floor":29,"turns":4},{"damage":32,"enemies":"Shelled Parasite and Fungi","floor":31,"turns":7},{"damage":63,"enemies":"Automaton","floor":33,"turns":6}],"seed_played":"-6299529110955006351","potions_obtained":[{"floor":10,"key":"Strength Potion"},{"floor":11,"key":"GamblersBrew"},{"floor":12,"key":"EssenceOfSteel"},{"floor":14,"key":"AttackPotion"},{"floor":16,"key":"CultistPotion"},{"floor":18,"key":"BlessingOfTheForge"},{"floor":22,"key":"FearPotion"},{"floor":24,"key":"PowerPotion"}],"is_trial":false,"path_per_floor":["M","$","M","M","?","R","E","$","T","E","M","E","T","M","R","B",null,"M","?","?","$","M","R","E","$","T","R","$","M","R","M","R","B"],"character_chosen":"IRONCLAD","items_purchased":["Heavy Blade","Singing Bowl","Self Forming Clay","Ice Cream","Shockwave"],"campfire_rested":3,"item_purchase_floors":[2,2,21,21,28],"current_hp_per_floor":[80,80,80,80,80,80,69,69,69,54,48,31,31,33,58,46,76,68,51,14,14,17,44,22,22,22,49,49,60,60,48,48,0,0],"gold":33,"neow_bonus":"TWO_FIFTY_GOLD","is_daily":false,"chose_seed":false,"campfire_upgraded":3,"win_rate":0.0,"timestamp":1608057492,"path_taken":["M","$","M","M","?","R","E","?","T","E","?","E","?","M","R","BOSS","M","?","?","$","?","R","E","$","T","R","?","M","R","M","R","BOSS"],"items_purchased_type":["Card","Relic","Relic","Relic","Card"],"build_version":"2020-12-13","purchased_purges":2,"victory":false,"max_hp_per_floor":[80,80,80,80,80,80,82,82,82,82,84,86,86,86,86,86,86,88,88,88,88,90,90,92,92,92,92,92,94,94,96,96,96,96],"relic_stats":{"Singing Bowl":16,"Happy Flower":[19],"counters":[15,72],"Self Forming Clay":[48],"Astrolabe":["Second Wind","Juggernaut","Berserk"],"Letter Opener":[6],"Orichalcum":[84],"Burning Blood":79,"Peace Pipe":0,"Bronze Scales":[126],"Kunai":[0],"obtain_stats":[{"Ice Cream":21,"Singing Bowl":2,"Happy Flower":9,"Self Forming Clay":21,"Astrolabe":17,"Letter Opener":13,"Orichalcum":7,"Burning Blood":0,"White Beast Statue":10,"Peace Pipe":12,"Bronze Scales":20,"Kunai":26,"Meat on the Bone":24},{"Ice Cream":10,"Singing Bowl":1,"Happy Flower":4,"Self Forming Clay":10,"Astrolabe":9,"Letter Opener":7,"Orichalcum":4,"Burning Blood":0,"White Beast Statue":5,"Peace Pipe":7,"Bronze Scales":10,"Kunai":12,"Meat on the Bone":12},{"Ice Cream":44,"Singing Bowl":3,"Happy Flower":14,"Self Forming Clay":44,"Astrolabe":40,"Letter Opener":31,"Orichalcum":14,"Burning Blood":0,"White Beast Statue":21,"Peace Pipe":31,"Bronze Scales":44,"Kunai":55,"Meat on the Bone":55}],"Meat on the Bone":24},"card_choices":[{"not_picked":["Havoc","Rupture"],"picked":"Disarm","floor":1},{"not_picked":["Anger","Dark Embrace"],"picked":"Iron Wave","floor":3},{"not_picked":["Sever Soul","Twin Strike"],"picked":"Cleave","floor":4},{"not_picked":["Flex","Body Slam","Blood for Blood"],"picked":"Singing Bowl","floor":7},{"not_picked":["Wild Strike","Power Through"],"picked":"Headbutt","floor":10},{"not_picked":["Cleave","Burning Pact","Havoc"],"picked":"Singing Bowl","floor":11},{"not_picked":["Perfected Strike","Blood for Blood","Reckless Charge"],"picked":"Singing Bowl","floor":12},{"not_picked":["Rage","Uppercut"],"picked":"Thunderclap","floor":14},{"not_picked":["Exhume","Berserk"],"picked":"Impervious","floor":16},{"not_picked":["Second Wind","Havoc","Iron Wave"],"picked":"Singing Bowl","floor":18},{"not_picked":["Rage+1","Combust","Twin Strike"],"picked":"Singing Bowl","floor":22},{"not_picked":["Feel No Pain","Perfected Strike","Rage"],"picked":"Singing Bowl","floor":24},{"not_picked":["True Grit+1","Clash","Evolve+1"],"picked":"Singing Bowl","floor":29},{"not_picked":["Iron Wave+1","Seeing Red+1","Blood for Blood+1"],"picked":"Singing Bowl","floor":31}],"player_experience":322084,"relics_obtained":[{"floor":7,"key":"Orichalcum"},{"floor":9,"key":"Happy Flower"},{"floor":10,"key":"White Beast Statue"},{"floor":12,"key":"Peace Pipe"},{"floor":13,"key":"Letter Opener"},{"floor":24,"key":"Meat on the Bone"},{"floor":26,"key":"Kunai"}],"event_choices":[{"cards_removed":["Strike_R"],"damage_healed":0,"gold_gain":0,"player_choice":"Purged","damage_taken":0,"max_hp_gain":0,"max_hp_loss":0,"event_name":"Purifier","floor":5,"gold_loss":0},{"damage_healed":0,"gold_gain":2,"player_choice":"2","damage_taken":0,"max_hp_gain":0,"max_hp_loss":17,"event_name":"betterStone:BetterStone","floor":19,"gold_loss":0},{"damage_healed":0,"gold_gain":222,"player_choice":"GO GO RE ","damage_taken":41,"relics_obtained":["Bronze Scales"],"max_hp_gain":0,"max_hp_loss":0,"event_name":"betterSkull:BetterSkull","floor":20,"gold_loss":0,"cards_upgraded":[]}],"is_beta":false,"boss_relics":[{"not_picked":["Black Blood","energizedSpire:DecayingSkull"],"picked":"Astrolabe"}],"items_purged_floors":[2,25],"is_endless":false,"potions_floor_spawned":[10,11,12,14,16,18,22,24,29,31],"killed_by":"Automaton","ascension_level":5}}