{"host":"4nqeo0vu1vuav7gg","time":1608056918,"event":{"mods":["AchievementEnabler","BaseMod","Block Reminder","Colored Map","Colored Powertips","Highlight Path","Minty Spire (QoL Compilation)","Quick Restart","Rare Cards Sparkle","Relic Relevance Reorder","StSLib"],"gold_per_floor":[113,113,113,126,137,165,165,2,26,26,41,56,56,72,72,173,173,184,8,0,0,0,0,0,0,0],"floor_reached":25,"playtime":1058,"items_purged":["Decay"],"score":299,"play_id":"5d1ad4ef-c7e1-4a72-980f-f9f77417825c","local_time":"20201215192838","is_ascension_mode":true,"campfire_choices":[{"floor":7.0,"key":"REST"},{"floor":13.0,"key":"REST"},{"floor":15.0,"key":"REST"},{"data":"Creative AI","floor":23.0,"key":"SMITH"}],"circlet_count":0,"master_deck":["AscendersBane","Defend_B","Defend_B","Defend_B","Defend_B","Zap","Dualcast","Buffer","Beam Cell","Defragment","Creative AI+1","Static Discharge","Sweeping Beam","Conserve Battery","Coolheaded","Genetic Algorithm","Seek","FTL","Loop","Glacier","Barrage","Self Repair","Go for the Eyes","Storm"],"relics":["Cracked Core","White Beast Statue","Strawberry","Potion Belt","Empty Cage"],"acts_visited":["Exordium","TheCity"],"potions_floor_usage":[25],"damage_taken":[{"damage":0.0,"enemies":"Cultist","floor":1.0,"turns":3.0},{"damage":15.0,"enemies":"2 Louse","floor":4.0,"turns":3.0},{"damage":15.0,"enemies":"Small Slimes","floor":5.0,"turns":3.0},{"damage":28.0,"enemies":"Gremlin Nob","floor":6.0,"turns":5.0},{"damage":11.0,"enemies":"Blue Slaver","floor":11.0,"turns":4.0},{"damage":2.0,"enemies":"3 Louse","floor":12.0,"turns":3.0},{"damage":31.0,"enemies":"Exordium Wildlife","floor":14.0,"turns":5.0},{"damage":39.0,"enemies":"The Guardian","floor":16.0,"turns":11.0},{"damage":5.0,"enemies":"Chosen","floor":18.0,"turns":8.0},{"damage":20.0,"enemies":"2 Thieves","floor":20.0,"turns":5.0},{"damage":40,"enemies":"Gremlin Leader","floor":25,"turns":2}],"seed_played":"-8647651517886487401","potions_obtained":[{"floor":6.0,"key":"SteroidPotion"},{"floor":11.0,"key":"Fire Potion"},{"floor":12.0,"key":"Energy Potion"},{"floor":14.0,"key":"DuplicationPotion"},{"floor":16.0,"key":"LiquidMemories"},{"floor":18.0,"key":"AttackPotion"},{"floor":20.0,"key":"ColorlessPotion"}],"is_trial":false,"path_per_floor":["M","?","?","M","M","E","R","$","T","?","M","M","R","M","R","B",null,"M","$","M","?","$","R","?","E"],"character_chosen":"DEFECT","items_purchased":["Static Discharge","Sweeping Beam","Loop","Glacier","Barrage"],"campfire_rested":3,"item_purchase_floors":[8,8,19,19,19],"current_hp_per_floor":[68,68,68,53,38,10,34,34,34,39,28,26,50,19,43,4,63,58,58,38,38,38,38,38,0,0],"gold":0,"neow_bonus":"ONE_RANDOM_RARE_CARD","is_daily":false,"chose_seed":false,"campfire_upgraded":1,"win_rate":0.0,"timestamp":1608056918,"path_taken":["M","?","?","?","M","E","R","?","T","?","M","M","R","M","R","BOSS","M","?","M","?","$","R","?","E"],"items_purchased_type":["Card","Card","Card","Card","Card"],"build_version":"2020-12-13","purchased_purges":1,"victory":false,"max_hp_per_floor":[75,82,82,82,82,82,82,82,82,82,82,82,82,82,82,82,82,82,82,82,82,82,82,82,82,82],"card_choices":[{"not_picked":["Steam","Auto Shields"],"picked":"Beam Cell","floor":1.0},{"not_picked":["Sweeping Beam","Gash"],"picked":"Defragment","floor":4.0},{"not_picked":["Compile Driver","Reprogram"],"picked":"Turbo","floor":5.0},{"not_picked":["Steam","Sweeping Beam"],"picked":"Creative AI","floor":6.0},{"not_picked":["Skim","Double Energy"],"picked":"Conserve Battery","floor":11.0},{"not_picked":["Redo","Leap"],"picked":"Coolheaded","floor":12.0},{"not_picked":["Gash","Creative AI"],"picked":"Genetic Algorithm","floor":14.0},{"not_picked":["Hyperbeam","Biased Cognition"],"picked":"Seek","floor":16.0},{"not_picked":["Reprogram+1","Rebound"],"picked":"FTL","floor":18.0},{"not_picked":["Steam","Fusion"],"picked":"Self Repair","floor":20.0}],"player_experience":939346,"relics_obtained":[{"floor":6.0,"key":"White Beast Statue"},{"floor":9.0,"key":"Potion Belt"}],"event_choices":[{"damage_healed":0.0,"max_hp_gain":0.0,"max_hp_loss":0.0,"gold_gain":0.0,"event_name":"Scrap Ooze","player_choice":"Success","floor":2.0,"gold_loss":0.0,"damage_taken":7.0,"relics_obtained":["Strawberry"]},{"damage_healed":0.0,"max_hp_gain":0.0,"max_hp_loss":0.0,"gold_gain":0.0,"event_name":"Wheel of Change","player_choice":"Cursed","floor":3.0,"gold_loss":0.0,"damage_taken":0.0,"cards_obtained":["Decay"]},{"cards_removed":["Turbo"],"damage_healed":5.0,"max_hp_gain":0.0,"max_hp_loss":0.0,"gold_gain":0.0,"event_name":"Bonfire Elementals","player_choice":"Offered Common","floor":10.0,"gold_loss":0.0,"damage_taken":0.0},{"cards_removed":["Turbo"],"damage_healed":5.0,"max_hp_gain":0.0,"max_hp_loss":0.0,"gold_gain":0.0,"event_name":"Bonfire Elementals","player_choice":"Offered Special","floor":10.0,"gold_loss":0.0,"damage_taken":0.0},{"damage_healed":0.0,"max_hp_gain":0.0,"max_hp_loss":0.0,"gold_gain":0.0,"event_name":"Ghosts","player_choice":"Ignored","floor":21.0,"gold_loss":0.0,"damage_taken":0.0},{"damage_healed":0.0,"max_hp_gain":0.0,"max_hp_loss":0.0,"gold_gain":0.0,"cards_transformed":["Strike_B","Strike_B"],"event_name":"Drug Dealer","player_choice":"Became Test Subject","floor":24.0,"gold_loss":0.0,"damage_taken":0.0,"cards_obtained":["Go for the Eyes","Storm"]}],"is_beta":false,"boss_relics":[{"not_picked":["Fusion Hammer","Tiny House"],"picked":"Empty Cage"}],"items_purged_floors":[8],"is_endless":false,"potions_floor_spawned":[6,11,12,14,16,18,20],"killed_by":"Gremlin Leader","ascension_level":10}}