{"host":"faxec7zdkweurczj","time":1608042412,"event":{"mods":["Ascension Reborn","BaseMod","Colored Powertips","Conspire","Highlight Path","Minty Spire (QoL Compilation)","Replay The Spire","Shop Mod","StSLib","TestMod","[IsaacMod]ÒÔÈö¼âËþ","vexMod","óô»ðÖ¸ÄÏ"],"gold_per_floor":[119,119,22,22,34,34,74,74,74,97,133,175,175,175,175,294,294,306,306,322,338,13,50,50,85,85,107,127,127,127,144,182,232,232,357,357,376,408,498,348,361,399,399,413,558,577,590,609,568,610,610,610,610,644,378,63,99,99],"floor_reached":56,"playtime":2923,"items_purged":["Strike_R+1","Strike_R+1","Strike_R+1","Strike_R+1","Defend_R+1","Defend_R+1","Defend_R+1"],"score":400,"play_id":"880e7c54-27fd-4b73-bc28-b13445000047","local_time":"20201215222652","is_ascension_mode":true,"campfire_choices":[{"data":"Pommel Strike","floor":6.0,"key":"SMITH"},{"data":"Cleave","floor":13.0,"key":"SMITH"},{"data":"Body Slam","floor":15.0,"key":"SMITH"},{"data":"Pommel Strike","floor":34,"key":"SMITH"},{"data":"Body Slam","floor":43,"key":"SMITH"},{"data":"Heavy Blade","floor":51,"key":"SMITH"},{"data":"Inflame","floor":52,"key":"SMITH"}],"circlet_count":0,"master_deck":["Defend_R+1","Bash+1","BettingIsNotGood","Pommel Strike+1","Feed","Inflame+1","Cleave+1","Body Slam+1","Spot Weakness+1","Shrug It Off+1","Metallicize","Pommel Strike+1","Heavy Blade+1","Body Slam+1","Thunderclap+1","Double Tap+1","Berserk","Metallicize","Pommel Strike+1","Shrug It Off+1","Inflame+1","Shrug It Off"],"relics":["Burning Blood","testmod-TestBox","HushsDoor","testmod-BatchProcessingSystem","GuppysPaw","Bag of Marbles","Bottled Flame","BookOfRevelations","testmod-BlackFramedGlasses","SatanicBible","Tiny Chest","MerchantsRug","vexMod:ScavengeHelm","Bronze Scales","MutagenicStrength","Charon\u0027s Ashes","Ginger","MyShadow","MomsKnife","MoneyPower","GuppysTail","ReplayTheSpireMod:Shallot","GnawedLeaf","Tiny House","Ice Cream","conspire:SpecialSausage","conspire:Boomerang","Paper Frog","testmod-CrystalShield","testmod-IndustrialRevolution","testmod-KeyOfTheVoid"],"acts_visited":["Exordium","TheCity","TheBeyond"],"potions_floor_usage":[16,54,55,55,55,55,55,55,55],"damage_taken":[{"damage":7.0,"enemies":"conspire:RoseBush","floor":1.0,"turns":2.0},{"damage":3.0,"enemies":"Jaw Worm","floor":5.0,"turns":2.0},{"damage":0.0,"enemies":"Replay:BlueRogue","floor":7.0,"turns":2.0},{"damage":0.0,"enemies":"Small Slimes","floor":10.0,"turns":1.0},{"damage":0.0,"enemies":"conspire:2 RoseBushes","floor":11.0,"turns":1.0},{"damage":4.0,"enemies":"3 Sentries","floor":12.0,"turns":4.0},{"damage":0,"enemies":"Hexaghost","floor":16,"turns":3},{"damage":9,"enemies":"Shell Parasite","floor":18,"turns":1},{"damage":2,"enemies":"2 Thieves","floor":20,"turns":1},{"damage":13,"enemies":"conspire:HollyBat","floor":21,"turns":4},{"damage":7,"enemies":"Slavers","floor":23,"turns":2},{"damage":0,"enemies":"Snecko","floor":25,"turns":1},{"damage":0,"enemies":"Snake Plant","floor":27,"turns":2},{"damage":0,"enemies":"Sentry and Sphere","floor":28,"turns":2},{"damage":0,"enemies":"Shelled Parasite and Fungi","floor":31,"turns":1},{"damage":0,"enemies":"conspire:Head Lice","floor":32,"turns":2},{"damage":4,"enemies":"conspire:MysteriousRune","floor":35,"turns":4},{"damage":0,"enemies":"3 Darklings","floor":37,"turns":1},{"damage":0,"enemies":"3 Shapes","floor":38,"turns":2},{"damage":0,"enemies":"Spire Growth","floor":41,"turns":1},{"damage":0,"enemies":"Nemesis","floor":42,"turns":3},{"damage":0,"enemies":"4 Shapes","floor":44,"turns":1},{"damage":0,"enemies":"Sphere and 2 Shapes","floor":46,"turns":1},{"damage":0,"enemies":"Spire Growth","floor":47,"turns":2},{"damage":0,"enemies":"Maw","floor":48,"turns":1},{"damage":0,"enemies":"R_Hoarder","floor":50,"turns":2},{"damage":0,"enemies":"Shield and Spear","floor":54,"turns":1},{"damage":0,"enemies":"Shield and Spear","floor":54,"turns":1},{"damage":0,"enemies":"Delirium","floor":55,"turns":22}],"seed_played":"2819346164256157015","potions_obtained":[{"floor":0.0,"key":"AttackPotion"},{"floor":0.0,"key":"Venom Potion"},{"floor":1.0,"key":"EssenceOfSteel"},{"floor":11.0,"key":"testmod-SpacePotion"},{"floor":16,"key":"Fire Potion"},{"floor":20,"key":"Fire Potion"},{"floor":25,"key":"Toxic Potion"},{"floor":31,"key":"FearPotion"},{"floor":31,"key":"Adrenaline Potion"},{"floor":32,"key":"DuplicationPotion"},{"floor":37,"key":"Strength Potion"},{"floor":54,"key":"testmod-SpacePotion"},{"floor":54,"key":"Explosive Potion"},{"floor":54,"key":"HeartOfIron"}],"is_trial":false,"path_per_floor":["M","?","$","?","M","R","E","T","T","M","M","E","R","?","R","B",null,"M","?","M","M","$","E","?","M","T","M","M","PTL","PTL","M","E","?","R","B",null,"M","M","T","$","M","E","R","M","T","M","M","M","$","E","R","R","$","E","R","$","E","B",null],"character_chosen":"IRONCLAD","items_purchased":["Pommel Strike","SatanicBible","Tiny Chest","MerchantsRug","Metallicize","vexMod:ScavengeHelm","Pommel Strike","GuppysTail","Berserk","Metallicize","Inflame","Paper Frog","HeartOfIron","Shrug It Off","testmod-CrystalShield","testmod-IndustrialRevolution","Ancient Potion"],"campfire_rested":0,"item_purchase_floors":[3,17,22,22,22,22,22,36,36,40,49,52,52,53,53,53,53],"current_hp_per_floor":[85,90,90,90,90,90,90,90,90,93,96,99,99,92,92,107,92,91,91,95,92,92,98,98,101,101,104,104,104,104,104,107,92,92,107,92,92,95,95,95,98,101,101,101,106,109,112,112,112,112,112,112,112,112,112,112,112,117],"gold":99,"neow_bonus":"THREE_SMALL_POTIONS","is_daily":false,"chose_seed":false,"campfire_upgraded":7,"win_rate":0.0,"timestamp":1608042412,"path_taken":["M","?","$","?","M","R","E","?","T","M","M","E","R","?","R","BOSS","M","?","M","M","$","E","?","M","T","M","M","PTL","PTL","?","E","?","R","BOSS","M","M","?","$","M","E","R","M","T","M","?","M","$","E","R","R","$","E","R","$","E","BOSS"],"items_purchased_type":["Card","Relic","Relic","Relic","Card","Relic","Card","Relic","Card","Card","Card","Relic","Potion","Card","Relic","Relic","Potion"],"build_version":"2020-12-13","purchased_purges":7,"victory":true,"max_hp_per_floor":[85,90,90,90,90,90,90,90,90,93,96,99,99,99,99,107,92,92,92,95,95,95,98,98,101,101,104,104,104,104,104,107,107,107,112,92,92,95,95,95,98,101,101,101,106,109,112,112,112,112,112,112,112,112,112,112,112,117],"card_choices":[{"not_picked":[],"picked":"BettingIsNotGood","floor":0.0},{"not_picked":["Run Through+1","Sword Boomerang+1","Armaments"],"picked":"SKIP","floor":0.0},{"not_picked":["Clothesline","ReplayTheSpireMod:Strike From Hell","Blood for Blood"],"picked":"SKIP","floor":1.0},{"not_picked":["ReplayTheSpireMod:Corrosion Curse+1","Perfected Strike","Feel No Pain"],"picked":"SKIP","floor":5.0},{"not_picked":["Perfected Strike+1","True Grit"],"picked":"Feed","floor":7.0},{"not_picked":["Clothesline","Fire Breathing+1","Twin Strike"],"picked":"SKIP","floor":7.0},{"not_picked":["Run Through","True Grit+1"],"picked":"Inflame","floor":10.0},{"not_picked":["Iron Wave+1","Shockwave","Hemokinesis+1"],"picked":"SKIP","floor":11.0},{"not_picked":["True Grit","Heavy Blade"],"picked":"Cleave","floor":12.0},{"not_picked":["Anger","Wild Strike"],"picked":"Body Slam","floor":12.0},{"not_picked":["Sentinel+1","Perfected Strike+1"],"picked":"Spot Weakness+1","floor":18},{"not_picked":["Feel No Pain+1","ReplayTheSpireMod:Strike From Hell","Run Through+1"],"picked":"SKIP","floor":20},{"not_picked":["Rampage+1","Clash+1"],"picked":"Shrug It Off+1","floor":21},{"not_picked":["ReplayTheSpireMod:Stacked+1","Warcry"],"picked":"Heavy Blade","floor":23},{"not_picked":["Clash","Iron Wave"],"picked":"Body Slam","floor":25},{"not_picked":["Anger","conspire:Charge+1","Hemokinesis"],"picked":"SKIP","floor":27},{"not_picked":["Dual Wield","Ghostly Armor+1"],"picked":"Thunderclap+1","floor":28},{"not_picked":["Flex+1","conspire:HitWhereItHurts","True Grit"],"picked":"SKIP","floor":31},{"not_picked":["Ghostly Armor","Sword Boomerang","Combust"],"picked":"SKIP","floor":32},{"not_picked":["Brutality","Demonic Infusion"],"picked":"Double Tap","floor":35},{"not_picked":["Clothesline","Perfected Strike+1","ReplayTheSpireMod:Muscle Training"],"picked":"SKIP","floor":37},{"not_picked":["Sever Soul+1","Wild Strike+1","Dark Embrace"],"picked":"SKIP","floor":38},{"not_picked":["Blood for Blood","Flex+1"],"picked":"Pommel Strike+1","floor":41},{"not_picked":["Combust","Rupture","Reckless Charge+1"],"picked":"SKIP","floor":42},{"not_picked":["Carnage+1","Twin Strike"],"picked":"Shrug It Off+1","floor":44},{"not_picked":["Thunderclap+1","Body Slam+1","Perfected Strike"],"picked":"SKIP","floor":46},{"not_picked":["Infernal Blade","Armaments+1","Pummel"],"picked":"SKIP","floor":47},{"not_picked":["Perfected Strike+1","Cleave","Seeing Red+1"],"picked":"SKIP","floor":48},{"not_picked":["Iron Wave","Corruption","Spot Weakness"],"picked":"SKIP","floor":54},{"not_picked":["Hemogenesis","Disarm+1","Body Slam"],"picked":"SKIP","floor":54}],"player_experience":1224049,"relics_obtained":[{"floor":7.0,"key":"testmod-Hope"},{"floor":8.0,"key":"Matryoshka"},{"floor":8.0,"key":"Bag of Marbles"},{"floor":9.0,"key":"Bottled Flame"},{"floor":9.0,"key":"BookOfRevelations"},{"floor":12.0,"key":"ForgetMeNow"},{"floor":16,"key":"testmod-BlackFramedGlasses"},{"floor":23,"key":"Bronze Scales"},{"floor":25,"key":"Charon\u0027s Ashes"},{"floor":26,"key":"Potion Belt"},{"floor":26,"key":"Chaos"},{"floor":26,"key":"Ginger"},{"floor":28,"key":"MyShadow"},{"floor":32,"key":"MomsKnife"},{"floor":35,"key":"Brimstone"},{"floor":37,"key":"ReplayTheSpireMod:Shallot"},{"floor":39,"key":"Philosopher\u0027s Stone"},{"floor":39,"key":"Diplopia"},{"floor":42,"key":"GnawedLeaf"},{"floor":45,"key":"Tiny House"},{"floor":47,"key":"Ice Cream"},{"floor":50,"key":"conspire:SpecialSausage"},{"floor":54,"key":"conspire:Boomerang"},{"floor":54,"key":"testmod-KeyOfTheVoid"}],"event_choices":[{"damage_healed":0.0,"max_hp_gain":5.0,"max_hp_loss":0.0,"gold_gain":0.0,"event_name":"Big Fish","player_choice":"Donut","floor":2.0,"gold_loss":0.0,"damage_taken":0.0},{"damage_healed":0.0,"max_hp_gain":0.0,"max_hp_loss":0.0,"gold_gain":0.0,"event_name":"conspire:LoneGhost","player_choice":"Disagree","floor":4.0,"gold_loss":0.0,"damage_taken":0.0},{"cards_removed":["Strike_R"],"damage_healed":0.0,"max_hp_gain":0.0,"max_hp_loss":0.0,"gold_gain":0.0,"event_name":"Golden Wing","player_choice":"Card Removal","floor":14.0,"gold_loss":0.0,"damage_taken":7.0},{"damage_healed":0,"gold_gain":0,"player_choice":"Upgraded","damage_taken":0,"max_hp_gain":0,"max_hp_loss":0,"event_name":"Upgrade Shrine","floor":19,"gold_loss":0,"cards_upgraded":["Inflame"]},{"damage_healed":0,"gold_gain":0,"player_choice":"Inject Mutagens","damage_taken":0,"relics_obtained":["MutagenicStrength"],"max_hp_gain":0,"max_hp_loss":0,"event_name":"Drug Dealer","floor":24,"gold_loss":0}],"is_beta":false,"boss_relics":[{"not_picked":["Velvet Choker","testmod-Fanaticism"],"picked":"Electric Blood"},{"not_picked":[]},{"not_picked":["conspire:DeflatedDodgeball","Succubus"],"picked":"MoneyPower"},{"not_picked":[]}],"items_purged_floors":[3,17,22,36,40,49,53],"is_endless":false,"potions_floor_spawned":[10,16,18,27,28,31,32,37,38,44,47,54,54],"ascension_level":-20}}