{"host":"0cm5wy4nhuju7tij","time":1608016379,"event":{"mods":["2.2 Compatiblity","AchievementEnabler","BaseMod","Better Third Choice","BetterRewards","CCEM","Colored Powertips","Custom Start","Displayed Cursed Tome","Downfall","Filter the Spire","Fireblade Mod","Hermit","Highlight Path","Minty Spire (QoL Compilation)","Permanent Neow","Pikachu Mod","Railgun Mod","Shop Mod","Spicy Shops","StSLib","The Bladedancer","The Elementalist","TheWitcher"],"gold_per_floor":[120,131,151,6,24,24,35,35,35,35,35,45,45,73,73,176,176,189,189,224,243,69,69,69],"floor_reached":23,"playtime":1088,"items_purged":["TheRailgun:Strike","TheRailgun:Strike"],"score":201,"play_id":"ac2a3808-9e63-473a-9a4f-b2aa394403b3","local_time":"20201215021259","is_ascension_mode":true,"campfire_choices":[{"data":"TheRailgun:Heroinism","floor":6,"key":"SMITH"},{"data":"TheRailgun:Lightningbolt","floor":8,"key":"SMITH"},{"data":"TheRailgun:Thundershock","floor":11,"key":"SMITH"},{"data":"TheRailgun:Lightning_Speed","floor":13,"key":"SMITH"},{"floor":15,"key":"REST"}],"circlet_count":0,"master_deck":["TheRailgun:Strike","TheRailgun:Strike","TheRailgun:Defend","TheRailgun:Defend","TheRailgun:Defend","TheRailgun:Defend","TheRailgun:Discharge","TheRailgun:Static","TheRailgun:Zip","TheRailgun:Coin_Flip","TheRailgun:Thunderbolt","TheRailgun:Thundershock+1","TheRailgun:Heroinism+1","TheRailgun:Lightningbolt+1","TheRailgun:Biribiri","TheRailgun:Lightning_Speed+1","TheRailgun:Judgement_Officer","TheRailgun:Magnetic_Flight","TheRailgun:Iron_Dust_Field","TheRailgun:Zip+1","TheRailgun:Oneesama"],"relics":["TheRailgun:CoinRelic","CCEMRelics:OverlyComfyChair","Pear","Regal Pillow","CCEMRelics:GreenEgg","Red Mask"],"acts_visited":["Exordium","TheCity"],"potions_floor_usage":[23,23],"damage_taken":[{"damage":0,"enemies":"Cultist","floor":1,"turns":3},{"damage":2,"enemies":"Small Slimes","floor":2,"turns":2},{"damage":5,"enemies":"2 Louse","floor":3,"turns":2},{"damage":10,"enemies":"Large Slime","floor":5,"turns":4},{"damage":7,"enemies":"Exordium Thugs","floor":7,"turns":4},{"damage":4,"enemies":"Looter","floor":12,"turns":2},{"damage":18,"enemies":"Lagavulin","floor":14,"turns":4},{"damage":28,"enemies":"The Guardian","floor":16,"turns":9},{"damage":4,"enemies":"Chosen","floor":18,"turns":4},{"damage":35,"enemies":"Masked Bandits","floor":20,"turns":5},{"damage":10,"enemies":"Shell Parasite","floor":21,"turns":5},{"damage":40,"enemies":"Slavers","floor":23,"turns":4}],"seed_played":"6132120827109101347","potions_obtained":[{"floor":2,"key":"Explosive Potion"},{"floor":7,"key":"sneckomod:MuddlingPotion"},{"floor":12,"key":"ColorlessPotion"},{"floor":16,"key":"Block Potion"},{"floor":18,"key":"Fire Potion"}],"is_trial":false,"path_per_floor":["M","M","M","$","M","R","M","R","T","?","R","M","R","E","R","B",null,"M","?","?","M","$","E"],"character_chosen":"THE_DEFAULT","items_purchased":["TheRailgun:Lightningbolt","TheRailgun:Oneesama"],"campfire_rested":1,"item_purchase_floors":[4,22],"current_hp_per_floor":[70,68,63,63,53,53,46,46,46,56,56,52,52,35,74,46,80,77,77,42,35,35,0,0],"gold":69,"neow_bonus":"THREE_CARDS","is_daily":false,"chose_seed":false,"campfire_upgraded":4,"win_rate":0.0,"timestamp":1608016379,"path_taken":["M","M","M","$","M","R","M","R","T","?","R","M","R","E","R","BOSS","M","?","?","M","$","E"],"items_purchased_type":["Card","Card"],"build_version":"2020-12-13","purchased_purges":2,"victory":false,"max_hp_per_floor":[70,70,70,70,70,70,70,70,70,80,80,80,80,80,80,80,80,80,80,80,80,80,80,80],"card_choices":[{"not_picked":["TheRailgun:Zap","TheRailgun:Circuit_Breaker"],"picked":"TheRailgun:Coin_Flip","floor":0},{"not_picked":["TheRailgun:Static","TheRailgun:Negative_Field"],"picked":"TheRailgun:Thunderbolt","floor":1},{"not_picked":["TheRailgun:Coin_Flip","TheRailgun:Discharge"],"picked":"TheRailgun:Thundershock","floor":2},{"not_picked":["TheRailgun:Zap","TheRailgun:Thunderbolt"],"picked":"TheRailgun:Heroinism","floor":3},{"not_picked":["TheRailgun:Gekota_Phone","TheRailgun:Thunder","TheRailgun:Lightningbolt"],"picked":"SKIP","floor":5},{"not_picked":["TheRailgun:Aerial_Shot","TheRailgun:Push"],"picked":"TheRailgun:Biribiri","floor":7},{"not_picked":["TheRailgun:Battery_Pack","TheRailgun:Iron_Dust_Shield"],"picked":"TheRailgun:Lightning_Speed","floor":12},{"not_picked":["TheRailgun:Gekotamania","TheRailgun:Crackle"],"picked":"TheRailgun:Judgement_Officer","floor":14},{"not_picked":["TheRailgun:Thunder","TheRailgun:Judgement_Officer"],"picked":"TheRailgun:Magnetic_Flight","floor":16},{"not_picked":["TheRailgun:Coin_Flip+1","TheRailgun:Magnetic_Movement"],"picked":"TheRailgun:Iron_Dust_Field","floor":18},{"not_picked":["TheRailgun:Negative_Field","TheRailgun:Thunderjolt"],"picked":"TheRailgun:Zip+1","floor":20},{"not_picked":["TheRailgun:Zap","TheRailgun:Heroinism","TheRailgun:Iron_Dust_Sword"],"picked":"SKIP","floor":21}],"player_experience":226789,"relics_obtained":[{"floor":9,"key":"CCEMRelics:OverlyComfyChair"},{"floor":14,"key":"Regal Pillow"},{"floor":20,"key":"Red Mask"}],"event_choices":[{"damage_healed":0,"gold_gain":0,"player_choice":"Gave Potion","damage_taken":0,"relics_obtained":["Pear"],"max_hp_gain":0,"max_hp_loss":0,"event_name":"WeMeetAgain","floor":10,"gold_loss":0},{"damage_healed":0,"gold_gain":0,"player_choice":"Fought Bandits","damage_taken":0,"max_hp_gain":0,"max_hp_loss":0,"event_name":"Masked Bandits","floor":20,"gold_loss":0}],"is_beta":false,"boss_relics":[{"not_picked":["Busted Crown","SacredBark"],"picked":"CCEMRelics:GreenEgg"}],"items_purged_floors":[4,22],"is_endless":false,"potions_floor_spawned":[2,7,12,16,18,21],"killed_by":"Slavers","ascension_level":1}}