{"host":"Ian","time":1608052839,"event":{"mods":["BaseMod","Bestiary","Block Reminder","Colored Map","Highlight Path","Key Reminder","Minty Spire (QoL Compilation)","Relic Stats"],"gold_per_floor":[116,116,41,61,77,77,102,131,183,212,225,259,35,47,47,123,123,141,152,163,10,10,44,56,84,96,108,138,182,194,223,235,324,336,365,377,406,56,67,99,99,128,181,216,216,232,33,60,60,60,60,60,60,8,39,39],"floor_reached":57,"playtime":4339,"items_purged":["Strike_R"],"score":3035,"play_id":"640d9dfc-ef17-4ea3-85d8-4175b7dc1574","local_time":"20201215172039","is_ascension_mode":true,"campfire_choices":[{"data":"Twin Strike","floor":6.0,"key":"SMITH"},{"data":"Inflame","floor":15.0,"key":"SMITH"},{"data":"Pommel Strike","floor":24,"key":"SMITH"},{"floor":27,"key":"REST"},{"data":"Uppercut","floor":30,"key":"SMITH"},{"floor":32,"key":"REST"},{"floor":41,"key":"RECALL"},{"data":"Inflame","floor":49,"key":"SMITH"},{"data":"Inflame","floor":53,"key":"SMITH"}],"circlet_count":0,"master_deck":["AscendersBane","Strike_R","Strike_R","Strike_R","Defend_R","Defend_R","Defend_R","Defend_R","Bash+1","Twin Strike+1","Pummel","Power Through","Inflame+1","Pommel Strike+1","Sword Boomerang","True Grit+1","Feed","Limit Break+1","Flex+1","Armaments+1","PanicButton+1","Thunderclap","Offering+1","Uppercut+1","True Grit+1","Shrug It Off+1","Infernal Blade+1","Shrug It Off+1","Shockwave+1","Reaper","Blind+1","Finesse+1","Rage+1","Seeing Red+1","Inflame+1","Offering+1","Rampage","True Grit+1","True Grit+1","Inflame+1","Flex+1","Feel No Pain"],"relics":["Burning Blood","Dream Catcher","Happy Flower","Blue Candle","Boot","Question Card","Toxic Egg 2","Art of War","Runic Pyramid","MawBank","Gremlin Horn","Mango","SlaversCollar","Charon\u0027s Ashes","Self Forming Clay","Ornamental Fan","Lizard Tail","ClockworkSouvenir","Bag of Marbles","Mercury Hourglass"],"acts_visited":["Exordium","TheCity","TheBeyond","TheEnding"],"potions_floor_usage":[16,16,23,56,56],"damage_taken":[{"damage":7.0,"enemies":"Small Slimes","floor":1.0,"turns":4.0},{"damage":7.0,"enemies":"Jaw Worm","floor":4.0,"turns":3.0},{"damage":0.0,"enemies":"Cultist","floor":5.0,"turns":2.0},{"damage":8.0,"enemies":"Gremlin Nob","floor":8.0,"turns":3.0},{"damage":15.0,"enemies":"3 Sentries","floor":10.0,"turns":8.0},{"damage":4.0,"enemies":"Large Slime","floor":11.0,"turns":4.0},{"damage":31.0,"enemies":"Gremlin Nob","floor":12.0,"turns":4.0},{"damage":8.0,"enemies":"Exordium Thugs","floor":14.0,"turns":4.0},{"damage":29,"enemies":"Slime Boss","floor":16,"turns":7},{"damage":6,"enemies":"Chosen","floor":18,"turns":6},{"damage":16,"enemies":"Shell Parasite","floor":19,"turns":4},{"damage":19,"enemies":"Snake Plant","floor":20,"turns":4},{"damage":48,"enemies":"Slavers","floor":23,"turns":5},{"damage":4,"enemies":"Snecko","floor":25,"turns":4},{"damage":30,"enemies":"Shelled Parasite and Fungi","floor":28,"turns":5},{"damage":6,"enemies":"Gremlin Leader","floor":29,"turns":5},{"damage":13,"enemies":"Centurion and Healer","floor":31,"turns":4},{"damage":8,"enemies":"Collector","floor":33,"turns":7},{"damage":11,"enemies":"Orb Walker","floor":35,"turns":4},{"damage":51,"enemies":"3 Darklings","floor":37,"turns":5},{"damage":17,"enemies":"Maw","floor":39,"turns":9},{"damage":8,"enemies":"Reptomancer","floor":40,"turns":6},{"damage":28,"enemies":"Nemesis","floor":42,"turns":9},{"damage":6,"enemies":"Giant Head","floor":44,"turns":5},{"damage":49,"enemies":"Spire Growth","floor":46,"turns":6},{"damage":12,"enemies":"Nemesis","floor":48,"turns":5},{"damage":17,"enemies":"Donu and Deca","floor":50,"turns":6},{"damage":26,"enemies":"Awakened One","floor":51,"turns":9},{"damage":111,"enemies":"Shield and Spear","floor":55,"turns":11},{"damage":98,"enemies":"The Heart","floor":56,"turns":7}],"seed_played":"6223592531153390153","potions_obtained":[{"floor":4.0,"key":"EssenceOfSteel"},{"floor":8.0,"key":"DuplicationPotion"},{"floor":10.0,"key":"BlessingOfTheForge"},{"floor":18,"key":"Ancient Potion"},{"floor":25,"key":"DistilledChaos"},{"floor":28,"key":"LiquidBronze"},{"floor":29,"key":"PowerPotion"},{"floor":35,"key":"SteroidPotion"}],"is_trial":false,"path_per_floor":["M","?","$","M","M","R","T","E","T","E","M","E","$","M","R","B",null,"M","M","M","$","?","E","R","M","T","R","M","E","R","M","R","B",null,"M","?","M","$","M","E","R","E","T","E","?","M","$","E","R","B","B",null,"R","$","E","B",null],"character_chosen":"IRONCLAD","items_purchased":["Art of War","True Grit+1","PanicButton+1","Thunderclap","Charon\u0027s Ashes","Seeing Red+1","ClockworkSouvenir","True Grit+1","Flex+1"],"campfire_rested":2,"item_purchase_floors":[13,13,21,21,38,38,47,47,54],"current_hp_per_floor":[67,67,67,66,72,72,72,70,70,61,63,38,38,36,36,13,60,63,56,43,43,81,42,42,44,44,69,48,66,66,63,95,97,109,108,98,87,87,107,127,127,130,130,134,134,107,107,125,125,138,138,141,141,141,71,11],"gold":39,"neow_bonus":"RANDOM_COMMON_RELIC","is_daily":false,"chose_seed":false,"campfire_upgraded":6,"win_rate":0.0,"timestamp":1608052839,"path_taken":["M","?","$","M","M","R","?","E","T","E","M","E","$","M","R","BOSS","M","?","M","$","?","E","R","M","T","R","M","E","R","M","R","BOSS","M","?","M","$","M","E","R","E","T","E","?","?","$","E","R","BOSS","BOSS","R","$","E","BOSS"],"items_purchased_type":["Relic","Card","Card","Card","Relic","Card","Relic","Card","Card"],"build_version":"2020-12-07","purchased_purges":1,"victory":true,"max_hp_per_floor":[75,75,75,75,75,75,75,75,75,75,75,75,75,75,75,75,75,78,81,81,81,81,84,84,84,84,84,87,105,105,109,109,113,113,117,117,121,121,124,127,127,130,130,134,134,134,134,134,134,138,142,142,142,142,146,146],"relic_stats":{"Happy Flower":[52],"Gremlin Horn":[20,21],"counters":[30,165],"Self Forming Clay":[168],"Blue Candle":[0],"Charon\u0027s Ashes":[427],"Boot":[126],"Question Card":27,"MawBank":180,"Burning Blood":161,"Mercury Hourglass":[21],"Dream Catcher":2,"Lizard Tail":0,"Ornamental Fan":[40],"Art of War":[25],"obtain_stats":[{"Happy Flower":7,"Gremlin Horn":26,"Self Forming Clay":40,"Blue Candle":8,"Mango":29,"Charon\u0027s Ashes":38,"Boot":9,"Question Card":10,"MawBank":23,"Burning Blood":0,"ClockworkSouvenir":47,"Mercury Hourglass":55,"keyreminder:keyreminder":41,"SlaversCollar":34,"Dream Catcher":0,"Lizard Tail":44,"Ornamental Fan":42,"Art of War":13,"Bag of Marbles":48,"Toxic Egg 2":12,"Runic Pyramid":17},{"Happy Flower":3,"Gremlin Horn":14,"Self Forming Clay":22,"Blue Candle":4,"Mango":16,"Charon\u0027s Ashes":20,"Boot":4,"Question Card":5,"MawBank":13,"Burning Blood":0,"ClockworkSouvenir":25,"Mercury Hourglass":29,"keyreminder:keyreminder":22,"SlaversCollar":18,"Dream Catcher":0,"Lizard Tail":24,"Ornamental Fan":23,"Art of War":7,"Bag of Marbles":26,"Toxic Egg 2":7,"Runic Pyramid":9},{"Happy Flower":9,"Gremlin Horn":62,"Self Forming Clay":107,"Blue Candle":12,"Mango":72,"Charon\u0027s Ashes":92,"Boot":12,"Question Card":20,"MawBank":58,"Burning Blood":0,"ClockworkSouvenir":127,"Mercury Hourglass":158,"keyreminder:keyreminder":107,"SlaversCollar":83,"Dream Catcher":0,"Lizard Tail":121,"Ornamental Fan":116,"Art of War":28,"Bag of Marbles":132,"Toxic Egg 2":28,"Runic Pyramid":39}]},"card_choices":[{"not_picked":["Body Slam","Entrench"],"picked":"Twin Strike","floor":1.0},{"not_picked":["True Grit","Havoc"],"picked":"Pummel","floor":4.0},{"not_picked":["Seeing Red","Body Slam"],"picked":"Power Through","floor":5.0},{"not_picked":["Dark Embrace","Armaments"],"picked":"Inflame","floor":8.0},{"not_picked":["Havoc","Anger"],"picked":"Pommel Strike","floor":10.0},{"not_picked":["Sentinel","Armaments","Thunderclap"],"picked":"Sword Boomerang","floor":11.0},{"not_picked":["Havoc+1","Shrug It Off+1","Dual Wield+1"],"picked":"Rupture","floor":12.0},{"not_picked":["Carnage","Clash","Shockwave+1"],"picked":"Feed","floor":14.0},{"not_picked":["Demon Form","Bludgeon","Fiend Fire"],"picked":"Limit Break+1","floor":16},{"not_picked":["Wild Strike","Pummel","Twin Strike"],"picked":"Flex+1","floor":18},{"not_picked":["Hemokinesis","Anger","Inflame","Body Slam"],"picked":"SKIP","floor":19},{"not_picked":["Cleave","Burning Pact+1","Body Slam"],"picked":"Armaments+1","floor":20},{"not_picked":["Dark Embrace","Pommel Strike","Hemokinesis"],"picked":"Offering+1","floor":23},{"not_picked":["Feel No Pain","Anger","Searing Blow+1"],"picked":"Uppercut","floor":25},{"not_picked":["Blood for Blood","Flex+1","Body Slam+1"],"picked":"True Grit+1","floor":27},{"not_picked":["Twin Strike","Flex+1","Body Slam"],"picked":"Shrug It Off+1","floor":28},{"not_picked":["Hemokinesis","Clothesline","Cleave"],"picked":"Infernal Blade+1","floor":29},{"not_picked":["Rampage","Intimidate+1","Sword Boomerang+1"],"picked":"Shrug It Off+1","floor":31},{"not_picked":["Limit Break+1","Twin Strike","Anger"],"picked":"Shockwave+1","floor":32},{"not_picked":["Bludgeon","Immolate","Berserk"],"picked":"Reaper","floor":33},{"not_picked":["Infernal Blade+1","Cleave","Sword Boomerang","Pommel Strike+1"],"picked":"SKIP","floor":35},{"not_picked":["Dramatic Entrance","Enlightenment+1","Impatience+1"],"picked":"Blind+1","floor":36},{"not_picked":["Jack Of All Trades+1","Transmutation+1","Panache"],"picked":"Finesse+1","floor":36},{"not_picked":["Sword Boomerang","Thunderclap+1","Havoc+1"],"picked":"Rage+1","floor":37},{"not_picked":["Perfected Strike+1","Shrug It Off+1","Thunderclap"],"picked":"Inflame","floor":39},{"not_picked":["Reckless Charge+1","Cleave","Intimidate+1"],"picked":"Offering+1","floor":40},{"not_picked":["Sword Boomerang","Armaments+1","Flex+1","Second Wind+1"],"picked":"SKIP","floor":42},{"not_picked":["Inflame","Searing Blow","Rampage","Havoc+1"],"picked":"SKIP","floor":44},{"not_picked":["Whirlwind","Perfected Strike","Sever Soul"],"picked":"True Grit+1","floor":46},{"not_picked":["Heavy Blade","Thunderclap+1","Exhume+1"],"picked":"Inflame","floor":48},{"not_picked":["Iron Wave+1","Wild Strike","Whirlwind"],"picked":"Feel No Pain","floor":55}],"player_experience":2528544,"relics_obtained":[{"floor":7.0,"key":"Happy Flower"},{"floor":8.0,"key":"Blue Candle"},{"floor":9.0,"key":"Boot"},{"floor":10.0,"key":"Question Card"},{"floor":12.0,"key":"Toxic Egg 2"},{"floor":23,"key":"MawBank"},{"floor":26,"key":"Gremlin Horn"},{"floor":29,"key":"Mango"},{"floor":40,"key":"Self Forming Clay"},{"floor":42,"key":"Ornamental Fan"},{"floor":44,"key":"Lizard Tail"},{"floor":48,"key":"Bag of Marbles"},{"floor":55,"key":"Mercury Hourglass"}],"event_choices":[{"damage_healed":0.0,"max_hp_gain":0.0,"max_hp_loss":0.0,"gold_gain":0.0,"event_name":"Living Wall","player_choice":"Grow","floor":2.0,"gold_loss":0.0,"damage_taken":0.0,"cards_upgraded":["Bash"]},{"cards_removed":["Rupture"],"damage_healed":38,"gold_gain":0,"player_choice":"Offered Uncommon","damage_taken":0,"max_hp_gain":0,"max_hp_loss":0,"event_name":"Bonfire Elementals","floor":22,"gold_loss":0},{"damage_healed":0,"gold_gain":0,"player_choice":"Memory 3","damage_taken":10,"max_hp_gain":0,"max_hp_loss":0,"event_name":"SensoryStone","floor":36,"gold_loss":0},{"damage_healed":0,"gold_gain":0,"cards_transformed":["Strike_R"],"player_choice":"Transformed","damage_taken":0,"max_hp_gain":0,"max_hp_loss":0,"event_name":"Transmorgrifier","floor":45,"gold_loss":0,"cards_obtained":["Rampage"]}],"is_beta":true,"boss_relics":[{"not_picked":["Runic Cube","Calling Bell"],"picked":"Runic Pyramid"},{"not_picked":["Velvet Choker","Black Star"],"picked":"SlaversCollar"}],"items_purged_floors":[3],"is_endless":false,"potions_floor_spawned":[4,8,10,14,18,25,28,29,35,42,46,48],"ascension_level":20}}