{"host":"nh1tx9wty0m9wedw","time":1608005507,"event":{"mods":["BaseMod","Colored Map","Colored Powertips","Minty Spire (QoL Compilation)"],"gold_per_floor":[114,132,57,57,57,57,86,103,126,126,151,162,193,15,15,110,110,125,143,155,70,20,20,20],"floor_reached":23,"playtime":1668,"items_purged":["Strike_R","Strike_R"],"score":255,"play_id":"667a1beb-8aef-4abc-b478-eeb55a9ed8dd","local_time":"20201215051147","is_ascension_mode":true,"campfire_choices":[{"floor":6,"key":"REST"},{"floor":10,"key":"REST"},{"data":"Armaments","floor":15,"key":"SMITH"}],"circlet_count":0,"master_deck":["Strike_R+1","Defend_R","Defend_R+1","Defend_R+1","Defend_R+1","Bash","Heavy Blade","Inflame","Cleave","Pommel Strike","Feed","Armaments+1","The Bomb","Demon Form","Metallicize+1"],"relics":["Burning Blood","Smiling Mask","Nunchaku","Toy Ornithopter","War Paint","Runic Pyramid","Eternal Feather"],"acts_visited":["Exordium","TheCity"],"potions_floor_usage":[7,11,12,13,19],"damage_taken":[{"damage":18,"enemies":"2 Louse","floor":1,"turns":3},{"damage":11,"enemies":"Small Slimes","floor":2,"turns":4},{"damage":38,"enemies":"3 Sentries","floor":7,"turns":8},{"damage":6,"enemies":"Cultist","floor":8,"turns":3},{"damage":14,"enemies":"Gremlin Nob","floor":11,"turns":3},{"damage":0,"enemies":"Lots of Slimes","floor":12,"turns":1},{"damage":18,"enemies":"Lagavulin","floor":13,"turns":6},{"damage":56,"enemies":"The Guardian","floor":16,"turns":13},{"damage":17,"enemies":"Chosen","floor":18,"turns":5},{"damage":27,"enemies":"Shell Parasite","floor":19,"turns":9},{"damage":29,"enemies":"Snecko","floor":20,"turns":5},{"damage":36,"enemies":"Book of Stabbing","floor":23,"turns":6}],"seed_played":"-4423916504443084407","potions_obtained":[{"floor":2,"key":"BlessingOfTheForge"},{"floor":8,"key":"LiquidBronze"},{"floor":11,"key":"LiquidMemories"},{"floor":12,"key":"LiquidBronze"},{"floor":18,"key":"Strength Potion"}],"is_trial":false,"path_per_floor":["M","M","$","?","?","R","E","M","T","R","E","M","E","$","R","B",null,"M","M","M","?","$","E"],"character_chosen":"IRONCLAD","items_purchased":["The Bomb"],"campfire_rested":2,"item_purchase_floors":[14],"current_hp_per_floor":[68,63,63,47,47,71,39,39,39,63,55,69,65,65,65,15,86,78,66,47,47,47,11,11],"gold":20,"neow_bonus":"REMOVE_CARD","is_daily":false,"chose_seed":false,"campfire_upgraded":1,"win_rate":0.0,"timestamp":1608005507,"path_taken":["M","M","$","?","?","R","E","M","T","R","E","M","E","$","R","BOSS","M","M","M","?","$","E"],"items_purchased_type":["Card"],"build_version":"2020-12-13","purchased_purges":2,"victory":false,"max_hp_per_floor":[80,80,80,80,80,80,80,80,80,80,80,83,86,86,86,86,86,89,93,97,97,97,97,97],"card_choices":[{"not_picked":["Hemokinesis","True Grit"],"picked":"Heavy Blade","floor":1},{"not_picked":["Sword Boomerang","Armaments"],"picked":"Inflame","floor":2},{"not_picked":["Dark Embrace","Pummel"],"picked":"Cleave","floor":7},{"not_picked":["Body Slam","Dark Embrace"],"picked":"Pommel Strike","floor":8},{"not_picked":["Wild Strike","Havoc"],"picked":"Feed","floor":11},{"not_picked":["Wild Strike","Havoc","Perfected Strike"],"picked":"SKIP","floor":12},{"not_picked":["Thunderclap","Perfected Strike"],"picked":"Armaments","floor":13},{"not_picked":["Limit Break","Juggernaut"],"picked":"Demon Form","floor":16},{"not_picked":["Clash","Perfected Strike+1","Power Through"],"picked":"SKIP","floor":18},{"not_picked":["Perfected Strike","Flex","Burning Pact"],"picked":"SKIP","floor":19},{"not_picked":["Wild Strike","Pommel Strike"],"picked":"Metallicize+1","floor":20}],"player_experience":547723,"relics_obtained":[{"floor":7,"key":"Smiling Mask"},{"floor":9,"key":"Nunchaku"},{"floor":11,"key":"Toy Ornithopter"},{"floor":13,"key":"War Paint"}],"event_choices":[{"damage_healed":0,"gold_gain":0,"player_choice":"Entered Light","damage_taken":16,"max_hp_gain":0,"max_hp_loss":0,"event_name":"Shining Light","floor":4,"gold_loss":0,"cards_upgraded":["Defend_R","Strike_R"]},{"cards_removed":["Strike_R"],"damage_healed":0,"gold_gain":0,"player_choice":"Forget","damage_taken":0,"max_hp_gain":0,"max_hp_loss":0,"event_name":"Living Wall","floor":5,"gold_loss":0},{"damage_healed":0,"gold_gain":0,"player_choice":"Obtained Relic","damage_taken":0,"relics_obtained":["Eternal Feather"],"max_hp_gain":0,"max_hp_loss":0,"event_name":"Addict","floor":21,"gold_loss":85}],"is_beta":false,"boss_relics":[{"not_picked":["Sozu","Velvet Choker"],"picked":"Runic Pyramid"}],"items_purged_floors":[3,22],"is_endless":false,"potions_floor_spawned":[2,8,11,12,18],"killed_by":"Book of Stabbing","ascension_level":2}}