{"host":"my93eiszsr4rk5tq","time":1608075926,"event":{"mods":["2.2 Compatiblity","AchievementEnabler","BaseMod","Better Altar","Better Match","Better Note","Better Sensory Stone","Better Skull","Better Third Choice","Colored Powertips","Infinite Spire","Minty Spire (QoL Compilation)","Rare Cards Sparkle","Replay The Spire","Shop Mod","Spicy Shops","StSLib","The Jungle"],"gold_per_floor":[112,124,140,140,158,158,433,433,483,483,503,538,538,554,554,659,659,674,624,19,19,65,95,105,105,158,158,169,169,169,185,185,286,336,356,366,366,416,416,416,416,466,466,519,568,568,601,633,633,659,659],"floor_reached":50,"playtime":4241,"items_purged":[],"score":542,"play_id":"634eb35d-1a8b-4a29-af6b-764fcb8e23c4","local_time":"20201216124526","is_ascension_mode":false,"campfire_choices":[{"data":"ReplayUltimateDefense","floor":6,"key":"SMITH"},{"data":"Survivor","floor":8,"key":"SMITH"},{"data":"Dagger Spray","floor":10,"key":"SMITH"},{"floor":13,"key":"REST"},{"data":"Mind Blast","floor":27,"key":"SMITH"},{"data":"Infinite Blades","floor":29,"key":"SMITH"},{"data":"infinitespire:UltimateForm","floor":40,"key":"SMITH"},{"data":"Envenom","floor":46,"key":"SMITH"},{"data":"Poison Darts","floor":49,"key":"SMITH"}],"circlet_count":0,"master_deck":["Strike_G","Strike_G+1","Strike_G","Strike_G+1","Strike_G","Defend_G","Defend_G","Defend_G+1","Defend_G","Defend_G","Survivor+1","Neutralize","ReplayUltimateDefense+1","Dagger Spray+1","Flying Knee","Poisoned Stab","Outmaneuver","Poisoned Stab","Dodge and Roll","Choke+1","Poison Darts+1","AbeCurse","Deadly Poison","Mind Blast+1","Injury","Infinite Blades+1","Deflect+1","ReplayTheSpireMod:Splinters","Pride","Draining Mist+1","Replay:Poison Smokescreen+1","Toxin Wave+1","Distraction+1","Envenom+1","Riddle With Holes","Dagger Throw+1","Slice","Finisher","infinitespire:UltimateForm+1","Masterful Stab+1","Fluid Movement","PiercingWail+1","Blade Dance+1","ReplayTheSpireMod:Tripwire+1"],"relics":["Ring of the Snake","Ancient Tea Set","Simple Rune","Abe\u0027s Treasure","Bronze Scales","Medical Kit","Toxic Egg 2","ReplayTheSpireMod:CursedCoin","Meat on the Bone","TungstenRod","infinitespire:Satchel","Replay:Bottled Flurry","Tiny House","Ring of Chaos","Ring of Misfortune","Thread and Needle","Replay:Fungal Core","Matryoshka","Replay:Bandana","infinitespire:Bottled Soul","Letter Opener","infinitespire:FocusingShard","ReplayFunnel"],"acts_visited":["Exordium","TheCity","TheBeyond"],"potions_floor_usage":[16,16,23,44,44,44,50,50],"damage_taken":[{"damage":2,"enemies":"Cultist","floor":1,"turns":5},{"damage":6,"enemies":"Jaw Worm","floor":2,"turns":5},{"damage":0,"enemies":"Small Slimes","floor":3,"turns":5},{"damage":3,"enemies":"Red Slaver","floor":5,"turns":3},{"damage":1,"enemies":"Looter","floor":11,"turns":3},{"damage":22,"enemies":"Replay:BlueRogue","floor":12,"turns":6},{"damage":1,"enemies":"Blue Slaver","floor":14,"turns":3},{"damage":39,"enemies":"Hexaghost","floor":16,"turns":14},{"damage":5,"enemies":"Spheric Guardian","floor":18,"turns":3},{"damage":52,"enemies":"Gremlin Leader","floor":23,"turns":7},{"damage":14,"enemies":"2 Thieves","floor":24,"turns":4},{"damage":4,"enemies":"Cultist and Chosen","floor":28,"turns":5},{"damage":1,"enemies":"Snecko","floor":31,"turns":5},{"damage":45,"enemies":"Automaton","floor":33,"turns":10},{"damage":6,"enemies":"Orb Walker","floor":35,"turns":3},{"damage":2,"enemies":"3 Darklings","floor":36,"turns":5},{"damage":39,"enemies":"2 Orb Walkers","floor":38,"turns":4},{"damage":7,"enemies":"Spire Growth","floor":42,"turns":4},{"damage":31,"enemies":"Nightmare","floor":44,"turns":7},{"damage":0,"enemies":"Transient","floor":45,"turns":5},{"damage":0,"enemies":"Sphere and 2 Shapes","floor":47,"turns":4},{"damage":0,"enemies":"Jaw Worm Horde","floor":48,"turns":3},{"damage":69,"enemies":"infinitespire:MassOfShapes","floor":50,"turns":7}],"seed_played":"9181545943750146082","potions_obtained":[{"floor":3,"key":"ColorlessPotion"},{"floor":12,"key":"EssenceOfSteel"},{"floor":18,"key":"Regen Potion"},{"floor":23,"key":"Explosive Potion"},{"floor":24,"key":"Energy Potion"},{"floor":31,"key":"BlessingOfTheForge"},{"floor":33,"key":"Doom Potion"},{"floor":44,"key":"Ancient Potion"},{"floor":45,"key":"Weak Potion"}],"is_trial":false,"path_per_floor":["M","M","M","?","M","R","?","R","T","R","M","E","R","M","R","B",null,"M","?","$","?","$","E","M","?","T","R","M","R","?","M","R","B",null,"M","M","?","?","AVR","R","T","M","T","NM","M","R","M","M","R","B"],"character_chosen":"THE_SILENT","items_purchased":["Mind Blast","Bronze Scales","Medical Kit","Toxic Egg 2","Infinite Blades","ReplayTheSpireMod:CursedCoin","Meat on the Bone"],"campfire_rested":1,"item_purchase_floors":[20,20,20,20,20,22,22],"current_hp_per_floor":[61,55,55,55,52,52,52,52,52,52,51,29,47,46,46,7,63,58,58,58,58,58,30,28,49,49,49,45,45,45,44,62,29,68,62,60,60,33,33,33,33,38,38,19,31,31,43,43,43,0,0],"gold":659,"neow_bonus":"RANDOM_COLORLESS_2","is_daily":false,"chose_seed":false,"campfire_upgraded":8,"win_rate":0.0,"timestamp":1608075926,"path_taken":["M","?","M","?","M","R","?","R","T","R","?","E","R","M","R","BOSS","M","?","$","?","$","E","?","?","T","R","M","R","?","M","R","BOSS","M","M","?","?","AVR","R","?","M","T","NM","M","R","?","M","R","BOSS"],"items_purchased_type":["Card","Relic","Relic","Relic","Card","Relic","Relic"],"build_version":"2020-12-13","purchased_purges":0,"victory":false,"max_hp_per_floor":[63,63,63,63,63,63,63,63,63,63,63,63,63,63,63,63,63,63,63,63,63,63,63,63,63,63,63,63,63,63,63,63,63,68,68,68,68,68,68,68,68,68,68,68,68,68,68,68,68,68,68],"card_choices":[{"not_picked":["Poisoned Strike","Secret Weapon"],"picked":"ReplayUltimateDefense","floor":0},{"not_picked":["Terror","Underhanded Strike"],"picked":"Dagger Spray","floor":1},{"not_picked":["Prepared","Deflect"],"picked":"Flying Knee","floor":2},{"not_picked":["Outmaneuver","Underhanded Strike"],"picked":"Poisoned Stab","floor":3},{"not_picked":["Underhanded Strike","Dagger Spray"],"picked":"Outmaneuver","floor":5},{"not_picked":["Leg Sweep","Distraction"],"picked":"Poisoned Stab","floor":11},{"not_picked":["Hidden Blade","Outmaneuver"],"picked":"Dodge and Roll","floor":12},{"not_picked":["Escape Plan","Burst"],"picked":"Choke","floor":14},{"not_picked":["Venomology","Unload"],"picked":"Poison Darts","floor":16},{"not_picked":["Underhanded Strike","Escape Plan+1"],"picked":"Deadly Poison","floor":18},{"not_picked":["Deflect+1","Dagger Spray"],"picked":"Draining Mist+1","floor":23},{"not_picked":["Flying Knee+1","Dash"],"picked":"Replay:Poison Smokescreen+1","floor":24},{"not_picked":["Riddle With Holes","Poisoned Stab"],"picked":"Toxin Wave+1","floor":28},{"not_picked":["Acrobatics+1","Terror+1"],"picked":"Distraction+1","floor":31},{"not_picked":["Tools of the Trade","Bullet Time+1"],"picked":"Envenom","floor":33},{"not_picked":["Sucker Punch","Deadly Poison+1"],"picked":"Riddle With Holes","floor":34},{"not_picked":["Infinite Blades+1","Leg Sweep+1"],"picked":"Dagger Throw+1","floor":35},{"not_picked":["Backflip+1","Underhanded Strike"],"picked":"Slice","floor":36},{"not_picked":["Calculated Gamble+1","Draining Mist+1"],"picked":"Finisher","floor":38},{"not_picked":["ReplayTheSpireMod:Necrosis+1","Toxin Wave+1"],"picked":"Masterful Stab+1","floor":42},{"not_picked":["Quick Slash","Outmaneuver+1"],"picked":"Fluid Movement","floor":44},{"not_picked":["Dodge and Roll+1","Dagger Throw+1"],"picked":"PiercingWail+1","floor":45},{"not_picked":["Dagger Spray","Backflip+1"],"picked":"Blade Dance+1","floor":47},{"not_picked":["Dagger Throw","ReplayTheSpireMod:Exploit Weakness+1"],"picked":"ReplayTheSpireMod:Tripwire+1","floor":48}],"player_experience":24203,"relics_obtained":[{"floor":9,"key":"Ancient Tea Set"},{"floor":12,"key":"Simple Rune"},{"floor":23,"key":"TungstenRod"},{"floor":26,"key":"infinitespire:Satchel"},{"floor":37,"key":"Ring of Chaos"},{"floor":37,"key":"Ring of Misfortune"},{"floor":38,"key":"Thread and Needle"},{"floor":41,"key":"Replay:Bandana"},{"floor":41,"key":"infinitespire:Bottled Soul"},{"floor":43,"key":"Letter Opener"},{"floor":43,"key":"infinitespire:FocusingShard"},{"floor":44,"key":"ReplayFunnel"}],"event_choices":[{"damage_healed":0,"gold_gain":0,"player_choice":"Ignored","damage_taken":0,"max_hp_gain":0,"max_hp_loss":0,"event_name":"Golden Wing","floor":4,"gold_loss":0},{"damage_healed":0,"gold_gain":275,"player_choice":"Desecrate","damage_taken":0,"max_hp_gain":0,"max_hp_loss":0,"event_name":"Golden Shrine","floor":7,"gold_loss":0,"cards_obtained":["Regret"]},{"cards_removed":["Regret"],"damage_healed":0,"gold_gain":0,"player_choice":"Removed Curses","damage_taken":0,"max_hp_gain":0,"max_hp_loss":0,"event_name":"Fountain of Cleansing","floor":15,"gold_loss":0},{"damage_healed":0,"gold_gain":0,"player_choice":"Bet on Murderer","damage_taken":0,"max_hp_gain":0,"max_hp_loss":0,"event_name":"The Joust","floor":19,"gold_loss":50},{"cards_removed":["Injury"],"damage_healed":0,"gold_gain":0,"player_choice":"Take \u0026 Give","damage_taken":0,"max_hp_gain":0,"max_hp_loss":0,"event_name":"betterNote:BetterNote","floor":21,"gold_loss":0,"cards_obtained":["Deflect"]},{"damage_healed":21,"gold_gain":0,"player_choice":"Heal","damage_taken":0,"max_hp_gain":0,"max_hp_loss":0,"event_name":"The Library","floor":25,"gold_loss":0},{"damage_healed":0,"gold_gain":0,"player_choice":"Fight","damage_taken":0,"max_hp_gain":0,"max_hp_loss":0,"event_name":"Mysterious Sphere","floor":38,"gold_loss":0}],"is_beta":false,"boss_relics":[{"not_picked":["Runic Pyramid","Runic Dome"],"picked":"Abe\u0027s Treasure"},{"not_picked":["Snecko Eye","ReplayTheSpireMod:DimensionalGlitch"],"picked":"Tiny House"}],"items_purged_floors":[],"is_endless":true,"potions_floor_spawned":[3,12,18,23,24,31,33,35,38,44,45],"killed_by":"infinitespire:MassOfShapes","ascension_level":0}}