{"host":"3j2m8n0ywf988fwb","time":1608021796,"event":{"mods":["BaseMod","Colored Map","Colored Powertips","Downfall","Highlight Path","Minty Spire (QoL Compilation)","StSLib"],"gold_per_floor":[199,36,36,54,65,79,79,79,79,114,114,129,129,141,155,155,155],"floor_reached":16,"playtime":589,"items_purged":[],"score":133,"play_id":"9851879b-e613-45de-ad29-526ae9499b5d","local_time":"20201215024316","is_ascension_mode":true,"campfire_choices":[{"data":"Slimebound:Tackle","floor":1,"key":"SMITH"},{"data":"Slimebound:RollThrough","floor":9,"key":"SMITH"}],"circlet_count":0,"master_deck":["Slimebound:Strike_Slimebound+1","Slimebound:Strike_Slimebound+1","Slimebound:Tackle+1","Slimebound:Defend_Slimebound","Slimebound:Defend_Slimebound","Slimebound:Defend_Slimebound","Slimebound:Defend_Slimebound","Slimebound:Split","Slimebound:CorrosiveSpit+1","Slimebound:ComboTackle","Slimebound:MegaLick","Slimebound:FinishingTackle","Slimebound:RejuvenatingLick","Slimebound:RollThrough+1","Slimebound:OozeBath+1","Slimebound:ProtectTheBoss","Slimebound:FirmFortitude","Slimebound:RainOfGoop"],"relics":["Slimebound:AbsorbEndCombat","Omamori","Ginger","StoneCalendar","Bottled Tornado"],"acts_visited":["Exordium"],"potions_floor_usage":[],"damage_taken":[{"damage":4,"enemies":"downfall:FleeingMerchant","floor":2,"turns":4},{"damage":4,"enemies":"Cultist","floor":4,"turns":4},{"damage":13,"enemies":"Jaw Worm","floor":5,"turns":4},{"damage":10,"enemies":"2 Louse","floor":6,"turns":3},{"damage":30,"enemies":"Lagavulin","floor":10,"turns":5},{"damage":13,"enemies":"2 Fungi Beasts","floor":12,"turns":3},{"damage":7,"enemies":"Exordium Thugs","floor":14,"turns":3},{"damage":14,"enemies":"Exordium Wildlife","floor":15,"turns":4},{"damage":53,"enemies":"downfall:Defect","floor":16,"turns":5}],"seed_played":"2568004954234317865","potions_obtained":[{"floor":4,"key":"Strength Potion"},{"floor":5,"key":"LiquidMemories"},{"floor":6,"key":"Strength Potion"}],"is_trial":false,"path_per_floor":["R","$","?","M","M","M","T","?","R","E","?","M","T","M","M","B"],"character_chosen":"SLIMEBOUND","items_purchased":["Omamori"],"campfire_rested":0,"item_purchase_floors":[2],"current_hp_per_floor":[54,58,58,60,55,57,57,57,57,37,37,32,32,35,33,0,0],"gold":155,"neow_bonus":"HUNDRED_GOLD","is_daily":false,"chose_seed":false,"campfire_upgraded":2,"win_rate":0.0,"timestamp":1608021796,"path_taken":["R","?","?","M","?","M","T","?","R","E","?","?","?","M","M","BOSS"],"items_purchased_type":["Relic"],"build_version":"2020-12-13","purchased_purges":0,"victory":false,"max_hp_per_floor":[60,60,60,60,60,60,60,60,60,60,60,60,60,60,60,60,60],"card_choices":[{"not_picked":["Slimebound:MegaLick","Slimebound:Equalize"],"picked":"Slimebound:ComboTackle","floor":2},{"not_picked":["Slimebound:Dissolve","Slimebound:GoopSpray"],"picked":"Slimebound:FinishingTackle","floor":4},{"not_picked":["Slimebound:Replication","Slimebound:ViciousTackle"],"picked":"Slimebound:RejuvenatingLick","floor":5},{"not_picked":["Slimebound:SlimeSpikes","Slimebound:LeechEnergy"],"picked":"Slimebound:RollThrough","floor":6},{"not_picked":["Slimebound:ComboTackle","Slimebound:FormOfPuddle"],"picked":"Slimebound:OozeBath","floor":10},{"not_picked":["Slimebound:SplitMire","Slimebound:FinishingTackle"],"picked":"Slimebound:ProtectTheBoss","floor":12},{"not_picked":["Slimebound:DisruptingSlam","Slimebound:LeechEnergy"],"picked":"Slimebound:FirmFortitude","floor":14},{"not_picked":["Slimebound:DisruptingSlam","Slimebound:Dissolve"],"picked":"Slimebound:RainOfGoop","floor":15}],"player_experience":932012,"relics_obtained":[{"floor":7,"key":"Ginger"},{"floor":10,"key":"StoneCalendar"},{"floor":13,"key":"Bottled Tornado"}],"event_choices":[{"damage_healed":0,"gold_gain":0,"cards_transformed":["Slimebound:Strike_Slimebound"],"player_choice":"Transformed","damage_taken":0,"max_hp_gain":0,"max_hp_loss":0,"event_name":"Transmorgrifier","floor":3,"gold_loss":0,"cards_obtained":["Slimebound:MegaLick"]},{"damage_healed":0,"gold_gain":0,"player_choice":"Forge","damage_taken":0,"max_hp_gain":0,"max_hp_loss":0,"event_name":"Accursed Blacksmith","floor":11,"gold_loss":0,"cards_upgraded":["Slimebound:OozeBath"]}],"is_beta":false,"boss_relics":[],"items_purged_floors":[],"is_endless":false,"potions_floor_spawned":[4,5,6,15],"killed_by":"downfall:Defect","ascension_level":6}}