{"host":"5uvzo7moqy5vd63g","time":1608066156,"event":{"mods":["Aspiration","BaseMod","Conspire","Dio Mod","Downfall","Hermit","Hubris","Jedi Mod","Jorbs\u0027s Wanderer Trilogy","Mimic Mod","Minty Spire (QoL Compilation)","Replay The Spire","StSLib","The Animator","Wandering Minibosses"],"gold_per_floor":[127,147,56,56,66,66,96,96,121,139,162,173,210,230,230,328,328,344,344,21,41,81,81,112,112,154,154,154],"floor_reached":27,"playtime":2194,"items_purged":["animator:Strike"],"score":366,"play_id":"a9b90146-1717-470c-89ee-5a3ba1a60d4b","local_time":"20201215160236","is_ascension_mode":true,"campfire_choices":[{"data":"animator:Elsword","floor":6,"key":"SMITH"},{"data":"animator:SuzuneAmano","floor":8,"key":"SMITH"},{"floor":15,"key":"REST"},{"floor":23,"key":"REST"},{"floor":25,"key":"REST"}],"circlet_count":0,"master_deck":["animator:Strike_MadokaMagica","animator:Defend_MadokaMagica","animator:Strike","animator:Defend","animator:Defend","animator:Defend","animator:IrohaTamaki","animator:YuiTsuruno","animator:YachiyoNanami","animator:OrikoMikuni","animator:KyokoSakura","animator:Elsword+1","animator:SuzuneAmano+1","animator:YuiTsuruno","animator:Nanami","animator:Fredrika","animator:NagisaMomoe","animator:SuzuneAmano","animator:ChaikaTrabant","animator:RoyMustang","animator:WinryRockbell","animator:OrikoMikuni","animator:Kira","animator:Zero","animator:HououinKyouma","animator:SuzuneAmano","animator:GuildGirl","animator:KyokoSakura","animator:SayakaMiki","animator:ElricEdward"],"relics":["animator:LivingPicture","animator:TheMissingPiece","animator:PurgingStone","NeowsBlessing","jedi:archwizardhat","Orichalcum","Garlic","animator:CursedBlade","ReplayTheSpireMod:ShopPack","Mercury Hourglass","Bottled Lightning"],"acts_visited":["Exordium","TheCity"],"potions_floor_usage":[12,13,16,27,27],"damage_taken":[{"damage":0,"enemies":"Cultist","floor":1,"turns":1},{"damage":0,"enemies":"Jaw Worm","floor":2,"turns":1},{"damage":0,"enemies":"Small Slimes","floor":5,"turns":1},{"damage":27,"enemies":"Replay:BlueRogue","floor":7,"turns":4},{"damage":6,"enemies":"Looter","floor":10,"turns":2},{"damage":4,"enemies":"3 Louse","floor":11,"turns":3},{"damage":9,"enemies":"Large Slime","floor":12,"turns":4},{"damage":10,"enemies":"Gremlin Nob","floor":13,"turns":3},{"damage":0,"enemies":"Gremlin Gang","floor":14,"turns":4},{"damage":0,"enemies":"Hexaghost","floor":16,"turns":6},{"damage":1,"enemies":"Chosen","floor":18,"turns":4},{"damage":27,"enemies":"Shell Parasite","floor":21,"turns":4},{"damage":31,"enemies":"animator:HornedBat","floor":24,"turns":6},{"damage":0,"enemies":"Chosen and Byrds","floor":26,"turns":5},{"damage":38,"enemies":"Gremlin Leader","floor":27,"turns":5}],"seed_played":"7395147944521307127","potions_obtained":[{"floor":2,"key":"Reflective Coating"},{"floor":7,"key":"Adrenaline Potion"},{"floor":11,"key":"Reflective Coating"},{"floor":14,"key":"SkillPotion"},{"floor":16,"key":"Venom Potion"},{"floor":18,"key":"GamblersBrew"},{"floor":21,"key":"Weak Potion"}],"is_trial":false,"path_per_floor":["M","M","$","?","M","R","E","R","T","M","M","M","E","M","R","B",null,"M","?","$","M","?","R","E","R","MIM","E"],"character_chosen":"THE_ANIMATOR","items_purchased":["animator:OrikoMikuni","animator:KyokoSakura","ReplayTheSpireMod:ShopPack","animator:WinryRockbell","animator:OrikoMikuni"],"campfire_rested":3,"item_purchase_floors":[3,3,20,20,20],"current_hp_per_floor":[66,66,66,66,66,66,40,40,40,34,30,21,11,11,31,31,58,57,57,57,30,14,34,4,24,24,0,0],"gold":154,"neow_bonus":"THREE_ENEMY_KILL","is_daily":false,"chose_seed":false,"campfire_upgraded":2,"win_rate":0.0,"timestamp":1608066156,"path_taken":["M","?","$","?","?","R","E","R","T","?","M","M","E","M","R","BOSS","M","?","$","M","?","R","E","R","MIM","E"],"items_purchased_type":["Card","Card","Relic","Card","Card"],"build_version":"2020-12-13","purchased_purges":1,"victory":false,"max_hp_per_floor":[66,66,66,66,66,66,67,67,67,67,67,67,67,67,67,67,67,67,67,67,67,67,67,68,68,68,68,68],"card_choices":[{"not_picked":["animator:Shigure","animator:Sebas"],"picked":"animator:YachiyoNanami","floor":1},{"not_picked":["animator:UneriGinkaku","animator:KrulTepes","animator:ChaikaBohdan"],"picked":"SKIP","floor":2},{"not_picked":["animator:Guy","animator:ElricAlphonse"],"picked":"animator:Elsword","floor":5},{"not_picked":["animator:KyokoSakura","animator:OrikoMikuni"],"picked":"animator:SuzuneAmano","floor":7},{"not_picked":["animator:Priestess","animator:OrikoMikuni"],"picked":"animator:YuiTsuruno","floor":10},{"not_picked":["animator:Bozes","animator:TsurugaMeisai"],"picked":"animator:Nanami","floor":11},{"not_picked":["animator:Mikaela","animator:IrohaTamaki"],"picked":"animator:Fredrika","floor":12},{"not_picked":["animator:KyokoSakura","animator:YachiyoNanami"],"picked":"animator:NagisaMomoe","floor":13},{"not_picked":["animator:YuiTsuruno","animator:NagisaMomoe"],"picked":"animator:SuzuneAmano","floor":14},{"not_picked":["animator:Guren","animator:Greed"],"picked":"animator:ChaikaTrabant","floor":16},{"not_picked":["animator:HiiragiShinya+1","animator:Sebas"],"picked":"animator:RoyMustang","floor":18},{"not_picked":["animator:LimeBell","animator:Lelouch"],"picked":"animator:Kira","floor":20},{"not_picked":["animator:TakanashiRikka","animator:Cirno"],"picked":"animator:Zero","floor":20},{"not_picked":["animator:Lelouch","animator:HarukoHaruhara"],"picked":"animator:HououinKyouma","floor":20},{"not_picked":["animator:Chung","animator:Layla"],"picked":"animator:SuzuneAmano","floor":21},{"not_picked":["animator:LizardPriest","animator:Yoichi"],"picked":"animator:GuildGirl","floor":22},{"not_picked":["animator:Tyuule+1","animator:OrikoMikuni"],"picked":"animator:KyokoSakura","floor":22},{"not_picked":["animator:SuzuneAmano","animator:YuiTsuruno"],"picked":"animator:SayakaMiki","floor":24},{"not_picked":["animator:AcuraAkari","animator:GuildGirl"],"picked":"animator:ElricEdward","floor":26}],"player_experience":1331331,"relics_obtained":[{"floor":7,"key":"jedi:archwizardhat"},{"floor":9,"key":"Orichalcum"},{"floor":13,"key":"Garlic"},{"floor":22,"key":"Mercury Hourglass"},{"floor":24,"key":"Bottled Lightning"}],"event_choices":[{"cards_removed":["animator:Strike"],"damage_healed":0,"gold_gain":0,"player_choice":"Offered Basic","damage_taken":0,"max_hp_gain":0,"max_hp_loss":0,"event_name":"Bonfire Elementals","floor":4,"gold_loss":0}],"is_beta":false,"boss_relics":[{"not_picked":["hubris:HollowSoul","aspiration:RitualDagger"],"picked":"animator:CursedBlade"}],"items_purged_floors":[20],"is_endless":false,"potions_floor_spawned":[2,7,11,14,16,18,21],"killed_by":"Gremlin Leader","ascension_level":5}}