{"host":"6p0attdrtjqaih7v","time":1608011787,"event":{"mods":["2.2 Compatiblity","AchievementEnabler","Bard","BaseMod","Better Skull","Better Third Choice","Colored Powertips","Hermit","Highlight Path","Jorbs\u0027s Wanderer Trilogy","Key Reminder","Minty Spire (QoL Compilation)","Permanent Neow","Quick Restart","Random Character Button","Relic Stats","Replay The Spire","StSLib","The Construct"],"gold_per_floor":[113,38,51,74,74,74,74],"floor_reached":6,"playtime":160,"items_purged":["hermit:Strike_Hermit"],"score":67,"play_id":"ccd661ed-3828-4242-9cdc-81952ae2e592","local_time":"20201215005627","is_ascension_mode":true,"campfire_choices":[],"circlet_count":0,"master_deck":["AscendersBane","hermit:Strike_Hermit","hermit:Strike_Hermit","hermit:Strike_Hermit","hermit:Defend_Hermit","hermit:Defend_Hermit","hermit:Defend_Hermit","hermit:Defend_Hermit","hermit:Snapshot+1","hermit:Covet","hermit:Grudge","hermit:Scavenge","hermit:PistolWhip","Sanctity","Pot Of Greed","Pot Of Greed"],"relics":["hermit:Momento","Grinning Jar"],"acts_visited":["Exordium"],"potions_floor_usage":[6],"damage_taken":[{"damage":2,"enemies":"Jaw Worm","floor":1,"turns":3},{"damage":2,"enemies":"Small Slimes","floor":3,"turns":3},{"damage":0,"enemies":"Cultist","floor":4,"turns":3},{"damage":17,"enemies":"Gremlin Nob","floor":6,"turns":4}],"seed_played":"9007663104274764214","potions_obtained":[{"floor":1,"key":"Dexterity Potion"}],"is_trial":false,"path_per_floor":["M","$","M","M","?","E"],"character_chosen":"HERMIT","items_purchased":[],"campfire_rested":0,"item_purchase_floors":[],"current_hp_per_floor":[62,62,60,60,22,5,5],"gold":74,"neow_bonus":"UPGRADE_CARD","is_daily":false,"chose_seed":false,"campfire_upgraded":0,"win_rate":0.0,"timestamp":1608011787,"path_taken":["M","$","M","M","?","E"],"items_purchased_type":[],"build_version":"2020-12-13","purchased_purges":1,"victory":false,"max_hp_per_floor":[71,71,71,71,71,71,71],"relic_stats":{"counters":[4,13],"obtain_stats":[{"Grinning Jar":5,"hermit:Momento":0},{"Grinning Jar":3,"hermit:Momento":0},{"Grinning Jar":9,"hermit:Momento":0}]},"card_choices":[{"not_picked":["hermit:SprayPray","hermit:HighCaliber"],"picked":"hermit:Grudge","floor":1},{"not_picked":["hermit:Feint","hermit:Headshot"],"picked":"hermit:Scavenge","floor":3},{"not_picked":["hermit:Coalescence","hermit:ItchyTrigger"],"picked":"hermit:PistolWhip","floor":4}],"player_experience":843667,"relics_obtained":[],"event_choices":[],"is_beta":false,"boss_relics":[],"items_purged_floors":[2],"is_endless":false,"potions_floor_spawned":[1],"killed_by":"Gremlin Nob","ascension_level":17}}