{"host":"icrrc9b69c1a6188","time":1608053190,"event":{"mods":["BaseMod","Better Altar","Better Match","Better Note","Better Sensory Stone","Better Skull","Better Third Choice","BetterRewards","Colored Map","Colored Powertips","Displayed Cursed Tome","Faster Ascension Climbing","HexUI Lib","Minty Spire (QoL Compilation)","Random Character Mod","Spicy Shops","StSLib","Unceasing Turn Reminder"],"gold_per_floor":[110,127,145,163,18,18,31,31,106,24,38,15,49,60,60,134,134,145,155,175,175,175],"floor_reached":21,"playtime":1178,"items_purged":[],"score":420,"play_id":"d9642c2e-4eb1-49e5-96a1-a6e61c2fc7eb","local_time":"20201215112630","is_ascension_mode":true,"campfire_choices":[{"data":"Footwork","floor":6,"key":"SMITH"},{"data":"Blade Dance","floor":8,"key":"SMITH"},{"floor":15,"key":"DIG"}],"circlet_count":0,"master_deck":["AscendersBane","Strike_G","Strike_G","Strike_G","Strike_G","Strike_G","Defend_G","Defend_G","Defend_G","Defend_G","Defend_G","Survivor","Neutralize","Masterful Stab","Terror","Dagger Spray","Escape Plan","Footwork+1","Blade Dance+1","Adrenaline","Footwork","Choke","Dodge and Roll","Backflip","Crippling Poison","After Image","Footwork","Cloak And Dagger","Dodge and Roll"],"relics":["Ring of the Snake","The Courier","Shovel","Nunchaku","Runic Dome"],"acts_visited":["Exordium","TheCity"],"potions_floor_usage":[4,7,13,16],"damage_taken":[{"damage":3,"enemies":"Cultist","floor":1,"turns":4},{"damage":1,"enemies":"Small Slimes","floor":2,"turns":3},{"damage":0,"enemies":"Jaw Worm","floor":3,"turns":3},{"damage":5,"enemies":"Red Slaver","floor":4,"turns":5},{"damage":0,"enemies":"Exordium Thugs","floor":7,"turns":4},{"damage":4,"enemies":"Looter","floor":11,"turns":3},{"damage":0,"enemies":"Gremlin Nob","floor":13,"turns":3},{"damage":15,"enemies":"Exordium Wildlife","floor":14,"turns":4},{"damage":12,"enemies":"Hexaghost","floor":16,"turns":8},{"damage":2,"enemies":"Chosen","floor":18,"turns":5},{"damage":6,"enemies":"Spheric Guardian","floor":19,"turns":6},{"damage":12,"enemies":"Snecko","floor":20,"turns":5},{"damage":40,"enemies":"Chosen and Byrds","floor":21,"turns":3}],"seed_played":"-5098916246497122451","potions_obtained":[{"floor":0,"key":"SteroidPotion"},{"floor":0,"key":"LiquidMemories"},{"floor":4,"key":"AttackPotion"},{"floor":11,"key":"SteroidPotion"},{"floor":14,"key":"BlessingOfTheForge"}],"is_trial":false,"path_per_floor":["M","M","M","M","$","R","M","R","T","$","M","$","E","M","R","B",null,"M","M","M","M"],"character_chosen":"THE_SILENT","items_purchased":["Footwork","Blade Dance","Footwork","Dodge and Roll"],"campfire_rested":0,"item_purchase_floors":[5,5,10,12],"current_hp_per_floor":[56,55,55,50,50,50,50,50,50,50,46,46,46,31,31,19,54,52,46,34,0,0],"gold":175,"neow_bonus":"THREE_SMALL_POTIONS","is_daily":false,"chose_seed":false,"campfire_upgraded":2,"win_rate":0.0,"timestamp":1608053190,"path_taken":["M","M","M","M","$","R","M","R","T","$","M","?","E","M","R","BOSS","M","M","M","M"],"items_purchased_type":["Card","Card","Card","Card"],"build_version":"2020-12-13","purchased_purges":0,"victory":false,"max_hp_per_floor":[66,66,66,66,66,66,66,66,66,66,66,66,66,66,66,66,66,66,66,66,66,66],"card_choices":[{"not_picked":["Backflip","Sucker Punch"],"picked":"Masterful Stab","floor":1},{"not_picked":["Reflex","Expertise"],"picked":"Terror","floor":2},{"not_picked":["Concentrate","Quick Slash"],"picked":"Dagger Spray","floor":3},{"not_picked":["Underhanded Strike","Acrobatics"],"picked":"Escape Plan","floor":4},{"not_picked":["PiercingWail","Flying Knee"],"picked":"Adrenaline","floor":7},{"not_picked":["Deflect","Endless Agony"],"picked":"Choke","floor":11},{"not_picked":["Heel Hook","Sucker Punch"],"picked":"Backflip","floor":13},{"not_picked":["Outmaneuver","Deadly Poison"],"picked":"Crippling Poison","floor":14},{"not_picked":["Glass Knife","Venomology"],"picked":"After Image","floor":16},{"not_picked":["Slice","Outmaneuver"],"picked":"Footwork","floor":18},{"not_picked":["Sucker Punch+1","Deflect"],"picked":"Cloak And Dagger","floor":19},{"not_picked":["Predator","Cloak And Dagger"],"picked":"Dodge and Roll","floor":20}],"player_experience":635740,"relics_obtained":[{"floor":9,"key":"The Courier"},{"floor":13,"key":"Shovel"},{"floor":15,"key":"Nunchaku"}],"event_choices":[],"is_beta":false,"boss_relics":[{"not_picked":["HoveringKite","Runic Pyramid"],"picked":"Runic Dome"}],"items_purged_floors":[],"is_endless":false,"potions_floor_spawned":[4,11,14],"killed_by":"Chosen and Byrds","ascension_level":20}}