{"host":"4nqeo0vu1vuav7gg","time":1608022615,"event":{"mods":["AchievementEnabler","BaseMod","Block Reminder","Colored Map","Colored Powertips","Highlight Path","Minty Spire (QoL Compilation)","Quick Restart","Rare Cards Sparkle","Relic Relevance Reorder","StSLib"],"gold_per_floor":[118,41,116,66,66,66,94,94,119,119,130,141,170,345,345,449,449,466,666,682,100,116,116,116],"floor_reached":23,"playtime":54262,"items_purged":["Doubt"],"score":296,"play_id":"bfce939a-1368-434d-89df-74db6a9b3820","local_time":"20201215095655","is_ascension_mode":true,"campfire_choices":[{"data":"Darkness","floor":6.0,"key":"SMITH"},{"floor":8.0,"key":"REST"},{"floor":10.0,"key":"REST"},{"floor":15.0,"key":"REST"}],"circlet_count":0,"master_deck":["AscendersBane","Strike_B","Strike_B","Strike_B","Defend_B","Defend_B","Defend_B","Defend_B","Zap","Dualcast","Beam Cell","Darkness+1","Heatsinks","Sweeping Beam","Coolheaded","BootSequence","Fission","Conserve Battery+1","Barrage","Chill","Redo","Mind Blast","Conserve Battery"],"relics":["Cracked Core","Mummified Hand","Pen Nib","Torii","Black Star","Regal Pillow","MealTicket"],"acts_visited":["Exordium","TheCity"],"potions_floor_usage":[23],"damage_taken":[{"damage":6.0,"enemies":"Jaw Worm","floor":1.0,"turns":4.0},{"damage":45.0,"enemies":"3 Sentries","floor":7.0,"turns":11.0},{"damage":0.0,"enemies":"2 Louse","floor":11.0,"turns":1.0},{"damage":1.0,"enemies":"Cultist","floor":12.0,"turns":3.0},{"damage":25.0,"enemies":"Lagavulin","floor":13.0,"turns":7.0},{"damage":38.0,"enemies":"Slime Boss","floor":16.0,"turns":11.0},{"damage":28.0,"enemies":"Spheric Guardian","floor":18.0,"turns":5.0},{"damage":17.0,"enemies":"3 Byrds","floor":20.0,"turns":6.0},{"damage":32.0,"enemies":"Shelled Parasite and Fungi","floor":22.0,"turns":12.0},{"damage":19,"enemies":"Gremlin Leader","floor":23,"turns":7}],"seed_played":"2292588181238989094","potions_obtained":[{"floor":1.0,"key":"Strength Potion"},{"floor":12.0,"key":"FearPotion"},{"floor":16.0,"key":"Fire Potion"},{"floor":18.0,"key":"FocusPotion"}],"is_trial":false,"path_per_floor":["M","$","?","?","?","R","E","R","T","R","M","M","E","?","R","B",null,"M","?","M","$","M","E"],"character_chosen":"DEFECT","items_purchased":["Darkness","Regal Pillow","Pen Nib","Chill","Redo","Mind Blast"],"campfire_rested":3,"item_purchase_floors":[2,21,21,21,21,21],"current_hp_per_floor":[76,76,65,65,58,58,13,39,39,65,65,64,39,39,65,27,74,46,46,29,44,12,0,0],"gold":116,"neow_bonus":"TWENTY_PERCENT_HP_BONUS","is_daily":false,"chose_seed":false,"campfire_upgraded":1,"win_rate":0.0,"timestamp":1608022615,"path_taken":["M","$","?","?","?","R","E","R","T","R","M","M","E","?","R","BOSS","M","?","M","$","?","E"],"items_purchased_type":["Card","Relic","Relic","Card","Card","Card"],"build_version":"2020-12-13","purchased_purges":1,"victory":false,"max_hp_per_floor":[89,89,89,89,89,89,89,89,89,89,89,89,89,89,89,89,89,89,89,89,89,89,89,89],"card_choices":[{"not_picked":["Rip and Tear","Ball Lightning"],"picked":"Beam Cell","floor":1.0},{"not_picked":["Turbo","Amplify"],"picked":"Heatsinks","floor":7.0},{"not_picked":["Leap","Reinforced Body"],"picked":"Sweeping Beam","floor":11.0},{"not_picked":["Compile Driver","Gash"],"picked":"Coolheaded","floor":12.0},{"not_picked":["Turbo","Machine Learning"],"picked":"BootSequence","floor":13.0},{"not_picked":["Reboot","Biased Cognition"],"picked":"Fission","floor":16.0},{"not_picked":["Self Repair","Go for the Eyes"],"picked":"Conserve Battery+1","floor":18.0},{"not_picked":["Leap","Rebound"],"picked":"Barrage","floor":20.0},{"not_picked":["Steam Power","Sweeping Beam+1"],"picked":"Conserve Battery","floor":22.0}],"player_experience":885084,"relics_obtained":[{"floor":7.0,"key":"Torii"},{"floor":9.0,"key":"MealTicket"},{"floor":13.0,"key":"Mummified Hand"}],"event_choices":[{"damage_healed":0.0,"max_hp_gain":0.0,"max_hp_loss":0.0,"gold_gain":75.0,"event_name":"World of Goop","player_choice":"Gather Gold","floor":3.0,"gold_loss":0.0,"damage_taken":11.0},{"cards_removed":["Writhe"],"damage_healed":0.0,"max_hp_gain":0.0,"max_hp_loss":0.0,"gold_gain":0.0,"event_name":"The Cleric","player_choice":"Card Removal","floor":4.0,"gold_loss":50.0,"damage_taken":0.0},{"cards_removed":["Strike_B"],"damage_healed":0.0,"max_hp_gain":0.0,"max_hp_loss":0.0,"gold_gain":0.0,"event_name":"Golden Wing","player_choice":"Card Removal","floor":5.0,"gold_loss":0.0,"damage_taken":7.0},{"damage_healed":0.0,"max_hp_gain":0.0,"max_hp_loss":0.0,"gold_gain":175.0,"event_name":"Liars Game","player_choice":"AGREE","floor":14.0,"gold_loss":0.0,"damage_taken":0.0,"cards_obtained":["Doubt"]},{"damage_healed":0.0,"max_hp_gain":0.0,"max_hp_loss":0.0,"gold_gain":200.0,"event_name":"Wheel of Change","player_choice":"Gold","floor":19.0,"gold_loss":0.0,"damage_taken":0.0}],"is_beta":false,"boss_relics":[{"not_picked":["Busted Crown","FrozenCore"],"picked":"Black Star"}],"items_purged_floors":[21],"is_endless":false,"potions_floor_spawned":[1,12,16,18],"killed_by":"Gremlin Leader","ascension_level":10}}