{"host":"tl8jdqk9pnwb74j1","time":1608037313,"event":{"mods":["BaseMod","BetterRewards","Custom Start","Minty Spire (QoL Compilation)","Shop Mod","StSLib","SuperFastMode"],"gold_per_floor":[117,42,55,71,71,106,120,138,207,207,207,189,35,45,45,150,150,169,169,169,188,202,202,117,117,189,221,44,54,54,70,70,170,170,185,185,195,45,60,89,89,103,103,103,103,120,135,135,135,135],"floor_reached":51,"playtime":1846,"items_purged":["Normality","Strike_R","Strike_R","Cleave"],"score":776,"play_id":"c530a9de-ce8e-4e05-94eb-4e0d8d27f60c","local_time":"20201215210153","is_ascension_mode":false,"campfire_choices":[{"data":"Body Slam","floor":10,"key":"SMITH"},{"data":"Armaments","floor":15,"key":"SMITH"},{"data":"Barricade","floor":23,"key":"SMITH"},{"data":"Impervious","floor":25,"key":"SMITH"},{"data":"Body Slam","floor":30,"key":"SMITH"},{"data":"True Grit","floor":32,"key":"SMITH"},{"data":"Metallicize","floor":41,"key":"SMITH"},{"data":"Dual Wield","floor":49,"key":"SMITH"}],"circlet_count":0,"master_deck":["Defend_R","Defend_R","Defend_R","Defend_R","Barricade+1","Pommel Strike","Armaments+1","Body Slam+1","Carnage","Shrug It Off","Flame Barrier","Impervious+1","Rage+1","Body Slam+1","Metallicize+1","True Grit+1","Burning Pact","Dual Wield+1"],"relics":["Burning Blood","Charon\u0027s Ashes","InkBottle","Mark of Pain","Calipers","Ornamental Fan","Vajra","Sozu","Bag of Preparation","Red Skull"],"acts_visited":["Exordium","TheCity","TheBeyond"],"potions_floor_usage":[8,16,16,39,50],"damage_taken":[{"damage":19,"enemies":"Jaw Worm","floor":1,"turns":4},{"damage":5,"enemies":"Cultist","floor":3,"turns":4},{"damage":8,"enemies":"Small Slimes","floor":4,"turns":4},{"damage":29,"enemies":"Gremlin Nob","floor":6,"turns":5},{"damage":14,"enemies":"Blue Slaver","floor":7,"turns":3},{"damage":10,"enemies":"Looter","floor":8,"turns":4},{"damage":9,"enemies":"Exordium Thugs","floor":12,"turns":4},{"damage":13,"enemies":"Lots of Slimes","floor":14,"turns":3},{"damage":19,"enemies":"Slime Boss","floor":16,"turns":11},{"damage":2,"enemies":"3 Byrds","floor":18,"turns":5},{"damage":0,"enemies":"Chosen","floor":21,"turns":4},{"damage":11,"enemies":"Centurion and Healer","floor":22,"turns":10},{"damage":58,"enemies":"Slavers","floor":27,"turns":8},{"damage":13,"enemies":"Snake Plant","floor":29,"turns":4},{"damage":0,"enemies":"Chosen and Byrds","floor":31,"turns":4},{"damage":0,"enemies":"Automaton","floor":33,"turns":8},{"damage":0,"enemies":"3 Darklings","floor":35,"turns":5},{"damage":0,"enemies":"Orb Walker","floor":37,"turns":4},{"damage":0,"enemies":"Jaw Worm Horde","floor":39,"turns":5},{"damage":8,"enemies":"Reptomancer","floor":40,"turns":7},{"damage":0,"enemies":"3 Darklings","floor":42,"turns":6},{"damage":0,"enemies":"Transient","floor":46,"turns":5},{"damage":0,"enemies":"Maw","floor":47,"turns":5},{"damage":7,"enemies":"Awakened One","floor":50,"turns":8}],"seed_played":"2433232546259991212","potions_obtained":[{"floor":3,"key":"GamblersBrew"},{"floor":4,"key":"Ancient Potion"},{"floor":7,"key":"BloodPotion"},{"floor":12,"key":"Energy Potion"},{"floor":16,"key":"LiquidMemories"},{"floor":18,"key":"Block Potion"}],"is_trial":false,"path_per_floor":["M","$","M","M","?","E","M","M","T","R","?","M","$","M","R","B",null,"M","?","?","M","M","R","?","R","T","E","$","M","R","M","R","B",null,"M","?","M","$","M","E","R","M","T","?","?","M","M","$","R","B",null],"character_chosen":"IRONCLAD","items_purchased":["Shrug It Off","Body Slam"],"campfire_rested":0,"item_purchase_floors":[13,28],"current_hp_per_floor":[67,67,68,66,58,35,27,39,39,39,32,29,29,22,22,9,80,80,80,80,80,75,75,75,75,75,23,23,16,16,22,22,28,80,80,80,80,80,80,78,78,80,80,80,80,80,80,80,80,79],"gold":135,"neow_bonus":"THREE_RARE_CARDS","is_daily":false,"chose_seed":false,"campfire_upgraded":8,"win_rate":0.0,"timestamp":1608037313,"path_taken":["M","$","M","M","?","E","?","M","T","R","?","M","$","M","R","BOSS","M","?","?","?","M","R","?","R","T","E","$","M","R","M","R","BOSS","M","?","?","$","M","E","R","M","T","?","?","M","M","$","R","BOSS"],"items_purchased_type":["Card","Card"],"build_version":"2020-12-13","purchased_purges":4,"victory":true,"max_hp_per_floor":[80,80,80,80,80,80,80,80,80,80,80,80,80,80,80,80,80,80,80,80,80,80,80,80,80,80,80,80,80,80,80,80,80,80,80,80,80,80,80,80,80,80,80,80,80,80,80,80,80,80],"card_choices":[{"not_picked":["Bludgeon","Berserk"],"picked":"Barricade","floor":0},{"not_picked":["Anger","Twin Strike","Headbutt"],"picked":"SKIP","floor":1},{"not_picked":["Feel No Pain","Twin Strike"],"picked":"Pommel Strike","floor":3},{"not_picked":["Pommel Strike","Hemokinesis"],"picked":"Cleave","floor":4},{"not_picked":["Anger","Sword Boomerang","Headbutt"],"picked":"SKIP","floor":6},{"not_picked":["Dual Wield","Cleave"],"picked":"Armaments","floor":7},{"not_picked":["Combust","Rupture"],"picked":"Body Slam","floor":8},{"not_picked":["Demon Form","Twin Strike"],"picked":"Carnage","floor":12},{"not_picked":["Cleave","True Grit"],"picked":"Flame Barrier","floor":14},{"not_picked":["Brutality","Reaper"],"picked":"Impervious","floor":16},{"not_picked":["Disarm","Armaments","Clash+1"],"picked":"SKIP","floor":18},{"not_picked":["Armaments","Infernal Blade","Cleave"],"picked":"SKIP","floor":21},{"not_picked":["Feel No Pain","Anger"],"picked":"Rage+1","floor":22},{"not_picked":["Iron Wave","Headbutt","Carnage"],"picked":"SKIP","floor":27},{"not_picked":["Iron Wave","Sword Boomerang"],"picked":"Metallicize","floor":29},{"not_picked":["Shrug It Off","Perfected Strike"],"picked":"True Grit","floor":31},{"not_picked":["Pummel","Headbutt","Pommel Strike"],"picked":"SKIP","floor":35},{"not_picked":["Burning Pact","Pommel Strike"],"picked":"Shrug It Off","floor":37},{"not_picked":["Flame Barrier","Iron Wave","Sword Boomerang+1"],"picked":"SKIP","floor":39},{"not_picked":["Carnage+1","Searing Blow","Anger"],"picked":"SKIP","floor":40},{"not_picked":["Perfected Strike+1","Flex+1"],"picked":"Burning Pact","floor":42},{"not_picked":["Sword Boomerang+1","Feel No Pain","Clash"],"picked":"SKIP","floor":46},{"not_picked":["Double Tap","Disarm+1"],"picked":"Dual Wield","floor":47}],"player_experience":943654,"relics_obtained":[{"floor":6,"key":"Charon\u0027s Ashes"},{"floor":9,"key":"InkBottle"},{"floor":26,"key":"Ornamental Fan"},{"floor":27,"key":"Vajra"},{"floor":40,"key":"Bag of Preparation"},{"floor":43,"key":"Red Skull"}],"event_choices":[{"damage_healed":0,"gold_gain":0,"player_choice":"Damaged","damage_taken":8,"max_hp_gain":0,"max_hp_loss":0,"event_name":"Wheel of Change","floor":5,"gold_loss":0},{"cards_removed":["Strike_R"],"damage_healed":0,"gold_gain":0,"player_choice":"Card Removal","damage_taken":7,"max_hp_gain":0,"max_hp_loss":0,"event_name":"Golden Wing","floor":11,"gold_loss":0},{"damage_healed":0,"gold_gain":0,"player_choice":"Ignored","damage_taken":0,"max_hp_gain":0,"max_hp_loss":0,"event_name":"Ghosts","floor":19,"gold_loss":0},{"cards_removed":["Strike_R"],"damage_healed":0,"gold_gain":0,"player_choice":"Purged","damage_taken":0,"max_hp_gain":0,"max_hp_loss":0,"event_name":"Purifier","floor":20,"gold_loss":0},{"damage_healed":0,"gold_gain":0,"player_choice":"Obtained Relic","damage_taken":0,"relics_obtained":["Calipers"],"max_hp_gain":0,"max_hp_loss":0,"event_name":"Addict","floor":24,"gold_loss":85},{"cards_removed":["Strike_R"],"damage_healed":0,"gold_gain":0,"player_choice":"Offered Basic","damage_taken":0,"max_hp_gain":0,"max_hp_loss":0,"event_name":"Bonfire Elementals","floor":36,"gold_loss":0},{"cards_removed":["Shrug It Off"],"damage_healed":0,"gold_gain":0,"player_choice":"Removed Skill","damage_taken":0,"max_hp_gain":0,"max_hp_loss":0,"event_name":"Falling","floor":44,"gold_loss":0},{"cards_removed":["Bash"],"damage_healed":0,"gold_gain":0,"player_choice":"Purged","damage_taken":0,"max_hp_gain":0,"max_hp_loss":0,"event_name":"Purifier","floor":45,"gold_loss":0}],"is_beta":false,"boss_relics":[{"not_picked":["Calling Bell","Velvet Choker"],"picked":"Mark of Pain"},{"not_picked":["Fusion Hammer","Snecko Eye"],"picked":"Sozu"}],"items_purged_floors":[2,13,28,38],"is_endless":false,"potions_floor_spawned":[3,4,7,12,16,18,27,37,40,46,47],"ascension_level":0}}