{"host":"dcj2yvrgcvh5dl2s","time":1608061890,"event":{"mods":["BaseMod","Better Note","Block Reminder","Colored Powertips","DeckTracker","Minty Spire (QoL Compilation)","Quick Restart","Rare Cards Sparkle","Relic Stats","StSLib"],"gold_per_floor":[17,17,17,32,51,51,86,86,86,99,24,44,77,92,92,193,193,204,215,227,227,227],"floor_reached":21,"playtime":1071,"items_purged":["Strike_R"],"score":290,"play_id":"2f6969c2-bae6-4e28-8769-c98e628a0a0d","local_time":"20201216055130","is_ascension_mode":true,"campfire_choices":[{"data":"Searing Blow","floor":6,"key":"SMITH"},{"data":"Searing Blow+1","floor":8,"key":"SMITH"},{"data":"Body Slam","floor":15,"key":"SMITH"}],"circlet_count":0,"master_deck":["AscendersBane","Strike_R","Strike_R","Strike_R","Strike_R","Defend_R","Defend_R","Defend_R","Defend_R","Bash","Reaper","Shrug It Off","Searing Blow+2","Pummel","Body Slam+1","Feel No Pain","Immolate","Whirlwind","Armaments"],"relics":["Black Blood","Ornamental Fan","Pantograph","Oddly Smooth Stone"],"acts_visited":["Exordium","TheCity"],"potions_floor_usage":[13,13,16,21],"damage_taken":[{"damage":1,"enemies":"2 Louse","floor":1,"turns":3},{"damage":1,"enemies":"Cultist","floor":4,"turns":4},{"damage":7,"enemies":"Jaw Worm","floor":5,"turns":5},{"damage":40,"enemies":"Gremlin Nob","floor":7,"turns":5},{"damage":18,"enemies":"Blue Slaver","floor":10,"turns":3},{"damage":15,"enemies":"2 Fungi Beasts","floor":12,"turns":4},{"damage":12,"enemies":"3 Sentries","floor":13,"turns":8},{"damage":2,"enemies":"Exordium Wildlife","floor":14,"turns":3},{"damage":78,"enemies":"Hexaghost","floor":16,"turns":11},{"damage":38,"enemies":"3 Byrds","floor":18,"turns":6},{"damage":46,"enemies":"Shell Parasite","floor":19,"turns":8},{"damage":17,"enemies":"Snecko","floor":20,"turns":7},{"damage":17,"enemies":"Shelled Parasite and Fungi","floor":21,"turns":2}],"seed_played":"-6918670607366560070","potions_obtained":[{"floor":2,"key":"CultistPotion"},{"floor":2,"key":"Ancient Potion"},{"floor":2,"key":"LiquidBronze"},{"floor":7,"key":"Energy Potion"},{"floor":12,"key":"Regen Potion"},{"floor":20,"key":"Strength Potion"}],"is_trial":false,"path_per_floor":["M","?","$","M","M","R","E","R","T","M","$","M","E","M","R","B",null,"M","M","M","M"],"character_chosen":"IRONCLAD","items_purchased":[],"campfire_rested":0,"item_purchase_floors":[],"current_hp_per_floor":[77,77,77,80,80,80,46,46,46,40,40,39,60,68,68,18,65,47,13,14,0,0],"gold":227,"neow_bonus":"THREE_RARE_CARDS","is_daily":false,"chose_seed":false,"campfire_upgraded":3,"win_rate":0.0,"timestamp":1608061890,"path_taken":["M","?","?","M","M","R","E","R","T","M","$","M","E","M","R","BOSS","M","M","M","M"],"items_purchased_type":[],"build_version":"2020-12-13","purchased_purges":1,"victory":false,"max_hp_per_floor":[80,80,80,80,80,80,80,80,80,80,80,80,80,80,80,80,80,80,80,80,80,80],"relic_stats":{"counters":[13,69],"Ornamental Fan":[16],"Pantograph":12,"Black Blood":85,"obtain_stats":[{"Ornamental Fan":7,"Pantograph":9,"Oddly Smooth Stone":13,"Black Blood":17,"Burning Blood":0},{"Ornamental Fan":4,"Pantograph":4,"Oddly Smooth Stone":7,"Black Blood":9,"Burning Blood":0},{"Ornamental Fan":17,"Pantograph":17,"Oddly Smooth Stone":32,"Black Blood":46,"Burning Blood":0}]},"card_choices":[{"not_picked":["Limit Break","Impervious"],"picked":"Reaper","floor":0},{"not_picked":["Warcry","Second Wind","Wild Strike"],"picked":"SKIP","floor":1},{"not_picked":["Pummel","Havoc"],"picked":"Shrug It Off","floor":4},{"not_picked":["Armaments","Searing Blow","Twin Strike"],"picked":"SKIP","floor":5},{"not_picked":["Armaments","Twin Strike"],"picked":"Searing Blow","floor":5},{"not_picked":["Burning Pact","Rage","Wild Strike"],"picked":"SKIP","floor":7},{"not_picked":["Sword Boomerang","Rampage"],"picked":"Pummel","floor":10},{"not_picked":["Rage","Iron Wave","Sentinel"],"picked":"SKIP","floor":12},{"not_picked":["Second Wind","Rage"],"picked":"Body Slam","floor":13},{"not_picked":["Bludgeon","Anger"],"picked":"Feel No Pain","floor":14},{"not_picked":["Demon Form","Fiend Fire"],"picked":"Immolate","floor":16},{"not_picked":["Flex+1","Perfected Strike"],"picked":"Whirlwind","floor":18},{"not_picked":["Clothesline","Feel No Pain+1","Second Wind"],"picked":"SKIP","floor":19},{"not_picked":["Combust","Clash+1"],"picked":"Armaments","floor":20}],"player_experience":1972142,"relics_obtained":[{"floor":7,"key":"Ornamental Fan"},{"floor":9,"key":"Pantograph"},{"floor":13,"key":"Oddly Smooth Stone"}],"event_choices":[{"damage_healed":0,"gold_gain":0,"player_choice":"Got Potions","damage_taken":0,"max_hp_gain":0,"max_hp_loss":0,"event_name":"Lab","floor":2,"gold_loss":0}],"is_beta":false,"boss_relics":[{"not_picked":["Fusion Hammer","Snecko Eye"],"picked":"Black Blood"}],"items_purged_floors":[11],"is_endless":false,"potions_floor_spawned":[7,10,12,20],"killed_by":"Shelled Parasite and Fungi","ascension_level":10}}