{"host":"mrc3cf8wjlkkqes7","time":1608026502,"event":{"mods":["BaseMod","Downfall","Hermit","Infinite Spire","Minty Spire (QoL Compilation)","Replay The Spire","StSLib","The Cursed","The Servant 0.9.4"],"gold_per_floor":[112,112,112,132,38,73,73,73,100,100,134,148,148,164,164,262,262,274,274,290,290,310,344,344,344,368,368,388,419,437,469,469,566,566,580,580,598,598,598,629,641,19,19,33,33,33,33,47,47,47],"floor_reached":51,"playtime":3498,"items_purged":["Doubt","TimeTheft"],"score":707,"play_id":"df079d59-4001-48ea-844a-238dbb38327c","local_time":"20201215040142","is_ascension_mode":true,"campfire_choices":[{"data":"Strike_S","floor":7.0,"key":"PURGE"},{"data":"Strike_S","floor":13.0,"key":"PURGE"},{"floor":15.0,"key":"REST"},{"floor":24.0,"key":"REST"},{"floor":32.0,"key":"REST"},{"data":"Read","floor":45,"key":"PURGE"},{"data":"Sunlight","floor":47,"key":"PURGE"},{"floor":49,"key":"REST"}],"circlet_count":0,"master_deck":["KidneyShot","Exchange","GearUp","Inflame","FanOfKnives","Flex","TimeWarp","Inflame","Rearm","Sunlight","Advance","Revamp","Starlight","ReplayTheSpireMod:Echoes of Time","BottledTime","Luminosity","Sabotage+1","ShatteredReality+1","KillingDoll+1","Dilation","FloweringNight","FloweringNight","Defy","Alleviate","TimeWarp+1","GearUp","Flex","BestPractice","ShatteredReality+1","Starlight+1","Moonlight+1"],"relics":["NeowsBlessing","m_ScarletBlood","Peace Pipe","infinitespire:Satchel","infinitespire:PuzzleCube","Ornamental Fan","Painkiller Herb","PreservedInsect","Tiny Chest","Lee\u0027s Waffle","Anchor","Molten Egg 2","Replay:Baseball","Pandora\u0027s Box","Divine Protection","Vajra","Bottled Lightning","ReplayTheSpireMod:Shallot","HornCleat","Dead Branch"],"acts_visited":["Exordium","TheCity","TheBeyond"],"potions_floor_usage":[40,41],"damage_taken":[{"damage":0.0,"enemies":"Jaw Worm","floor":1.0,"turns":1.0},{"damage":2.0,"enemies":"2 Louse","floor":4.0,"turns":2.0},{"damage":0.0,"enemies":"Lagavulin","floor":6.0,"turns":1.0},{"damage":9.0,"enemies":"3 Sentries","floor":11.0,"turns":4.0},{"damage":0.0,"enemies":"Cultist","floor":12.0,"turns":3.0},{"damage":15.0,"enemies":"3 Louse","floor":14.0,"turns":2.0},{"damage":15.0,"enemies":"The Guardian","floor":16.0,"turns":10.0},{"damage":0.0,"enemies":"Chosen","floor":18.0,"turns":3.0},{"damage":4.0,"enemies":"Shell Parasite","floor":20.0,"turns":5.0},{"damage":12.0,"enemies":"Cultist and Chosen","floor":22.0,"turns":3.0},{"damage":34.0,"enemies":"Slavers","floor":23.0,"turns":2.0},{"damage":13.0,"enemies":"Shelled Parasite and Fungi","floor":28.0,"turns":4.0},{"damage":8.0,"enemies":"Gremlin Leader","floor":29.0,"turns":3.0},{"damage":20.0,"enemies":"Snake Plant","floor":30.0,"turns":3.0},{"damage":8.0,"enemies":"Book of Stabbing","floor":31.0,"turns":4.0},{"damage":34.0,"enemies":"Automaton","floor":33.0,"turns":7.0},{"damage":0.0,"enemies":"Orb Walker","floor":35.0,"turns":3.0},{"damage":29.0,"enemies":"3 Darklings","floor":37.0,"turns":3.0},{"damage":0,"enemies":"Nemesis","floor":40,"turns":4},{"damage":0,"enemies":"Transient","floor":41,"turns":5},{"damage":0,"enemies":"4 Shapes","floor":44,"turns":2},{"damage":0,"enemies":"Sphere and 2 Shapes","floor":48,"turns":2},{"damage":18,"enemies":"Replay:Hell Engine","floor":50,"turns":6}],"seed_played":"6334728376327704509","potions_obtained":[{"floor":10.0,"key":"hexamod:EctoCoolerPotion"},{"floor":10.0,"key":"Flashbang"},{"floor":10.0,"key":"Doom Potion"},{"floor":12.0,"key":"sneckomod:MuddlingPotion"},{"floor":14.0,"key":"Fire Potion"},{"floor":16.0,"key":"AttackPotion"},{"floor":18.0,"key":"Block Potion"},{"floor":22.0,"key":"Strength Potion"},{"floor":23.0,"key":"Reflective Coating"},{"floor":30.0,"key":"sneckomod:MuddlingPotion"},{"floor":33.0,"key":"sneckomod:MuddlingPotion"},{"floor":35.0,"key":"Fire Potion"},{"floor":37.0,"key":"Swift Potion"},{"floor":41,"key":"champ:CounterPotion"},{"floor":48,"key":"SteroidPotion"}],"is_trial":false,"path_per_floor":["M","?","?","M","$","E","R","$","T","?","E","M","R","M","R","B",null,"?","?","?","?","?","E","T","AVR","T","?","?","E","?","E","T","B",null,"?","?","?","?","T","E","?","T","T","?","T","AVR","T","?","T","B",null],"character_chosen":"THE_SERVANT","items_purchased":["Flex","TimeWarp","BestPractice","ShatteredReality+1","Bottled Lightning","ReplayTheSpireMod:Shallot"],"campfire_rested":4,"item_purchase_floors":[5,5,42,42,42,42],"current_hp_per_floor":[65,65,53,51,51,51,51,51,51,51,42,42,42,27,46,31,65,65,65,61,61,49,15,34,72,72,72,59,51,31,23,44,10,72,72,72,43,43,43,43,43,43,43,43,43,43,43,43,64,46],"gold":47,"neow_bonus":"THREE_ENEMY_KILL","is_daily":false,"chose_seed":false,"campfire_upgraded":0,"win_rate":0.0,"timestamp":1608026502,"path_taken":["M","?","?","M","$","E","R","?","T","?","E","M","R","?","R","BOSS","?","?","?","?","?","E","T","AVR","T","?","?","E","?","E","T","BOSS","?","?","?","?","?","E","?","?","T","?","T","AVR","T","?","T","BOSS"],"items_purchased_type":["Card","Card","Card","Card","Relic","Relic"],"build_version":"2020-12-13","purchased_purges":2,"victory":true,"max_hp_per_floor":[65,65,65,65,65,65,65,65,65,65,65,65,65,65,65,65,65,65,65,65,65,65,65,65,72,72,72,72,72,72,72,72,72,72,72,72,72,72,72,72,72,72,72,72,72,72,72,72,72,72],"card_choices":[{"not_picked":["Defy","ShatteredReality"],"picked":"GearUp","floor":1.0},{"not_picked":["Defy","Heavy Blade"],"picked":"FanOfKnives","floor":4.0},{"not_picked":["ShatteredReality","Heavy Blade"],"picked":"Inflame","floor":6.0},{"not_picked":["Unruled","Defy"],"picked":"Sunlight","floor":11.0},{"not_picked":["Flex","Potential"],"picked":"Rearm","floor":12.0},{"not_picked":["TimeWarp","Potential","FlawlessForm"],"picked":"SKIP","floor":14.0},{"not_picked":["ForgedInTime","SoulSculpture"],"picked":"Sunlight","floor":16.0},{"not_picked":["TimeWarp","FastForward"],"picked":"Advance","floor":18.0},{"not_picked":["Read","DoubleEdge+1"],"picked":"Revamp","floor":20.0},{"not_picked":["BottledTime","StarChef+1"],"picked":"Starlight","floor":22.0},{"not_picked":["Snipe","Collapse"],"picked":"TimeTheft","floor":23.0},{"not_picked":["Alleviate","Rewind"],"picked":"BottledTime","floor":28.0},{"not_picked":["BottledTime","Spin+1"],"picked":"Luminosity","floor":29.0},{"not_picked":["Duplication","ShiftingGears+1"],"picked":"Sabotage+1","floor":30.0},{"not_picked":["TimeWarp+1","Read"],"picked":"ShatteredReality+1","floor":31.0},{"not_picked":["TrueSight","SoulSculpture+1"],"picked":"KillingDoll+1","floor":33.0},{"not_picked":["Revamp","MoonPhase"],"picked":"Alleviate","floor":35.0},{"not_picked":["Gouge+1","Pummel+1"],"picked":"TimeWarp+1","floor":37.0},{"not_picked":["Rearm+1","Defy"],"picked":"GearUp","floor":40},{"not_picked":["Deadline","BottledTime+1"],"picked":"Flex","floor":41},{"not_picked":["Potential+1","Heavy Blade+1"],"picked":"Starlight+1","floor":44},{"not_picked":["Unruled+1","InstantArmor+1"],"picked":"Moonlight+1","floor":48}],"player_experience":202357,"relics_obtained":[{"floor":6.0,"key":"infinitespire:Satchel"},{"floor":9.0,"key":"infinitespire:PuzzleCube"},{"floor":11.0,"key":"Ornamental Fan"},{"floor":23.0,"key":"Tiny Chest"},{"floor":26.0,"key":"Anchor"},{"floor":29.0,"key":"Molten Egg 2"},{"floor":31.0,"key":"Replay:Baseball"},{"floor":39.0,"key":"Divine Protection"},{"floor":40,"key":"Vajra"},{"floor":43,"key":"HornCleat"}],"event_choices":[{"damage_healed":0.0,"max_hp_gain":0.0,"max_hp_loss":0.0,"gold_gain":0.0,"event_name":"Scrap Ooze","player_choice":"Success","floor":3.0,"gold_loss":0.0,"damage_taken":12.0,"relics_obtained":["Peace Pipe"]},{"damage_healed":0.0,"max_hp_gain":0.0,"max_hp_loss":0.0,"gold_gain":0.0,"event_name":"Lab","player_choice":"Got Potions","floor":10.0,"gold_loss":0.0,"damage_taken":0.0},{"damage_healed":0.0,"max_hp_gain":0.0,"max_hp_loss":0.0,"gold_gain":0.0,"event_name":"Ghosts","player_choice":"Ignored","floor":19.0,"gold_loss":0.0,"damage_taken":0.0},{"damage_healed":0.0,"max_hp_gain":0.0,"max_hp_loss":0.0,"gold_gain":0.0,"event_name":"Mysterious Sphere","player_choice":"Ignored","floor":36.0,"gold_loss":0.0,"damage_taken":0.0},{"cards_removed":["ForgedInTime"],"damage_healed":0.0,"max_hp_gain":0.0,"max_hp_loss":0.0,"gold_gain":0.0,"event_name":"Falling","player_choice":"Removed Skill","floor":38.0,"gold_loss":0.0,"damage_taken":0.0}],"is_beta":false,"boss_relics":[{"not_picked":["Replay:Wanted Poster","StoneMask"],"picked":"Painkiller Herb"},{"not_picked":["Cursed Key","Abe\u0027s Treasure"],"picked":"Pandora\u0027s Box"}],"items_purged_floors":[25,46],"is_endless":false,"potions_floor_spawned":[12,14,16,18,22,23,30,33,35,37,41,48],"ascension_level":3}}