{"host":"i3z0gcxurea6197v","time":1608058512,"event":{"mods":["Aspiration","BaseMod","Conspire","Energized Spire","Hubris","Minty Spire (QoL Compilation)","Permanent Neow","Relic Stats","Replay The Spire","Shop Mod","StSLib","SuperFastMode","Virulent Crown","vexMod"],"gold_per_floor":[116,291,291,309,324,349,16,27,27,27,51,61,61,75,75,152,152,163,173,173,113,130,130,158,158,158],"floor_reached":25,"playtime":916,"items_purged":["Doubt"],"score":368,"play_id":"7d723e2b-b0a3-4810-8cd2-0012cbd754a4","local_time":"20201215235512","is_ascension_mode":true,"campfire_choices":[{"floor":13,"key":"REST"},{"data":"Tempest","floor":15,"key":"SMITH"},{"floor":23,"key":"REST"}],"circlet_count":0,"master_deck":["AscendersBane","Strike_B","Strike_B","Strike_B","Strike_B","Defend_B","Defend_B","Defend_B","Defend_B","Zap","Dualcast","Go for the Eyes","ReplaySort","Machine Learning","Tempest+1","Steam+1","hubris:Ukulele","Conserve Battery","Biased Cognition","Static Discharge","Core Surge"],"relics":["Cracked Core","NeowsBlessing","hubris:Towel","Replay:Antivirus Software","Chemical X","Regal Pillow","Smiling Mask","Velvet Choker","ReplayFunnel"],"acts_visited":["Exordium","TheCity"],"potions_floor_usage":[6,6,24,24],"damage_taken":[{"damage":0,"enemies":"2 Louse","floor":1,"turns":1},{"damage":0,"enemies":"Small Slimes","floor":4,"turns":1},{"damage":0,"enemies":"Jaw Worm","floor":5,"turns":1},{"damage":12,"enemies":"Gremlin Nob","floor":6,"turns":4},{"damage":24,"enemies":"Lots of Slimes","floor":8,"turns":4},{"damage":10,"enemies":"2 Fungi Beasts","floor":12,"turns":3},{"damage":0,"enemies":"Exordium Thugs","floor":14,"turns":3},{"damage":35,"enemies":"Hexaghost","floor":16,"turns":9},{"damage":3,"enemies":"Spheric Guardian","floor":18,"turns":3},{"damage":29,"enemies":"3 Byrds","floor":19,"turns":3},{"damage":28,"enemies":"Snake Plant","floor":22,"turns":3},{"damage":29,"enemies":"Book of Stabbing","floor":24,"turns":4},{"damage":15,"enemies":"Sentry and Sphere","floor":25,"turns":5}],"seed_played":"7296857010490979688","potions_obtained":[{"floor":1,"key":"Flashbang"},{"floor":4,"key":"Strength Potion"},{"floor":16,"key":"Dexterity Potion"},{"floor":22,"key":"LiquidBronze"}],"is_trial":false,"path_per_floor":["M","?","?","M","M","E","$","M","T","$","T","M","R","M","R","B",null,"M","M","?","?","M","R","E","M"],"character_chosen":"DEFECT","items_purchased":["Chemical X","Steam+1","hubris:Ukulele"],"campfire_rested":2,"item_purchase_floors":[7,7,7],"current_hp_per_floor":[68,68,68,68,68,56,56,32,32,32,32,22,59,59,59,24,62,59,30,30,30,2,39,10,0,0],"gold":158,"neow_bonus":"THREE_ENEMY_KILL","is_daily":false,"chose_seed":false,"campfire_upgraded":1,"win_rate":0.0,"timestamp":1608058512,"path_taken":["M","?","?","M","?","E","$","M","T","?","?","M","R","?","R","BOSS","M","M","?","?","?","R","E","M"],"items_purchased_type":["Relic","Card","Card"],"build_version":"2020-12-13","purchased_purges":1,"victory":false,"max_hp_per_floor":[75,75,75,75,75,75,75,75,75,75,75,75,75,75,75,75,75,75,75,75,75,75,75,75,75,75],"relic_stats":{"Regal Pillow":30,"counters":[13,44],"Chemical X":[9],"Smiling Mask":0,"obtain_stats":[{"ReplayFunnel":24,"Regal Pillow":9,"NeowsBlessing":0,"Velvet Choker":17,"Chemical X":7,"hubris:Towel":3,"Replay:Antivirus Software":6,"Cracked Core":0,"Smiling Mask":11},{"ReplayFunnel":12,"Regal Pillow":5,"NeowsBlessing":0,"Velvet Choker":8,"Chemical X":4,"hubris:Towel":1,"Replay:Antivirus Software":4,"Cracked Core":0,"Smiling Mask":5},{"ReplayFunnel":39,"Regal Pillow":11,"NeowsBlessing":0,"Velvet Choker":26,"Chemical X":7,"hubris:Towel":1,"Replay:Antivirus Software":7,"Cracked Core":0,"Smiling Mask":11}]},"card_choices":[{"not_picked":["Double Energy","Barrage"],"picked":"Go for the Eyes","floor":1},{"not_picked":["Coolheaded","Redo"],"picked":"ReplaySort","floor":4},{"not_picked":["Skim","Gash"],"picked":"Machine Learning","floor":5},{"not_picked":["Hologram","hubris:PowerSurge"],"picked":"Tempest","floor":6},{"not_picked":["Leap","Recycle"],"picked":"Conserve Battery","floor":8},{"not_picked":["Doom and Gloom","Redo","Conserve Battery"],"picked":"SKIP","floor":12},{"not_picked":["Blizzard","Streamline","Panic Button"],"picked":"SKIP","floor":14},{"not_picked":["Seek","Amplify"],"picked":"Biased Cognition","floor":16},{"not_picked":["Compile Driver","Redo","Melter"],"picked":"SKIP","floor":18},{"not_picked":["Skim","Conserve Battery"],"picked":"Static Discharge","floor":19},{"not_picked":["hubris:Ukulele","Hologram"],"picked":"Core Surge","floor":22},{"not_picked":["Redo","Hologram","Gash"],"picked":"SKIP","floor":24}],"player_experience":856622,"relics_obtained":[{"floor":6,"key":"Replay:Antivirus Software"},{"floor":9,"key":"Regal Pillow"},{"floor":11,"key":"Smiling Mask"},{"floor":24,"key":"ReplayFunnel"}],"event_choices":[{"damage_healed":0,"gold_gain":175,"player_choice":"AGREE","damage_taken":0,"max_hp_gain":0,"max_hp_loss":0,"event_name":"Liars Game","floor":2,"gold_loss":0,"cards_obtained":["Doubt"]}],"is_beta":false,"boss_relics":[{"not_picked":["hubris:ScarierMask","vexMod:BigBerry"],"picked":"Velvet Choker"}],"items_purged_floors":[7],"is_endless":false,"potions_floor_spawned":[1,4,5,16,22],"killed_by":"Sentry and Sphere","ascension_level":13}}