{"host":"usewcu4ohw2wtmxk","time":1608068437,"event":{"mods":["AchievementEnabler","BaseMod","BetterRewards","Colored Powertips","Minty Spire (QoL Compilation)","Permanent Neow","Quick Restart","Relic Sorter","Relic Stats","Shop Mod","StSLib"],"gold_per_floor":[117,117,134,134,152,152,187,198,198,123,123,48,48,77,77,77,77],"floor_reached":16,"playtime":336,"items_purged":["Strike_G"],"score":216,"play_id":"fbf233dd-424c-4d6a-84b7-fae657a34005","local_time":"20201216054037","is_ascension_mode":true,"campfire_choices":[{"data":"Phantasmal Killer","floor":6.0,"key":"SMITH"},{"data":"Blade Dance","floor":11.0,"key":"SMITH"},{"data":"Neutralize","floor":13.0,"key":"SMITH"},{"data":"Blade Dance","floor":15.0,"key":"SMITH"}],"circlet_count":0,"master_deck":["AscendersBane","Strike_G","Strike_G","Strike_G","Defend_G","Defend_G","Defend_G","Defend_G","Defend_G","Survivor","Neutralize+1","Phantasmal Killer+1","PiercingWail","Blade Dance+1","Backstab","Concentrate","Blade Dance+1"],"relics":["Ring of the Snake","Lantern","Kunai","Smiling Mask"],"acts_visited":["Exordium"],"potions_floor_usage":[16],"damage_taken":[{"damage":0.0,"enemies":"Cultist","floor":1.0,"turns":3.0},{"damage":3.0,"enemies":"2 Louse","floor":3.0,"turns":4.0},{"damage":4.0,"enemies":"Jaw Worm","floor":5.0,"turns":5.0},{"damage":17.0,"enemies":"Lagavulin","floor":7.0,"turns":6.0},{"damage":1.0,"enemies":"Blue Slaver","floor":8.0,"turns":2.0},{"damage":5.0,"enemies":"3 Sentries","floor":14.0,"turns":10.0},{"damage":31,"enemies":"Hexaghost","floor":16,"turns":7}],"seed_played":"-5217158905023608392","potions_obtained":[{"floor":5.0,"key":"CunningPotion"},{"floor":7.0,"key":"ColorlessPotion"}],"is_trial":false,"path_per_floor":["M","?","M","?","M","R","E","M","T","$","R","?","R","E","R","B"],"character_chosen":"THE_SILENT","items_purchased":[],"campfire_rested":0,"item_purchase_floors":[],"current_hp_per_floor":[59,54,51,51,47,47,30,29,29,29,29,29,29,24,24,0,0],"gold":77,"neow_bonus":"ONE_RANDOM_RARE_CARD","is_daily":false,"chose_seed":false,"campfire_upgraded":4,"win_rate":0.0,"timestamp":1608068437,"path_taken":["M","?","M","?","M","R","E","M","T","$","R","?","R","E","R","BOSS"],"items_purchased_type":[],"build_version":"2020-12-13","purchased_purges":1,"victory":false,"max_hp_per_floor":[66,66,66,66,66,66,66,66,66,66,66,66,66,66,66,66,66],"relic_stats":{"counters":[7,37],"Kunai":[12],"Smiling Mask":0,"obtain_stats":[{"Lantern":2,"Kunai":7,"Smiling Mask":14,"Ring of the Snake":0},{"Lantern":1,"Kunai":4,"Smiling Mask":6,"Ring of the Snake":0},{"Lantern":3,"Kunai":18,"Smiling Mask":30,"Ring of the Snake":0}],"Ring of the Snake":[14]},"card_choices":[{"not_picked":["Poisoned Stab","Riddle With Holes","PiercingWail"],"picked":"SKIP","floor":1.0},{"not_picked":["Poisoned Stab","Riddle With Holes"],"picked":"PiercingWail","floor":1.0},{"not_picked":["Masterful Stab","Quick Slash"],"picked":"Blade Dance","floor":3.0},{"not_picked":["Deadly Poison","Noxious Fumes"],"picked":"Backstab","floor":5.0},{"not_picked":["Slice","Leg Sweep","Caltrops"],"picked":"SKIP","floor":7.0},{"not_picked":["Leg Sweep","Backflip"],"picked":"Concentrate","floor":8.0},{"not_picked":["Dodge and Roll","Dagger Throw"],"picked":"Blade Dance","floor":14.0}],"player_experience":269858,"relics_obtained":[{"floor":7.0,"key":"Kunai"},{"floor":14.0,"key":"Smiling Mask"}],"event_choices":[{"damage_healed":0.0,"max_hp_gain":0.0,"max_hp_loss":0.0,"gold_gain":0.0,"event_name":"Scrap Ooze","player_choice":"Success","floor":2.0,"gold_loss":0.0,"damage_taken":5.0,"relics_obtained":["Lantern"]},{"damage_healed":0.0,"max_hp_gain":0.0,"max_hp_loss":0.0,"gold_gain":0.0,"event_name":"Shining Light","player_choice":"Ignored","floor":4.0,"gold_loss":0.0,"damage_taken":0.0},{"cards_removed":["Strike_G"],"damage_healed":0.0,"max_hp_gain":0.0,"max_hp_loss":0.0,"gold_gain":0.0,"event_name":"The Cleric","player_choice":"Card Removal","floor":12.0,"gold_loss":75.0,"damage_taken":0.0}],"is_beta":false,"boss_relics":[],"items_purged_floors":[10],"is_endless":false,"potions_floor_spawned":[5,7],"killed_by":"Hexaghost","ascension_level":20}}