{"host":"2cg6xoexl1he7zus","time":1608017428,"event":{"mods":["AchievementEnabler","BaseMod","Colored Map","Minty Spire (QoL Compilation)","Quick Restart","StSLib","SuperFastMode","everything is the same but u backflip on backflip"],"gold_per_floor":[14,14,35,35,50,50,50,93,117,117,136,136,172,191,191,311,311,334,49,68,68,91,91,101,101,101,118,118,70,70,87,87,189,189,202,252,269,283,105,105,124,124,124,124,124,150,31,31,31,31],"floor_reached":51,"playtime":1754,"items_purged":["Strike_B"],"score":936,"play_id":"77e21b1a-63aa-4ab4-9cbb-a051b1060c4c","local_time":"20201215163028","is_ascension_mode":true,"campfire_choices":[{"data":"Dualcast","floor":6.0,"key":"SMITH"},{"data":"Zap","floor":10.0,"key":"SMITH"},{"data":"Genetic Algorithm","floor":12.0,"key":"SMITH"},{"floor":15.0,"key":"REST"},{"data":"Reboot","floor":23.0,"key":"SMITH"},{"floor":25.0,"key":"REST"},{"floor":28.0,"key":"REST"},{"data":"Seek","floor":32.0,"key":"SMITH"},{"data":"Reboot","floor":40.0,"key":"SMITH"},{"data":"Double Energy","floor":42.0,"key":"SMITH"},{"data":"Coolheaded","floor":44.0,"key":"SMITH"},{"data":"Fission","floor":49.0,"key":"SMITH"}],"circlet_count":0,"master_deck":["Zap+1","Dualcast+1","Ball Lightning","Capacitor","Sunder","Genetic Algorithm+1","Echo Form","White Noise","Reboot+1","Electrodynamics","Seek+1","Compile Driver+1","Cold Snap","Auto Shields+1","Coolheaded+1","Conserve Battery","Reboot+1","Skim+1","Tempest+1","Heatsinks+1","Barrage+1","Double Energy+1","Thunder Strike","Reboot+1","Double Energy+1","Fission+1"],"relics":["Cracked Core","Bloody Idol","PreservedInsect","Emotion Chip","Empty Cage","Happy Flower","Art of War","Nloth\u0027s Gift","Astrolabe","Lizard Tail","DollysMirror","MealTicket","Torii","Pantograph"],"acts_visited":["Exordium","TheCity","TheBeyond"],"potions_floor_usage":[50],"damage_taken":[{"damage":1.0,"enemies":"2 Louse","floor":1.0,"turns":2.0},{"damage":0.0,"enemies":"Cultist","floor":3.0,"turns":2.0},{"damage":4.0,"enemies":"Jaw Worm","floor":5.0,"turns":3.0},{"damage":30.0,"enemies":"Gremlin Nob","floor":8.0,"turns":4.0},{"damage":1.0,"enemies":"Exordium Thugs","floor":11.0,"turns":3.0},{"damage":14.0,"enemies":"3 Sentries","floor":13.0,"turns":4.0},{"damage":10.0,"enemies":"2 Fungi Beasts","floor":14.0,"turns":3.0},{"damage":20.0,"enemies":"Hexaghost","floor":16.0,"turns":8.0},{"damage":32.0,"enemies":"Shell Parasite","floor":18.0,"turns":5.0},{"damage":1.0,"enemies":"Spheric Guardian","floor":20.0,"turns":4.0},{"damage":21.0,"enemies":"Snake Plant","floor":24.0,"turns":3.0},{"damage":5.0,"enemies":"Cultist and Chosen","floor":27.0,"turns":3.0},{"damage":2.0,"enemies":"Centurion and Healer","floor":31.0,"turns":5.0},{"damage":10.0,"enemies":"Champ","floor":33.0,"turns":8.0},{"damage":22.0,"enemies":"3 Darklings","floor":35.0,"turns":2.0},{"damage":0.0,"enemies":"Mind Bloom Boss Battle","floor":36.0,"turns":7.0},{"damage":0.0,"enemies":"3 Shapes","floor":37.0,"turns":2.0},{"damage":3.0,"enemies":"Writhing Mass","floor":38.0,"turns":3.0},{"damage":0.0,"enemies":"4 Shapes","floor":41.0,"turns":2.0},{"damage":22.0,"enemies":"Nemesis","floor":46.0,"turns":3.0},{"damage":64,"enemies":"Time Eater","floor":50,"turns":5}],"seed_played":"4842093631890100367","potions_obtained":[{"floor":1.0,"key":"PotionOfCapacity"},{"floor":3.0,"key":"CultistPotion"},{"floor":11.0,"key":"PotionOfCapacity"},{"floor":13.0,"key":"Energy Potion"},{"floor":24.0,"key":"ColorlessPotion"},{"floor":27.0,"key":"EssenceOfDarkness"},{"floor":33.0,"key":"SpeedPotion"},{"floor":35.0,"key":"Swift Potion"},{"floor":37.0,"key":"Ancient Potion"},{"floor":46.0,"key":"FearPotion"}],"is_trial":false,"path_per_floor":["M","?","M","$","M","R","?","E","T","R","M","R","E","M","R","B",null,"M","$","M","?","T","R","M","R","T","M","R","$","?","M","R","B",null,"M","?","M","M","$","R","M","R","T","R","?","E","$","T","R","B",null],"character_chosen":"DEFECT","items_purchased":["Electrodynamics","Seek","Coolheaded","DollysMirror","Scrape","Swift Potion","GamblersBrew"],"campfire_rested":3,"item_purchase_floors":[19,19,29,39,39,47,47],"current_hp_per_floor":[67,67,67,67,63,63,63,33,40,40,39,39,25,15,37,17,61,29,29,28,28,33,33,17,39,39,39,61,61,61,64,64,59,72,55,60,65,67,67,67,72,72,72,72,72,55,70,70,70,12],"gold":31,"neow_bonus":"REMOVE_TWO","is_daily":false,"chose_seed":false,"campfire_upgraded":9,"win_rate":0.0,"timestamp":1608017428,"path_taken":["M","?","M","$","M","R","?","E","T","R","M","R","E","?","R","BOSS","M","$","?","?","?","R","M","R","T","?","R","$","?","?","R","BOSS","M","?","M","M","$","R","M","R","T","R","?","E","$","?","R","BOSS"],"items_purchased_type":["Card","Card","Card","Relic","Card","Potion","Potion"],"build_version":"2020-12-13","purchased_purges":1,"victory":true,"max_hp_per_floor":[75,69,69,69,69,69,69,69,76,76,76,76,76,76,76,76,76,76,76,76,76,76,76,76,76,76,76,76,76,76,76,76,76,76,76,76,76,76,76,76,76,76,76,76,76,76,76,76,76,76],"card_choices":[{"not_picked":["Auto Shields","Turbo"],"picked":"Ball Lightning","floor":1.0},{"not_picked":["Compile Driver","Go for the Eyes"],"picked":"Capacitor","floor":3.0},{"not_picked":["Hello World","Chill"],"picked":"Sweeping Beam","floor":5.0},{"not_picked":["Streamline","BootSequence"],"picked":"Sunder","floor":8.0},{"not_picked":["Leap","Chill"],"picked":"Genetic Algorithm","floor":11.0},{"not_picked":["Cold Snap","Tempest"],"picked":"Echo Form","floor":13.0},{"not_picked":["Compile Driver","Ball Lightning"],"picked":"White Noise","floor":14.0},{"not_picked":["Biased Cognition","All For One"],"picked":"Reboot","floor":16.0},{"not_picked":["Turbo","Leap","Compile Driver"],"picked":"SKIP","floor":18.0},{"not_picked":["Aggregate+1","Streamline"],"picked":"Compile Driver+1","floor":20.0},{"not_picked":["Chill","Ball Lightning"],"picked":"Cold Snap","floor":24.0},{"not_picked":["Barrage+1","Steam"],"picked":"Auto Shields+1","floor":27.0},{"not_picked":["Loop","Hello World"],"picked":"Conserve Battery","floor":31.0},{"not_picked":["Amplify","Seek"],"picked":"Reboot","floor":33.0},{"not_picked":["Coolheaded+1","Stack"],"picked":"Barrage+1","floor":35.0},{"not_picked":["Coolheaded+1","Rebound+1"],"picked":"Double Energy+1","floor":36.0},{"not_picked":["Aggregate+1","Steam Power+1"],"picked":"Thunder Strike","floor":37.0},{"not_picked":["Sunder+1","Ball Lightning+1","Rebound+1"],"picked":"SKIP","floor":38.0},{"not_picked":["Cold Snap","Skim+1"],"picked":"Double Energy","floor":41.0},{"not_picked":["Hyperbeam","Rip and Tear+1"],"picked":"Fission","floor":46.0}],"player_experience":244312,"relics_obtained":[{"floor":8.0,"key":"PreservedInsect"},{"floor":9.0,"key":"Strawberry"},{"floor":13.0,"key":"Emotion Chip"},{"floor":22.0,"key":"Happy Flower"},{"floor":26.0,"key":"Art of War"},{"floor":36.0,"key":"Lizard Tail"},{"floor":43.0,"key":"MealTicket"},{"floor":46.0,"key":"Torii"},{"floor":48.0,"key":"Pantograph"}],"event_choices":[{"damage_healed":0.0,"max_hp_gain":0.0,"max_hp_loss":6.0,"gold_gain":0.0,"event_name":"Golden Idol","player_choice":"Lose Max HP","floor":2.0,"gold_loss":0.0,"damage_taken":0.0,"relics_obtained":["Golden Idol"]},{"cards_removed":["Strike_B"],"damage_healed":0.0,"max_hp_gain":0.0,"max_hp_loss":0.0,"gold_gain":0.0,"event_name":"Bonfire Elementals","player_choice":"Offered Basic","floor":7.0,"gold_loss":0.0,"damage_taken":0.0},{"damage_healed":0.0,"max_hp_gain":0.0,"max_hp_loss":0.0,"gold_gain":0.0,"event_name":"Forgotten Altar","player_choice":"Gave Idol","floor":21.0,"relics_lost":["Golden Idol"],"gold_loss":0.0,"damage_taken":0.0,"relics_obtained":["Bloody Idol"]},{"damage_healed":0.0,"max_hp_gain":0.0,"max_hp_loss":0.0,"gold_gain":0.0,"event_name":"N\u0027loth","player_choice":"Traded Relic","floor":30.0,"relics_lost":["Strawberry"],"gold_loss":0.0,"damage_taken":0.0,"relics_obtained":["Nloth\u0027s Gift"]},{"damage_healed":0.0,"max_hp_gain":0.0,"max_hp_loss":0.0,"gold_gain":0.0,"event_name":"MindBloom","player_choice":"Fight","floor":36.0,"gold_loss":0.0,"damage_taken":0.0},{"cards_removed":["Scrape"],"damage_healed":0.0,"max_hp_gain":0.0,"max_hp_loss":0.0,"gold_gain":0.0,"event_name":"Falling","player_choice":"Removed Attack","floor":45.0,"gold_loss":0.0,"damage_taken":0.0}],"is_beta":false,"boss_relics":[{"not_picked":["Black Star","SacredBark"],"picked":"Empty Cage"},{"not_picked":["SlaversCollar","Cursed Key"],"picked":"Astrolabe"}],"items_purged_floors":[19],"is_endless":false,"potions_floor_spawned":[1,3,11,13,14,24,27,31,33,35,37,46],"ascension_level":8}}