{"host":"at64dhdf9kc8hjax","time":1608055523,"event":{"mods":["Act Like it!","BaseMod","Dota2Spire","Friendly Minions","Gensokyo","Highlight Path","Minty Spire (QoL Compilation)","Quick Restart","RumiaBox-露米娅的神秘盒子","Spicy Shops","StSLib","SuperFastMode","【遗物卡牌】REMEMod"],"gold_per_floor":[111,121,121,139,150,150,161,188,256,275,308,258,258,277,277,374,374,374,374],"floor_reached":18,"playtime":1489,"items_purged":[],"score":232,"play_id":"6bf3768d-1fdf-4fd9-9199-02aadd81d063","local_time":"20201216020523","is_ascension_mode":true,"campfire_choices":[{"data":"REME_CRH","floor":6.0,"key":"SMITH"},{"data":"Noxious Fumes","floor":13.0,"key":"SMITH"},{"data":"Neutralize","floor":15.0,"key":"SMITH"}],"circlet_count":0,"master_deck":["Strike_G","Strike_G","Strike_G","Strike_G","Defend_G","Defend_G","Defend_G","Defend_G","Defend_G","Survivor","Neutralize+1","REME_CRH+1","Poisoned Stab","Noxious Fumes+1","Poisoned Stab","After Image"],"relics":["Ring of the Snake","REME_ComplimentaryCards","Omamori","InkBottle","WristBlade"],"acts_visited":["Exordium","TheCity"],"potions_floor_usage":[],"damage_taken":[{"damage":1.0,"enemies":"Cultist","floor":1.0,"turns":5.0},{"damage":0.0,"enemies":"Jaw Worm","floor":2.0,"turns":4.0},{"damage":0.0,"enemies":"Small Slimes","floor":4.0,"turns":3.0},{"damage":3.0,"enemies":"Gremlin Gang","floor":5.0,"turns":6.0},{"damage":0.0,"enemies":"Exordium Wildlife","floor":7.0,"turns":3.0},{"damage":5.0,"enemies":"Lagavulin","floor":8.0,"turns":6.0},{"damage":0.0,"enemies":"Red Slaver","floor":10.0,"turns":3.0},{"damage":4.0,"enemies":"Exordium Thugs","floor":11.0,"turns":3.0},{"damage":2.0,"enemies":"Gremlin Gang","floor":14.0,"turns":7.0},{"damage":15.0,"enemies":"Hexaghost","floor":16.0,"turns":9.0},{"damage":0,"enemies":"2 Thieves","floor":18,"turns":1}],"seed_played":"8782761514026146639","potions_obtained":[{"floor":3.0,"key":"Energy Potion"},{"floor":3.0,"key":"ColorlessPotion"},{"floor":3.0,"key":"EssenceOfSteel"},{"floor":5.0,"key":"Fire Potion"},{"floor":7.0,"key":"Fire Potion"},{"floor":11.0,"key":"Energy Potion"}],"is_trial":false,"path_per_floor":["M","M","?","M","M","R","M","E","T","M","M","?","R","M","R","B",null,"M"],"character_chosen":"THE_SILENT","items_purchased":[],"campfire_rested":0,"item_purchase_floors":[],"current_hp_per_floor":[69,69,69,69,66,66,66,61,61,61,57,57,57,55,55,40,68,68,68],"gold":374,"neow_bonus":"TEN_PERCENT_HP_BONUS","is_daily":false,"chose_seed":false,"campfire_upgraded":3,"win_rate":0.0,"timestamp":1608055523,"path_taken":["M","M","?","M","M","R","?","E","T","M","M","?","R","M","R","BOSS","M"],"items_purchased_type":[],"build_version":"2020-12-13","purchased_purges":0,"victory":false,"max_hp_per_floor":[77,77,77,77,77,77,77,77,77,77,77,77,77,77,77,77,77,77,77],"card_choices":[{"not_picked":["Calculated Gamble","Slice"],"picked":"Poisoned Stab","floor":1.0},{"not_picked":["Backflip","Dagger Spray","Flying Knee"],"picked":"SKIP","floor":2.0},{"not_picked":["Backstab","Accuracy"],"picked":"Noxious Fumes","floor":4.0},{"not_picked":["Flying Knee","Slice"],"picked":"Poisoned Stab","floor":5.0},{"not_picked":["PiercingWail","Setup","Slice"],"picked":"SKIP","floor":7.0},{"not_picked":["Doppelganger","Accuracy","Cloak And Dagger"],"picked":"SKIP","floor":8.0},{"not_picked":["Bane","Underhanded Strike","Dagger Spray"],"picked":"SKIP","floor":10.0},{"not_picked":["Sucker Punch","Poisoned Stab","Flechettes"],"picked":"SKIP","floor":11.0},{"not_picked":["Expertise","Deflect","Predator"],"picked":"SKIP","floor":14.0},{"not_picked":["A Thousand Cuts","Night Terror"],"picked":"After Image","floor":16.0}],"player_experience":200646,"relics_obtained":[{"floor":8.0,"key":"Omamori"},{"floor":9.0,"key":"InkBottle"}],"event_choices":[{"damage_healed":0.0,"max_hp_gain":0.0,"max_hp_loss":0.0,"gold_gain":0.0,"event_name":"Lab","player_choice":"Got Potions","floor":3.0,"gold_loss":0.0,"damage_taken":0.0},{"cards_removed":["Strike_G"],"damage_healed":0.0,"max_hp_gain":0.0,"max_hp_loss":0.0,"gold_gain":0.0,"event_name":"The Cleric","player_choice":"Card Removal","floor":12.0,"gold_loss":50.0,"damage_taken":0.0}],"is_beta":false,"boss_relics":[{"not_picked":["Fusion Hammer","EasyGame_NEW"],"picked":"WristBlade"}],"items_purged_floors":[],"is_endless":false,"potions_floor_spawned":[4,5,7,11],"killed_by":"2 Thieves","ascension_level":8}}