{"host":"d5zlp9udt2hvvjfh","time":1608066368,"event":{"mods":["AchievementEnabler","BaseMod","Minty Spire (QoL Compilation)","Permanent Neow","Relic Stats","StSLib"],"gold_per_floor":[118,128,128,139,41,71,71,103,103,117,136,150,150,150],"floor_reached":13,"playtime":784,"items_purged":[],"score":165,"play_id":"075a3e19-4c4a-432b-a3be-4b6645bc04b8","local_time":"20201215220608","is_ascension_mode":true,"campfire_choices":[{"floor":7,"key":"REST"}],"circlet_count":0,"master_deck":["AscendersBane","Strike_G","Strike_G","Strike_G","Strike_G","Strike_G","Defend_G","Defend_G","Defend_G","Defend_G","Defend_G","Survivor","Neutralize","Crippling Poison","Flying Knee","Cloak And Dagger","Well Laid Plans","PiercingWail","Quick Slash","Flying Knee","Blur","Deadly Poison","Blur"],"relics":["SacredBark","CultistMask","Meat on the Bone","Regal Pillow","StrikeDummy"],"acts_visited":["Exordium"],"potions_floor_usage":[6,8],"damage_taken":[{"damage":10,"enemies":"Jaw Worm","floor":1,"turns":8},{"damage":0,"enemies":"Cultist","floor":2,"turns":5},{"damage":0,"enemies":"Small Slimes","floor":4,"turns":3},{"damage":29,"enemies":"Gremlin Nob","floor":6,"turns":5},{"damage":9,"enemies":"Lagavulin","floor":8,"turns":11},{"damage":6,"enemies":"Blue Slaver","floor":10,"turns":4},{"damage":7,"enemies":"2 Fungi Beasts","floor":11,"turns":5},{"damage":0,"enemies":"Looter","floor":12,"turns":4},{"damage":42,"enemies":"Gremlin Nob","floor":13,"turns":4}],"seed_played":"-660846657322041278","potions_obtained":[{"floor":1,"key":"CultistPotion"},{"floor":2,"key":"LiquidMemories"},{"floor":6,"key":"EssenceOfSteel"},{"floor":11,"key":"Weak Potion"}],"is_trial":false,"path_per_floor":["M","M","?","M","$","E","R","E","T","M","M","M","E"],"character_chosen":"THE_SILENT","items_purchased":["Well Laid Plans","PiercingWail"],"campfire_rested":1,"item_purchase_floors":[5,5],"current_hp_per_floor":[49,49,49,49,49,20,39,42,42,36,41,41,0,0],"gold":150,"neow_bonus":"BOSS_RELIC","is_daily":false,"chose_seed":false,"campfire_upgraded":0,"win_rate":0.0,"timestamp":1608066368,"path_taken":["M","M","?","?","$","E","R","E","T","M","M","M","E"],"items_purchased_type":["Card","Card"],"build_version":"2020-12-13","purchased_purges":0,"victory":false,"max_hp_per_floor":[66,66,66,66,66,66,66,66,66,66,66,66,66,66],"relic_stats":{"Regal Pillow":0,"counters":[9,49],"obtain_stats":[{"Regal Pillow":8,"SacredBark":0,"CultistMask":3,"StrikeDummy":9,"Ring of the Snake":0,"Meat on the Bone":6},{"Regal Pillow":5,"SacredBark":0,"CultistMask":2,"StrikeDummy":5,"Ring of the Snake":0,"Meat on the Bone":4},{"Regal Pillow":32,"SacredBark":0,"CultistMask":13,"StrikeDummy":32,"Ring of the Snake":0,"Meat on the Bone":21}],"Meat on the Bone":24},"card_choices":[{"not_picked":["Cloak And Dagger","Setup"],"picked":"Crippling Poison","floor":1},{"not_picked":["Underhanded Strike","Acrobatics"],"picked":"Flying Knee","floor":2},{"not_picked":["Sucker Punch","Dodge and Roll"],"picked":"Cloak And Dagger","floor":4},{"not_picked":["Bullet Time","Sucker Punch"],"picked":"Quick Slash","floor":6},{"not_picked":["Flechettes","Backstab"],"picked":"Flying Knee","floor":8},{"not_picked":["Heel Hook","Slice"],"picked":"Blur","floor":10},{"not_picked":["Dagger Spray","Slice"],"picked":"Deadly Poison","floor":11},{"not_picked":["All Out Attack","Well Laid Plans"],"picked":"Blur","floor":12}],"player_experience":1123312,"relics_obtained":[{"floor":6,"key":"Meat on the Bone"},{"floor":8,"key":"Regal Pillow"},{"floor":9,"key":"StrikeDummy"}],"event_choices":[{"damage_healed":0,"gold_gain":0,"player_choice":"Trade","damage_taken":0,"relics_obtained":["CultistMask"],"max_hp_gain":0,"max_hp_loss":0,"event_name":"FaceTrader","floor":3,"gold_loss":0}],"is_beta":false,"boss_relics":[],"items_purged_floors":[],"is_endless":false,"potions_floor_spawned":[1,2,6,11],"killed_by":"Gremlin Nob","ascension_level":14}}