{"host":"6bsan6hkua32tfq7","time":1608036962,"event":{"mods":["BaseMod","Better Third Choice","Colored Map","Highlight Path","Minty Spire (QoL Compilation)","StSLib"],"gold_per_floor":[119,119,134,73,88,123,123,156,238,238,255,268,281,306,306,383,383,383,383,395,395,395,395,395,395,395,395,152,52,52,78,78,152,152,165,40,40,57,57,82,82,95,95,95,107,119,145,164,164,164,164,164],"floor_reached":51,"playtime":1765,"items_purged":["Strike_G+1","Strike_G+1","Strike_G+1"],"score":1561,"play_id":"0fa9fe30-577e-448e-a38b-7cfb54da7f50","local_time":"20201215135602","is_ascension_mode":true,"campfire_choices":[{"floor":7.0,"key":"REST"},{"floor":10.0,"key":"REST"},{"floor":15.0,"key":"REST"},{"floor":23.0,"key":"REST"},{"data":"Ghostly","floor":25.0,"key":"SMITH"},{"data":"Crippling Poison","floor":27.0,"key":"SMITH"},{"data":"Catalyst","floor":30.0,"key":"SMITH"},{"floor":32,"key":"REST"},{"data":"Catalyst","floor":41,"key":"SMITH"},{"floor":44,"key":"DIG"},{"floor":49,"key":"RECALL"}],"circlet_count":0,"master_deck":["AscendersBane","Strike_G+1","Defend_G+1","Defend_G+1","Defend_G+1","Survivor","Neutralize","Terror","Infinite Blades","Skewer","Crippling Poison","Crippling Poison+1","Venomology","Catalyst+1","Die Die Die","Noxious Fumes","Ghostly+1","Ghostly","Ghostly","Catalyst+1","Corpse Explosion","Ghostly+1","After Image","Venomology","Doppelganger","PiercingWail"],"relics":["Ring of the Snake","Nunchaku","betterThird:SlimedRelic","Tingsha","Dream Catcher","Singing Bowl","WingedGreaves","Philosopher\u0027s Stone","DollysMirror","Toy Ornithopter","SacredBark","Tough Bandages","Shovel","CeramicFish","Omamori"],"acts_visited":["Exordium","TheCity","TheBeyond"],"potions_floor_usage":[31,33,33,35,38,38,40,40,42,45,46,47,48,48,48,50,50,51,51,51],"damage_taken":[{"damage":7.0,"enemies":"2 Louse","floor":1.0,"turns":4.0},{"damage":1.0,"enemies":"Small Slimes","floor":3.0,"turns":4.0},{"damage":9.0,"enemies":"Jaw Worm","floor":5.0,"turns":4.0},{"damage":26.0,"enemies":"Gremlin Nob","floor":6.0,"turns":4.0},{"damage":9.0,"enemies":"Lagavulin","floor":8.0,"turns":6.0},{"damage":7.0,"enemies":"2 Fungi Beasts","floor":11.0,"turns":4.0},{"damage":4.0,"enemies":"Looter","floor":12.0,"turns":4.0},{"damage":0.0,"enemies":"3 Louse","floor":13.0,"turns":3.0},{"damage":29.0,"enemies":"Gremlin Nob","floor":14.0,"turns":4.0},{"damage":23.0,"enemies":"The Guardian","floor":16.0,"turns":15.0},{"damage":15.0,"enemies":"Spheric Guardian","floor":18.0,"turns":4.0},{"damage":15.0,"enemies":"3 Byrds","floor":20.0,"turns":5.0},{"damage":21,"enemies":"Slavers","floor":31,"turns":5},{"damage":0,"enemies":"Collector","floor":33,"turns":7},{"damage":1,"enemies":"3 Shapes","floor":35,"turns":5},{"damage":2,"enemies":"Orb Walker","floor":38,"turns":3},{"damage":16,"enemies":"Giant Head","floor":40,"turns":7},{"damage":1,"enemies":"4 Shapes","floor":42,"turns":3},{"damage":0,"enemies":"Writhing Mass","floor":45,"turns":7},{"damage":2,"enemies":"Maw","floor":46,"turns":6},{"damage":28,"enemies":"Reptomancer","floor":47,"turns":6},{"damage":2,"enemies":"Spire Growth","floor":48,"turns":5},{"damage":46,"enemies":"Donu and Deca","floor":50,"turns":7},{"damage":41,"enemies":"Awakened One","floor":51,"turns":13}],"seed_played":"1111064781502357462","potions_obtained":[{"floor":1.0,"key":"Strength Potion"},{"floor":5.0,"key":"SneckoOil"},{"floor":13.0,"key":"Poison Potion"},{"floor":20.0,"key":"Poison Potion"},{"floor":33,"key":"ColorlessPotion"},{"floor":46,"key":"CultistPotion"}],"is_trial":false,"path_per_floor":["M","?","M","?","M","E","R","E","T","R","M","M","M","E","R","B",null,"M","?","M","?","?","R","?","R","T","R","$","$","R","E","R","B",null,"M","$","?","M","$","E","R","M","T","R","M","M","E","M","R","B","B"],"character_chosen":"THE_SILENT","items_purchased":["DollysMirror"],"campfire_rested":5,"item_purchase_floors":[28],"current_hp_per_floor":[52,57,56,45,36,10,31,22,22,43,38,36,38,9,32,9,60,45,23,8,8,8,22,22,22,22,22,22,22,22,1,15,25,40,46,46,46,48,48,37,37,43,43,43,50,55,31,59,59,23,0,0],"gold":164,"neow_bonus":"RANDOM_COMMON_RELIC","is_daily":false,"chose_seed":false,"campfire_upgraded":4,"win_rate":0.0,"timestamp":1608036962,"path_taken":["M","?","M","?","M","E","R","E","T","R","M","M","M","E","R","BOSS","M","?","M","?","?","R","?","R","T","R","?","$","R","E","R","BOSS","M","$","?","M","?","E","R","M","T","R","M","M","E","M","R","BOSS","BOSS"],"items_purchased_type":["Relic"],"build_version":"2020-12-13","purchased_purges":3,"victory":false,"max_hp_per_floor":[66,71,71,71,71,71,71,71,71,71,73,75,77,77,77,77,77,77,82,82,41,41,43,43,43,43,43,43,43,43,43,45,45,45,47,47,47,49,49,51,51,53,53,53,55,57,59,59,59,59,59,59],"card_choices":[{"not_picked":["Underhanded Strike","Choke"],"picked":"Terror","floor":1.0},{"not_picked":["Acrobatics","Prepared"],"picked":"Infinite Blades","floor":3.0},{"not_picked":["Blade Dance","Sucker Punch","Underhanded Strike"],"picked":"SKIP","floor":5.0},{"not_picked":["Outmaneuver","Poisoned Stab"],"picked":"Skewer","floor":6.0},{"not_picked":["PiercingWail","Flying Knee"],"picked":"Crippling Poison","floor":8.0},{"not_picked":["Tactician","Flying Knee"],"picked":"Crippling Poison","floor":10.0},{"not_picked":["Blade Dance","Backflip","PiercingWail"],"picked":"Singing Bowl","floor":11.0},{"not_picked":["Calculated Gamble","Bane","Backflip"],"picked":"Singing Bowl","floor":12.0},{"not_picked":["Expertise","Poisoned Stab","Concentrate"],"picked":"Singing Bowl","floor":13.0},{"not_picked":["Flying Knee","Dagger Spray"],"picked":"Venomology","floor":14.0},{"not_picked":["Crippling Poison","Setup"],"picked":"Catalyst","floor":15.0},{"not_picked":["Phantasmal Killer","Doppelganger"],"picked":"Die Die Die","floor":16.0},{"not_picked":["Prepared","Finisher+1"],"picked":"Noxious Fumes","floor":20.0},{"not_picked":["Poisoned Stab","Escape Plan","Dodge and Roll"],"picked":"Singing Bowl","floor":23.0},{"not_picked":["Quick Slash+1","All Out Attack"],"picked":"After Image","floor":31},{"not_picked":["Dagger Spray","Choke","Deadly Poison+1"],"picked":"Singing Bowl","floor":32},{"not_picked":["Storm of Steel","Phantasmal Killer"],"picked":"Venomology","floor":33},{"not_picked":["Poisoned Stab","Dash","Choke"],"picked":"Singing Bowl","floor":35},{"not_picked":["Heel Hook","Sucker Punch+1","Acrobatics"],"picked":"Singing Bowl","floor":38},{"not_picked":["Endless Agony","Distraction","Deadly Poison"],"picked":"Singing Bowl","floor":40},{"not_picked":["Calculated Gamble","Glass Knife","Expertise"],"picked":"Singing Bowl","floor":42},{"not_picked":["Slice","Dodge and Roll","All Out Attack+1"],"picked":"Singing Bowl","floor":45},{"not_picked":["Blade Dance+1","Slice","Blur"],"picked":"Singing Bowl","floor":46},{"not_picked":["Infinite Blades","Dagger Throw","Poisoned Stab"],"picked":"Singing Bowl","floor":47},{"not_picked":["Quick Slash","Slice"],"picked":"PiercingWail","floor":48}],"player_experience":5160057,"relics_obtained":[{"floor":6.0,"key":"Tingsha"},{"floor":8.0,"key":"Dream Catcher"},{"floor":9.0,"key":"Singing Bowl"},{"floor":14.0,"key":"WingedGreaves"},{"floor":31,"key":"Toy Ornithopter"},{"floor":40,"key":"Tough Bandages"},{"floor":43,"key":"Shovel"},{"floor":44,"key":"CeramicFish"},{"floor":47,"key":"Omamori"}],"event_choices":[{"damage_healed":0.0,"max_hp_gain":5.0,"max_hp_loss":0.0,"gold_gain":0.0,"event_name":"Big Fish","player_choice":"Donut","floor":2.0,"gold_loss":0.0,"damage_taken":0.0},{"damage_healed":0.0,"max_hp_gain":0.0,"max_hp_loss":0.0,"gold_gain":0.0,"event_name":"betterThird:BetterGoop","player_choice":"Slimed","floor":4.0,"gold_loss":61.0,"damage_taken":11.0},{"damage_healed":0.0,"max_hp_gain":5.0,"max_hp_loss":0.0,"gold_gain":0.0,"event_name":"Forgotten Altar","player_choice":"Shed Blood","floor":19.0,"gold_loss":0.0,"damage_taken":27.0},{"damage_healed":0.0,"max_hp_gain":0.0,"max_hp_loss":41.0,"gold_gain":0.0,"event_name":"Ghosts","player_choice":"Became a Ghost","floor":21.0,"gold_loss":0.0,"damage_taken":0.0,"cards_obtained":["Ghostly","Ghostly","Ghostly"]},{"damage_healed":0.0,"max_hp_gain":0.0,"max_hp_loss":10.0,"gold_gain":0.0,"event_name":"betterThird:BetterWriting","player_choice":"Simplicity","floor":22.0,"gold_loss":0.0,"damage_taken":0.0},{"damage_healed":0.0,"max_hp_gain":0.0,"max_hp_loss":0.0,"gold_gain":0.0,"cards_transformed":["Defend_G","Defend_G"],"event_name":"Drug Dealer","player_choice":"Became Test Subject","floor":24.0,"gold_loss":0.0,"damage_taken":0.0,"cards_obtained":["Catalyst","Corpse Explosion"]},{"damage_healed":0,"gold_gain":0,"cards_transformed":["Strike_G"],"player_choice":"Transformed","damage_taken":0,"max_hp_gain":0,"max_hp_loss":0,"event_name":"Transmorgrifier","floor":37,"gold_loss":0,"cards_obtained":["Doppelganger"]}],"is_beta":false,"boss_relics":[{"not_picked":["Busted Crown","Runic Dome"],"picked":"Philosopher\u0027s Stone"},{"not_picked":["Empty Cage","Snecko Eye"],"picked":"SacredBark"}],"items_purged_floors":[28,29,36],"is_endless":false,"potions_floor_spawned":[1,5,13,20,33,35,38,45,46],"killed_by":"Awakened One","ascension_level":20}}