{"host":"iphsb0ccnjx0pfn6","time":1608057236,"event":{"mods":["2.2 Compatiblity","AchievementEnabler","BaseMod","Colored Map","DeckTracker","Keyboard Shortcuts","Minty Spire (QoL Compilation)","Permanent Neow","Quick Restart","Relic Stats","StSLib","SuperFastMode","Uncapped","everything is the same but u backflip on backflip"],"gold_per_floor":[111,127,277,297,64,64,64],"floor_reached":6,"playtime":121,"items_purged":["Doubt"],"score":72,"play_id":"1ae5ac8e-a9d6-4c96-80c7-62b83e009f01","local_time":"20201216033356","is_ascension_mode":true,"campfire_choices":[],"circlet_count":0,"master_deck":["AscendersBane","Strike_G","Strike_G","Strike_G","Strike_G","Defend_G","Defend_G","Defend_G","Defend_G","Defend_G","Survivor","Neutralize","Dagger Throw","Acrobatics"],"relics":["Ring of the Snake","PrismaticShard"],"acts_visited":["Exordium"],"potions_floor_usage":[],"damage_taken":[{"damage":3.0,"enemies":"2 Louse","floor":1.0,"turns":3.0},{"damage":0.0,"enemies":"Jaw Worm","floor":2.0,"turns":5.0},{"damage":6.0,"enemies":"Small Slimes","floor":4.0,"turns":5.0},{"damage":0,"enemies":"Lagavulin","floor":6,"turns":1}],"seed_played":"8820778764480630027","potions_obtained":[],"is_trial":false,"path_per_floor":["M","M","?","M","$","E"],"character_chosen":"THE_SILENT","items_purchased":["PrismaticShard"],"campfire_rested":0,"item_purchase_floors":[5],"current_hp_per_floor":[56,56,56,50,50,50,50],"gold":64,"neow_bonus":"REMOVE_CARD","is_daily":false,"chose_seed":false,"campfire_upgraded":0,"win_rate":0.0,"timestamp":1608057236,"path_taken":["M","M","?","M","$","E"],"items_purchased_type":["Relic"],"build_version":"2020-12-13","purchased_purges":1,"victory":false,"max_hp_per_floor":[66,66,66,66,66,66,66],"relic_stats":{"counters":[4,14],"obtain_stats":[{"PrismaticShard":5,"Ring of the Snake":0},{"PrismaticShard":3,"Ring of the Snake":0},{"PrismaticShard":13,"Ring of the Snake":0}],"Ring of the Snake":[8]},"card_choices":[{"not_picked":["Dagger Spray","Deadly Poison"],"picked":"Dagger Throw","floor":1.0},{"not_picked":["Setup","Bane"],"picked":"Acrobatics","floor":2.0},{"not_picked":["Poisoned Stab","Sucker Punch","Backflip"],"picked":"SKIP","floor":4.0}],"player_experience":1166162,"relics_obtained":[],"event_choices":[{"damage_healed":0.0,"max_hp_gain":0.0,"max_hp_loss":0.0,"gold_gain":150.0,"event_name":"Liars Game","player_choice":"AGREE","floor":3.0,"gold_loss":0.0,"damage_taken":0.0,"cards_obtained":["Doubt"]}],"is_beta":false,"boss_relics":[],"items_purged_floors":[5],"is_endless":false,"potions_floor_spawned":[],"killed_by":"Lagavulin","ascension_level":20}}