{"host":"f7mgfv1rcbv6ir5v","time":1608022771,"event":{"mods":["BaseMod","Bestiary","Colored Map","Colored Powertips","Highlight Path","Minty Spire (QoL Compilation)","Relic Stats","StSLib"],"gold_per_floor":[117,131,131,143,157,182,199,234,259,310,310,15,15,25,25,145,145,215,140,180,180,180,209,209,242,269,314,7,32,32],"floor_reached":29,"playtime":2704,"items_purged":["Strike_P"],"score":368,"play_id":"c695af73-5dfe-4b69-bf7a-be65d2c644a9","local_time":"20201215005931","is_ascension_mode":true,"campfire_choices":[{"data":"1","floor":13,"key":"LIFT"},{"data":"2","floor":15,"key":"LIFT"},{"floor":24,"key":"REST"}],"circlet_count":0,"master_deck":["Strike_P","Strike_P","Defend_P+1","Defend_P","Defend_P","Eruption","Vigilance+1","Meditate","Tantrum","Conclude","Establishment","TalkToTheHand","FlyingSleeves","Wish","MentalFortress+1","BattleHymn","Omniscience","EmptyBody","J.A.X.","ThirdEye+1","TalkToTheHand","Omniscience"],"relics":["Fusion Hammer","MealTicket","War Paint","Toy Ornithopter","Damaru","Girya","Philosopher\u0027s Stone","Bottled Tornado","Lantern","Bag of Marbles","Smiling Mask","DollysMirror"],"acts_visited":["Exordium","TheCity"],"potions_floor_usage":[8,10,20,23,25,25,27,29],"damage_taken":[{"damage":0,"enemies":"Small Slimes","floor":1,"turns":5},{"damage":0,"enemies":"Cultist","floor":2,"turns":3},{"damage":0,"enemies":"2 Louse","floor":4,"turns":1},{"damage":7,"enemies":"Exordium Wildlife","floor":5,"turns":5},{"damage":9,"enemies":"3 Sentries","floor":6,"turns":3},{"damage":0,"enemies":"2 Fungi Beasts","floor":7,"turns":2},{"damage":9,"enemies":"Lagavulin","floor":8,"turns":7},{"damage":6,"enemies":"3 Sentries","floor":10,"turns":6},{"damage":0,"enemies":"Blue Slaver","floor":14,"turns":1},{"damage":24,"enemies":"Slime Boss","floor":16,"turns":6},{"damage":17,"enemies":"3 Byrds","floor":18,"turns":6},{"damage":1,"enemies":"Shell Parasite","floor":20,"turns":5},{"damage":31,"enemies":"Slavers","floor":23,"turns":5},{"damage":18,"enemies":"Gremlin Leader","floor":25,"turns":4},{"damage":30,"enemies":"Snake Plant","floor":27,"turns":7},{"damage":31,"enemies":"Centurion and Healer","floor":29,"turns":5}],"seed_played":"6981498595285843590","potions_obtained":[{"floor":1,"key":"Dexterity Potion"},{"floor":2,"key":"Weak Potion"},{"floor":4,"key":"FearPotion"},{"floor":7,"key":"Regen Potion"},{"floor":8,"key":"AttackPotion"},{"floor":10,"key":"BottledMiracle"},{"floor":20,"key":"BottledMiracle"},{"floor":23,"key":"LiquidMemories"}],"is_trial":false,"path_per_floor":["M","M","?","M","M","E","M","E","T","E","?","$","R","M","R","B",null,"M","?","M","?","T","E","R","E","T","M","$","M"],"character_chosen":"WATCHER","items_purchased":["Girya","DollysMirror","Fire Potion","Weak Potion"],"campfire_rested":1,"item_purchase_floors":[12,28,28,28],"current_hp_per_floor":[65,65,65,65,58,49,49,49,49,48,48,63,63,63,63,39,64,47,47,51,51,51,25,46,38,38,13,28,2,2],"gold":32,"neow_bonus":"BOSS_RELIC","is_daily":false,"chose_seed":false,"campfire_upgraded":0,"win_rate":0.0,"timestamp":1608022771,"path_taken":["M","M","?","M","?","E","?","E","T","E","?","?","R","M","R","BOSS","M","?","M","?","?","E","R","E","T","M","$","M"],"items_purchased_type":["Relic","Relic","Potion","Potion"],"build_version":"2020-12-13","purchased_purges":1,"victory":false,"max_hp_per_floor":[72,72,72,72,72,72,72,72,72,72,72,72,72,72,72,72,72,72,72,72,72,72,72,72,72,72,72,72,72,72],"relic_stats":{"counters":[16,71],"MealTicket":30,"War Paint":["Defend_P","Vigilance"],"Smiling Mask":25,"obtain_stats":[{"Girya":12,"Lantern":23,"Damaru":10,"War Paint":8,"Bottled Tornado":22,"Smiling Mask":26,"DollysMirror":28,"MealTicket":6,"Philosopher\u0027s Stone":17,"Fusion Hammer":0,"Bag of Marbles":25,"PureWater":0,"Toy Ornithopter":9},{"Girya":8,"Lantern":13,"Damaru":8,"War Paint":7,"Bottled Tornado":12,"Smiling Mask":14,"DollysMirror":15,"MealTicket":5,"Philosopher\u0027s Stone":10,"Fusion Hammer":0,"Bag of Marbles":14,"PureWater":0,"Toy Ornithopter":7},{"Girya":32,"Lantern":55,"Damaru":32,"War Paint":26,"Bottled Tornado":50,"Smiling Mask":59,"DollysMirror":66,"MealTicket":17,"Philosopher\u0027s Stone":39,"Fusion Hammer":0,"Bag of Marbles":59,"PureWater":0,"Toy Ornithopter":26}],"Toy Ornithopter":35},"card_choices":[{"not_picked":["ForeignInfluence","PathToVictory"],"picked":"Meditate","floor":1},{"not_picked":["ThirdEye","CrushJoints"],"picked":"Tantrum","floor":2},{"not_picked":["ForeignInfluence","WindmillStrike","Indignation"],"picked":"SKIP","floor":4},{"not_picked":["PathToVictory","Conclude"],"picked":"Establishment","floor":5},{"not_picked":["ThirdEye","SashWhip"],"picked":"TalkToTheHand","floor":6},{"not_picked":["PathToVictory","Tantrum"],"picked":"FlyingSleeves","floor":7},{"not_picked":["SashWhip","CutThroughFate"],"picked":"Wish","floor":8},{"not_picked":["FlyingSleeves","Collect"],"picked":"MentalFortress","floor":10},{"not_picked":["FlurryOfBlows","BowlingBash"],"picked":"BattleHymn","floor":14},{"not_picked":["Alpha","DevaForm"],"picked":"Omniscience","floor":16},{"not_picked":["SashWhip","FlyingSleeves"],"picked":"EmptyBody","floor":18},{"not_picked":["Fasting2","FlurryOfBlows","Nirvana"],"picked":"SKIP","floor":20},{"not_picked":["ForeignInfluence","CarveReality"],"picked":"ThirdEye+1","floor":23},{"not_picked":["SashWhip","ReachHeaven"],"picked":"TalkToTheHand","floor":25},{"not_picked":["Halt","Alpha","FlurryOfBlows"],"picked":"SKIP","floor":27}],"player_experience":337228,"relics_obtained":[{"floor":6,"key":"MealTicket"},{"floor":8,"key":"War Paint"},{"floor":9,"key":"Toy Ornithopter"},{"floor":10,"key":"Damaru"},{"floor":22,"key":"Bottled Tornado"},{"floor":23,"key":"Lantern"},{"floor":25,"key":"Bag of Marbles"},{"floor":26,"key":"Smiling Mask"}],"event_choices":[{"damage_healed":0,"gold_gain":0,"cards_transformed":["Strike_P"],"player_choice":"Transformed","damage_taken":0,"max_hp_gain":0,"max_hp_loss":0,"event_name":"Transmorgrifier","floor":3,"gold_loss":0,"cards_obtained":["Conclude"]},{"damage_healed":0,"gold_gain":0,"player_choice":"Grow","damage_taken":0,"max_hp_gain":0,"max_hp_loss":0,"event_name":"Living Wall","floor":11,"gold_loss":0,"cards_upgraded":["MentalFortress"]},{"cards_removed":["Defend_P"],"damage_healed":0,"gold_gain":0,"player_choice":"Gave Gold","damage_taken":0,"max_hp_gain":0,"max_hp_loss":0,"event_name":"Beggar","floor":19,"gold_loss":75},{"damage_healed":0,"gold_gain":0,"player_choice":"Obtain J.A.X.","damage_taken":0,"max_hp_gain":0,"max_hp_loss":0,"event_name":"Drug Dealer","floor":21,"gold_loss":0,"cards_obtained":["J.A.X."]}],"is_beta":false,"boss_relics":[{"not_picked":["Busted Crown","Cursed Key"],"picked":"Philosopher\u0027s Stone"}],"items_purged_floors":[28],"is_endless":false,"potions_floor_spawned":[1,2,4,7,8,10,20,23],"killed_by":"Centurion and Healer","ascension_level":6}}