{"host":"b0l902yh1rk3g5bq","time":1608066534,"event":{"mods":["AchievementEnabler","Act Like it!","Aspiration","BaseMod","Better Match","Better Sensory Stone","Better Skull","Better Third Choice","BetterRewards","Challenge The Spire","Colored Map","Colored Powertips","Conspire","Downfall","Energized Spire","GifTheSpireLib","Halation","Hubris","Infinite Spire","Minty Spire (QoL Compilation)","Quick Restart","Rare Cards Sparkle","Replay The Spire","StSLib","Stuff the Spire","Trackpad","Virulent Crown","Wandering Minibosses","egg","everything is the same but u backflip on backflip","vexMod"],"gold_per_floor":[115,36,36,0,100,143,143,159,206,246,246,267,310,310,310,401,401,414,324,343,363,378,378,378],"floor_reached":23,"playtime":835,"items_purged":[],"score":398,"play_id":"c28d8571-c271-4063-a980-7eae33063e2a","local_time":"20201215220854","is_ascension_mode":true,"campfire_choices":[{"data":"Noxious Fumes","floor":7,"key":"SMITH"},{"floor":11,"key":"REST"},{"data":"Fluid Movement","floor":15,"key":"SMITH"}],"circlet_count":0,"master_deck":["AscendersBane","Strike_G","Strike_G","Strike_G","Strike_G","Defend_G+1","Defend_G","Defend_G","Defend_G","Defend_G","Survivor","Neutralize","Crippling Poison","Noxious Fumes+1","Footwork","StuffTheSpire:Incantation","Poisoned Stab","Adrenaline","Fluid Movement+1","Backstab"],"relics":["Ring of the Snake","NeowsBlessing","Golden Idol","Bottled Tornado","StuffTheSpire:Barrel","hubris:FunFungus","StuffTheSpire:TintedRock"],"acts_visited":["Exordium","TheCity"],"potions_floor_usage":[],"damage_taken":[{"damage":0,"enemies":"2 Louse","floor":1,"turns":1},{"damage":0,"enemies":"3 Sentries","floor":6,"turns":3},{"damage":0,"enemies":"Cultist","floor":8,"turns":1},{"damage":31,"enemies":"Gremlin Nob","floor":10,"turns":5},{"damage":1,"enemies":"conspire:RoseBush","floor":12,"turns":6},{"damage":6,"enemies":"Lagavulin","floor":13,"turns":6},{"damage":22,"enemies":"Hexaghost","floor":16,"turns":11},{"damage":9,"enemies":"conspire:FuzzyDice","floor":18,"turns":6},{"damage":27,"enemies":"3 Byrds","floor":20,"turns":6},{"damage":9,"enemies":"conspire:HollyBat","floor":21,"turns":8},{"damage":19,"enemies":"Sentry and Sphere","floor":22,"turns":7},{"damage":0,"enemies":"conspire:SneckoGhost","floor":23,"turns":2}],"seed_played":"-1203446268458563345","potions_obtained":[{"floor":10,"key":"Dexterity Potion"},{"floor":12,"key":"ColorlessPotion"},{"floor":13,"key":"Block Potion"}],"is_trial":false,"path_per_floor":["M","$","?","$","?","E","R","M","T","E","R","M","E","?","R","B",null,"M","?","M","M","M","E"],"character_chosen":"THE_SILENT","items_purchased":["Noxious Fumes","Footwork"],"campfire_rested":1,"item_purchase_floors":[2,4],"current_hp_per_floor":[59,59,59,59,59,59,59,59,59,28,46,54,49,49,49,31,54,52,52,26,20,2,2,2],"gold":378,"neow_bonus":"THREE_ENEMY_KILL","is_daily":false,"chose_seed":false,"campfire_upgraded":2,"win_rate":0.0,"timestamp":1608066534,"path_taken":["M","$","?","$","?","E","R","M","T","E","R","?","E","?","R","BOSS","M","?","M","?","M","E"],"items_purchased_type":["Card","Card"],"build_version":"2020-12-13","purchased_purges":0,"victory":false,"max_hp_per_floor":[66,66,61,61,61,61,61,61,61,61,61,61,61,61,61,61,61,61,61,61,61,61,61,61],"card_choices":[{"not_picked":["Deadly Poison","Outmaneuver"],"picked":"Crippling Poison","floor":1},{"not_picked":["Underhanded Strike","Acrobatics"],"picked":"StuffTheSpire:Incantation","floor":6},{"not_picked":["Slice","Dagger Throw"],"picked":"Poisoned Stab","floor":8},{"not_picked":["StuffTheSpire:Injection","Deadly Poison"],"picked":"Adrenaline","floor":10},{"not_picked":["StuffTheSpire:BumpUp","StuffTheSpire:ReptileScales"],"picked":"Fluid Movement","floor":12},{"not_picked":["Sneak Up","Deflect"],"picked":"Backstab","floor":13},{"not_picked":["Slice","StuffTheSpire:Repulse","Bane"],"picked":"SKIP","floor":18},{"not_picked":["Underhanded Strike","Bane","hubris:TrickCloak"],"picked":"SKIP","floor":20},{"not_picked":["Flying Knee","PiercingWail","StuffTheSpire:Incantation"],"picked":"SKIP","floor":21},{"not_picked":["ReplayTheSpireMod:Speed Training+1","Accuracy","Acrobatics"],"picked":"SKIP","floor":22}],"player_experience":593159,"relics_obtained":[{"floor":6,"key":"Bottled Tornado"},{"floor":9,"key":"StuffTheSpire:Barrel"},{"floor":10,"key":"hubris:FunFungus"},{"floor":13,"key":"StuffTheSpire:TintedRock"}],"event_choices":[{"damage_healed":0,"gold_gain":0,"player_choice":"Lose Max HP","damage_taken":0,"relics_obtained":["Golden Idol"],"max_hp_gain":0,"max_hp_loss":5,"event_name":"Golden Idol","floor":3,"gold_loss":0},{"damage_healed":0,"gold_gain":100,"player_choice":"Pray","damage_taken":0,"max_hp_gain":0,"max_hp_loss":0,"event_name":"Golden Shrine","floor":5,"gold_loss":0},{"cards_removed":["Strike_G"],"damage_healed":0,"gold_gain":0,"player_choice":"Upgrade and Remove","damage_taken":0,"max_hp_gain":0,"max_hp_loss":0,"event_name":"Designer","floor":19,"gold_loss":90,"cards_upgraded":["Defend_G"]}],"is_beta":false,"boss_relics":[{"not_picked":["Ectoplasm","Astrolabe","trackpad:StolenKidneys"]}],"items_purged_floors":[],"is_endless":false,"potions_floor_spawned":[10,12,13,16],"killed_by":"conspire:SneckoGhost","ascension_level":14}}