{"host":"684z1xpuwaoqmmh1","time":1608061640,"event":{"mods":["Bard","BaseMod","Downfall","Hermit","Jorbs\u0027s Wanderer Trilogy","Marisa????????","Minty Spire (QoL Compilation)","StSLib","The Hierophant","The Mystic","The Runesmith"],"gold_per_floor":[99,130,28,53,53,53,80,5,25,50,35,48,48,61,79,181,181,181,207,225,236,38,48,102,133,58,87,107,67,80,80,98,201,201,126,143,143,178,16,41,96,126,126,160,176,194,240,250,264,264,264,295,52,52,52],"floor_reached":56,"playtime":3895,"items_purged":["Regret","champ:Strike"],"score":2216,"play_id":"5e512c66-c8e2-4bb6-9eda-2ffc2f00ff77","local_time":"20201215214720","is_ascension_mode":true,"campfire_choices":[{"floor":1.0,"key":"RECALL"},{"data":"champ:Taunt","floor":8.0,"key":"SMITH"},{"data":"champ:VampiricStrike","floor":18.0,"key":"SMITH"},{"data":"champ:GutPunch","floor":26.0,"key":"SMITH"},{"data":"champ:IgnorePain","floor":35.0,"key":"SMITH"},{"data":"champ:Lariat","floor":43,"key":"SMITH"},{"data":"champ:Circumvent","floor":54,"key":"SMITH"}],"circlet_count":0,"master_deck":["champ:Strike","champ:Strike","champ:Strike","champ:Defend","champ:Defend","champ:Defend","champ:Defend+1","champ:Execute","champ:Taunt+1","champ:Shatter","champ:RageSigil+1","champ:ShieldWall+1","champ:GutPunch+1","champ:CalledShot+1","champ:EndlessRage","champ:BerserkerStyle","champ:DefensiveShout","champ:RisingSlash","champ:VampiricStrike+1","champ:PreciseThrust","champ:Backstep","champ:SwordSigil+1","champ:Balance+1","champ:GutPunch+1","champ:EndlessRage","champ:Lariat+1","champ:ArenaPreparation","champ:FocusedGladiator+1","champ:SwordSigil+1","champ:GutPunch","champ:Circumvent+1","champ:Lariat+1","champ:IgnorePain+1","expansioncontent:Collect","champ:DefensiveStyle+1","champ:DefensiveStyle+1","champ:Backstep","champ:BerserkerStyle","champ:Backstep"],"relics":["champ:ChampionCrown","downfall:HeartsMalice","Toy Ornithopter","Gremlin Horn","hexamod:BolsterEngine","downfall:HeartBlessingRed","Blood Vial","SlaversCollar","Mango","Bronze Scales","downfall:HeartBlessingBlue","Anchor","Enchiridion","Busted Crown","downfall:HeartBlessingGreen","Thread and Needle","War Paint","PreservedInsect","champ:DefensiveTrainingManual","Orichalcum","MealTicket","Sundial","CatCart","Happy Flower","Oddly Smooth Stone"],"acts_visited":["Exordium","TheCity","TheBeyond","TheEnding"],"potions_floor_usage":[44,55],"damage_taken":[{"damage":0.0,"enemies":"3 Sentries","floor":2.0,"turns":1.0},{"damage":0.0,"enemies":"downfall:FleeingMerchant","floor":3.0,"turns":1.0},{"damage":0.0,"enemies":"Gremlin Nob","floor":4.0,"turns":1.0},{"damage":22.0,"enemies":"2 Louse","floor":9.0,"turns":3.0},{"damage":46.0,"enemies":"Lagavulin","floor":10.0,"turns":6.0},{"damage":21.0,"enemies":"downfall:FleeingMerchant","floor":11.0,"turns":4.0},{"damage":34.0,"enemies":"Jaw Worm","floor":12.0,"turns":3.0},{"damage":25.0,"enemies":"Cultist","floor":14.0,"turns":3.0},{"damage":8.0,"enemies":"Exordium Wildlife","floor":15.0,"turns":2.0},{"damage":82.0,"enemies":"downfall:Watcher","floor":16.0,"turns":8.0},{"damage":23.0,"enemies":"Gremlin Leader","floor":19.0,"turns":5.0},{"damage":45.0,"enemies":"3 Byrds","floor":20.0,"turns":4.0},{"damage":49.0,"enemies":"Chosen","floor":21.0,"turns":4.0},{"damage":43.0,"enemies":"downfall:FleeingMerchant","floor":22.0,"turns":4.0},{"damage":37.0,"enemies":"Snake Plant","floor":23.0,"turns":4.0},{"damage":28.0,"enemies":"Slavers","floor":25.0,"turns":3.0},{"damage":47.0,"enemies":"Gremlin Leader","floor":27.0,"turns":5.0},{"damage":59.0,"enemies":"Sentry and Sphere","floor":28.0,"turns":4.0},{"damage":43.0,"enemies":"downfall:FleeingMerchant","floor":29.0,"turns":4.0},{"damage":24.0,"enemies":"Centurion and Healer","floor":30.0,"turns":5.0},{"damage":22.0,"enemies":"Shelled Parasite and Fungi","floor":32.0,"turns":4.0},{"damage":98.0,"enemies":"downfall:Defect","floor":33.0,"turns":7.0},{"damage":5.0,"enemies":"3 Shapes","floor":36.0,"turns":3.0},{"damage":24.0,"enemies":"Nemesis","floor":38.0,"turns":7.0},{"damage":2.0,"enemies":"downfall:FleeingMerchant","floor":39.0,"turns":4.0},{"damage":46,"enemies":"Giant Head","floor":40,"turns":6},{"damage":46,"enemies":"Reptomancer","floor":42,"turns":5},{"damage":46,"enemies":"Nemesis","floor":44,"turns":6},{"damage":3,"enemies":"Orb Walker","floor":45,"turns":3},{"damage":61,"enemies":"Transient","floor":46,"turns":5},{"damage":64,"enemies":"Orin","floor":47,"turns":8},{"damage":60,"enemies":"4 Shapes","floor":48,"turns":5},{"damage":35,"enemies":"Spire Growth","floor":49,"turns":5},{"damage":30,"enemies":"downfall:Ironclad","floor":50,"turns":10},{"damage":67,"enemies":"downfall:CharBossMerchant","floor":52,"turns":8},{"damage":102,"enemies":"downfall:NeowBoss","floor":55,"turns":23}],"seed_played":"7120977839516517685","potions_obtained":[{"floor":4.0,"key":"Guardian:BlockOnCardUsePotion"},{"floor":9.0,"key":"Explosive Potion"},{"floor":12.0,"key":"LiquidMemories"},{"floor":16.0,"key":"SteroidPotion"},{"floor":20.0,"key":"Strength Potion"},{"floor":23.0,"key":"Regen Potion"},{"floor":27.0,"key":"champ:OpenerPotion"},{"floor":28.0,"key":"BlessingOfTheForge"},{"floor":33.0,"key":"LiquidBronze"},{"floor":40,"key":"LiquidBronze"},{"floor":44,"key":"Fire Potion"},{"floor":48,"key":"Guardian:BlockOnCardUsePotion"}],"is_trial":false,"path_per_floor":["R","E","$","E","?","?","T","R","M","E","$","M","?","M","M","B",null,"R","E","M","M","$","M","T","E","R","E","M","$","M","?","M","B",null,"R","M","?","E","$","E","T","E","R","E","M","M","?","M","M","B",null,"E","$","R","B",null],"character_chosen":"THE_CHAMP","items_purchased":["champ:ShieldWall","champ:GutPunch","champ:GutPunch","champ:EndlessRage","champ:Circumvent","War Paint","PreservedInsect","Fruit Juice","Oddly Smooth Stone","champ:BerserkerStyle","champ:Backstep"],"campfire_rested":0,"item_purchase_floors":[3,3,22,22,29,39,39,39,53,53,53],"current_hp_per_floor":[81,81,81,81,81,81,81,81,74,61,76,69,74,80,84,76,90,90,109,109,98,109,87,87,97,107,119,119,119,119,103,108,112,117,117,119,119,119,124,124,124,124,124,124,124,124,124,124,124,124,124,124,124,124,124],"gold":52,"neow_bonus":"THREE_ENEMY_KILL","is_daily":false,"chose_seed":false,"campfire_upgraded":6,"win_rate":0.0,"timestamp":1608061640,"path_taken":["R","E","$","E","?","?","T","R","?","E","$","M","?","M","M","BOSS","R","E","M","M","$","M","T","E","R","E","M","$","M","?","M","BOSS","R","M","?","E","$","E","T","E","R","E","M","M","?","M","M","BOSS","E","$","R","BOSS"],"items_purchased_type":["Card","Card","Card","Card","Card","Relic","Relic","Potion","Relic","Card","Card"],"build_version":"2020-12-13","purchased_purges":2,"victory":true,"max_hp_per_floor":[90,90,90,90,90,90,90,90,90,90,90,90,95,95,95,95,95,95,109,109,109,109,109,109,109,119,119,119,119,119,119,119,119,119,119,119,119,119,124,124,124,124,124,124,124,124,124,124,124,124,124,124,124,124,124],"card_choices":[{"not_picked":["champ:FlashCut","champ:SkillfulDodge"],"picked":"champ:Shatter","floor":2.0},{"not_picked":["champ:BladeFlurry","champ:FanOfKnives"],"picked":"champ:RageSigil","floor":3.0},{"not_picked":["champ:Lariat","champ:FocusedGladiator"],"picked":"champ:CalledShot","floor":4.0},{"not_picked":["champ:ShieldSigil","champ:SwordSigil","champ:BerserkersShout"],"picked":"SKIP","floor":9.0},{"not_picked":["champ:Circumvent","champ:FlashCut"],"picked":"champ:EndlessRage","floor":10.0},{"not_picked":["champ:PerfectedStrike","champ:RageSigil"],"picked":"champ:BerserkerStyle","floor":11.0},{"not_picked":["champ:FocusedGladiator","champ:GladiatorsShout"],"picked":"champ:DefensiveShout","floor":12.0},{"not_picked":["champ:FalseCounter","champ:ShieldSigil","champ:BerserkerStyle"],"picked":"SKIP","floor":14.0},{"not_picked":["champ:ShieldSigil","champ:SwordSigil"],"picked":"champ:RisingSlash","floor":15.0},{"not_picked":["champ:EnchantShield","champ:DancingMaster"],"picked":"champ:VampiricStrike","floor":16.0},{"not_picked":["champ:BerserkersShout","champ:RageSigil"],"picked":"champ:PreciseThrust","floor":19.0},{"not_picked":["champ:GladiatorStyle","champ:Haymaker"],"picked":"champ:Backstep","floor":20.0},{"not_picked":["champ:DefensiveShout","champ:BerserkersShout"],"picked":"champ:SwordSigil+1","floor":21.0},{"not_picked":["champ:BladeFlurry+1","champ:GladiatorsShout"],"picked":"champ:Balance+1","floor":22.0},{"not_picked":["champ:BringItOn","champ:FightOn"],"picked":"champ:Lariat","floor":23.0},{"not_picked":["champ:Haymaker","champ:RageSigil"],"picked":"champ:ArenaPreparation","floor":25.0},{"not_picked":["champ:DefensiveShout","champ:GladiatorStyle"],"picked":"champ:FocusedGladiator+1","floor":27.0},{"not_picked":["champ:FlashCut","champ:BerserkersShout+1"],"picked":"champ:SwordSigil+1","floor":28.0},{"not_picked":["champ:DefensiveStyle","champ:AdrenalArmor"],"picked":"champ:GutPunch","floor":29.0},{"not_picked":["champ:BringItOn","champ:RageSigil","champ:FocusedBerserking"],"picked":"SKIP","floor":30.0},{"not_picked":["champ:CalledShot","champ:CrookedStrike"],"picked":"champ:Lariat","floor":32.0},{"not_picked":["champ:EnchantCrown","champ:HoldFirm"],"picked":"champ:IgnorePain","floor":33.0},{"not_picked":["champ:TornadoPunch+1"],"picked":"SKIP","floor":36.0},{"not_picked":[],"picked":"expansioncontent:Collect","floor":37.0},{"not_picked":[],"picked":"champ:DefensiveStyle+1","floor":38.0},{"not_picked":["champ:FlashCut+1"],"picked":"SKIP","floor":39.0},{"not_picked":["champ:Circumvent"],"picked":"SKIP","floor":40},{"not_picked":[],"picked":"champ:DefensiveStyle+1","floor":42},{"not_picked":["champ:StanceDance"],"picked":"SKIP","floor":44},{"not_picked":["champ:CrookedStrike"],"picked":"SKIP","floor":45},{"not_picked":["champ:DefensiveStyle"],"picked":"SKIP","floor":46},{"not_picked":[],"picked":"champ:Backstep","floor":47},{"not_picked":["champ:PreciseThrust+1"],"picked":"SKIP","floor":48},{"not_picked":["champ:StanceDance"],"picked":"SKIP","floor":49},{"not_picked":["champ:TornadoPunch"],"picked":"SKIP","floor":52}],"player_experience":2319677,"relics_obtained":[{"floor":2.0,"key":"Toy Ornithopter"},{"floor":4.0,"key":"Gremlin Horn"},{"floor":7.0,"key":"hexamod:BolsterEngine"},{"floor":10.0,"key":"Blood Vial"},{"floor":19.0,"key":"Mango"},{"floor":25.0,"key":"Bronze Scales"},{"floor":27.0,"key":"Anchor"},{"floor":31.0,"key":"Enchiridion"},{"floor":38.0,"key":"Thread and Needle"},{"floor":40,"key":"champ:DefensiveTrainingManual"},{"floor":41,"key":"Orichalcum"},{"floor":42,"key":"MealTicket"},{"floor":44,"key":"Sundial"},{"floor":47,"key":"CatCart"},{"floor":52,"key":"Happy Flower"}],"event_choices":[{"damage_healed":0.0,"max_hp_gain":0.0,"max_hp_loss":0.0,"gold_gain":0.0,"event_name":"Upgrade Shrine","player_choice":"Upgraded","floor":6.0,"gold_loss":0.0,"damage_taken":0.0,"cards_upgraded":["champ:CalledShot"]},{"damage_healed":0.0,"max_hp_gain":5.0,"max_hp_loss":0.0,"gold_gain":0.0,"event_name":"Big Fish","player_choice":"Donut","floor":13.0,"gold_loss":0.0,"damage_taken":0.0},{"damage_healed":0,"gold_gain":0,"player_choice":"Fight","damage_taken":0,"max_hp_gain":0,"max_hp_loss":0,"event_name":"OrinTheCat","floor":47,"gold_loss":0}],"is_beta":false,"boss_relics":[{"not_picked":["Empty Cage","Ectoplasm"],"picked":"SlaversCollar"},{"not_picked":["champ:PowerArmor","Philosopher\u0027s Stone"],"picked":"Busted Crown"}],"items_purged_floors":[22,39],"is_endless":false,"potions_floor_spawned":[4,9,12,15,16,20,23,27,28,30,32,33,40,44,45,48],"ascension_level":7}}