{"host":"5mo0809oo9tcrmpl","time":1608002146,"event":{"mods":["BaseMod","Highlight Path","Minty Spire (QoL Compilation)","Relic Stats","Slay the Relics Exporter"],"gold_per_floor":[111,186,203,215,242,254,279,321,333,345,375,387,324,364,376,461,473,498,528,560,572,601,613,613],"floor_reached":23,"playtime":1107,"items_purged":[],"score":406,"play_id":"4771de99-d680-4a52-9a75-0d5947f71a91","local_time":"20201214211546","is_ascension_mode":true,"campfire_choices":[{"data":"Shrug It Off","floor":6.0,"key":"SMITH"},{"data":"Demon Form","floor":10.0,"key":"SMITH"},{"floor":12.0,"key":"REST"},{"data":"Fire Breathing","floor":15.0,"key":"SMITH"}],"circlet_count":0,"master_deck":["AscendersBane","Strike_R","Strike_R","Strike_R","Strike_R","Defend_R","Defend_R","Defend_R","Defend_R","Bash+1","Sever Soul","Shrug It Off+1","Clash","Fire Breathing+1","Demon Form+1","Armaments","Berserk","Heavy Blade","Dropkick+1"],"relics":["Burning Blood","MawBank","Regal Pillow","White Beast Statue","Meat on the Bone","Snecko Eye"],"acts_visited":["Exordium","TheCity"],"potions_floor_usage":[18,19,23,23],"damage_taken":[{"damage":0.0,"enemies":"Small Slimes","floor":1.0,"turns":3.0},{"damage":7.0,"enemies":"Jaw Worm","floor":3.0,"turns":3.0},{"damage":0.0,"enemies":"2 Louse","floor":4.0,"turns":3.0},{"damage":16.0,"enemies":"Blue Slaver","floor":7.0,"turns":4.0},{"damage":36.0,"enemies":"Lagavulin","floor":8.0,"turns":10.0},{"damage":24.0,"enemies":"Exordium Wildlife","floor":11.0,"turns":6.0},{"damage":8.0,"enemies":"Gremlin Nob","floor":14.0,"turns":3.0},{"damage":41.0,"enemies":"Hexaghost","floor":16.0,"turns":9.0},{"damage":30,"enemies":"Shell Parasite","floor":18,"turns":5},{"damage":33,"enemies":"3 Byrds","floor":19,"turns":5},{"damage":27,"enemies":"Snake Plant","floor":20,"turns":4},{"damage":37,"enemies":"Centurion and Healer","floor":22,"turns":6},{"damage":51,"enemies":"Slavers","floor":23,"turns":3}],"seed_played":"-2220550164593759097","potions_obtained":[{"floor":1.0,"key":"HeartOfIron"},{"floor":8.0,"key":"SneckoOil"},{"floor":11.0,"key":"Energy Potion"},{"floor":14.0,"key":"BloodPotion"},{"floor":16.0,"key":"LiquidMemories"},{"floor":18,"key":"Dexterity Potion"},{"floor":19,"key":"FairyPotion"},{"floor":22,"key":"BlessingOfTheForge"}],"is_trial":false,"path_per_floor":["M","?","M","M","T","R","M","E","T","R","M","R","?","E","R","B",null,"M","M","M","?","M","E"],"character_chosen":"IRONCLAD","items_purchased":[],"campfire_rested":1,"item_purchase_floors":[],"current_hp_per_floor":[74,63,62,68,68,68,58,28,28,28,10,47,47,45,45,22,62,53,38,29,29,40,0,0],"gold":613,"neow_bonus":"UPGRADE_CARD","is_daily":false,"chose_seed":false,"campfire_upgraded":3,"win_rate":0.0,"timestamp":1608002146,"path_taken":["M","?","M","M","?","R","M","E","T","R","M","R","?","E","R","BOSS","M","M","M","?","M","E"],"items_purchased_type":[],"build_version":"2020-12-13","purchased_purges":0,"victory":false,"max_hp_per_floor":[75,75,75,75,75,75,75,75,75,75,75,75,75,75,75,75,75,75,75,75,75,75,75,75],"relic_stats":{"Regal Pillow":15,"counters":[13,64],"Snecko Eye":[35,45,42,38],"MawBank":216,"obtain_stats":[{"Regal Pillow":8,"Snecko Eye":17,"MawBank":5,"Burning Blood":0,"White Beast Statue":9,"Meat on the Bone":14},{"Regal Pillow":5,"Snecko Eye":8,"MawBank":3,"Burning Blood":0,"White Beast Statue":5,"Meat on the Bone":7},{"Regal Pillow":23,"Snecko Eye":41,"MawBank":9,"Burning Blood":0,"White Beast Statue":23,"Meat on the Bone":32}],"Burning Blood":72,"Meat on the Bone":48},"card_choices":[{"not_picked":["Battle Trance","Hemokinesis"],"picked":"Sever Soul","floor":1.0},{"not_picked":["Hemokinesis","Thunderclap"],"picked":"Shrug It Off","floor":3.0},{"not_picked":["Body Slam","Perfected Strike"],"picked":"Clash","floor":4.0},{"not_picked":["Inflame","Battle Trance"],"picked":"Fire Breathing","floor":7.0},{"not_picked":["Heavy Blade","Spot Weakness"],"picked":"Demon Form","floor":8.0},{"not_picked":["Warcry","Sword Boomerang"],"picked":"Armaments","floor":11.0},{"not_picked":["Clash","Sever Soul","Seeing Red"],"picked":"SKIP","floor":14.0},{"not_picked":["Exhume","Demon Form"],"picked":"Berserk","floor":16.0},{"not_picked":["Perfected Strike+1","Iron Wave"],"picked":"Heavy Blade","floor":18},{"not_picked":["Twin Strike","Entrench","Body Slam+1"],"picked":"SKIP","floor":19},{"not_picked":["Bludgeon","Pommel Strike"],"picked":"Dropkick+1","floor":20},{"not_picked":["Dark Embrace+1","Heavy Blade","Warcry"],"picked":"SKIP","floor":22}],"player_experience":1258826,"relics_obtained":[{"floor":5.0,"key":"MawBank"},{"floor":8.0,"key":"Regal Pillow"},{"floor":9.0,"key":"White Beast Statue"},{"floor":14.0,"key":"Meat on the Bone"}],"event_choices":[{"damage_healed":0.0,"max_hp_gain":0.0,"max_hp_loss":0.0,"gold_gain":75.0,"event_name":"World of Goop","player_choice":"Gather Gold","floor":2.0,"gold_loss":0.0,"damage_taken":11.0},{"cards_removed":["Strike_R"],"damage_healed":0.0,"max_hp_gain":0.0,"max_hp_loss":0.0,"gold_gain":0.0,"event_name":"The Cleric","player_choice":"Card Removal","floor":13.0,"gold_loss":75.0,"damage_taken":0.0},{"damage_healed":0,"gold_gain":0,"player_choice":"Ignored","damage_taken":0,"max_hp_gain":0,"max_hp_loss":0,"event_name":"Ghosts","floor":21,"gold_loss":0}],"is_beta":false,"boss_relics":[{"not_picked":["SacredBark","Cursed Key"],"picked":"Snecko Eye"}],"items_purged_floors":[],"is_endless":false,"potions_floor_spawned":[1,8,11,14,16,18,19,20,22],"killed_by":"Slavers","ascension_level":20}}