{"host":"vh33hu3wddwn6yt6","time":1608052849,"event":{"mods":["AchievementEnabler","Act Like it!","Aspiration","BaseMod","Better Altar","Better Match","Better Note","Better Sensory Stone","Better Skull","Better Third Choice","BetterRewards","Downfall","Hubris","Minty Spire (QoL Compilation)","Permanent Neow","Replay The Spire","Shade Mod","Shop Mod","Spicy Shops","StSLib","SuperFastMode","The Blackbeard","The Necromancer","The Poker Player","The Servant 0.9.4","Wandering Minibosses"],"gold_per_floor":[99,114,145,164,164,197,222,72,90,121,159,76,96,96,129,137,137,137],"floor_reached":16,"playtime":426,"items_purged":[],"score":126,"play_id":"3a90f3fe-ec14-464e-9b22-8aade98684dc","local_time":"20201215182049","is_ascension_mode":true,"campfire_choices":[{"floor":1,"key":"RECALL"},{"floor":8,"key":"REST"}],"circlet_count":0,"master_deck":["blackbeard:BlackbeardStrike","blackbeard:BlackbeardStrike","blackbeard:BlackbeardStrike","blackbeard:BlackbeardStrike","blackbeard:IntimidatingStrike","blackbeard:BlackbeardDefend","blackbeard:BlackbeardDefend","blackbeard:BlackbeardDefend","blackbeard:BlackbeardDefend","blackbeard:Cutlass","blackbeard:AgileStrike","blackbeard:Rum","blackbeard:RearmingStrike","blackbeard:InfiniteBarrage","blackbeard:RearmingStrike","blackbeard:WeaponProficiency","blackbeard:RearmingStrike","blackbeard:BeatUp+1","blackbeard:Shrapnel","blackbeard:InfiniteBarrage","Injury"],"relics":["blackbeard:LoadTheCannons","Akabeko","blackbeard:GoldenRing","WingedGreaves","downfall:HeartBlessingRed","downfall:HeartBlessingBlue","Replay:Bandana","Odd Mushroom","Frozen Egg 2"],"acts_visited":["Exordium"],"potions_floor_usage":[6,10,10,10,10,12,12,16,16],"damage_taken":[{"damage":0,"enemies":"Cultist","floor":2,"turns":2},{"damage":27,"enemies":"3 Sentries","floor":3,"turns":8},{"damage":0,"enemies":"Small Slimes","floor":4,"turns":2},{"damage":7,"enemies":"Replay:BlueRogue","floor":6,"turns":3},{"damage":6,"enemies":"Jaw Worm","floor":9,"turns":2},{"damage":20,"enemies":"Lagavulin","floor":10,"turns":4},{"damage":10,"enemies":"The Mushroom Lair","floor":11,"turns":4},{"damage":10,"enemies":"downfall:FleeingMerchant","floor":12,"turns":4},{"damage":0,"enemies":"Large Slime","floor":13,"turns":1},{"damage":0,"enemies":"Gremlin Gang","floor":15,"turns":4},{"damage":32,"enemies":"downfall:Defect","floor":16,"turns":4}],"seed_played":"1776362435258929495","potions_obtained":[{"floor":4,"key":"ColorlessPotion"},{"floor":6,"key":"EntropicBrew"},{"floor":9,"key":"blackbeard:RumPotion"},{"floor":10,"key":"Swift Potion"},{"floor":11,"key":"PowerPotion"},{"floor":15,"key":"Dexterity Potion"}],"is_trial":false,"path_per_floor":["R","M","E","M","?","E","T","R","M","E","?","$","M","?","M","B"],"character_chosen":"BLACKBEARD_CLASS","items_purchased":["blackbeard:BeatUp+1","blackbeard:Shrapnel"],"campfire_rested":1,"item_purchase_floors":[12,12],"current_hp_per_floor":[75,75,48,48,48,41,41,76,70,50,40,30,30,30,30,0,0,0],"gold":137,"neow_bonus":"RANDOM_COMMON_RELIC","is_daily":false,"chose_seed":false,"campfire_upgraded":0,"win_rate":0.0,"timestamp":1608052849,"path_taken":["R","M","E","M","?","E","T","R","M","E","?","?","?","?","M","BOSS"],"items_purchased_type":["Card","Card"],"build_version":"2020-12-13","purchased_purges":0,"victory":false,"max_hp_per_floor":[75,75,75,75,75,75,75,85,85,85,85,85,85,85,85,85,85,85],"card_choices":[{"not_picked":["blackbeard:Toast","blackbeard:Fencing"],"picked":"blackbeard:AgileStrike","floor":2},{"not_picked":["blackbeard:Dagger","blackbeard:Sharpening"],"picked":"blackbeard:Rum","floor":3},{"not_picked":["blackbeard:FieryDefense","blackbeard:Provisioning"],"picked":"blackbeard:RearmingStrike","floor":4},{"not_picked":["blackbeard:GoldenStrike","blackbeard:GoldenDefense"],"picked":"blackbeard:InfiniteBarrage","floor":6},{"not_picked":["blackbeard:RemoveScurvy","blackbeard:Boarding"],"picked":"blackbeard:RearmingStrike","floor":9},{"not_picked":["blackbeard:ArmorUp","blackbeard:ChaoticDefense"],"picked":"blackbeard:WeaponProficiency","floor":10},{"not_picked":["blackbeard:UndeadForm","blackbeard:Scrap"],"picked":"blackbeard:RearmingStrike","floor":11},{"not_picked":["blackbeard:WoodenLeg","blackbeard:Sharpening","blackbeard:DoubleBottom"],"picked":"SKIP","floor":12},{"not_picked":["blackbeard:Anchor","blackbeard:TacticalRetreat"],"picked":"blackbeard:InfiniteBarrage","floor":13},{"not_picked":["blackbeard:BeatUp","blackbeard:DeadlyArsenal","blackbeard:Dagger"],"picked":"SKIP","floor":15}],"player_experience":518943,"relics_obtained":[{"floor":3,"key":"blackbeard:GoldenRing"},{"floor":6,"key":"WingedGreaves"},{"floor":10,"key":"Replay:Bandana"},{"floor":11,"key":"Odd Mushroom"}],"event_choices":[{"damage_healed":0,"gold_gain":0,"player_choice":"Fought Mushrooms","damage_taken":0,"max_hp_gain":0,"max_hp_loss":0,"event_name":"Mushrooms","floor":11,"gold_loss":0}],"is_beta":false,"boss_relics":[],"items_purged_floors":[],"is_endless":false,"potions_floor_spawned":[4,6,9,10,11,15],"killed_by":"downfall:Defect","ascension_level":1}}