{"host":"chv1qanoipyt46jc","time":1608047742,"event":{"mods":["2.2 Compatiblity","AchievementEnabler","BaseMod","BetterRewards","CapriCore","Card Filter","Conspire","Gold Saver","Grow up Mod","Minty Spire (QoL Compilation)","Rare Cards Sparkle","Relic Filter","Remove Card Discount Mod","Reorder Act Four","Robot Space Explorer","StSLib"],"gold_per_floor":[1133,1147,1160,1179,1196,1231,1245,1279,1324,1340,1350,1350,1350,1361,1361,1460,1460,1470,1503,1503,1520,1533,1533,1566,1566,1635,1654,1671,1704,1704,1718,1718,1819,1819,1837,1829,1879,1897,1897,1923,1923,1953,1953,1953,1969,1969,1994,2009,2009,2009,2009,2009,2009,2034,2034],"floor_reached":56,"playtime":2157,"items_purged":["RobotSpaceExplorer:Strike","RobotSpaceExplorer:Strike","RobotSpaceExplorer:Strike","RobotSpaceExplorer:Strike","RobotSpaceExplorer:Defend","RobotSpaceExplorer:Defend","RobotSpaceExplorer:Defend","RobotSpaceExplorer:Defend","RobotSpaceExplorer:PowerCollector+1","RobotSpaceExplorer:Scan+1","RobotSpaceExplorer:Probe","RobotSpaceExplorer:MiniLasers+1"],"score":1693,"play_id":"90797531-0a93-42a9-9303-16c0a8b6ab99","local_time":"20201215095542","is_ascension_mode":false,"campfire_choices":[{"data":"RobotSpaceExplorer:PlasmaMissile","floor":13,"key":"SMITH"},{"floor":15,"key":"RECALL"},{"data":"RobotSpaceExplorer:IronShell","floor":23,"key":"SMITH"},{"data":"RobotSpaceExplorer:MiniLasers","floor":25,"key":"SMITH"},{"data":"RobotSpaceExplorer:Scan","floor":32,"key":"SMITH"},{"floor":41,"key":"REST"},{"floor":44,"key":"REST"},{"floor":46,"key":"REST"},{"floor":49,"key":"REST"},{"floor":53,"key":"REST"}],"circlet_count":0,"master_deck":["RobotSpaceExplorer:PlasmaMissile+1","RobotSpaceExplorer:IronShell+1","RobotSpaceExplorer:FranticSearch+1","RobotSpaceExplorer:Comet+1","Madness+1","Madness+1"],"relics":["RobotSpaceExplorer:RoboCore","Sundial","Frozen Egg 2","Shuriken","RobotSpaceExplorer:SlideRule","Akabeko","Toxic Egg 2","SlaversCollar","Red Mask","Omamori","Question Card","Black Star","WingedGreaves","Blue Candle","Eternal Feather","conspire:Boomerang","Molten Egg 2","Ornamental Fan","FossilizedHelix","Vajra","Blood Vial","Centennial Puzzle"],"acts_visited":["Exordium","TheCity","TheBeyond","TheEnding"],"potions_floor_usage":[55,55,55],"damage_taken":[{"damage":5,"enemies":"Small Slimes","floor":1,"turns":2},{"damage":0,"enemies":"Cultist","floor":2,"turns":2},{"damage":0,"enemies":"2 Louse","floor":3,"turns":2},{"damage":0,"enemies":"2 Fungi Beasts","floor":4,"turns":2},{"damage":3,"enemies":"3 Louse","floor":5,"turns":2},{"damage":14,"enemies":"3 Sentries","floor":6,"turns":5},{"damage":4,"enemies":"Looter","floor":7,"turns":2},{"damage":7,"enemies":"Gremlin Nob","floor":8,"turns":3},{"damage":6,"enemies":"Blue Slaver","floor":10,"turns":2},{"damage":10,"enemies":"conspire:2 RoseBushes","floor":11,"turns":2},{"damage":0,"enemies":"Gremlin Gang","floor":14,"turns":2},{"damage":18,"enemies":"The Guardian","floor":16,"turns":5},{"damage":19,"enemies":"conspire:FuzzyDice","floor":18,"turns":4},{"damage":0,"enemies":"Masked Bandits","floor":19,"turns":3},{"damage":0,"enemies":"Chosen","floor":21,"turns":2},{"damage":10,"enemies":"Centurion and Healer","floor":22,"turns":3},{"damage":4,"enemies":"Slavers","floor":24,"turns":5},{"damage":0,"enemies":"conspire:HollyBat","floor":27,"turns":4},{"damage":0,"enemies":"Cultist and Chosen","floor":28,"turns":3},{"damage":0,"enemies":"Book of Stabbing","floor":29,"turns":3},{"damage":0,"enemies":"Sentry and Sphere","floor":31,"turns":2},{"damage":9,"enemies":"conspire:MysteriousRune","floor":33,"turns":4},{"damage":11,"enemies":"Orb Walker","floor":35,"turns":2},{"damage":12,"enemies":"Mind Bloom Boss Battle","floor":37,"turns":3},{"damage":9,"enemies":"3 Shapes","floor":38,"turns":2},{"damage":35,"enemies":"Nemesis","floor":40,"turns":5},{"damage":0,"enemies":"Giant Head","floor":42,"turns":4},{"damage":0,"enemies":"Transient","floor":45,"turns":5},{"damage":0,"enemies":"Reptomancer","floor":47,"turns":3},{"damage":9,"enemies":"4 Shapes","floor":48,"turns":2},{"damage":0,"enemies":"Time Eater","floor":50,"turns":4},{"damage":5,"enemies":"Shield and Spear","floor":54,"turns":3},{"damage":81,"enemies":"The Heart","floor":55,"turns":6}],"seed_played":"-8720989672515212486","potions_obtained":[{"floor":1,"key":"RobotSpaceExplorer:PlasmaFlask"},{"floor":3,"key":"Regen Potion"},{"floor":6,"key":"EssenceOfSteel"}],"is_trial":false,"path_per_floor":["M","M","M","M","M","E","M","E","T","M","M","?","R","M","R","B",null,"M","?","?","M","M","R","E","R","T","M","M","E","?","M","R","B",null,"M","$","?","M","?","E","R","E","T","R","M","R","E","M","R","B",null,"$","R","E","B",null],"character_chosen":"RobotSpaceExplorer","items_purchased":["RobotSpaceExplorer:PlasmaMissile","Sundial","Frozen Egg 2","Shuriken","RobotSpaceExplorer:SlideRule"],"campfire_rested":5,"item_purchase_floors":[0,0,0,0,0],"current_hp_per_floor":[42,52,62,72,79,75,81,84,94,98,98,108,118,128,138,130,255,246,256,266,276,276,286,292,302,312,322,332,342,352,362,372,373,425,424,434,432,433,385,360,495,505,515,525,535,545,555,556,575,585,595,605,615,620,566],"gold":2034,"neow_bonus":"","is_daily":false,"chose_seed":false,"campfire_upgraded":4,"win_rate":0.0,"timestamp":1608047742,"path_taken":["M","M","M","M","M","E","M","E","T","M","M","?","R","?","R","BOSS","M","?","?","M","M","R","E","R","T","M","M","E","?","M","R","BOSS","M","$","?","M","?","E","R","E","T","R","M","R","E","M","R","BOSS","$","R","E","BOSS"],"items_purchased_type":["Card","Relic","Relic","Relic","Relic"],"build_version":"2020-12-13","purchased_purges":12,"victory":true,"max_hp_per_floor":[95,105,115,125,135,145,155,165,175,185,195,205,215,225,235,245,255,265,275,285,295,305,315,325,335,345,355,365,375,385,395,405,415,425,435,445,455,465,475,485,495,505,515,525,535,545,555,565,575,585,595,605,615,625,635],"card_choices":[{"not_picked":["RobotSpaceExplorer:MiniDrones","RobotSpaceExplorer:SelfCleaning"],"picked":"RobotSpaceExplorer:Probe","floor":1},{"not_picked":["RobotSpaceExplorer:FrostMissile","RobotSpaceExplorer:SelfCleaning","RobotSpaceExplorer:DualCore+1"],"picked":"SKIP","floor":2},{"not_picked":["RobotSpaceExplorer:MiniBoosters+1","RobotSpaceExplorer:ShockKick","RobotSpaceExplorer:SwiftStep"],"picked":"SKIP","floor":3},{"not_picked":["RobotSpaceExplorer:ImprovisedAttack","RobotSpaceExplorer:JunkDive","RobotSpaceExplorer:MiniDrones"],"picked":"SKIP","floor":4},{"not_picked":["RobotSpaceExplorer:DoubleFind","RobotSpaceExplorer:Ammunition"],"picked":"RobotSpaceExplorer:IronShell","floor":5},{"not_picked":["RobotSpaceExplorer:Smokescreen","RobotSpaceExplorer:FreezingShield","RobotSpaceExplorer:TurboDodge"],"picked":"SKIP","floor":6},{"not_picked":["RobotSpaceExplorer:StunGrenade","RobotSpaceExplorer:Electropulse","RobotSpaceExplorer:Jetpack"],"picked":"SKIP","floor":7},{"not_picked":["RobotSpaceExplorer:JunkDive+1","RobotSpaceExplorer:ScrapToss","RobotSpaceExplorer:LaserBurst"],"picked":"SKIP","floor":8},{"not_picked":["RobotSpaceExplorer:FranticSearch+1","RobotSpaceExplorer:StunGrenade","RobotSpaceExplorer:LaserBurst"],"picked":"SKIP","floor":10},{"not_picked":["RobotSpaceExplorer:Counterblock+1","RobotSpaceExplorer:DoubleFind+1"],"picked":"RobotSpaceExplorer:PowerCollector+1","floor":11},{"not_picked":["RobotSpaceExplorer:GearShield+1","RobotSpaceExplorer:FranticSearch+1","RobotSpaceExplorer:SurgingStrike"],"picked":"SKIP","floor":14},{"not_picked":["RobotSpaceExplorer:GlueShot+1","RobotSpaceExplorer:RigExplosive+1","RobotSpaceExplorer:SwiftStep+1"],"picked":"SKIP","floor":18},{"not_picked":["RobotSpaceExplorer:Multitool+1","RobotSpaceExplorer:GlueSpray+1","RobotSpaceExplorer:FrostMissile+1"],"picked":"SKIP","floor":21},{"not_picked":["RobotSpaceExplorer:ShovelStrike","RobotSpaceExplorer:ScrapMissile","RobotSpaceExplorer:Pulsar+1"],"picked":"SKIP","floor":22},{"not_picked":["RobotSpaceExplorer:StunGrenade","RobotSpaceExplorer:Arsenal+1","RobotSpaceExplorer:Counterblock+1"],"picked":"SKIP","floor":24},{"not_picked":["RobotSpaceExplorer:StunGrenade","RobotSpaceExplorer:SurgingStrike+1","RobotSpaceExplorer:Counterblock+1","RobotSpaceExplorer:FranticSearch+1"],"picked":"SKIP","floor":27},{"not_picked":["RobotSpaceExplorer:MiniBoosters+1","RobotSpaceExplorer:IronShell+1","RobotSpaceExplorer:MetalStrike","RobotSpaceExplorer:ScrapToss"],"picked":"SKIP","floor":28},{"not_picked":["RobotSpaceExplorer:Accelerator+1","RobotSpaceExplorer:Pulsar+1","RobotSpaceExplorer:FrostMissile","RobotSpaceExplorer:MetalStrike"],"picked":"SKIP","floor":29},{"not_picked":["RobotSpaceExplorer:Electropulse+1","RobotSpaceExplorer:Calculate+1","RobotSpaceExplorer:Fix+1","RobotSpaceExplorer:GlueSpray+1"],"picked":"SKIP","floor":31},{"not_picked":["RobotSpaceExplorer:Autoloader+1","RobotSpaceExplorer:DroneSwarm+1","RobotSpaceExplorer:Wormhole+1"],"picked":"RobotSpaceExplorer:Comet+1","floor":33},{"not_picked":["RobotSpaceExplorer:Pulsar+1","RobotSpaceExplorer:ImprovisedAttack+1","RobotSpaceExplorer:FreezeRay+1","RobotSpaceExplorer:ShockKick+1"],"picked":"SKIP","floor":35},{"not_picked":["RobotSpaceExplorer:Jetpack+1","RobotSpaceExplorer:FreezeRay+1","RobotSpaceExplorer:RigExplosive+1","RobotSpaceExplorer:MiniDrones"],"picked":"SKIP","floor":38},{"not_picked":["RobotSpaceExplorer:DoubleBlock+1","RobotSpaceExplorer:DualCore+1","RobotSpaceExplorer:Autoloader+1","RobotSpaceExplorer:Smokescreen+1"],"picked":"SKIP","floor":40},{"not_picked":["RobotSpaceExplorer:MetalStrike+1","RobotSpaceExplorer:Multitool+1","RobotSpaceExplorer:JunkDive+1","RobotSpaceExplorer:MiniDrones+1"],"picked":"SKIP","floor":42},{"not_picked":["RobotSpaceExplorer:Electropulse+1","RobotSpaceExplorer:ShockKick+1","RobotSpaceExplorer:Counterblock+1","RobotSpaceExplorer:SurgingShield+1"],"picked":"SKIP","floor":45},{"not_picked":["RobotSpaceExplorer:Discharger+1","RobotSpaceExplorer:GlueSpray+1","RobotSpaceExplorer:IronShell+1","RobotSpaceExplorer:SurgingStrike+1"],"picked":"SKIP","floor":47},{"not_picked":["RobotSpaceExplorer:MakeshiftVolley+1","RobotSpaceExplorer:ImprovisedAttack+1","RobotSpaceExplorer:GlueShot+1","RobotSpaceExplorer:Electropulse+1"],"picked":"SKIP","floor":48},{"not_picked":["RobotSpaceExplorer:ImprovisedAttack+1","RobotSpaceExplorer:ExhaustFan+1","RobotSpaceExplorer:ScrapShield+1","RobotSpaceExplorer:FreezingShield+1"],"picked":"SKIP","floor":54}],"player_experience":298608,"relics_obtained":[{"floor":6,"key":"Akabeko"},{"floor":8,"key":"Toxic Egg 2"},{"floor":19,"key":"Red Mask"},{"floor":24,"key":"Omamori"},{"floor":26,"key":"Question Card"},{"floor":37,"key":"WingedGreaves"},{"floor":40,"key":"Blue Candle"},{"floor":40,"key":"Eternal Feather"},{"floor":42,"key":"conspire:Boomerang"},{"floor":42,"key":"Molten Egg 2"},{"floor":43,"key":"Ornamental Fan"},{"floor":47,"key":"FossilizedHelix"},{"floor":47,"key":"Vajra"},{"floor":54,"key":"Blood Vial"},{"floor":54,"key":"Centennial Puzzle"}],"event_choices":[{"damage_healed":0,"gold_gain":0,"player_choice":"Ignored","damage_taken":0,"max_hp_gain":0,"max_hp_loss":0,"event_name":"Transmorgrifier","floor":12,"gold_loss":0},{"damage_healed":0,"gold_gain":0,"player_choice":"Fought Bandits","damage_taken":0,"max_hp_gain":0,"max_hp_loss":0,"event_name":"Masked Bandits","floor":19,"gold_loss":0},{"damage_healed":0,"gold_gain":0,"player_choice":"Ignored","damage_taken":0,"max_hp_gain":0,"max_hp_loss":0,"event_name":"Beggar","floor":20,"gold_loss":0},{"damage_healed":0,"gold_gain":0,"player_choice":"Read","damage_taken":0,"max_hp_gain":0,"max_hp_loss":0,"event_name":"The Library","floor":30,"gold_loss":0,"cards_obtained":["RobotSpaceExplorer:FranticSearch"]},{"damage_healed":0,"gold_gain":0,"player_choice":"Fight","damage_taken":0,"max_hp_gain":0,"max_hp_loss":0,"event_name":"MindBloom","floor":37,"gold_loss":0},{"damage_healed":0,"gold_gain":0,"player_choice":"Embrace Madness","damage_taken":58,"max_hp_gain":0,"max_hp_loss":0,"event_name":"Winding Halls","floor":39,"gold_loss":0,"cards_obtained":["Madness","Madness"]}],"is_beta":false,"boss_relics":[{"not_picked":["RobotSpaceExplorer:SearchSpecs","Busted Crown"],"picked":"SlaversCollar"},{"not_picked":["Tiny House","Pandora\u0027s Box"],"picked":"Black Star"}],"items_purged_floors":[0,0,0,0,0,0,0,0,36,36,36,36],"is_endless":false,"potions_floor_spawned":[1,3,6,10,19,21,24,28,31,35,45,47,48],"ascension_level":0}}