{"host":"2461dio7vetlq1z3","time":1608043633,"event":{"mods":["2.2 Compatiblity","AchievementEnabler","BaseMod","Downfall","Hermit","Lobotomy","Marisa????????","Minty Spire (QoL Compilation)","Relic Stats","Spicy Shops","StSLib","Waifu the Spire"],"gold_per_floor":[117,128,128,138,138,150,150,31,42,42,42,42,52,114,114,211,211,230,254,47,61,61,75,75,75,75,90,90,117,117,129,54,153,153,191,201,211,231,258,258,258,301,226,226,151,177,195,279,279,279,279,304,37,37,37],"floor_reached":56,"playtime":3854,"items_purged":["sneckomod:Strike","sneckomod:Defend","sneckomod:MasterEye"],"score":1434,"play_id":"8da04c93-a25b-4103-8508-130d4db8566e","local_time":"20201215154713","is_ascension_mode":false,"campfire_choices":[{"data":"sneckomod:SnekBite","floor":5,"key":"SMITH"},{"data":"sneckomod:DiceBoulder","floor":12,"key":"SMITH"},{"data":"sneckomod:DiceBoulder+1","floor":15,"key":"SMITH"},{"data":"sneckomod:DiceBoulder+2","floor":22,"key":"SMITH"},{"data":"sneckomod:DiceBoulder+3","floor":26,"key":"SMITH"},{"data":"sneckomod:MasterEye","floor":30,"key":"SMITH"},{"data":"sneckomod:DiceBoulder+4","floor":32,"key":"SMITH"},{"data":"sneckomod:DiceBoulder+5","floor":40,"key":"SMITH"},{"floor":43,"key":"RECALL"},{"data":"sneckomod:DiceBoulder+6","floor":45,"key":"SMITH"},{"data":"sneckomod:DiceBoulder+7","floor":49,"key":"SMITH"},{"data":"sneckomod:UnknownRarePower","floor":54,"key":"SMITH"}],"circlet_count":0,"master_deck":["sneckomod:Defend","sneckomod:Defend","sneckomod:TailWhip","sneckomod:SnekBite+1","sneckomod:Unknown","sneckomod:Unknown","sneckomod:QuickBite","sneckomod:UnknownX","sneckomod:Unknown2Cost+1","sneckomod:UnknownEthereal","sneckomod:DiceBoulder+8","sneckomod:UnknownBlock","sneckomod:Mudshield","sneckomod:DiceBlock","sneckomod:UnknownUncommonSkill+1","sneckomod:MasterEye+1","sneckomod:UnlimitedRolls","sneckomod:SerpentMind","sneckomod:UnknownRarePower+1"],"relics":["sneckomod:SneckoSoul","Meat on the Bone","downfall:ShatteredFragment","HornCleat","Coffee Dripper","Matryoshka","Ornamental Fan","downfall:HeartBlessingGreen","Snecko Eye","Vajra","Boot","Bottled Lightning","downfall:HeartBlessingBlue","downfall:HeartBlessingRed","Pen Nib","Oddly Smooth Stone","Sundial"],"acts_visited":["Exordium","TheCity","TheBeyond","TheEnding"],"potions_floor_usage":[14,55],"damage_taken":[{"damage":7,"enemies":"Small Slimes","floor":1,"turns":4},{"damage":0,"enemies":"Cultist","floor":2,"turns":2},{"damage":3,"enemies":"Jaw Worm","floor":4,"turns":3},{"damage":1,"enemies":"2 Fungi Beasts","floor":6,"turns":3},{"damage":5,"enemies":"downfall:FleeingMerchant","floor":8,"turns":4},{"damage":0,"enemies":"Large Slime","floor":9,"turns":4},{"damage":19,"enemies":"Red Slaver","floor":13,"turns":2},{"damage":16,"enemies":"Gremlin Nob","floor":14,"turns":3},{"damage":15,"enemies":"downfall:Watcher","floor":16,"turns":10},{"damage":1,"enemies":"Chosen","floor":18,"turns":3},{"damage":5,"enemies":"Spheric Guardian","floor":19,"turns":3},{"damage":0,"enemies":"downfall:FleeingMerchant","floor":20,"turns":4},{"damage":0,"enemies":"Snake Plant","floor":21,"turns":2},{"damage":4,"enemies":"3 Cultists","floor":23,"turns":4},{"damage":24,"enemies":"Sentry and Sphere","floor":27,"turns":5},{"damage":13,"enemies":"Gremlin Leader","floor":29,"turns":4},{"damage":8,"enemies":"Shelled Parasite and Fungi","floor":31,"turns":5},{"damage":22,"enemies":"downfall:Silent","floor":33,"turns":6},{"damage":0,"enemies":"Orb Walker","floor":35,"turns":2},{"damage":0,"enemies":"3 Shapes","floor":36,"turns":2},{"damage":1,"enemies":"Jaw Worm Horde","floor":37,"turns":4},{"damage":6,"enemies":"Maw","floor":38,"turns":5},{"damage":18,"enemies":"Nemesis","floor":39,"turns":9},{"damage":10,"enemies":"Giant Head","floor":42,"turns":5},{"damage":4,"enemies":"Nemesis","floor":46,"turns":5},{"damage":3,"enemies":"4 Shapes","floor":47,"turns":4},{"damage":0,"enemies":"downfall:FleeingMerchant","floor":48,"turns":3},{"damage":14,"enemies":"downfall:Defect","floor":50,"turns":4},{"damage":0,"enemies":"downfall:CharBossMerchant","floor":52,"turns":6},{"damage":32,"enemies":"downfall:NeowBoss","floor":55,"turns":11}],"seed_played":"3237213051380036880","potions_obtained":[{"floor":1,"key":"ColorlessPotion"},{"floor":9,"key":"BlessingOfTheForge"},{"floor":13,"key":"AttackPotion"},{"floor":16,"key":"SteroidPotion"},{"floor":35,"key":"DistilledChaos"},{"floor":42,"key":"champ:CounterPotion"}],"is_trial":false,"path_per_floor":["M","M","?","M","R","M","T","$","M","?","?","R","M","E","R","B",null,"M","M","$","M","R","M","T","?","R","M","?","E","R","M","R","B",null,"M","M","M","M","E","R","T","E","R","?","R","E","M","$","R","B",null,"E","$","R","B",null],"character_chosen":"THE_SNECKO","items_purchased":["sneckomod:DiceBoulder","sneckomod:MasterEye","Oddly Smooth Stone","sneckomod:UnknownRarePower"],"campfire_rested":0,"item_purchase_floors":[8,20,48,53],"current_hp_per_floor":[92,93,93,91,91,90,90,86,87,66,71,71,56,52,52,49,108,107,107,108,108,108,104,104,104,104,80,80,67,67,61,61,51,109,109,109,108,102,84,84,84,84,94,94,94,90,87,87,87,73,119,119,120,120,93],"gold":37,"neow_bonus":"TEN_PERCENT_HP_BONUS","is_daily":false,"chose_seed":false,"campfire_upgraded":11,"win_rate":0.0,"timestamp":1608043633,"path_taken":["M","M","?","M","R","M","T","?","?","?","?","R","M","E","R","BOSS","M","M","$","M","R","M","T","?","R","M","?","E","R","M","R","BOSS","M","M","M","M","E","R","T","E","R","?","R","E","M","$","R","BOSS","E","$","R","BOSS"],"items_purchased_type":["Card","Card","Relic","Card"],"build_version":"2020-12-13","purchased_purges":3,"victory":true,"max_hp_per_floor":[99,100,100,101,101,101,101,102,103,103,108,108,108,108,108,108,108,108,108,109,109,109,109,109,109,109,109,109,109,109,109,109,109,109,109,109,109,109,109,109,109,109,119,119,119,119,119,119,119,119,119,119,120,120,120],"relic_stats":{"counters":[30,131],"Ornamental Fan":[256],"Sundial":[10],"Snecko Eye":[120,136,142,125],"Pen Nib":[13],"Boot":[37],"obtain_stats":[{"downfall:ShatteredFragment":10,"downfall:HeartBlessingRed":45,"Vajra":39,"Oddly Smooth Stone":48,"downfall:HeartBlessingGreen":32,"Pen Nib":46,"sneckomod:SneckoSoul":0,"Boot":41,"HornCleat":14,"Matryoshka":24,"Ornamental Fan":29,"downfall:HeartBlessingBlue":43,"Sundial":52,"Snecko Eye":34,"Coffee Dripper":17,"Bottled Lightning":42,"Meat on the Bone":7},{"downfall:ShatteredFragment":6,"downfall:HeartBlessingRed":24,"Vajra":23,"Oddly Smooth Stone":27,"downfall:HeartBlessingGreen":17,"Pen Nib":25,"sneckomod:SneckoSoul":0,"Boot":23,"HornCleat":8,"Matryoshka":14,"Ornamental Fan":16,"downfall:HeartBlessingBlue":24,"Sundial":29,"Snecko Eye":18,"Coffee Dripper":9,"Bottled Lightning":24,"Meat on the Bone":4},{"downfall:ShatteredFragment":20,"downfall:HeartBlessingRed":98,"Vajra":93,"Oddly Smooth Stone":110,"downfall:HeartBlessingGreen":65,"Pen Nib":103,"sneckomod:SneckoSoul":0,"Boot":93,"HornCleat":25,"Matryoshka":51,"Ornamental Fan":60,"downfall:HeartBlessingBlue":98,"Sundial":120,"Snecko Eye":71,"Coffee Dripper":35,"Bottled Lightning":98,"Meat on the Bone":12}],"Meat on the Bone":36},"card_choices":[{"not_picked":["sneckomod:UnknownBlock","sneckomod:UnknownVulnerable"],"picked":"sneckomod:QuickBite","floor":1},{"not_picked":["sneckomod:UnknownBlock","sneckomod:QuickBite"],"picked":"sneckomod:UnknownX","floor":2},{"not_picked":["sneckomod:UnknownUncommonPower","sneckomod:IronFang"],"picked":"sneckomod:Unknown2Cost","floor":4},{"not_picked":["sneckomod:UnknownStrike","sneckomod:DefensiveFlair"],"picked":"sneckomod:MasterEye","floor":6},{"not_picked":["sneckomod:DiceCrush","sneckomod:CheapStock"],"picked":"sneckomod:UnknownEthereal","floor":8},{"not_picked":["sneckomod:IronFang","sneckomod:QuickBite"],"picked":"sneckomod:UnknownBlock","floor":9},{"not_picked":["sneckomod:UnknownWeak","sneckomod:QuickMove","sneckomod:UnknownBlock"],"picked":"SKIP","floor":13},{"not_picked":["sneckomod:QuickBite","sneckomod:IronFang"],"picked":"sneckomod:Mudshield","floor":14},{"not_picked":["sneckomod:UnknownCommonSkill","sneckomod:UnknownBlock"],"picked":"sneckomod:DiceBlock","floor":18},{"not_picked":["sneckomod:UnknownClassMARISA_COLOR","sneckomod:UnknownCommonAttack","sneckomod:RainOfDice"],"picked":"SKIP","floor":19},{"not_picked":["sneckomod:DangerNoodle","sneckomod:UnknownBlock"],"picked":"sneckomod:UnknownUncommonSkill+1","floor":20},{"not_picked":["sneckomod:SerpentIdol","sneckomod:SoulCleanse","sneckomod:UnknownBlock"],"picked":"SKIP","floor":21},{"not_picked":["sneckomod:SerpentIdol","sneckomod:SoulCleanse","sneckomod:UnknownBlock"],"picked":"SKIP","floor":21},{"not_picked":["sneckomod:UnknownClassGREEN","sneckomod:QuickBite","sneckomod:IronFang"],"picked":"SKIP","floor":23},{"not_picked":["sneckomod:UnknownClassLobotomy+1","sneckomod:Nope","sneckomod:WideSting"],"picked":"SKIP","floor":27},{"not_picked":["sneckomod:RainOfDice+1","sneckomod:Nope","sneckomod:UnknownX"],"picked":"SKIP","floor":29},{"not_picked":["sneckomod:UnknownClassSLIMEBOUND+1","sneckomod:UnknownWeak","sneckomod:IronFang"],"picked":"SKIP","floor":31},{"not_picked":["sneckomod:Restock","sneckomod:UnknownRareAttack"],"picked":"sneckomod:UnlimitedRolls","floor":33},{"not_picked":["sneckomod:SoulDraw","sneckomod:UnknownClassHEXA_GHOST_PURPLE+1","sneckomod:UnknownBlock+1"],"picked":"SKIP","floor":35},{"not_picked":["sneckomod:UnknownUncommonAttack","sneckomod:WideSting","sneckomod:UnknownClassGUARDIAN+1"],"picked":"SKIP","floor":36},{"not_picked":["sneckomod:UnknownClassLobotomy","sneckomod:WideSting","sneckomod:QuickMove"],"picked":"SKIP","floor":37},{"not_picked":["sneckomod:DiceBlock","sneckomod:UnknownClassGUARDIAN","sneckomod:UnknownClassMARISA_DERIVATIONS+1"],"picked":"SKIP","floor":38},{"not_picked":["sneckomod:UnknownStrike","sneckomod:Unknown2Cost"],"picked":"sneckomod:SerpentMind","floor":39},{"not_picked":["sneckomod:SoulDraw","sneckomod:UnknownBlock","sneckomod:SoulRoll+1"],"picked":"SKIP","floor":42},{"not_picked":["sneckomod:SoulDraw","sneckomod:UnknownBlock","sneckomod:SoulRoll+1"],"picked":"SKIP","floor":42},{"not_picked":["sneckomod:UnknownWeak","sneckomod:Unknown1Cost+1","sneckomod:ImprovisedGuard+1"],"picked":"SKIP","floor":46},{"not_picked":["sneckomod:UnknownClassGREEN","sneckomod:DiceCrush+1","sneckomod:UnknownCommonSkill+1"],"picked":"SKIP","floor":47},{"not_picked":["sneckomod:UnknownClassMARISA_DERIVATIONS","sneckomod:MorePower","sneckomod:QuickBite"],"picked":"SKIP","floor":48},{"not_picked":["sneckomod:DiceBlock","sneckomod:UnknownCommonAttack+1","sneckomod:Nope"],"picked":"SKIP","floor":52}],"player_experience":836541,"relics_obtained":[{"floor":7,"key":"Meat on the Bone"},{"floor":14,"key":"HornCleat"},{"floor":24,"key":"Matryoshka"},{"floor":29,"key":"Ornamental Fan"},{"floor":39,"key":"Vajra"},{"floor":41,"key":"Boot"},{"floor":42,"key":"Bottled Lightning"},{"floor":46,"key":"Pen Nib"},{"floor":52,"key":"Sundial"}],"event_choices":[{"cards_removed":["sneckomod:Strike"],"damage_healed":0,"gold_gain":0,"player_choice":"Purged","damage_taken":0,"max_hp_gain":0,"max_hp_loss":0,"event_name":"Purifier","floor":3,"gold_loss":0},{"damage_healed":0,"gold_gain":0,"player_choice":"Donut","damage_taken":0,"max_hp_gain":5,"max_hp_loss":0,"event_name":"Big Fish","floor":11,"gold_loss":0},{"damage_healed":0,"gold_gain":0,"player_choice":"Leave","damage_taken":0,"max_hp_gain":0,"max_hp_loss":0,"event_name":"FaceTrader","floor":28,"gold_loss":0}],"is_beta":false,"boss_relics":[{"not_picked":["Velvet Choker","sneckomod:SuperSneckoSoul"],"picked":"Coffee Dripper"},{"not_picked":["Black Star","Runic Pyramid"],"picked":"Snecko Eye"}],"items_purged_floors":[20,48,53],"is_endless":false,"potions_floor_spawned":[1,9,13,16,18,19,27,35,39,42,46],"ascension_level":0}}