{"host":"cr9rpoy6dx9riis3","time":1608060275,"event":{"mods":["AchievementEnabler","BaseMod","Better Altar","Better Note","Better Sensory Stone","Better Skull","Better Third Choice","Better-Laid Plans","BetterRewards","Block Reminder","Curses Come First","Displayed Cursed Tome","Emptier Cage","Marked Mod","Minty Spire (QoL Compilation)","Permanent Neow","Relic Sorter","StSLib","The Blue Laboratory","Transform Curses"],"gold_per_floor":[118,128,142,73,93,125,125,125,150,166,180,191,191,191,191,288,288,273,273,273,273,273,273],"floor_reached":22,"playtime":842,"items_purged":["Strike_R"],"score":329,"play_id":"d75d5efb-b44c-4d5b-89fc-83f4d5de3948","local_time":"20201215202435","is_ascension_mode":true,"campfire_choices":[{"data":"Bandage Up","floor":7,"key":"SMITH"},{"data":"Spot Weakness","floor":13,"key":"SMITH"},{"data":"Inflame","floor":15,"key":"SMITH"}],"circlet_count":0,"master_deck":["Strike_R","Strike_R","Strike_R","Defend_R","Defend_R","Defend_R","Defend_R","Bash","Inflame+1","Bandage Up+1","Spot Weakness+1","Blood for Blood","Uppercut","Heavy Blade","Berserk","Rupture","Berserk","CurseOfTheBell","Spot Weakness","Spot Weakness+1"],"relics":["Burning Blood","Smiling Mask","Art of War","Champion Belt","Meat on the Bone","Akabeko"],"acts_visited":["Exordium","TheCity"],"potions_floor_usage":[6,6,12,12,12,16,18],"damage_taken":[{"damage":3,"enemies":"2 Louse","floor":1,"turns":3},{"damage":1,"enemies":"Cultist","floor":2,"turns":3},{"damage":16,"enemies":"Jaw Worm","floor":3,"turns":4},{"damage":20,"enemies":"Blue Slaver","floor":5,"turns":4},{"damage":60,"enemies":"3 Sentries","floor":6,"turns":7},{"damage":10,"enemies":"2 Fungi Beasts","floor":10,"turns":3},{"damage":18,"enemies":"Exordium Wildlife","floor":11,"turns":4},{"damage":27,"enemies":"Gremlin Gang","floor":12,"turns":6},{"damage":68,"enemies":"Slime Boss","floor":16,"turns":9},{"damage":45,"enemies":"2 Thieves","floor":18,"turns":4},{"damage":55,"enemies":"Spheric Guardian","floor":22,"turns":5}],"seed_played":"-1008673003430405806","potions_obtained":[{"floor":1,"key":"Dexterity Potion"},{"floor":2,"key":"blueLaboratory:ForbiddenFruitJuice"},{"floor":3,"key":"blueLaboratory:LouseDecoction"},{"floor":11,"key":"EntropicBrew"}],"is_trial":false,"path_per_floor":["M","M","M","$","M","E","R","?","T","M","M","M","R","?","R","B",null,"M","?","?","T","M"],"character_chosen":"IRONCLAD","items_purchased":["Inflame","Bandage Up","Uppercut"],"campfire_rested":0,"item_purchase_floors":[0,0,4],"current_hp_per_floor":[78,80,74,74,64,14,14,14,14,16,10,58,58,58,58,17,70,49,49,49,49,0,0],"gold":273,"neow_bonus":"","is_daily":false,"chose_seed":false,"campfire_upgraded":3,"win_rate":0.0,"timestamp":1608060275,"path_taken":["M","M","M","$","M","E","R","?","T","M","M","?","R","?","R","BOSS","M","?","?","?","?"],"items_purchased_type":["Card","Card","Card"],"build_version":"2020-12-13","purchased_purges":1,"victory":false,"max_hp_per_floor":[80,80,80,80,80,80,80,80,80,80,80,70,70,70,70,70,70,70,70,70,70,70,70],"card_choices":[{"not_picked":["Iron Wave","Intimidate","Wild Strike"],"picked":"SKIP","floor":1},{"not_picked":["Fire Breathing","Body Slam"],"picked":"Spot Weakness","floor":2},{"not_picked":["Twin Strike","Cleave"],"picked":"Blood for Blood","floor":3},{"not_picked":["Havoc","Body Slam"],"picked":"Heavy Blade","floor":5},{"not_picked":["Rage","Armaments"],"picked":"Berserk","floor":6},{"not_picked":["Whirlwind","Metallicize"],"picked":"Rupture","floor":10},{"not_picked":["Headbutt","Sword Boomerang","Iron Wave"],"picked":"SKIP","floor":11},{"not_picked":["Intimidate","Clothesline","Body Slam"],"picked":"SKIP","floor":12},{"not_picked":["Juggernaut","Exhume"],"picked":"Berserk","floor":16},{"not_picked":["Rampage","Uppercut"],"picked":"Spot Weakness","floor":18}],"player_experience":701568,"relics_obtained":[{"floor":6,"key":"Akabeko"},{"floor":9,"key":"Smiling Mask"},{"floor":17,"key":"Champion Belt"},{"floor":17,"key":"Meat on the Bone"},{"floor":17,"key":"Art of War"}],"event_choices":[{"cards_removed":["Strike_R"],"damage_healed":0,"gold_gain":0,"player_choice":"Offered Basic","damage_taken":0,"max_hp_gain":0,"max_hp_loss":0,"event_name":"Bonfire Elementals","floor":8,"gold_loss":0},{"damage_healed":0,"gold_gain":0,"player_choice":"Searched \u00270\u0027 times","damage_taken":0,"max_hp_gain":0,"max_hp_loss":0,"event_name":"Dead Adventurer","floor":14,"gold_loss":0},{"damage_healed":0,"gold_gain":0,"player_choice":"Ignored","damage_taken":0,"max_hp_gain":0,"max_hp_loss":0,"event_name":"Transmorgrifier","floor":19,"gold_loss":0},{"damage_healed":0,"gold_gain":0,"player_choice":"Copied","damage_taken":0,"max_hp_gain":0,"max_hp_loss":0,"event_name":"Duplicator","floor":20,"gold_loss":0,"cards_obtained":["Spot Weakness"]}],"is_beta":false,"boss_relics":[{"not_picked":["Mark of Pain","Coffee Dripper"],"picked":"Calling Bell"}],"items_purged_floors":[0],"is_endless":false,"potions_floor_spawned":[1,2,3,5,11],"killed_by":"Spheric Guardian","ascension_level":3}}