{"host":"07ljfmttuzqopd7f","time":1608066955,"event":{"mods":["2.2 Compatiblity","BaseMod","Bestiary","Block Reminder","Colored Map","Colored Powertips","Curses Come First","Hermit","Minty Spire (QoL Compilation)","Quick Restart","Random Character Button","Rare Cards Sparkle","Relic Stats","StSLib","The Cursed","UnlockEverythingMod"],"gold_per_floor":[114,128,128,128,138,138,55,55,55,73,108,128,139,165,165,262,262,279,299,224,77,77,77,77,77,77,77,77],"floor_reached":27,"playtime":1266,"items_purged":[],"score":312,"play_id":"29057985-2f48-4a4c-ac31-602139387826","local_time":"20201215161555","is_ascension_mode":true,"campfire_choices":[{"data":"hermit:Virtue","floor":6,"key":"SMITH"},{"data":"hermit:CalledShot","floor":8,"key":"SMITH"},{"floor":15,"key":"REST"},{"data":"hermit:Midnight","floor":23,"key":"SMITH"},{"data":"hermit:NoHoldsBarred","floor":25,"key":"SMITH"}],"circlet_count":0,"master_deck":["hermit:Defend_Hermit","hermit:Defend_Hermit","hermit:Snapshot","hermit:Covet","hermit:ShadowCloak","hermit:CalledShot+1","hermit:Virtue+1","hermit:NoHoldsBarred+1","hermit:Roulette","hermit:Dive","hermit:Glare","hermit:LoneWolf","hermit:BlackWind","hermit:EyeOfTheStorm","hermit:Midnight+1","hermit:Malice","Bite","Bite","Bite","Bite","Bite","hermit:BlackWind","hermit:Misfire"],"relics":["hermit:Momento","hermit:RyeStalk","Vajra","Bottled Tornado","Eternal Feather","Happy Flower","Busted Crown","Shuriken"],"acts_visited":["Exordium","TheCity"],"potions_floor_usage":[16,16,27],"damage_taken":[{"damage":0,"enemies":"Cultist","floor":1,"turns":3},{"damage":3,"enemies":"2 Louse","floor":2,"turns":2},{"damage":2,"enemies":"Jaw Worm","floor":5,"turns":3},{"damage":15,"enemies":"Gremlin Gang","floor":10,"turns":2},{"damage":5,"enemies":"Lagavulin","floor":11,"turns":7},{"damage":0,"enemies":"Large Slime","floor":12,"turns":3},{"damage":9,"enemies":"3 Louse","floor":13,"turns":2},{"damage":20,"enemies":"3 Sentries","floor":14,"turns":6},{"damage":26,"enemies":"Hexaghost","floor":16,"turns":14},{"damage":12,"enemies":"Chosen","floor":18,"turns":4},{"damage":30,"enemies":"2 Thieves","floor":19,"turns":4},{"damage":61,"enemies":"Book of Stabbing","floor":27,"turns":5}],"seed_played":"-119573596401752915","potions_obtained":[{"floor":1,"key":"Swift Potion"},{"floor":10,"key":"PowerPotion"},{"floor":13,"key":"FearPotion"},{"floor":19,"key":"DuplicationPotion"}],"is_trial":false,"path_per_floor":["M","M","?","?","M","R","$","R","T","M","E","M","M","E","R","B",null,"M","M","?","$","?","R","?","R","T","E"],"character_chosen":"HERMIT","items_purchased":["hermit:NoHoldsBarred","hermit:Roulette","hermit:Midnight","hermit:Malice"],"campfire_rested":1,"item_purchase_floors":[7,7,21,21],"current_hp_per_floor":[68,65,62,62,60,60,60,60,60,45,40,40,31,11,42,16,60,48,18,18,18,18,30,30,42,42,0,0],"gold":77,"neow_bonus":"RANDOM_COMMON_RELIC","is_daily":false,"chose_seed":false,"campfire_upgraded":4,"win_rate":0.0,"timestamp":1608066955,"path_taken":["M","?","?","?","M","R","$","R","T","M","E","?","M","E","R","BOSS","M","M","?","$","?","R","?","R","T","E"],"items_purchased_type":["Card","Card","Card","Card"],"build_version":"2020-12-13","purchased_purges":0,"victory":false,"max_hp_per_floor":[75,75,75,75,75,75,75,75,75,75,75,75,75,75,75,75,75,75,75,75,75,52,52,52,52,52,52,52],"relic_stats":{"Busted Crown":4,"Happy Flower":[9],"counters":[12,55],"Shuriken":[1],"Eternal Feather":33,"obtain_stats":[{"hermit:RyeStalk":0,"Busted Crown":17,"Happy Flower":14,"Shuriken":26,"Vajra":3,"Eternal Feather":11,"Bottled Tornado":9,"hermit:Momento":0},{"hermit:RyeStalk":0,"Busted Crown":9,"Happy Flower":8,"Shuriken":11,"Vajra":2,"Eternal Feather":5,"Bottled Tornado":3,"hermit:Momento":0},{"hermit:RyeStalk":0,"Busted Crown":42,"Happy Flower":28,"Shuriken":50,"Vajra":5,"Eternal Feather":17,"Bottled Tornado":8,"hermit:Momento":0}]},"card_choices":[{"not_picked":["hermit:PistolWhip","hermit:SprayPray"],"picked":"hermit:ShadowCloak","floor":1},{"not_picked":["hermit:TrackingShot","hermit:Ricochet"],"picked":"hermit:CalledShot","floor":2},{"not_picked":["hermit:Headshot","hermit:Enervate"],"picked":"hermit:Virtue","floor":5},{"not_picked":["hermit:Headshot","hermit:Desperado","hermit:Roulette"],"picked":"SKIP","floor":10},{"not_picked":["hermit:Midnight","hermit:Coalescence"],"picked":"hermit:Dive","floor":11},{"not_picked":["hermit:Showdown","hermit:TakeCover"],"picked":"hermit:Maintenance","floor":12},{"not_picked":["hermit:FullyLoaded","hermit:Enervate"],"picked":"hermit:Glare","floor":13},{"not_picked":["hermit:Feint","hermit:CursedWeapon"],"picked":"hermit:LoneWolf","floor":14},{"not_picked":["hermit:HighNoon","hermit:EternalForm"],"picked":"hermit:BlackWind","floor":16},{"not_picked":["hermit:Feint"],"picked":"SKIP","floor":18},{"not_picked":[],"picked":"hermit:EyeOfTheStorm","floor":19}],"player_experience":414733,"relics_obtained":[{"floor":9,"key":"Bottled Tornado"},{"floor":11,"key":"Eternal Feather"},{"floor":14,"key":"Happy Flower"},{"floor":26,"key":"Shuriken"}],"event_choices":[{"damage_healed":0,"gold_gain":0,"player_choice":"Success","damage_taken":3,"relics_obtained":["Vajra"],"max_hp_gain":0,"max_hp_loss":0,"event_name":"Scrap Ooze","floor":3,"gold_loss":0},{"cards_removed":["hermit:Strike_Hermit"],"damage_healed":0,"gold_gain":0,"player_choice":"Purged","damage_taken":0,"max_hp_gain":0,"max_hp_loss":0,"event_name":"Purifier","floor":4,"gold_loss":0},{"cards_removed":["hermit:Defend_Hermit"],"damage_healed":0,"gold_gain":0,"player_choice":"Gave Gold","damage_taken":0,"max_hp_gain":0,"max_hp_loss":0,"event_name":"Beggar","floor":20,"gold_loss":75},{"damage_healed":0,"gold_gain":0,"player_choice":"Became a vampire","damage_taken":0,"max_hp_gain":0,"max_hp_loss":23,"event_name":"Vampires","floor":22,"gold_loss":0,"cards_obtained":["Bite","Bite","Bite","Bite","Bite"]},{"damage_healed":0,"gold_gain":0,"cards_transformed":["hermit:Maintenance","hermit:Defend_Hermit"],"player_choice":"Became Test Subject","damage_taken":0,"max_hp_gain":0,"max_hp_loss":0,"event_name":"Drug Dealer","floor":24,"gold_loss":0,"cards_obtained":["hermit:BlackWind","hermit:Misfire"]}],"is_beta":false,"boss_relics":[{"not_picked":["Velvet Choker","SlaversCollar"],"picked":"Busted Crown"}],"items_purged_floors":[],"is_endless":false,"potions_floor_spawned":[1,10,13,14,19],"killed_by":"Book of Stabbing","ascension_level":6}}