{"host":"8aazbu429xvxw5ti","time":1608036328,"event":{"mods":["2.2 Compatiblity","BaseMod","Colored Map","DeckTracker","Highlight Path","Keyboard Shortcuts","Minty Spire (QoL Compilation)","Permanent Neow","Quick Restart","StSLib","SuperFastMode","everything is the same but u backflip on backflip"],"gold_per_floor":[116,4,24,42,42,52,52,87,87,11,31,50,0,20,20,123,123,134,134,150,50,50,62,62,62,62,74,27,47,58,70,70,70,70],"floor_reached":33,"playtime":4479,"items_purged":["Strike_R","Writhe"],"score":342,"play_id":"85f0a6d2-1078-4d5a-a88e-e1b396424c54","local_time":"20201215214528","is_ascension_mode":true,"campfire_choices":[{"data":"Bash","floor":7.0,"key":"SMITH"},{"data":"Double Tap","floor":15.0,"key":"SMITH"},{"data":"Dropkick","floor":24.0,"key":"SMITH"},{"floor":32.0,"key":"REST"}],"circlet_count":0,"master_deck":["Strike_R","Strike_R","Strike_R","Defend_R","Defend_R","Defend_R","Bash+1","Cleave","Dropkick","Dropkick+1","Double Tap+1","Thunderclap","Warcry"],"relics":["Burning Blood","Thread and Needle","Pear","Matryoshka","Ornamental Fan","Nloth\u0027s Gift","Orichalcum","Dream Catcher"],"acts_visited":["Exordium","TheCity"],"potions_floor_usage":[33],"damage_taken":[{"damage":0.0,"enemies":"2 Louse","floor":1.0,"turns":3.0},{"damage":3.0,"enemies":"Jaw Worm","floor":3.0,"turns":3.0},{"damage":2.0,"enemies":"Cultist","floor":4.0,"turns":3.0},{"damage":0.0,"enemies":"Blue Slaver","floor":6.0,"turns":4.0},{"damage":37.0,"enemies":"3 Sentries","floor":8.0,"turns":9.0},{"damage":18.0,"enemies":"Exordium Thugs","floor":11.0,"turns":6.0},{"damage":5.0,"enemies":"3 Louse","floor":12.0,"turns":4.0},{"damage":3.0,"enemies":"2 Fungi Beasts","floor":14.0,"turns":3.0},{"damage":19.0,"enemies":"Hexaghost","floor":16.0,"turns":8.0},{"damage":3.0,"enemies":"Chosen","floor":18.0,"turns":4.0},{"damage":37.0,"enemies":"Spheric Guardian","floor":20.0,"turns":6.0},{"damage":8.0,"enemies":"Centurion and Healer","floor":23.0,"turns":7.0},{"damage":25.0,"enemies":"Shelled Parasite and Fungi","floor":27.0,"turns":5.0},{"damage":4.0,"enemies":"Cultist and Chosen","floor":29.0,"turns":4.0},{"damage":15.0,"enemies":"Snake Plant","floor":30.0,"turns":2.0},{"damage":10.0,"enemies":"Centurion and Healer","floor":31.0,"turns":6.0},{"damage":73,"enemies":"Automaton","floor":33,"turns":6}],"seed_played":"2027423494496156625","potions_obtained":[{"floor":4.0,"key":"SkillPotion"},{"floor":12.0,"key":"BlessingOfTheForge"},{"floor":20.0,"key":"Regen Potion"},{"floor":27.0,"key":"FearPotion"},{"floor":29.0,"key":"ColorlessPotion"},{"floor":30.0,"key":"Regen Potion"},{"floor":31.0,"key":"Strength Potion"}],"is_trial":false,"path_per_floor":["M","$","M","M","?","M","R","E","T","$","M","M","?","M","R","B",null,"M","?","M","$","?","M","R","$","T","M","$","M","M","M","R","B"],"character_chosen":"IRONCLAD","items_purchased":["Dropkick","Double Tap","Warcry"],"campfire_rested":1,"item_purchase_floors":[2,10,28],"current_hp_per_floor":[57,57,60,64,57,63,63,42,42,42,30,31,31,34,34,21,73,76,76,45,45,45,58,58,58,58,39,39,41,32,43,70,0,0],"gold":70,"neow_bonus":"ONE_RARE_RELIC","is_daily":false,"chose_seed":false,"campfire_upgraded":3,"win_rate":0.0,"timestamp":1608036328,"path_taken":["M","$","M","M","?","M","R","E","T","$","M","M","?","M","R","BOSS","M","?","M","$","?","?","R","$","T","M","$","M","M","M","R","BOSS"],"items_purchased_type":["Card","Card","Card"],"build_version":"2020-12-13","purchased_purges":2,"victory":false,"max_hp_per_floor":[80,80,80,80,80,80,80,90,90,90,90,90,90,90,90,90,90,90,90,90,90,90,90,90,90,90,90,90,90,90,90,90,90,90],"card_choices":[{"not_picked":["Body Slam","Disarm"],"picked":"Cleave","floor":1.0},{"not_picked":["Carnage","Iron Wave","Clothesline"],"picked":"SKIP","floor":3.0},{"not_picked":["Cleave","Flex","Pommel Strike"],"picked":"SKIP","floor":4.0},{"not_picked":["Rampage","Armaments","Flex"],"picked":"SKIP","floor":6.0},{"not_picked":["Perfected Strike","Hemokinesis"],"picked":"Dropkick","floor":8.0},{"not_picked":["Bludgeon","Disarm","Iron Wave"],"picked":"SKIP","floor":11.0},{"not_picked":["Havoc","Armaments","Clothesline"],"picked":"SKIP","floor":12.0},{"not_picked":["Havoc","Heavy Blade","Iron Wave"],"picked":"SKIP","floor":14.0},{"not_picked":["Headbutt","Fire Breathing","Perfected Strike+1"],"picked":"SKIP","floor":18.0},{"not_picked":["Sword Boomerang","Shrug It Off"],"picked":"Thunderclap","floor":20.0},{"not_picked":["Clothesline","Havoc","Perfected Strike+1"],"picked":"SKIP","floor":23.0},{"not_picked":["Blood for Blood","Ghostly Armor","Rupture"],"picked":"SKIP","floor":27.0},{"not_picked":["Iron Wave","Blood for Blood+1","Heavy Blade"],"picked":"SKIP","floor":29.0},{"not_picked":["Heavy Blade","Feel No Pain+1","Dark Embrace"],"picked":"SKIP","floor":30.0},{"not_picked":["Feed","Bludgeon","Perfected Strike"],"picked":"SKIP","floor":31.0}],"player_experience":408759,"relics_obtained":[{"floor":8.0,"key":"Pear"},{"floor":9.0,"key":"Matryoshka"},{"floor":26.0,"key":"Orichalcum"},{"floor":26.0,"key":"Dream Catcher"}],"event_choices":[{"cards_removed":["Strike_R"],"damage_healed":0.0,"max_hp_gain":0.0,"max_hp_loss":0.0,"gold_gain":0.0,"event_name":"Golden Wing","player_choice":"Card Removal","floor":5.0,"gold_loss":0.0,"damage_taken":7.0},{"cards_removed":["Defend_R"],"damage_healed":0.0,"max_hp_gain":0.0,"max_hp_loss":0.0,"gold_gain":0.0,"event_name":"The Cleric","player_choice":"Card Removal","floor":13.0,"gold_loss":50.0,"damage_taken":0.0},{"damage_healed":0.0,"max_hp_gain":0.0,"max_hp_loss":0.0,"gold_gain":0.0,"event_name":"The Mausoleum","player_choice":"Opened","floor":19.0,"gold_loss":0.0,"damage_taken":0.0,"relics_obtained":["Ornamental Fan"],"cards_obtained":["Writhe"]},{"damage_healed":0.0,"max_hp_gain":0.0,"max_hp_loss":0.0,"gold_gain":0.0,"event_name":"N\u0027loth","player_choice":"Traded Relic","floor":22.0,"relics_lost":["Black Star"],"gold_loss":0.0,"damage_taken":0.0,"relics_obtained":["Nloth\u0027s Gift"]}],"is_beta":false,"boss_relics":[{"not_picked":["Philosopher\u0027s Stone","Coffee Dripper"],"picked":"Black Star"}],"items_purged_floors":[2,21],"is_endless":false,"potions_floor_spawned":[4,12,20,27,29,30,31],"killed_by":"Automaton","ascension_level":7}}