{"host":"x6tlfgqpy55vgxdn","time":1608014696,"event":{"mods":["AchievementEnabler","BaseMod","DeckTracker","Minty Spire (QoL Compilation)","Permanent Neow","StSLib","SuperFastMode"],"gold_per_floor":[115,115,65,140,160,191,191,191,217,217,235,235,252,270,270,366,366,376,376,376,396,34,64,78,98,125,125,125,143,171,190,190,286,286,297,297,3,20,20,20,45,45,68,100,114,124,157,157,157,157],"floor_reached":51,"playtime":1789,"items_purged":["Defend_B","Defend_B"],"score":1025,"play_id":"814305d7-af1e-4c8d-90e8-4ab37937a06b","local_time":"20201215154456","is_ascension_mode":false,"campfire_choices":[{"data":"Fission","floor":7.0,"key":"SMITH"},{"data":"Dualcast","floor":12.0,"key":"SMITH"},{"data":"Coolheaded","floor":15.0,"key":"SMITH"},{"data":"Double Energy","floor":27.0,"key":"SMITH"},{"data":"Consume","floor":32.0,"key":"SMITH"},{"floor":40,"key":"REST"},{"floor":42,"key":"REST"},{"floor":49,"key":"REST"}],"circlet_count":0,"master_deck":["Strike_B+1","Defend_B","Zap+1","Dualcast+1","Doom and Gloom","Fission+1","Ball Lightning","Glacier","Coolheaded+1","Electrodynamics","Double Energy+1","Compile Driver","Consume+1","Loop+1"],"relics":["Cracked Core","Bag of Preparation","Anchor","Busted Crown","Calipers","Kunai","Pen Nib","The Courier","Torii","Fusion Hammer","Membership Card","FossilizedHelix","Bronze Scales","Dream Catcher","PreservedInsect","Du-Vu Doll","Boot"],"acts_visited":["Exordium","TheCity","TheBeyond"],"potions_floor_usage":[50,50,50],"damage_taken":[{"damage":1.0,"enemies":"Jaw Worm","floor":1.0,"turns":3.0},{"damage":0.0,"enemies":"Small Slimes","floor":5.0,"turns":2.0},{"damage":14.0,"enemies":"Gremlin Nob","floor":6.0,"turns":3.0},{"damage":0.0,"enemies":"2 Louse","floor":11.0,"turns":1.0},{"damage":0.0,"enemies":"Blue Slaver","floor":13.0,"turns":1.0},{"damage":0.0,"enemies":"Large Slime","floor":14.0,"turns":2.0},{"damage":5.0,"enemies":"Slime Boss","floor":16.0,"turns":9.0},{"damage":0.0,"enemies":"2 Thieves","floor":18.0,"turns":1.0},{"damage":0.0,"enemies":"3 Byrds","floor":21.0,"turns":1.0},{"damage":6.0,"enemies":"Book of Stabbing","floor":23.0,"turns":4.0},{"damage":0.0,"enemies":"Snecko","floor":24.0,"turns":3.0},{"damage":0.0,"enemies":"Sentry and Sphere","floor":25.0,"turns":1.0},{"damage":0.0,"enemies":"Shelled Parasite and Fungi","floor":29.0,"turns":2.0},{"damage":0.0,"enemies":"Gremlin Leader","floor":30.0,"turns":3.0},{"damage":0.0,"enemies":"Centurion and Healer","floor":31.0,"turns":2.0},{"damage":7.0,"enemies":"Collector","floor":33.0,"turns":6.0},{"damage":0,"enemies":"Orb Walker","floor":35,"turns":1},{"damage":0,"enemies":"3 Shapes","floor":38,"turns":1},{"damage":32,"enemies":"Giant Head","floor":41,"turns":8},{"damage":0,"enemies":"Reptomancer","floor":44,"turns":3},{"damage":0,"enemies":"Writhing Mass","floor":45,"turns":3},{"damage":0,"enemies":"4 Shapes","floor":46,"turns":1},{"damage":0,"enemies":"Giant Head","floor":47,"turns":4},{"damage":0,"enemies":"Time Eater","floor":50,"turns":26}],"seed_played":"-5372667914285507594","potions_obtained":[{"floor":5.0,"key":"BlessingOfTheForge"},{"floor":6.0,"key":"Energy Potion"},{"floor":14.0,"key":"SpeedPotion"},{"floor":16.0,"key":"PowerPotion"},{"floor":21.0,"key":"FocusPotion"}],"is_trial":false,"path_per_floor":["M","?","?","?","M","E","R","?","T","?","M","R","M","M","R","B",null,"M","?","?","M","$","E","M","M","T","R","T","M","E","M","R","B",null,"M","?","$","M","?","R","E","R","T","E","M","M","E","?","R","B",null],"character_chosen":"DEFECT","items_purchased":["Calipers","Membership Card","FossilizedHelix"],"campfire_rested":3,"item_purchase_floors":[22,37,37],"current_hp_per_floor":[67,53,53,42,42,28,28,21,21,26,26,26,26,26,26,21,73,73,60,60,60,60,54,54,54,54,54,54,54,54,54,54,47,78,78,78,78,78,74,74,42,64,64,64,64,64,64,64,74,74],"gold":157,"neow_bonus":"REMOVE_TWO","is_daily":false,"chose_seed":false,"campfire_upgraded":5,"win_rate":0.0,"timestamp":1608014696,"path_taken":["M","?","?","?","?","E","R","?","T","?","M","R","M","?","R","BOSS","M","?","?","M","$","E","M","M","T","R","?","?","E","?","R","BOSS","M","?","$","M","?","R","E","R","T","E","M","M","E","?","R","BOSS"],"items_purchased_type":["Relic","Relic","Relic"],"build_version":"2020-12-13","purchased_purges":2,"victory":true,"max_hp_per_floor":[68,68,68,68,68,68,68,68,68,73,73,73,73,73,73,73,73,73,78,78,78,78,78,78,78,78,78,78,78,78,78,78,78,78,78,78,78,78,74,74,74,74,74,74,74,74,74,74,74,74],"card_choices":[{"not_picked":["Steam","Reprogram","Doom and Gloom"],"picked":"SKIP","floor":1.0},{"not_picked":["Lockon","Compile Driver"],"picked":"Doom and Gloom","floor":5.0},{"not_picked":["FTL","Aggregate"],"picked":"Fission","floor":6.0},{"not_picked":["Gash","Blizzard"],"picked":"Ball Lightning","floor":11.0},{"not_picked":["FTL","Redo"],"picked":"Glacier","floor":13.0},{"not_picked":["Heatsinks","Ball Lightning"],"picked":"Coolheaded","floor":14.0},{"not_picked":["Biased Cognition","Fission"],"picked":"Electrodynamics","floor":16.0},{"not_picked":[],"picked":"Double Energy","floor":18.0},{"not_picked":["Genetic Algorithm"],"picked":"SKIP","floor":21.0},{"not_picked":["Genetic Algorithm"],"picked":"SKIP","floor":21.0},{"not_picked":["Beam Cell"],"picked":"SKIP","floor":23.0},{"not_picked":[],"picked":"Compile Driver","floor":24.0},{"not_picked":["Ball Lightning"],"picked":"SKIP","floor":25.0},{"not_picked":[],"picked":"Consume","floor":29.0},{"not_picked":["Barrage"],"picked":"SKIP","floor":30.0},{"not_picked":["Reprogram"],"picked":"SKIP","floor":31.0},{"not_picked":["Steam+1"],"picked":"SKIP","floor":35},{"not_picked":["Leap"],"picked":"SKIP","floor":38},{"not_picked":["Storm+1"],"picked":"SKIP","floor":41},{"not_picked":["Static Discharge"],"picked":"SKIP","floor":44},{"not_picked":["Coolheaded+1"],"picked":"SKIP","floor":45},{"not_picked":[],"picked":"Loop+1","floor":46},{"not_picked":["Sweeping Beam+1"],"picked":"SKIP","floor":47}],"player_experience":171877,"relics_obtained":[{"floor":6.0,"key":"Bag of Preparation"},{"floor":9.0,"key":"Anchor"},{"floor":23.0,"key":"Kunai"},{"floor":26.0,"key":"Pen Nib"},{"floor":28.0,"key":"The Courier"},{"floor":30.0,"key":"Torii"},{"floor":41,"key":"Bronze Scales"},{"floor":43,"key":"Dream Catcher"},{"floor":44,"key":"PreservedInsect"},{"floor":47,"key":"Du-Vu Doll"},{"floor":48,"key":"Boot"}],"event_choices":[{"damage_healed":0.0,"max_hp_gain":0.0,"max_hp_loss":0.0,"gold_gain":0.0,"event_name":"Shining Light","player_choice":"Entered Light","floor":2.0,"gold_loss":0.0,"damage_taken":14.0,"cards_upgraded":["Zap","Strike_B"]},{"cards_removed":["Defend_B"],"damage_healed":0.0,"max_hp_gain":0.0,"max_hp_loss":0.0,"gold_gain":0.0,"event_name":"The Cleric","player_choice":"Card Removal","floor":3.0,"gold_loss":50.0,"damage_taken":0.0},{"damage_healed":0.0,"max_hp_gain":0.0,"max_hp_loss":0.0,"gold_gain":75.0,"event_name":"World of Goop","player_choice":"Gather Gold","floor":4.0,"gold_loss":0.0,"damage_taken":11.0},{"cards_removed":["Strike_B"],"damage_healed":0.0,"max_hp_gain":0.0,"max_hp_loss":0.0,"gold_gain":0.0,"event_name":"Golden Wing","player_choice":"Card Removal","floor":8.0,"gold_loss":0.0,"damage_taken":7.0},{"damage_healed":0.0,"max_hp_gain":5.0,"max_hp_loss":0.0,"gold_gain":0.0,"event_name":"Big Fish","player_choice":"Donut","floor":10.0,"gold_loss":0.0,"damage_taken":0.0},{"damage_healed":0.0,"max_hp_gain":5.0,"max_hp_loss":0.0,"gold_gain":0.0,"event_name":"Forgotten Altar","player_choice":"Shed Blood","floor":19.0,"gold_loss":0.0,"damage_taken":18.0},{"damage_healed":0.0,"max_hp_gain":0.0,"max_hp_loss":0.0,"gold_gain":0.0,"event_name":"Vampires","player_choice":"Ignored","floor":20.0,"gold_loss":0.0,"damage_taken":0.0},{"damage_healed":0,"gold_gain":0,"player_choice":"Ignored","damage_taken":0,"max_hp_gain":0,"max_hp_loss":0,"event_name":"Tomb of Lord Red Mask","floor":36,"gold_loss":0},{"damage_healed":0,"gold_gain":0,"player_choice":"Max HP","damage_taken":0,"max_hp_gain":0,"max_hp_loss":4,"event_name":"Winding Halls","floor":39,"gold_loss":0},{"damage_healed":0,"gold_gain":0,"player_choice":"Relic","damage_taken":0,"max_hp_gain":0,"max_hp_loss":0,"event_name":"Wheel of Change","floor":48,"gold_loss":0}],"is_beta":false,"boss_relics":[{"not_picked":["Tiny House","Cursed Key"],"picked":"Busted Crown"},{"not_picked":["Calling Bell","Sozu"],"picked":"Fusion Hammer"}],"items_purged_floors":[22,37],"is_endless":false,"potions_floor_spawned":[5,6,14,16,21,23,25,31,44,47],"ascension_level":0}}