{"host":"ocll6kdfqxraqtza","time":1608050981,"event":{"mods":["2.2 Compatiblity","Act Like it!","Aspiration","BaseMod","Better Third Choice","Gensokyo","Hallownest","Hermit","Hubris","Jorbs\u0027s Wanderer Trilogy","Luminous","Marisa（霧雨　魔理沙）","Minty Spire (QoL Compilation)","Reimu（博??梦）","Replay The Spire","Shade Mod","StSLib","The Alterego","The Bug Knight","The Cursed","The Hierophant","The Runesmith","TheBandit","Wandering Minibosses","vexMod"],"gold_per_floor":[109,109,109,124,140,140,169,169,169,219,231,276,337,348,360,490,502,535,547,519,260,291,329,360,360,386,439,250,250,250,274,274,274],"floor_reached":32,"playtime":1256,"items_purged":["Replay:Hysterical Blindness","Hallownest:curseDreamersLament"],"score":327,"play_id":"6e6bc910-451c-4a74-97f0-30dd775af551","local_time":"20201216004941","is_ascension_mode":true,"campfire_choices":[{"data":"TheCursedMod:CursedStaff","floor":6.0,"key":"SMITH"},{"data":"TheCursedMod:ManaBullet","floor":15.0,"key":"SMITH"},{"data":"TheCursedMod:CircleOfFlame","floor":25.0,"key":"SMITH"},{"data":"TheCursedMod:Obscuration","floor":29.0,"key":"SMITH"}],"circlet_count":0,"master_deck":["TheCursedMod:Strike_TheCursed","TheCursedMod:Strike_TheCursed","TheCursedMod:Defend_TheCursed","TheCursedMod:Defend_TheCursed","TheCursedMod:CursedWand","TheCursedMod:CleanUpWorkshop","TheCursedMod:Dregs","TheCursedMod:CircleOfFlame+1","TheCursedMod:CursedStaff+1","TheCursedMod:AbyssShockwave","TheCursedMod:SpitefulStrike+1","Tactician","Expertise","Poisoned Stab","hubris:Disease","TheCursedMod:Obscuration","TheCursedMod:SoulReap","TheCursedMod:ManaBullet+1","Writhe","TheCursedMod:VoidForm+1","TheCursedMod:ReleasedStrength","TheCursedMod:SpitefulPray","TheCursedMod:FuryStrike+1","TheCursedMod:LuckyCharm+1","TheCursedMod:CircleOfCorruption+1","TheCursedMod:Obscuration+1","TheCursedMod:BlessingInDisguise","hubris:Lust","Normality","TheCursedMod:Torture+1"],"relics":["TheCursedMod:BlackMagic101","NeowsBlessing","hubris:Icosahedron","Pondfish Scales","hubris:OldNail","Ring of Hypnosis","Ring of Greed","MawBank","Replay:Bandana","Membership Card","hubris:Spice","hubris:Zylophone","SlaversCollar","Strawberry","Replay:Bottled Eggs","vexMod:TimeEaterHat"],"acts_visited":["Exordium","Gensokyo:Gensokyoer"],"potions_floor_usage":[],"damage_taken":[{"damage":0.0,"enemies":"Cultist","floor":1.0,"turns":1.0},{"damage":0.0,"enemies":"2 Louse","floor":4.0,"turns":1.0},{"damage":0.0,"enemies":"Jaw Worm","floor":5.0,"turns":1.0},{"damage":18.0,"enemies":"Gremlin Nob","floor":7.0,"turns":4.0},{"damage":0.0,"enemies":"Gremlin Gang","floor":12.0,"turns":2.0},{"damage":0.0,"enemies":"3 Sentries","floor":13.0,"turns":4.0},{"damage":5.0,"enemies":"Exordium Thugs","floor":14.0,"turns":5.0},{"damage":16.0,"enemies":"Slime Boss","floor":16.0,"turns":8.0},{"damage":22.0,"enemies":"Gensokyo:AngelMirror","floor":18.0,"turns":3.0},{"damage":0.0,"enemies":"Gensokyo:2_Gloops","floor":22.0,"turns":2.0},{"damage":10.0,"enemies":"Gensokyo:Tenshi","floor":23.0,"turns":5.0},{"damage":17.0,"enemies":"Gensokyo:Wraith","floor":24.0,"turns":3.0},{"damage":16.0,"enemies":"Gensokyo:Koishi","floor":27.0,"turns":5.0},{"damage":25,"enemies":"Gensokyo:Mirror_and_Dog","floor":31,"turns":3}],"seed_played":"-6914739624367686730","potions_obtained":[{"floor":1.0,"key":"Fire Potion"},{"floor":5.0,"key":"ColorlessPotion"},{"floor":12.0,"key":"Fire Potion"},{"floor":16.0,"key":"SpeedPotion"},{"floor":18.0,"key":"PowerPotion"},{"floor":27.0,"key":"FearPotion"}],"is_trial":false,"path_per_floor":["M","?","?","M","M","R","E","?","T","?","$","M","E","M","R","B",null,"M","?","?","$","M","E","M","R","T","E","$","R","?","M","R"],"character_chosen":"THE_CURSED","items_purchased":["Membership Card","hubris:FruitBowl","hubris:Spice","Strawberry","hubris:Spice","TheCursedMod:Obscuration","TheCursedMod:BlessingInDisguise","vexMod:TimeEaterHat"],"campfire_rested":0,"item_purchase_floors":[11,11,11,21,21,28,28,28],"current_hp_per_floor":[75,75,75,75,75,75,57,57,57,57,20,20,20,30,30,17,87,65,73,73,80,80,70,53,53,53,49,49,49,49,24,0,0],"gold":274,"neow_bonus":"THREE_ENEMY_KILL","is_daily":false,"chose_seed":false,"campfire_upgraded":4,"win_rate":0.0,"timestamp":1608050981,"path_taken":["M","?","?","?","M","R","E","?","T","?","?","M","E","?","R","BOSS","M","?","?","$","M","E","M","R","T","E","?","R","?","M","R"],"items_purchased_type":["Relic","Relic","Relic","Relic","Relic","Card","Card","Relic"],"build_version":"2020-12-13","purchased_purges":2,"victory":false,"max_hp_per_floor":[75,75,75,75,75,75,75,75,75,75,87,87,87,87,87,87,87,87,89,89,88,88,80,80,80,80,80,80,80,80,80,80,80],"card_choices":[{"not_picked":["TheCursedMod:SmokeScreen","TheCursedMod:Hemoplague"],"picked":"TheCursedMod:CircleOfFlame","floor":1.0},{"not_picked":["TheCursedMod:Hemoplague","TheCursedMod:CursedBlade"],"picked":"TheCursedMod:CursedStaff","floor":4.0},{"not_picked":["TheCursedMod:Torture","TheCursedMod:Stretching"],"picked":"TheCursedMod:AbyssShockwave","floor":5.0},{"not_picked":["TheCursedMod:DemonicPact","TheCursedMod:CircleOfFocus"],"picked":"TheCursedMod:SpitefulStrike","floor":7.0},{"not_picked":["TheCursedMod:SpitefulStrike","TheCursedMod:CursedMace"],"picked":"TheCursedMod:Obscuration","floor":12.0},{"not_picked":["TheCursedMod:CircleOfAmplification","TheCursedMod:CircleOfAbyss"],"picked":"TheCursedMod:SoulReap","floor":13.0},{"not_picked":["TheCursedMod:SoulReap","TheCursedMod:FleshFromBone"],"picked":"TheCursedMod:ManaBullet","floor":14.0},{"not_picked":["TheCursedMod:Neurasthenia","TheCursedMod:UltimatePain"],"picked":"TheCursedMod:VoidForm","floor":16.0},{"not_picked":["TheCursedMod:RavingStaff","TheCursedMod:EmpowerCircles+1"],"picked":"TheCursedMod:ReleasedStrength","floor":18.0},{"not_picked":["TheCursedMod:SurpriseAttack","hubris:SpiceAddiction"],"picked":"TheCursedMod:SpitefulPray","floor":22.0},{"not_picked":["TheCursedMod:SurpriseAttack","TheCursedMod:AbyssShockwave"],"picked":"TheCursedMod:FuryStrike+1","floor":23.0},{"not_picked":["TheCursedMod:Stigma","TheCursedMod:HellfireBreathing"],"picked":"TheCursedMod:LuckyCharm+1","floor":24.0},{"not_picked":["TheCursedMod:ManaBullet","TheCursedMod:CursedMace"],"picked":"TheCursedMod:CircleOfCorruption+1","floor":27.0},{"not_picked":["TheCursedMod:TacticalStrike","TheCursedMod:CursedStaff"],"picked":"TheCursedMod:Torture+1","floor":31}],"player_experience":460730,"relics_obtained":[{"floor":7.0,"key":"Pondfish Scales"},{"floor":9.0,"key":"hubris:OldNail"},{"floor":10.0,"key":"Ring of Hypnosis"},{"floor":10.0,"key":"Ring of Greed"},{"floor":10.0,"key":"MawBank"},{"floor":10.0,"key":"Replay:Bandana"},{"floor":13.0,"key":"hubris:Zylophone"},{"floor":23.0,"key":"hubris:Spice"},{"floor":27.0,"key":"Replay:Bottled Eggs"}],"event_choices":[{"cards_removed":["TheCursedMod:Strike_TheCursed"],"damage_healed":0.0,"max_hp_gain":0.0,"max_hp_loss":0.0,"gold_gain":0.0,"event_name":"Bonfire Elementals","player_choice":"Offered Basic","floor":3.0,"gold_loss":0.0,"damage_taken":0.0}],"is_beta":false,"boss_relics":[{"not_picked":["hubris:Stopwatch","hubris:Spice"],"picked":"SlaversCollar"}],"items_purged_floors":[21,28],"is_endless":false,"potions_floor_spawned":[1,5,12,16,18,27],"ascension_level":1}}