{"host":"6bsan6hkua32tfq7","time":1608004139,"event":{"mods":["BaseMod","Better Third Choice","Colored Map","Downfall","Highlight Path","Minty Spire (QoL Compilation)","StSLib"],"gold_per_floor":[360,380,391,147,159,193,118,118,142,167,225,225,251,271,271,345,345,356,281,298,316,316,346,346,372,372,372,372,385,397,312,312,312,312],"floor_reached":33,"playtime":4117,"items_purged":["Normality"],"score":610,"play_id":"bb23f44f-3f49-4426-a38d-25e7cd8e429d","local_time":"20201215044859","is_ascension_mode":true,"campfire_choices":[{"data":"Shockwave","floor":8.0,"key":"SMITH"},{"floor":12.0,"key":"REST"},{"data":"Bash","floor":15.0,"key":"SMITH"},{"floor":24,"key":"REST"},{"floor":27,"key":"REST"},{"floor":32,"key":"REST"}],"circlet_count":0,"master_deck":["AscendersBane","Bash+1","Shockwave+1","Cleave","Headbutt","Headbutt","Anger","Armaments","Twin Strike","Sword Boomerang","Offering","Entrench","Second Wind","Disarm","Immolate","Entrench","Combust","Infernal Blade","True Grit","Evolve+1","Dark Embrace","Decay"],"relics":["Burning Blood","Orichalcum","Bronze Scales","Toy Ornithopter","Centennial Puzzle","Anchor","Bag of Preparation","Pandora\u0027s Box","WingedGreaves","Darkstone Periapt","Kunai","Molten Egg 2"],"acts_visited":["Exordium","TheCity"],"potions_floor_usage":[25,33],"damage_taken":[{"damage":4.0,"enemies":"Jaw Worm","floor":1.0,"turns":5.0},{"damage":11.0,"enemies":"2 Louse","floor":2.0,"turns":2.0},{"damage":7.0,"enemies":"Small Slimes","floor":3.0,"turns":3.0},{"damage":8.0,"enemies":"Exordium Wildlife","floor":5.0,"turns":2.0},{"damage":23.0,"enemies":"Lagavulin","floor":6.0,"turns":7.0},{"damage":22.0,"enemies":"3 Sentries","floor":10.0,"turns":5.0},{"damage":23.0,"enemies":"Lagavulin Event","floor":11.0,"turns":6.0},{"damage":2.0,"enemies":"Gremlin Nob","floor":13.0,"turns":3.0},{"damage":6.0,"enemies":"Gremlin Gang","floor":14.0,"turns":2.0},{"damage":33.0,"enemies":"The Guardian","floor":16.0,"turns":14.0},{"damage":18.0,"enemies":"2 Thieves","floor":18.0,"turns":3.0},{"damage":4,"enemies":"3 Byrds","floor":20,"turns":3},{"damage":16,"enemies":"Shelled Parasite and Fungi","floor":21,"turns":4},{"damage":20,"enemies":"Slavers","floor":23,"turns":3},{"damage":32,"enemies":"Gremlin Leader","floor":25,"turns":5},{"damage":12,"enemies":"Centurion and Healer","floor":29,"turns":5},{"damage":23,"enemies":"Snecko","floor":30,"turns":5},{"damage":69,"enemies":"Automaton","floor":33,"turns":6}],"seed_played":"8290604725660964007","potions_obtained":[{"floor":1.0,"key":"Guardian:BlockOnCardUsePotion"},{"floor":2.0,"key":"Strength Potion"},{"floor":10.0,"key":"FearPotion"},{"floor":11.0,"key":"FearPotion"},{"floor":13.0,"key":"SteroidPotion"},{"floor":21,"key":"Weak Potion"}],"is_trial":false,"path_per_floor":["M","M","M","$","M","E","?","R","T","E","?","R","E","M","R","B",null,"M","?","M","M","?","E","R","E","T","R","?","M","M","?","R","B"],"character_chosen":"IRONCLAD","items_purchased":["Orichalcum"],"campfire_rested":4,"item_purchase_floors":[4],"current_hp_per_floor":[70,65,64,64,62,45,45,45,45,29,17,39,48,48,48,21,62,55,55,57,47,47,33,55,34,34,56,62,56,39,39,63,0,0],"gold":312,"neow_bonus":"TWO_FIFTY_GOLD","is_daily":false,"chose_seed":false,"campfire_upgraded":2,"win_rate":0.0,"timestamp":1608004139,"path_taken":["M","M","M","$","M","E","?","R","T","E","?","R","E","M","R","BOSS","M","?","M","M","?","E","R","E","T","R","?","?","M","?","R","BOSS"],"items_purchased_type":["Relic"],"build_version":"2020-12-13","purchased_purges":1,"victory":false,"max_hp_per_floor":[75,75,75,75,75,75,75,75,75,75,75,75,75,75,75,75,75,75,75,75,75,75,75,75,75,75,75,81,81,81,81,81,81,81],"card_choices":[{"not_picked":["Twin Strike","Battle Trance"],"picked":"Shockwave","floor":1.0},{"not_picked":["Sword Boomerang","Headbutt"],"picked":"Cleave","floor":2.0},{"not_picked":["Shrug It Off","Armaments"],"picked":"Headbutt","floor":3.0},{"not_picked":["Warcry","Cleave"],"picked":"Headbutt","floor":5.0},{"not_picked":["Armaments","Burning Pact"],"picked":"Anger","floor":6.0},{"not_picked":["Evolve","Burning Pact"],"picked":"Armaments","floor":10.0},{"not_picked":["Exhume","Wild Strike"],"picked":"Twin Strike","floor":11.0},{"not_picked":["Entrench","Second Wind"],"picked":"Sword Boomerang","floor":13.0},{"not_picked":["Perfected Strike","Iron Wave","Shrug It Off"],"picked":"SKIP","floor":14.0},{"not_picked":["Fiend Fire","Exhume"],"picked":"Offering","floor":16.0},{"not_picked":["Thunderclap","Intimidate","Heavy Blade"],"picked":"SKIP","floor":18},{"not_picked":["Searing Blow","Anger","Hemokinesis"],"picked":"SKIP","floor":20},{"not_picked":["Perfected Strike","Twin Strike"],"picked":"True Grit","floor":21},{"not_picked":["Burning Pact","Power Through"],"picked":"Evolve+1","floor":23},{"not_picked":["Bloodletting","Infernal Blade"],"picked":"Dark Embrace","floor":25},{"not_picked":["Thunderclap","Reckless Charge","Sentinel"],"picked":"SKIP","floor":29},{"not_picked":["Shrug It Off","Rampage","Evolve"],"picked":"SKIP","floor":30},{"not_picked":["Shrug It Off","Rampage","Evolve"],"picked":"SKIP","floor":30}],"player_experience":5141147,"relics_obtained":[{"floor":6.0,"key":"Bronze Scales"},{"floor":9.0,"key":"Toy Ornithopter"},{"floor":10.0,"key":"Centennial Puzzle"},{"floor":11.0,"key":"Anchor"},{"floor":13.0,"key":"Bag of Preparation"},{"floor":23,"key":"WingedGreaves"},{"floor":25,"key":"Darkstone Periapt"},{"floor":26,"key":"Kunai"}],"event_choices":[{"cards_removed":["Strike_R"],"damage_healed":0.0,"max_hp_gain":0.0,"max_hp_loss":0.0,"gold_gain":0.0,"event_name":"The Cleric","player_choice":"Card Removal","floor":7.0,"gold_loss":75.0,"damage_taken":0.0},{"damage_healed":0.0,"max_hp_gain":0.0,"max_hp_loss":0.0,"gold_gain":0.0,"event_name":"Dead Adventurer","player_choice":"Searched \u00272\u0027 times","floor":11.0,"gold_loss":0.0,"damage_taken":0.0},{"cards_removed":["Entrench"],"damage_healed":0,"gold_gain":0,"player_choice":"Gave Gold","damage_taken":0,"max_hp_gain":0,"max_hp_loss":0,"event_name":"Beggar","floor":19,"gold_loss":75},{"damage_healed":0,"gold_gain":0,"player_choice":"Ignored","damage_taken":0,"max_hp_gain":0,"max_hp_loss":0,"event_name":"Vampires","floor":22,"gold_loss":0},{"damage_healed":0,"gold_gain":0,"player_choice":"Smashed Altar","damage_taken":0,"max_hp_gain":0,"max_hp_loss":0,"event_name":"Forgotten Altar","floor":28,"gold_loss":0,"cards_obtained":["Decay"]},{"damage_healed":0,"gold_gain":0,"player_choice":"Obtained Relic","damage_taken":0,"relics_obtained":["Molten Egg 2"],"max_hp_gain":0,"max_hp_loss":0,"event_name":"Addict","floor":31,"gold_loss":85}],"is_beta":false,"boss_relics":[{"not_picked":["Runic Dome","Tiny House"],"picked":"Pandora\u0027s Box"}],"items_purged_floors":[4],"is_endless":false,"potions_floor_spawned":[1,2,10,11,13,21],"killed_by":"Automaton","ascension_level":20}}