{"host":"07ljfmttuzqopd7f","time":1608074166,"event":{"mods":["2.2 Compatiblity","BaseMod","Bestiary","Block Reminder","Colored Map","Colored Powertips","Curses Come First","Hermit","Minty Spire (QoL Compilation)","Quick Restart","Random Character Button","Rare Cards Sparkle","Relic Stats","StSLib","The Cursed","UnlockEverythingMod"],"gold_per_floor":[361,102,102,102,116,116,128,128,151,169,169,169],"floor_reached":11,"playtime":288,"items_purged":[],"score":82,"play_id":"ec8ee47d-8bf8-44ff-8580-d142f24b9870","local_time":"20201215181606","is_ascension_mode":true,"campfire_choices":[{"data":"hermit:Maintenance","floor":6,"key":"SMITH"}],"circlet_count":0,"master_deck":["hermit:Strike_Hermit","hermit:Strike_Hermit","hermit:Strike_Hermit","hermit:Strike_Hermit","hermit:Defend_Hermit","hermit:Defend_Hermit","hermit:Defend_Hermit","hermit:Defend_Hermit","hermit:Snapshot","hermit:Covet","hermit:Maintenance+1","hermit:FullyLoaded","hermit:Determination","hermit:FlashPowder","hermit:SprayPray","hermit:HighNoon","hermit:Showdown","hermit:NoHoldsBarred","hermit:EyeOfTheStorm"],"relics":["hermit:Momento","Orrery","Anchor","hermit:Spyglass","FaceOfCleric","Art of War"],"acts_visited":["Exordium"],"potions_floor_usage":[11],"damage_taken":[{"damage":2,"enemies":"2 Louse","floor":1,"turns":3},{"damage":0,"enemies":"Jaw Worm","floor":5,"turns":2},{"damage":11,"enemies":"Small Slimes","floor":7,"turns":4},{"damage":5,"enemies":"Gremlin Gang","floor":10,"turns":2},{"damage":25,"enemies":"Gremlin Nob","floor":11,"turns":3}],"seed_played":"-5429272308882932196","potions_obtained":[{"floor":1,"key":"Dexterity Potion"},{"floor":7,"key":"Weak Potion"}],"is_trial":false,"path_per_floor":["M","$","?","T","M","R","M","?","T","M","E"],"character_chosen":"HERMIT","items_purchased":["hermit:FullyLoaded","hermit:Determination","Orrery"],"campfire_rested":0,"item_purchase_floors":[2,2,2],"current_hp_per_floor":[48,48,36,36,36,36,25,25,25,21,0,0],"gold":169,"neow_bonus":"TWO_FIFTY_GOLD","is_daily":false,"chose_seed":false,"campfire_upgraded":1,"win_rate":0.0,"timestamp":1608074166,"path_taken":["M","$","?","?","M","R","M","?","T","M","E"],"items_purchased_type":["Card","Card","Relic"],"build_version":"2020-12-13","purchased_purges":0,"victory":false,"max_hp_per_floor":[75,75,75,75,75,75,75,75,75,76,76,76],"relic_stats":{"FaceOfCleric":1,"counters":[5,14],"Art of War":[0],"obtain_stats":[{"Anchor":3,"FaceOfCleric":8,"Orrery":2,"Art of War":9,"hermit:Momento":0,"hermit:Spyglass":4},{"Anchor":1,"FaceOfCleric":3,"Orrery":1,"Art of War":3,"hermit:Momento":0,"hermit:Spyglass":1},{"Anchor":3,"FaceOfCleric":9,"Orrery":3,"Art of War":9,"hermit:Momento":0,"hermit:Spyglass":3}]},"card_choices":[{"not_picked":["hermit:Misfire","hermit:TrackingShot"],"picked":"hermit:Maintenance","floor":1},{"not_picked":["hermit:Deadeye","hermit:CalledShot"],"picked":"hermit:FlashPowder","floor":2},{"not_picked":["hermit:Glare","hermit:Ricochet"],"picked":"hermit:SprayPray","floor":2},{"not_picked":["hermit:LowProfile","hermit:TakeAim"],"picked":"hermit:HighNoon","floor":2},{"not_picked":["hermit:Roulette","hermit:Desperado"],"picked":"hermit:Showdown","floor":2},{"not_picked":["hermit:CalledShot","hermit:Vantage","hermit:HighNoon"],"picked":"SKIP","floor":5},{"not_picked":["hermit:SprayPray","hermit:CursedWeapon"],"picked":"hermit:NoHoldsBarred","floor":7},{"not_picked":["hermit:TrackingShot","hermit:Virtue"],"picked":"hermit:EyeOfTheStorm","floor":10}],"player_experience":422162,"relics_obtained":[{"floor":4,"key":"hermit:Spyglass"},{"floor":9,"key":"Art of War"}],"event_choices":[{"damage_healed":0,"gold_gain":0,"player_choice":"Success","damage_taken":12,"relics_obtained":["Anchor"],"max_hp_gain":0,"max_hp_loss":0,"event_name":"Scrap Ooze","floor":3,"gold_loss":0},{"damage_healed":0,"gold_gain":0,"player_choice":"Trade","damage_taken":0,"relics_obtained":["FaceOfCleric"],"max_hp_gain":0,"max_hp_loss":0,"event_name":"FaceTrader","floor":8,"gold_loss":0}],"is_beta":false,"boss_relics":[],"items_purged_floors":[],"is_endless":false,"potions_floor_spawned":[1,7],"killed_by":"Gremlin Nob","ascension_level":6}}