{"host":"sc0o2qwpf9j16a4i","time":1608059479,"event":{"mods":["AchievementEnabler","BaseMod","BetterRewards","Block Reminder","Colored Map","Colored Powertips","Custom Start","Highlight Path","Minty Spire (QoL Compilation)","Relic Stats"],"gold_per_floor":[113,113,131,150,161,161,196,196,196,196,196,224,224,238,238,331,331,350,393,153,68,268,303,322,58,82,32,55,76,76,76,76,169,169,242,242,242,242],"floor_reached":37,"playtime":1343,"items_purged":["Strike_P","Strike_P"],"score":827,"play_id":"b5bd965a-4607-44bc-94b1-d5f85f2e10a3","local_time":"20201215211119","is_ascension_mode":true,"campfire_choices":[{"data":"Eruption","floor":6,"key":"SMITH"},{"data":"Adaptation","floor":8,"key":"SMITH"},{"data":"BowlingBash","floor":10,"key":"SMITH"},{"floor":15,"key":"REST"},{"floor":30,"key":"REST"},{"floor":32,"key":"REST"}],"circlet_count":0,"master_deck":["AscendersBane","Strike_P","Strike_P+1","Defend_P+1","Defend_P","Defend_P","Defend_P","Eruption+1","Vigilance+1","ThirdEye","FollowUp","BowlingBash+1","Adaptation+1","Wireheading","Tantrum","Wish","ClearTheMind","Omniscience","Swivel","Wish","EmptyFist+1","TalkToTheHand","Swivel","LessonLearned","Worship"],"relics":["PureWater","NeowsBlessing","CultistMask","Dream Catcher","Akabeko","Blue Candle","Golden Idol","Snecko Eye","DollysMirror","Lizard Tail","Bag of Preparation","PreservedInsect","Lantern","MutagenicStrength","Philosopher\u0027s Stone"],"acts_visited":["Exordium","TheCity","TheBeyond"],"potions_floor_usage":[7,16,19,29,37],"damage_taken":[{"damage":0,"enemies":"Jaw Worm","floor":1,"turns":1},{"damage":0,"enemies":"Cultist","floor":3,"turns":1},{"damage":0,"enemies":"2 Louse","floor":4,"turns":1},{"damage":0,"enemies":"Looter","floor":5,"turns":4},{"damage":20,"enemies":"3 Sentries","floor":7,"turns":6},{"damage":15,"enemies":"Lagavulin","floor":12,"turns":7},{"damage":0,"enemies":"Exordium Wildlife","floor":14,"turns":3},{"damage":0,"enemies":"Slime Boss","floor":16,"turns":6},{"damage":1,"enemies":"3 Byrds","floor":18,"turns":5},{"damage":32,"enemies":"Chosen","floor":19,"turns":6},{"damage":11,"enemies":"Slavers","floor":23,"turns":7},{"damage":0,"enemies":"Centurion and Healer","floor":24,"turns":5},{"damage":0,"enemies":"3 Cultists","floor":28,"turns":4},{"damage":22,"enemies":"Snake Plant","floor":29,"turns":6},{"damage":44,"enemies":"Champ","floor":33,"turns":12},{"damage":28,"enemies":"3 Shapes","floor":35,"turns":5},{"damage":30,"enemies":"Orb Walker","floor":37,"turns":5}],"seed_played":"2688500258486079464","potions_obtained":[{"floor":1,"key":"AttackPotion"},{"floor":12,"key":"LiquidMemories"},{"floor":14,"key":"Energy Potion"},{"floor":16,"key":"StancePotion"},{"floor":24,"key":"SteroidPotion"},{"floor":33,"key":"Swift Potion"}],"is_trial":false,"path_per_floor":["M","?","M","M","M","R","E","R","T","R","?","E","?","M","R","B",null,"M","M","$","?","?","E","M","$","T","?","M","M","R","?","R","B",null,"M","?","M"],"character_chosen":"WATCHER","items_purchased":["DollysMirror","PreservedInsect"],"campfire_rested":3,"item_purchase_floors":[20,25],"current_hp_per_floor":[61,61,61,61,61,61,41,41,41,41,21,6,6,6,24,24,53,52,20,20,20,20,9,9,9,9,9,9,31,49,49,62,18,51,23,23,0,0],"gold":242,"neow_bonus":"THREE_ENEMY_KILL","is_daily":false,"chose_seed":false,"campfire_upgraded":3,"win_rate":0.0,"timestamp":1608059479,"path_taken":["M","?","?","M","M","R","E","R","T","R","?","E","?","M","R","BOSS","M","M","$","?","?","E","?","$","T","?","?","M","R","?","R","BOSS","M","?","?"],"items_purchased_type":["Relic","Relic"],"build_version":"2020-12-13","purchased_purges":2,"victory":false,"max_hp_per_floor":[68,68,68,68,68,68,68,68,68,68,68,68,62,62,62,62,62,62,62,62,62,62,62,62,62,62,62,62,62,62,62,62,62,62,62,62,62,62],"relic_stats":{"Dream Catcher":3,"Lizard Tail":31,"counters":[17,84],"Golden Idol":74,"Blue Candle":[0],"Snecko Eye":[87,97,105,93],"PreservedInsect":0,"Bag of Preparation":[12],"obtain_stats":[{"Lantern":26,"NeowsBlessing":0,"Golden Idol":13,"Blue Candle":12,"PreservedInsect":25,"Bag of Preparation":23,"Akabeko":9,"Dream Catcher":7,"Lizard Tail":21,"DollysMirror":20,"MutagenicStrength":31,"Snecko Eye":17,"Philosopher\u0027s Stone":34,"CultistMask":2,"PureWater":0},{"Lantern":12,"NeowsBlessing":0,"Golden Idol":6,"Blue Candle":6,"PreservedInsect":12,"Bag of Preparation":11,"Akabeko":5,"Dream Catcher":5,"Lizard Tail":10,"DollysMirror":10,"MutagenicStrength":14,"Snecko Eye":8,"Philosopher\u0027s Stone":15,"CultistMask":1,"PureWater":0},{"Lantern":52,"NeowsBlessing":0,"Golden Idol":20,"Blue Candle":20,"PreservedInsect":52,"Bag of Preparation":47,"Akabeko":13,"Dream Catcher":13,"Lizard Tail":40,"DollysMirror":40,"MutagenicStrength":62,"Snecko Eye":29,"Philosopher\u0027s Stone":74,"CultistMask":1,"PureWater":0}]},"card_choices":[{"not_picked":["Collect","Prostrate"],"picked":"ThirdEye","floor":1},{"not_picked":["ReachHeaven","WreathOfFlame"],"picked":"FollowUp","floor":3},{"not_picked":["Vengeance","Consecrate"],"picked":"BowlingBash","floor":4},{"not_picked":["Perseverance","Crescendo"],"picked":"Adaptation","floor":5},{"not_picked":["ThirdEye","JustLucky"],"picked":"Wireheading","floor":7},{"not_picked":["FlurryOfBlows","Prostrate"],"picked":"Tantrum","floor":12},{"not_picked":["EmptyFist","EmptyBody"],"picked":"Wish","floor":14},{"not_picked":["ThirdEye","Evaluate"],"picked":"ClearTheMind","floor":15},{"not_picked":["Wish","Vault"],"picked":"Omniscience","floor":16},{"not_picked":["JustLucky","DeceiveReality"],"picked":"Swivel","floor":18},{"not_picked":["DeceiveReality","JustLucky","Halt"],"picked":"SKIP","floor":19},{"not_picked":["BowlingBash","CutThroughFate"],"picked":"EmptyFist+1","floor":23},{"not_picked":["Fasting2","ThirdEye"],"picked":"TalkToTheHand","floor":24},{"not_picked":["SignatureMove","Adaptation+1"],"picked":"Swivel","floor":28},{"not_picked":["Alpha","ClearTheMind+1","EmptyFist+1"],"picked":"SKIP","floor":29},{"not_picked":["Alpha","DeusExMachina"],"picked":"LessonLearned","floor":33},{"not_picked":["Prostrate","JustLucky"],"picked":"Worship","floor":35}],"player_experience":348479,"relics_obtained":[{"floor":7,"key":"Dream Catcher"},{"floor":9,"key":"Akabeko"},{"floor":12,"key":"Blue Candle"},{"floor":23,"key":"Bag of Preparation"},{"floor":26,"key":"Lantern"}],"event_choices":[{"damage_healed":0,"gold_gain":0,"player_choice":"Trade","damage_taken":0,"relics_obtained":["CultistMask"],"max_hp_gain":0,"max_hp_loss":0,"event_name":"FaceTrader","floor":2,"gold_loss":0},{"damage_healed":0,"gold_gain":0,"player_choice":"Entered Light","damage_taken":20,"max_hp_gain":0,"max_hp_loss":0,"event_name":"Shining Light","floor":11,"gold_loss":0,"cards_upgraded":["Vigilance","Strike_P"]},{"damage_healed":0,"gold_gain":0,"player_choice":"Lose Max HP","damage_taken":0,"relics_obtained":["Golden Idol"],"max_hp_gain":0,"max_hp_loss":6,"event_name":"Golden Idol","floor":13,"gold_loss":0},{"damage_healed":0,"gold_gain":0,"player_choice":"Obtained Relic","damage_taken":0,"relics_obtained":["Lizard Tail"],"max_hp_gain":0,"max_hp_loss":0,"event_name":"Addict","floor":21,"gold_loss":85},{"damage_healed":0,"gold_gain":200,"player_choice":"Gold","damage_taken":0,"max_hp_gain":0,"max_hp_loss":0,"event_name":"Wheel of Change","floor":22,"gold_loss":0},{"damage_healed":0,"gold_gain":0,"player_choice":"Bet on Murderer","damage_taken":0,"max_hp_gain":0,"max_hp_loss":0,"event_name":"The Joust","floor":27,"gold_loss":50},{"damage_healed":0,"gold_gain":0,"player_choice":"Inject Mutagens","damage_taken":0,"relics_obtained":["MutagenicStrength"],"max_hp_gain":0,"max_hp_loss":0,"event_name":"Drug Dealer","floor":31,"gold_loss":0},{"damage_healed":0,"gold_gain":0,"player_choice":"0 cards matched","damage_taken":0,"max_hp_gain":0,"max_hp_loss":0,"event_name":"Match and Keep!","floor":36,"gold_loss":0,"cards_obtained":[]}],"is_beta":false,"boss_relics":[{"not_picked":["Fusion Hammer","SacredBark"],"picked":"Snecko Eye"},{"not_picked":["Runic Dome","Empty Cage"],"picked":"Philosopher\u0027s Stone"}],"items_purged_floors":[20,25],"is_endless":false,"potions_floor_spawned":[1,12,14,16,24,33,35],"killed_by":"Orb Walker","ascension_level":17}}