{"host":"r53pw7z744tg3fxg","time":1608048577,"event":{"mods":["AchievementEnabler","BaseMod","Colored Map","Colored Powertips","Highlight Path","Minty Spire (QoL Compilation)","Quick Restart","Transform Curses"],"gold_per_floor":[110,80,93,106,106,141,151,181,181,509,523,542,542,554,554,659,659,678,4,4,4,18,18,47,47,121,133,153,0,0,18,18,116,116,136,136,152,172,3,3,20,20,20,20,39,49,49,68,68,68,68],"floor_reached":50,"playtime":2279,"items_purged":[],"score":757,"play_id":"bbf555b9-0a36-4f7b-9bda-aec42af52443","local_time":"20201215090937","is_ascension_mode":true,"campfire_choices":[{"floor":13.0,"key":"REST"},{"floor":15.0,"key":"REST"},{"floor":23.0,"key":"REST"},{"data":"Adaptation","floor":25.0,"key":"SMITH"},{"floor":32.0,"key":"REST"},{"data":"Blind","floor":40,"key":"SMITH"},{"floor":42,"key":"REST"},{"floor":47,"key":"REST"},{"floor":49,"key":"REST"}],"circlet_count":0,"master_deck":["Strike_P","Strike_P","Strike_P+1","Strike_P+1","Defend_P","Defend_P","Defend_P","Defend_P","Eruption+1","Vigilance","Evaluate","PathToVictory","WheelKick","PathToVictory","FlurryOfBlows","BowlingBash","Adaptation+1","Judgement","The Bomb","FollowUp","CarveReality","Tantrum","InnerPeace+1","Ragnarok","Blasphemy","Wallop+1","Protect+1","WaveOfTheHand+1","SpiritShield","Blind+1","CarveReality+1","Chrysalis","ClearTheMind+1"],"relics":["PureWater","Omamori","MealTicket","Bag of Preparation","InkBottle","Old Coin","Busted Crown","Dream Catcher","Vajra","Melange","Blood Vial","TeardropLocket","Pear","Astrolabe","StoneCalendar"],"acts_visited":["Exordium","TheCity","TheBeyond"],"potions_floor_usage":[41,46,50],"damage_taken":[{"damage":3.0,"enemies":"2 Louse","floor":1.0,"turns":2.0},{"damage":2.0,"enemies":"Cultist","floor":3.0,"turns":3.0},{"damage":0.0,"enemies":"Small Slimes","floor":4.0,"turns":3.0},{"damage":14.0,"enemies":"Lagavulin","floor":6.0,"turns":5.0},{"damage":2.0,"enemies":"Looter","floor":7.0,"turns":5.0},{"damage":10.0,"enemies":"3 Sentries","floor":8.0,"turns":8.0},{"damage":16.0,"enemies":"Gremlin Nob","floor":10.0,"turns":3.0},{"damage":0.0,"enemies":"Blue Slaver","floor":11.0,"turns":2.0},{"damage":8.0,"enemies":"Exordium Thugs","floor":12.0,"turns":5.0},{"damage":1.0,"enemies":"Red Slaver","floor":14.0,"turns":4.0},{"damage":0.0,"enemies":"Slime Boss","floor":16.0,"turns":5.0},{"damage":1.0,"enemies":"3 Byrds","floor":18.0,"turns":4.0},{"damage":17.0,"enemies":"Shell Parasite","floor":22.0,"turns":3.0},{"damage":0.0,"enemies":"Gremlin Leader","floor":24.0,"turns":3.0},{"damage":0.0,"enemies":"Sentry and Sphere","floor":27.0,"turns":2.0},{"damage":4.0,"enemies":"Chosen and Byrds","floor":28.0,"turns":3.0},{"damage":33.0,"enemies":"Cultist and Chosen","floor":31.0,"turns":6.0},{"damage":53.0,"enemies":"Collector","floor":33.0,"turns":6.0},{"damage":11.0,"enemies":"3 Shapes","floor":35.0,"turns":4.0},{"damage":0,"enemies":"Orb Walker","floor":37,"turns":1},{"damage":15,"enemies":"Jaw Worm Horde","floor":38,"turns":3},{"damage":48,"enemies":"Spire Growth","floor":41,"turns":6},{"damage":19,"enemies":"Sphere and 2 Shapes","floor":45,"turns":4},{"damage":14,"enemies":"3 Darklings","floor":46,"turns":4},{"damage":12,"enemies":"Spire Growth","floor":48,"turns":5},{"damage":54,"enemies":"Donu and Deca","floor":50,"turns":5}],"seed_played":"3812553110697687382","potions_obtained":[{"floor":1.0,"key":"PowerPotion"},{"floor":2.0,"key":"EntropicBrew"},{"floor":2.0,"key":"FearPotion"},{"floor":3.0,"key":"Explosive Potion"},{"floor":7.0,"key":"EntropicBrew"},{"floor":12.0,"key":"BottledMiracle"},{"floor":14.0,"key":"LiquidBronze"},{"floor":22.0,"key":"BottledMiracle"},{"floor":38,"key":"Dexterity Potion"},{"floor":41,"key":"SkillPotion"},{"floor":45,"key":"LiquidMemories"},{"floor":46,"key":"FearPotion"}],"is_trial":false,"path_per_floor":["M","?","M","M","?","E","M","E","T","E","M","M","R","M","R","B",null,"M","$","?","?","M","R","E","R","T","M","M","?","$","M","R","B",null,"M","?","M","M","$","R","M","R","T","?","M","M","R","M","R","B"],"character_chosen":"WATCHER","items_purchased":["Dream Catcher","Vajra","Melange","The Bomb","FollowUp","Chrysalis"],"campfire_rested":7,"item_purchase_floors":[19,19,19,19,19,39],"current_hp_per_floor":[62,62,60,60,46,32,30,20,20,4,4,21,42,41,62,62,70,69,72,72,72,55,72,72,72,82,82,78,78,82,49,73,22,67,58,58,60,47,62,62,16,40,40,40,23,11,35,25,49,0,0],"gold":68,"neow_bonus":"RANDOM_COMMON_RELIC","is_daily":false,"chose_seed":false,"campfire_upgraded":2,"win_rate":0.0,"timestamp":1608048577,"path_taken":["M","?","?","M","?","E","M","E","T","E","M","M","R","M","R","BOSS","M","$","?","?","M","R","E","R","T","M","M","?","?","?","R","BOSS","M","?","M","?","?","R","M","R","T","?","?","M","R","M","R","BOSS"],"items_purchased_type":["Relic","Relic","Relic","Card","Card","Card"],"build_version":"2020-12-13","purchased_purges":0,"victory":false,"max_hp_per_floor":[72,72,72,72,72,72,72,72,72,72,72,72,72,72,72,72,72,72,72,72,72,72,72,72,72,82,82,82,82,82,82,82,82,82,82,82,82,82,82,82,82,82,82,82,82,82,82,82,82,82,82],"card_choices":[{"not_picked":["Vengeance","ClearTheMind"],"picked":"Evaluate","floor":1.0},{"not_picked":["Protect","ThirdEye"],"picked":"PathToVictory","floor":3.0},{"not_picked":["Crescendo","Halt"],"picked":"WheelKick","floor":4.0},{"not_picked":["LikeWater","Indignation"],"picked":"EmptyFist","floor":6.0},{"not_picked":["CrushJoints","Crescendo"],"picked":"PathToVictory","floor":7.0},{"not_picked":["WaveOfTheHand","CrushJoints"],"picked":"Scrawl","floor":8.0},{"not_picked":["EmptyFist","JustLucky"],"picked":"FlurryOfBlows","floor":10.0},{"not_picked":["ClearTheMind","Crescendo"],"picked":"BowlingBash","floor":11.0},{"not_picked":["Worship","LikeWater"],"picked":"Adaptation","floor":12.0},{"not_picked":["Protect","FlurryOfBlows","Prostrate"],"picked":"SKIP","floor":14.0},{"not_picked":["Vault","DeusExMachina"],"picked":"Judgement","floor":16.0},{"not_picked":["Evaluate"],"picked":"SKIP","floor":18.0},{"not_picked":["JustLucky"],"picked":"SKIP","floor":22.0},{"not_picked":[],"picked":"CarveReality","floor":23.0},{"not_picked":[],"picked":"Tantrum","floor":24.0},{"not_picked":[],"picked":"EmptyBody","floor":27.0},{"not_picked":[],"picked":"InnerPeace+1","floor":28.0},{"not_picked":["Prostrate"],"picked":"SKIP","floor":31.0},{"not_picked":[],"picked":"Ragnarok","floor":32.0},{"not_picked":[],"picked":"Blasphemy","floor":33.0},{"not_picked":["EmptyBody"],"picked":"SKIP","floor":35.0},{"not_picked":[],"picked":"CarveReality+1","floor":37},{"not_picked":["Prostrate"],"picked":"SKIP","floor":38},{"not_picked":["EmptyBody"],"picked":"SKIP","floor":41},{"not_picked":["WaveOfTheHand+1"],"picked":"SKIP","floor":45},{"not_picked":["Evaluate"],"picked":"SKIP","floor":46},{"not_picked":[],"picked":"ClearTheMind+1","floor":48}],"player_experience":1103155,"relics_obtained":[{"floor":6.0,"key":"MealTicket"},{"floor":8.0,"key":"Bag of Preparation"},{"floor":9.0,"key":"InkBottle"},{"floor":10.0,"key":"Old Coin"},{"floor":24.0,"key":"TeardropLocket"},{"floor":26.0,"key":"Pear"},{"floor":43,"key":"StoneCalendar"}],"event_choices":[{"damage_healed":0.0,"max_hp_gain":0.0,"max_hp_loss":0.0,"gold_gain":0.0,"event_name":"The Woman in Blue","player_choice":"Bought 2 Potions","floor":2.0,"gold_loss":0.0,"damage_taken":0.0},{"damage_healed":0.0,"max_hp_gain":0.0,"max_hp_loss":0.0,"gold_gain":0.0,"event_name":"Shining Light","player_choice":"Entered Light","floor":5.0,"gold_loss":0.0,"damage_taken":14.0,"cards_upgraded":["Strike_P","Strike_P"]},{"damage_healed":0.0,"max_hp_gain":0.0,"max_hp_loss":0.0,"gold_gain":0.0,"event_name":"Ghosts","player_choice":"Ignored","floor":20.0,"gold_loss":0.0,"damage_taken":0.0},{"damage_healed":0.0,"max_hp_gain":0.0,"max_hp_loss":0.0,"gold_gain":0.0,"event_name":"Addict","player_choice":"Stole Relic","floor":21.0,"gold_loss":0.0,"damage_taken":0.0,"relics_obtained":["Blood Vial"],"cards_obtained":["Shame"]},{"damage_healed":0.0,"max_hp_gain":0.0,"max_hp_loss":0.0,"gold_gain":0.0,"event_name":"Masked Bandits","player_choice":"Paid Fearfully","floor":29.0,"gold_loss":153.0,"damage_taken":0.0},{"damage_healed":0,"gold_gain":0,"player_choice":"2 cards matched","damage_taken":0,"max_hp_gain":0,"max_hp_loss":0,"event_name":"Match and Keep!","floor":36,"gold_loss":0,"cards_obtained":["SpiritShield","Blind"]},{"damage_healed":0,"gold_gain":0,"player_choice":"Upgraded","damage_taken":0,"max_hp_gain":0,"max_hp_loss":0,"event_name":"Upgrade Shrine","floor":44,"gold_loss":0,"cards_upgraded":["Eruption"]}],"is_beta":false,"boss_relics":[{"not_picked":["Snecko Eye","Runic Dome"],"picked":"Busted Crown"},{"not_picked":["Philosopher\u0027s Stone","Coffee Dripper"],"picked":"Astrolabe"}],"items_purged_floors":[],"is_endless":false,"potions_floor_spawned":[1,3,7,12,14,22,38,41,45,46],"killed_by":"Donu and Deca","ascension_level":6}}