{"host":"6bsan6hkua32tfq7","time":1608015804,"event":{"mods":["BaseMod","Better Third Choice","Colored Map","Downfall","Highlight Path","Minty Spire (QoL Compilation)","StSLib"],"gold_per_floor":[111,111,126,126,146,146,175,10,10,41,41,69,69,88,88,167,167,185,203,203,203,203,203],"floor_reached":22,"playtime":715,"items_purged":[],"score":404,"play_id":"b30fc584-2ccd-4713-92db-41290a93e668","local_time":"20201215080324","is_ascension_mode":true,"campfire_choices":[{"data":"Dagger Spray","floor":6,"key":"SMITH"},{"data":"Dagger Spray","floor":15,"key":"SMITH"}],"circlet_count":0,"master_deck":["AscendersBane","Survivor","Neutralize","Well Laid Plans","Dagger Spray+1","Dagger Spray+1","Deflect","Dagger Throw","Cloak And Dagger","Unload","Concentrate","Expertise","Outmaneuver","Underhanded Strike","Doppelganger","Flechettes","Night Terror","Prepared","Malaise","Slice","Footwork","Writhe"],"relics":["Coffee Dripper","Ornamental Fan","Darkstone Periapt","Sling","Bottled Tornado","Unceasing Top","Vajra","Pandora\u0027s Box","Tiny Chest","MutagenicStrength"],"acts_visited":["Exordium","TheCity"],"potions_floor_usage":[7,16,18],"damage_taken":[{"damage":2,"enemies":"Jaw Worm","floor":1,"turns":7},{"damage":0,"enemies":"2 Louse","floor":3,"turns":2},{"damage":0,"enemies":"Cultist","floor":5,"turns":6},{"damage":12,"enemies":"3 Sentries","floor":7,"turns":7},{"damage":9,"enemies":"Gremlin Nob","floor":10,"turns":4},{"damage":6,"enemies":"3 Sentries","floor":12,"turns":4},{"damage":6,"enemies":"Red Slaver","floor":14,"turns":4},{"damage":53,"enemies":"Slime Boss","floor":16,"turns":10},{"damage":5,"enemies":"Shell Parasite","floor":18,"turns":5},{"damage":8,"enemies":"Spheric Guardian","floor":19,"turns":4},{"damage":64,"enemies":"Chosen and Byrds","floor":22,"turns":5}],"seed_played":"-2882691832545882156","potions_obtained":[{"floor":3,"key":"champ:CounterPotion"},{"floor":5,"key":"DuplicationPotion"},{"floor":10,"key":"Fruit Juice"},{"floor":16,"key":"Block Potion"}],"is_trial":false,"path_per_floor":["M","?","M","?","M","R","E","$","T","E","$","E","?","M","R","B",null,"M","M","?","?","M"],"character_chosen":"THE_SILENT","items_purchased":["Sling"],"campfire_rested":0,"item_purchase_floors":[8],"current_hp_per_floor":[57,57,57,57,57,57,45,45,45,36,36,30,66,60,60,12,56,51,43,49,49,0,0],"gold":203,"neow_bonus":"BOSS_RELIC","is_daily":false,"chose_seed":false,"campfire_upgraded":2,"win_rate":0.0,"timestamp":1608015804,"path_taken":["M","?","M","?","?","R","E","$","T","E","?","E","?","?","R","BOSS","M","M","?","?","M"],"items_purchased_type":["Relic"],"build_version":"2020-12-13","purchased_purges":0,"victory":false,"max_hp_per_floor":[66,66,66,66,66,66,66,66,66,66,66,66,66,66,66,71,71,71,71,77,77,77,77],"card_choices":[{"not_picked":["Slice","Outmaneuver"],"picked":"Dash","floor":1},{"not_picked":["Blade Dance","Dagger Spray"],"picked":"Well Laid Plans","floor":3},{"not_picked":["Backstab","Sucker Punch"],"picked":"Dagger Spray","floor":5},{"not_picked":["Setup","Adrenaline"],"picked":"Dagger Spray","floor":7},{"not_picked":["Backflip","Setup"],"picked":"Deflect","floor":10},{"not_picked":["Backflip","Well Laid Plans"],"picked":"Dagger Throw","floor":12},{"not_picked":["Bane","Flying Knee"],"picked":"Cloak And Dagger","floor":14},{"not_picked":["Doppelganger","Bullet Time"],"picked":"Unload","floor":16},{"not_picked":["Deadly Poison","Flying Knee"],"picked":"Slice","floor":18},{"not_picked":["Underhanded Strike","PiercingWail"],"picked":"Footwork","floor":19}],"player_experience":5155839,"relics_obtained":[{"floor":4,"key":"Ornamental Fan"},{"floor":7,"key":"Darkstone Periapt"},{"floor":9,"key":"Bottled Tornado"},{"floor":10,"key":"Unceasing Top"},{"floor":12,"key":"Vajra"}],"event_choices":[{"cards_removed":["Defend_G"],"damage_healed":0,"gold_gain":0,"player_choice":"Forget","damage_taken":0,"max_hp_gain":0,"max_hp_loss":0,"event_name":"Living Wall","floor":2,"gold_loss":0},{"damage_healed":0,"gold_gain":0,"player_choice":"Relic","damage_taken":0,"max_hp_gain":0,"max_hp_loss":0,"event_name":"Wheel of Change","floor":4,"gold_loss":0},{"cards_removed":["Dash"],"damage_healed":36,"gold_gain":0,"player_choice":"Offered Uncommon","damage_taken":0,"max_hp_gain":0,"max_hp_loss":0,"event_name":"Bonfire Elementals","floor":13,"gold_loss":0},{"damage_healed":0,"gold_gain":0,"player_choice":"Opened","damage_taken":0,"relics_obtained":["Tiny Chest"],"max_hp_gain":0,"max_hp_loss":0,"event_name":"The Mausoleum","floor":20,"gold_loss":0,"cards_obtained":["Writhe"]},{"damage_healed":0,"gold_gain":0,"player_choice":"Inject Mutagens","damage_taken":0,"relics_obtained":["MutagenicStrength"],"max_hp_gain":0,"max_hp_loss":0,"event_name":"Drug Dealer","floor":21,"gold_loss":0}],"is_beta":false,"boss_relics":[{"not_picked":["Empty Cage","Astrolabe"],"picked":"Pandora\u0027s Box"}],"items_purged_floors":[],"is_endless":false,"potions_floor_spawned":[3,5,10,16],"killed_by":"Chosen and Byrds","ascension_level":20}}