{"host":"sc0o2qwpf9j16a4i","time":1608044083,"event":{"mods":["AchievementEnabler","BaseMod","BetterRewards","Block Reminder","Colored Map","Colored Powertips","Custom Start","Highlight Path","Minty Spire (QoL Compilation)","Relic Stats"],"gold_per_floor":[118,130,142,24,41,74,74,17,17,17,37,37,94,129,129,206,206,219,229,101,301,34,63,82,93,142,142,165,165,208,226,226,312,312,329,329,33,57,80,80,114,134,134,147,180,192,192,212,212,212,212,212,212,44,72,72,72],"floor_reached":56,"playtime":3021,"items_purged":["Strike_G","Strike_G","Strike_G"],"score":2197,"play_id":"da2f5cbc-712a-4e70-b15b-903886b1d50f","local_time":"20201215165443","is_ascension_mode":true,"campfire_choices":[{"data":"Neutralize","floor":7.0,"key":"SMITH"},{"data":"Finisher","floor":12.0,"key":"SMITH"},{"floor":15.0,"key":"REST"},{"floor":27,"key":"REST"},{"data":"Well Laid Plans","floor":29,"key":"SMITH"},{"floor":32,"key":"REST"},{"floor":40,"key":"RECALL"},{"data":"Apotheosis","floor":47,"key":"SMITH"},{"floor":49,"key":"REST"},{"data":"Cloak And Dagger","floor":53,"key":"SMITH"}],"circlet_count":0,"master_deck":["AscendersBane","Strike_G","Strike_G","Defend_G","Defend_G","Defend_G","Defend_G","Defend_G","Survivor","Neutralize+1","Cloak And Dagger+1","Blade Dance","Masterful Stab","Finisher+1","Well Laid Plans+1","Endless Agony+1","Corpse Explosion","Quick Slash+1","Acrobatics+1","PiercingWail","Blade Dance","Dagger Spray","Backstab+1","PiercingWail","Leg Sweep","After Image+1","Apotheosis+1","Backflip","Backflip","Blur","Backflip"],"relics":["Ring of the Snake","Dead Branch","Bottled Lightning","Shuriken","Letter Opener","Lizard Tail","Busted Crown","ClockworkSouvenir","CeramicFish","Whetstone","Sundial","Philosopher\u0027s Stone","Regal Pillow","InkBottle","Oddly Smooth Stone","Mummified Hand"],"acts_visited":["Exordium","TheCity","TheBeyond","TheEnding"],"potions_floor_usage":[23,33,33,46,46,56,56],"damage_taken":[{"damage":0.0,"enemies":"Cultist","floor":1.0,"turns":3.0},{"damage":0.0,"enemies":"Small Slimes","floor":2.0,"turns":4.0},{"damage":0.0,"enemies":"2 Louse","floor":3.0,"turns":3.0},{"damage":0.0,"enemies":"Looter","floor":5.0,"turns":2.0},{"damage":18.0,"enemies":"Lagavulin","floor":6.0,"turns":7.0},{"damage":0.0,"enemies":"Red Slaver","floor":11.0,"turns":5.0},{"damage":16.0,"enemies":"Lagavulin Event","floor":13.0,"turns":4.0},{"damage":3.0,"enemies":"3 Sentries","floor":14.0,"turns":7.0},{"damage":5.0,"enemies":"The Guardian","floor":16.0,"turns":7.0},{"damage":10,"enemies":"Shell Parasite","floor":18,"turns":3},{"damage":0,"enemies":"2 Thieves","floor":19,"turns":2},{"damage":3,"enemies":"Book of Stabbing","floor":23,"turns":3},{"damage":9,"enemies":"Centurion and Healer","floor":24,"turns":2},{"damage":13,"enemies":"Snake Plant","floor":25,"turns":4},{"damage":0,"enemies":"Cultist and Chosen","floor":28,"turns":3},{"damage":0,"enemies":"Gremlin Leader","floor":30,"turns":4},{"damage":5,"enemies":"Sentry and Sphere","floor":31,"turns":4},{"damage":1,"enemies":"Collector","floor":33,"turns":5},{"damage":0,"enemies":"Orb Walker","floor":35,"turns":3},{"damage":3,"enemies":"3 Darklings","floor":38,"turns":2},{"damage":0,"enemies":"Spire Growth","floor":39,"turns":5},{"damage":0,"enemies":"Reptomancer","floor":41,"turns":6},{"damage":0,"enemies":"Maw","floor":42,"turns":3},{"damage":0,"enemies":"Sphere and 2 Shapes","floor":44,"turns":3},{"damage":0,"enemies":"Nemesis","floor":45,"turns":5},{"damage":3,"enemies":"Jaw Worm Horde","floor":46,"turns":2},{"damage":15,"enemies":"4 Shapes","floor":48,"turns":2},{"damage":0,"enemies":"Awakened One","floor":50,"turns":9},{"damage":22,"enemies":"Time Eater","floor":51,"turns":16},{"damage":60,"enemies":"Shield and Spear","floor":55,"turns":5},{"damage":33,"enemies":"The Heart","floor":56,"turns":3}],"seed_played":"-4949574538988936542","potions_obtained":[{"floor":1.0,"key":"Block Potion"},{"floor":2.0,"key":"AttackPotion"},{"floor":11.0,"key":"Swift Potion"},{"floor":13.0,"key":"LiquidBronze"},{"floor":24,"key":"DistilledChaos"},{"floor":28,"key":"BlessingOfTheForge"},{"floor":35,"key":"ColorlessPotion"},{"floor":41,"key":"AttackPotion"},{"floor":46,"key":"FearPotion"},{"floor":55,"key":"SpeedPotion"}],"is_trial":false,"path_per_floor":["M","M","M","$","M","E","R","$","T","?","M","R","?","E","R","B",null,"M","M","$","?","$","E","M","M","T","R","M","R","E","M","R","B",null,"M","?","$","M","M","R","E","M","T","M","E","M","R","M","R","B","B",null,"R","$","E","B"],"character_chosen":"THE_SILENT","items_purchased":["Masterful Stab","SkillPotion","PiercingWail","ClockworkSouvenir","Blade Dance","Dagger Spray","Apotheosis","Oddly Smooth Stone"],"campfire_rested":4,"item_purchase_floors":[4,8,20,22,22,22,37,54],"current_hp_per_floor":[59,59,59,59,59,41,41,41,41,46,46,46,30,27,46,41,59,49,49,49,49,49,46,37,24,24,43,43,43,43,38,57,56,63,63,63,63,60,60,60,60,60,60,60,60,57,57,42,65,65,43,60,60,60,32,0,0],"gold":72,"neow_bonus":"ONE_RARE_RELIC","is_daily":false,"chose_seed":false,"campfire_upgraded":5,"win_rate":0.0,"timestamp":1608044083,"path_taken":["M","M","M","$","M","E","R","?","T","?","M","R","?","E","R","BOSS","M","M","$","?","$","E","M","M","T","R","M","R","E","M","R","BOSS","M","?","$","M","M","R","E","?","T","M","E","M","R","M","R","BOSS","BOSS","R","$","E","BOSS"],"items_purchased_type":["Card","Potion","Card","Relic","Card","Card","Card","Relic"],"build_version":"2020-12-13","purchased_purges":3,"victory":false,"max_hp_per_floor":[60,60,60,60,60,60,60,60,60,65,65,65,65,65,65,65,65,65,65,65,65,65,65,65,65,65,65,65,65,65,65,65,65,65,65,65,65,65,65,65,65,65,65,65,65,65,65,65,65,65,65,65,65,65,65,65,65],"relic_stats":{"Regal Pillow":4,"counters":[31,136],"Dead Branch":[359],"CeramicFish":81,"Letter Opener":[311],"Whetstone":["Endless Agony","Quick Slash"],"Lizard Tail":32,"Busted Crown":38,"Shuriken":[114],"Sundial":[6],"Mummified Hand":[3],"obtain_stats":[{"Regal Pillow":41,"Dead Branch":0,"CeramicFish":23,"Oddly Smooth Stone":54,"Letter Opener":13,"Whetstone":26,"ClockworkSouvenir":22,"Lizard Tail":14,"Busted Crown":17,"Shuriken":9,"Sundial":30,"Mummified Hand":55,"Philosopher\u0027s Stone":34,"Bottled Lightning":6,"InkBottle":45,"Ring of the Snake":0},{"Regal Pillow":22,"Dead Branch":0,"CeramicFish":12,"Oddly Smooth Stone":29,"Letter Opener":7,"Whetstone":14,"ClockworkSouvenir":11,"Lizard Tail":8,"Busted Crown":9,"Shuriken":5,"Sundial":16,"Mummified Hand":30,"Philosopher\u0027s Stone":18,"Bottled Lightning":5,"InkBottle":25,"Ring of the Snake":0},{"Regal Pillow":88,"Dead Branch":0,"CeramicFish":50,"Oddly Smooth Stone":128,"Letter Opener":28,"Whetstone":56,"ClockworkSouvenir":47,"Lizard Tail":35,"Busted Crown":42,"Shuriken":19,"Sundial":63,"Mummified Hand":133,"Philosopher\u0027s Stone":72,"Bottled Lightning":19,"InkBottle":99,"Ring of the Snake":0}],"InkBottle":[25],"Ring of the Snake":[65]},"card_choices":[{"not_picked":["Escape Plan","Footwork"],"picked":"Cloak And Dagger","floor":1.0},{"not_picked":["Dagger Spray","Choke"],"picked":"Blade Dance","floor":2.0},{"not_picked":["Backflip","Outmaneuver","Underhanded Strike"],"picked":"SKIP","floor":3.0},{"not_picked":["Grand Finale","Concentrate","Underhanded Strike"],"picked":"SKIP","floor":5.0},{"not_picked":["Blade Dance","Poisoned Stab"],"picked":"Finisher","floor":6.0},{"not_picked":["All Out Attack","Flechettes"],"picked":"Well Laid Plans","floor":11.0},{"not_picked":["Dagger Throw","Outmaneuver"],"picked":"Endless Agony","floor":14.0},{"not_picked":["A Thousand Cuts","Venomology"],"picked":"Corpse Explosion","floor":16.0},{"not_picked":[],"picked":"Quick Slash","floor":18},{"not_picked":[],"picked":"Acrobatics+1","floor":19},{"not_picked":["Quick Slash"],"picked":"SKIP","floor":23},{"not_picked":[],"picked":"Backstab+1","floor":24},{"not_picked":["Flechettes"],"picked":"SKIP","floor":25},{"not_picked":[],"picked":"PiercingWail","floor":28},{"not_picked":[],"picked":"Leg Sweep","floor":30},{"not_picked":["Setup"],"picked":"SKIP","floor":31},{"not_picked":[],"picked":"After Image","floor":33},{"not_picked":["Poisoned Stab"],"picked":"SKIP","floor":35},{"not_picked":[],"picked":"Backflip","floor":38},{"not_picked":[],"picked":"Backflip","floor":39},{"not_picked":["All Out Attack"],"picked":"SKIP","floor":41},{"not_picked":[],"picked":"Blur","floor":42},{"not_picked":["Slice"],"picked":"SKIP","floor":44},{"not_picked":["Expertise"],"picked":"SKIP","floor":45},{"not_picked":["Sucker Punch+1"],"picked":"SKIP","floor":46},{"not_picked":[],"picked":"Backflip","floor":48},{"not_picked":["Grand Finale"],"picked":"SKIP","floor":55}],"player_experience":331734,"relics_obtained":[{"floor":6.0,"key":"Bottled Lightning"},{"floor":9.0,"key":"Shuriken"},{"floor":13.0,"key":"Letter Opener"},{"floor":14.0,"key":"Lizard Tail"},{"floor":23,"key":"CeramicFish"},{"floor":26,"key":"Whetstone"},{"floor":30,"key":"Sundial"},{"floor":41,"key":"Regal Pillow"},{"floor":45,"key":"InkBottle"},{"floor":55,"key":"Mummified Hand"}],"event_choices":[{"damage_healed":0.0,"max_hp_gain":5.0,"max_hp_loss":0.0,"gold_gain":0.0,"event_name":"Big Fish","player_choice":"Donut","floor":10.0,"gold_loss":0.0,"damage_taken":0.0},{"damage_healed":0.0,"max_hp_gain":0.0,"max_hp_loss":0.0,"gold_gain":0.0,"event_name":"Dead Adventurer","player_choice":"Searched \u00272\u0027 times","floor":13.0,"gold_loss":0.0,"damage_taken":0.0},{"damage_healed":0,"gold_gain":250,"player_choice":"Bet on Owner","damage_taken":0,"max_hp_gain":0,"max_hp_loss":0,"event_name":"The Joust","floor":21,"gold_loss":50},{"damage_healed":0,"gold_gain":0,"player_choice":"Upgraded","damage_taken":0,"max_hp_gain":0,"max_hp_loss":0,"event_name":"Upgrade Shrine","floor":36,"gold_loss":0,"cards_upgraded":["After Image"]}],"is_beta":false,"boss_relics":[{"not_picked":["Runic Pyramid","Pandora\u0027s Box"],"picked":"Busted Crown"},{"not_picked":["HoveringKite","Ring of the Serpent"],"picked":"Philosopher\u0027s Stone"}],"items_purged_floors":[4,20,37],"is_endless":false,"potions_floor_spawned":[1,2,11,13,24,28,30,31,35,41,42,46,55],"killed_by":"The Heart","ascension_level":20}}