{"host":"j06fkfseroga8i8e","time":1608043838,"event":{"mods":["BaseMod","Bestiary","Colored Map","Colored Powertips","Minty Spire (QoL Compilation)","Relic Stats","StSLib"],"gold_per_floor":[111,36,54,54,66,141,170,170,170,170,185,185,185,185,185],"floor_reached":14,"playtime":280,"items_purged":["Strike_R"],"score":145,"play_id":"aaee344b-e1ad-41ec-b5b9-9ae52ecdeba2","local_time":"20201215095038","is_ascension_mode":true,"campfire_choices":[{"floor":13,"key":"REST"}],"circlet_count":0,"master_deck":["AscendersBane","Strike_R","Strike_R","Strike_R","Strike_R","Defend_R+1","Defend_R+1","Defend_R","Defend_R","Bash+1","Shrug It Off","Shockwave","Perfected Strike","Cleave"],"relics":["Burning Blood","The Courier","Bird Faced Urn","Letter Opener","Du-Vu Doll","Pear"],"acts_visited":["Exordium"],"potions_floor_usage":[],"damage_taken":[{"damage":16,"enemies":"Jaw Worm","floor":1,"turns":4},{"damage":1,"enemies":"2 Louse","floor":3,"turns":2},{"damage":2,"enemies":"Small Slimes","floor":5,"turns":4},{"damage":31,"enemies":"Gremlin Nob","floor":7,"turns":5},{"damage":5,"enemies":"Blue Slaver","floor":11,"turns":4},{"damage":55,"enemies":"3 Sentries","floor":14,"turns":5}],"seed_played":"-5591660235047841139","potions_obtained":[{"floor":1,"key":"Regen Potion"},{"floor":7,"key":"EntropicBrew"}],"is_trial":false,"path_per_floor":["M","$","M","?","M","?","E","T","T","?","M","T","R","E"],"character_chosen":"IRONCLAD","items_purchased":[],"campfire_rested":1,"item_purchase_floors":[],"current_hp_per_floor":[62,62,67,51,55,44,19,19,19,12,13,23,50,0,0],"gold":185,"neow_bonus":"UPGRADE_CARD","is_daily":false,"chose_seed":false,"campfire_upgraded":0,"win_rate":0.0,"timestamp":1608043838,"path_taken":["M","$","M","?","M","?","E","?","T","?","M","?","R","E"],"items_purchased_type":[],"build_version":"2020-12-13","purchased_purges":1,"victory":false,"max_hp_per_floor":[80,80,80,80,80,80,80,80,80,80,80,90,90,90,90],"relic_stats":{"counters":[6,24],"Bird Faced Urn":[0],"Letter Opener":[0],"obtain_stats":[{"Du-Vu Doll":10,"Pear":12,"Bird Faced Urn":8,"The Courier":7,"Letter Opener":9,"Burning Blood":0},{"Du-Vu Doll":4,"Pear":5,"Bird Faced Urn":4,"The Courier":4,"Letter Opener":4,"Burning Blood":0},{"Du-Vu Doll":15,"Pear":19,"Bird Faced Urn":15,"The Courier":15,"Letter Opener":15,"Burning Blood":0}],"Burning Blood":30},"card_choices":[{"not_picked":["Iron Wave","Warcry"],"picked":"Shrug It Off","floor":1},{"not_picked":["Havoc","Armaments","Body Slam"],"picked":"SKIP","floor":3},{"not_picked":["Warcry","Searing Blow"],"picked":"Shockwave","floor":5},{"not_picked":["Pommel Strike","Heavy Blade"],"picked":"Perfected Strike","floor":7},{"not_picked":["Sentinel","Flex"],"picked":"Cleave","floor":11}],"player_experience":521490,"relics_obtained":[{"floor":7,"key":"The Courier"},{"floor":8,"key":"Bird Faced Urn"},{"floor":9,"key":"Letter Opener"},{"floor":12,"key":"Pear"}],"event_choices":[{"damage_healed":0,"gold_gain":0,"player_choice":"Entered Light","damage_taken":16,"max_hp_gain":0,"max_hp_loss":0,"event_name":"Shining Light","floor":4,"gold_loss":0,"cards_upgraded":["Defend_R","Defend_R"]},{"damage_healed":0,"gold_gain":75,"player_choice":"Gather Gold","damage_taken":11,"max_hp_gain":0,"max_hp_loss":0,"event_name":"World of Goop","floor":6,"gold_loss":0},{"damage_healed":0,"gold_gain":0,"player_choice":"Success","damage_taken":7,"relics_obtained":["Du-Vu Doll"],"max_hp_gain":0,"max_hp_loss":0,"event_name":"Scrap Ooze","floor":10,"gold_loss":0}],"is_beta":false,"boss_relics":[],"items_purged_floors":[2],"is_endless":false,"potions_floor_spawned":[1,7],"killed_by":"3 Sentries","ascension_level":13}}