{"host":"2pgz2fctomabfk86","time":1608000301,"event":{"mods":["AchievementEnabler","BaseMod","Colored Map","DeckTracker","Minty Spire (QoL Compilation)","StSLib","SuperFastMode"],"gold_per_floor":[119,119,119,99,116,135,135,146,198,208,227,78,112,131,131,202,202,221,36,49,64,64,64],"floor_reached":22,"playtime":1844,"items_purged":["Strike_R","Strike_R"],"score":380,"play_id":"52a448b0-409a-41d8-ac87-a8972693dc7a","local_time":"20201215114501","is_ascension_mode":true,"campfire_choices":[{"data":"Carnage","floor":7.0,"key":"SMITH"},{"data":"Inflame","floor":15.0,"key":"SMITH"}],"circlet_count":0,"master_deck":["AscendersBane","Defend_R+1","Defend_R+1","Defend_R+1","Defend_R","Bash","Disarm+1","Carnage+1","Inflame+1","Clothesline","Pummel","Power Through","Warcry","Dark Embrace","Shrug It Off","Corruption","Pummel","Second Wind","Pommel Strike"],"relics":["Burning Blood","War Paint","Orichalcum","Empty Cage"],"acts_visited":["Exordium","TheCity"],"potions_floor_usage":[16],"damage_taken":[{"damage":9.0,"enemies":"Jaw Worm","floor":1.0,"turns":6.0},{"damage":1.0,"enemies":"2 Louse","floor":5.0,"turns":3.0},{"damage":3.0,"enemies":"Cultist","floor":6.0,"turns":4.0},{"damage":5.0,"enemies":"Gremlin Gang","floor":8.0,"turns":5.0},{"damage":1.0,"enemies":"2 Fungi Beasts","floor":10.0,"turns":3.0},{"damage":8.0,"enemies":"Large Slime","floor":11.0,"turns":7.0},{"damage":17.0,"enemies":"Lagavulin","floor":13.0,"turns":6.0},{"damage":5.0,"enemies":"Blue Slaver","floor":14.0,"turns":4.0},{"damage":47,"enemies":"Hexaghost","floor":16,"turns":16},{"damage":25,"enemies":"Spheric Guardian","floor":18,"turns":8},{"damage":6,"enemies":"3 Byrds","floor":20,"turns":7},{"damage":10,"enemies":"Snake Plant","floor":21,"turns":6},{"damage":43,"enemies":"Centurion and Healer","floor":22,"turns":9}],"seed_played":"5086541765621643588","potions_obtained":[{"floor":1.0,"key":"Swift Potion"},{"floor":4.0,"key":"AttackPotion"},{"floor":8.0,"key":"DistilledChaos"},{"floor":11.0,"key":"AttackPotion"},{"floor":14.0,"key":"Weak Potion"}],"is_trial":false,"path_per_floor":["M","?","?","?","M","M","R","M","T","M","M","$","E","M","R","B",null,"M","$","M","M","M"],"character_chosen":"IRONCLAD","items_purchased":["Dark Embrace","Second Wind"],"campfire_rested":0,"item_purchase_floors":[12,19],"current_hp_per_floor":[65,70,46,46,51,54,54,55,55,60,58,58,47,48,48,7,62,43,43,43,39,0,0],"gold":64,"neow_bonus":"TRANSFORM_CARD","is_daily":false,"chose_seed":false,"campfire_upgraded":2,"win_rate":0.0,"timestamp":1608000301,"path_taken":["M","?","?","?","M","M","R","M","T","?","M","$","E","M","R","BOSS","M","$","?","M","M"],"items_purchased_type":["Card","Card"],"build_version":"2020-12-13","purchased_purges":2,"victory":false,"max_hp_per_floor":[75,80,80,80,80,80,80,80,80,80,80,80,80,80,80,80,80,80,80,80,80,80,80],"card_choices":[{"not_picked":["Second Wind","Shrug It Off"],"picked":"Carnage","floor":1.0},{"not_picked":["Flex","Warcry"],"picked":"Inflame","floor":5.0},{"not_picked":["Thunderclap","Perfected Strike"],"picked":"Clothesline","floor":6.0},{"not_picked":["Anger","Twin Strike"],"picked":"Pummel","floor":8.0},{"not_picked":["Perfected Strike","Carnage"],"picked":"Power Through","floor":10.0},{"not_picked":["Wild Strike","Thunderclap"],"picked":"Warcry","floor":11.0},{"not_picked":["Metallicize","Iron Wave","Flex"],"picked":"SKIP","floor":13.0},{"not_picked":["Thunderclap","Body Slam"],"picked":"Shrug It Off","floor":14.0},{"not_picked":["Reaper","Demon Form"],"picked":"Corruption","floor":16},{"not_picked":["Twin Strike","Power Through"],"picked":"Pummel","floor":18},{"not_picked":["Searing Blow","Perfected Strike"],"picked":"Pommel Strike","floor":20},{"not_picked":["Clash","Body Slam","Cleave"],"picked":"SKIP","floor":21}],"player_experience":958877,"relics_obtained":[{"floor":9.0,"key":"War Paint"},{"floor":13.0,"key":"Orichalcum"}],"event_choices":[{"damage_healed":0.0,"max_hp_gain":5.0,"max_hp_loss":0.0,"gold_gain":0.0,"event_name":"Big Fish","player_choice":"Donut","floor":2.0,"gold_loss":0.0,"damage_taken":0.0},{"damage_healed":0.0,"max_hp_gain":0.0,"max_hp_loss":0.0,"gold_gain":0.0,"event_name":"Shining Light","player_choice":"Entered Light","floor":3.0,"gold_loss":0.0,"damage_taken":24.0,"cards_upgraded":["Defend_R","Disarm"]},{"damage_healed":0.0,"max_hp_gain":0.0,"max_hp_loss":0.0,"gold_gain":0.0,"event_name":"The Woman in Blue","player_choice":"Bought 1 Potion","floor":4.0,"gold_loss":0.0,"damage_taken":0.0}],"is_beta":false,"boss_relics":[{"not_picked":["Calling Bell","Runic Pyramid"],"picked":"Empty Cage"}],"items_purged_floors":[12,19],"is_endless":false,"potions_floor_spawned":[1,6,8,11,14],"killed_by":"Centurion and Healer","ascension_level":20}}