{"host":"1rf9pknejqhzkc4o","time":1608029752,"event":{"mods":["Aspiration","BaseMod","Better Altar","Better Match","Better Note","Better Sensory Stone","Better Skull","Better Third Choice","Colored Map","Colored Powertips","Communication Mod","Conspire","Energized Spire","Hubris","Infinite Spire","Ironclad Rager","Minty Spire (QoL Compilation)","Quick Restart","RNG Fix","Rare Cards Sparkle","Relic Stats","Replay The Spire","Retaliation","Spicy Shops","StSLib","The Blue Laboratory","Trackpad"],"gold_per_floor":[118,193,193,203,0,35,51,1,1,1,1,19,19,29,29,124,124,134,134,134,152,67,67,80,80,80,80,92,118,34,49,49,154,154,166,9,27,27,45,45,62,62,62,62,62,62,62],"floor_reached":46,"playtime":1936,"items_purged":[],"score":493,"play_id":"9a87c26d-faa7-450e-b438-3a05d79801d4","local_time":"20201215135552","is_ascension_mode":false,"campfire_choices":[{"data":"Wild Strike","floor":10,"key":"SMITH"},{"data":"DDmod:UnstoppableAttack","floor":13,"key":"SMITH"},{"data":"conspire:Charge","floor":15,"key":"SMITH"},{"floor":23,"key":"REST"},{"floor":25,"key":"REST"},{"data":"infinitespire:DeathsTouch","floor":27,"key":"SMITH"},{"floor":32,"key":"REST"},{"floor":40,"key":"REST"},{"floor":42,"key":"REST"}],"circlet_count":0,"master_deck":["ICR:RageStrike+1","ICR:RageStrike","ICR:RageStrike","ICR:RageStrike","ICR:RageStrike","hubris:ReadiedAction","Neutralize","conspire:Charge+1","DDmod:UnstoppableAttack+1","Inflame","Iron Wave","ReplayTheSpireMod:LeadingStrike+1","Perfected Strike","Cleave","Clash","Demon Form","Heavy Blade","infinitespire:DeathsTouch+1","hubris:ReadiedAction","Combust","Double Tap","Reaper","Replay:Undeath\u0027s Touch+1","Flash of Steel","Bludgeon","Demon Form","Intimidate+1","infinitespire:OneForAll","Heavy Blade","Headbutt","Life Link","Searing Blow","hubris:InfiniteBlow","infinitespire:FinalStrike","Secret Technique","ReplayUltimateDefense"],"relics":["Burning Blood","Juzu Bracelet","Replay:PocketPolymizer","infinitespire:WardingShard","aspiration:FutureDiary","PreservedInsect","Replay:Baseball","hubris:ChampionShield","infinitespire:Satchel","aspiration:PoetsPen","Whetstone","Bag of Preparation","Bottled Lightning"],"acts_visited":["Exordium","TheCity","TheBeyond"],"potions_floor_usage":[39],"damage_taken":[{"damage":13,"enemies":"Jaw Worm","floor":1,"turns":4},{"damage":0,"enemies":"Small Slimes","floor":4,"turns":3},{"damage":9,"enemies":"Lagavulin","floor":6,"turns":6},{"damage":9,"enemies":"Cultist","floor":7,"turns":4},{"damage":11,"enemies":"Exordium Wildlife","floor":12,"turns":4},{"damage":10,"enemies":"Large Slime","floor":14,"turns":5},{"damage":0,"enemies":"Slime Boss","floor":16,"turns":7},{"damage":20,"enemies":"2 Thieves","floor":18,"turns":3},{"damage":20,"enemies":"3 Byrds","floor":21,"turns":3},{"damage":28,"enemies":"Centurion and Healer","floor":24,"turns":5},{"damage":23,"enemies":"Sentry and Sphere","floor":28,"turns":4},{"damage":23,"enemies":"Snecko","floor":31,"turns":4},{"damage":56,"enemies":"conspire:MysteriousRune","floor":33,"turns":7},{"damage":61,"enemies":"3 Darklings","floor":35,"turns":4},{"damage":11,"enemies":"Orb Walker","floor":37,"turns":2},{"damage":20,"enemies":"Spire Growth","floor":39,"turns":4},{"damage":62,"enemies":"Jaw Worm Horde","floor":41,"turns":4},{"damage":36,"enemies":"Sphere and 2 Shapes","floor":46,"turns":3}],"seed_played":"-6924402522872015340","potions_obtained":[{"floor":1,"key":"blueLaboratory:CorrosionFlask"},{"floor":4,"key":"blueLaboratory:HummingbirdPotion"},{"floor":7,"key":"blueLaboratory:SmithPotion"},{"floor":33,"key":"LifebloodPotion"}],"is_trial":false,"path_per_floor":["M","?","?","M","$","E","M","?","T","R","$","M","R","M","R","B",null,"M","AVR","?","M","?","R","M","R","T","R","M","T","$","M","R","B",null,"M","$","M","$","M","R","M","R","T","AVR","?","M"],"character_chosen":"IRONCLAD","items_purchased":["Juzu Bracelet","DDmod:UnstoppableAttack","Inflame","Flash of Steel","Whetstone"],"campfire_rested":5,"item_purchase_floors":[5,5,5,30,36],"current_hp_per_floor":[73,62,62,68,68,77,80,80,80,80,80,75,75,76,76,80,80,66,66,66,52,52,76,67,80,80,80,63,63,63,46,70,47,80,29,29,24,24,31,55,7,31,31,31,31,0,0],"gold":62,"neow_bonus":"IRONCLAD_RAGER","is_daily":false,"chose_seed":false,"campfire_upgraded":4,"win_rate":0.0,"timestamp":1608029752,"path_taken":["M","?","?","?","$","E","M","?","T","R","$","M","R","M","R","BOSS","M","AVR","?","M","?","R","M","R","T","R","M","?","$","M","R","BOSS","M","$","M","$","M","R","M","R","T","AVR","?","M"],"items_purchased_type":["Relic","Card","Card","Card","Relic"],"build_version":"2020-12-13","purchased_purges":0,"victory":false,"max_hp_per_floor":[80,80,80,80,80,80,80,80,80,80,80,80,80,80,80,80,80,80,80,80,80,80,80,80,80,80,80,80,80,80,80,80,80,80,80,80,80,80,80,80,80,80,80,80,80,80,80],"relic_stats":{"counters":[18,76],"PreservedInsect":0,"Juzu Bracelet":0,"Bag of Preparation":[2],"Whetstone":["ICR:RageStrike","ReplayTheSpireMod:LeadingStrike"],"obtain_stats":[{"Replay:PocketPolymizer":6,"PreservedInsect":19,"Juzu Bracelet":5,"Bag of Preparation":43,"Whetstone":36,"Burning Blood":0,"Replay:Baseball":22,"aspiration:PoetsPen":34,"infinitespire:WardingShard":9,"infinitespire:Satchel":29,"Bottled Lightning":44,"aspiration:FutureDiary":17,"hubris:ChampionShield":26},{"Replay:PocketPolymizer":3,"PreservedInsect":8,"Juzu Bracelet":2,"Bag of Preparation":17,"Whetstone":14,"Burning Blood":0,"Replay:Baseball":9,"aspiration:PoetsPen":13,"infinitespire:WardingShard":4,"infinitespire:Satchel":11,"Bottled Lightning":17,"aspiration:FutureDiary":7,"hubris:ChampionShield":10},{"Replay:PocketPolymizer":13,"PreservedInsect":36,"Juzu Bracelet":7,"Bag of Preparation":73,"Whetstone":63,"Burning Blood":0,"Replay:Baseball":39,"aspiration:PoetsPen":59,"infinitespire:WardingShard":17,"infinitespire:Satchel":48,"Bottled Lightning":73,"aspiration:FutureDiary":33,"hubris:ChampionShield":44}],"Burning Blood":90},"card_choices":[{"not_picked":["Bloodletting","Replay:Undeath\u0027s Touch"],"picked":"hubris:ReadiedAction","floor":1},{"not_picked":["Thunderclap","Inflame"],"picked":"conspire:Charge","floor":4},{"not_picked":["Pommel Strike","ReplayTheSpireMod:Muscle Training"],"picked":"Iron Wave","floor":6},{"not_picked":["Run Through","Metallicize"],"picked":"ReplayTheSpireMod:LeadingStrike","floor":7},{"not_picked":["DDmod:UnstoppableAttack","Warcry"],"picked":"Perfected Strike","floor":12},{"not_picked":["Inflame","Power Through"],"picked":"Cleave","floor":14},{"not_picked":["Barricade","Fiend Fire"],"picked":"Demon Form","floor":16},{"not_picked":["Evolve","Iron Wave+1"],"picked":"Heavy Blade","floor":18},{"not_picked":["Dark Embrace","True Grit"],"picked":"hubris:ReadiedAction","floor":21},{"not_picked":["DDmod:CallousedSkill","Rampage+1"],"picked":"Double Tap","floor":24},{"not_picked":["Combust","Headbutt"],"picked":"Replay:Undeath\u0027s Touch+1","floor":28},{"not_picked":["hubris:ReadiedAction","Pummel"],"picked":"DDmod:UnstoppableAttack","floor":31},{"not_picked":["DDmod:GrandUltimatumAttack","DDmod:AllInSkill"],"picked":"Demon Form","floor":33},{"not_picked":["Iron Wave","hubris:ReadiedAction+1"],"picked":"Intimidate+1","floor":35},{"not_picked":["Uppercut","ReplayTheSpireMod:Limb From Limb"],"picked":"infinitespire:OneForAll","floor":37},{"not_picked":["Rupture+1","Thunderclap"],"picked":"Heavy Blade","floor":39},{"not_picked":["DDmod:EasePowerCard","ReplayTheSpireMod:Limb From Limb+1"],"picked":"Life Link","floor":41},{"not_picked":["Forethought","Replay:Sssssssssstrike"],"picked":"Secret Technique","floor":45},{"not_picked":["PanicButton","hubris:Insight"],"picked":"ReplayUltimateDefense","floor":45}],"player_experience":135615,"relics_obtained":[{"floor":6,"key":"Replay:PocketPolymizer"},{"floor":9,"key":"infinitespire:WardingShard"},{"floor":26,"key":"hubris:ChampionShield"},{"floor":29,"key":"infinitespire:Satchel"},{"floor":43,"key":"Bag of Preparation"}],"event_choices":[{"damage_healed":0,"gold_gain":75,"player_choice":"Gold","damage_taken":11,"max_hp_gain":0,"max_hp_loss":0,"event_name":"betterThird:BetterGoop","floor":2,"gold_loss":0},{"cards_removed":["Survivor"],"damage_healed":0,"gold_gain":0,"player_choice":"Card Removal","damage_taken":0,"max_hp_gain":0,"max_hp_loss":0,"event_name":"The Cleric","floor":8,"gold_loss":50},{"cards_removed":["infinitespire:DeathsTouch"],"damage_healed":0,"gold_gain":0,"player_choice":"Give","damage_taken":0,"max_hp_gain":0,"max_hp_loss":0,"event_name":"betterNote:BetterNote","floor":20,"gold_loss":0,"cards_obtained":["None"]},{"damage_healed":0,"gold_gain":0,"player_choice":"Obtained Relic","damage_taken":0,"relics_obtained":["Replay:Baseball"],"max_hp_gain":0,"max_hp_loss":0,"event_name":"Addict","floor":22,"gold_loss":85},{"damage_healed":0,"gold_gain":3,"player_choice":"1","damage_taken":0,"max_hp_gain":0,"max_hp_loss":0,"event_name":"betterStone:BetterStone","floor":45,"gold_loss":0}],"is_beta":false,"boss_relics":[{"not_picked":["aspiration:WatcherSkillbook","hubris:BlackHole"],"picked":"aspiration:FutureDiary"},{"not_picked":["aspiration:DefectSkillbook","ChewingGum"],"picked":"aspiration:PoetsPen"}],"items_purged_floors":[],"is_endless":false,"potions_floor_spawned":[1,4,7,21,28,33,37],"killed_by":"Sphere and 2 Shapes","ascension_level":0}}