{"host":"l2dnabsh5e0fsksb","time":1608010620,"event":{"mods":["2.2 Compatiblity","BaseMod","Downfall","Minty Spire (QoL Compilation)","Quick Restart","StSLib"],"gold_per_floor":[99,99,99,249,9,38,91,16,32,32,32],"floor_reached":10,"playtime":225,"items_purged":["Doubt"],"score":112,"play_id":"fa4a0fac-254b-4c2a-bdc4-89f556084fe0","local_time":"20201215160700","is_ascension_mode":true,"campfire_choices":[{"floor":1,"key":"RECALL"},{"data":"Slimebound:Split","floor":8,"key":"SMITH"}],"circlet_count":0,"master_deck":["AscendersBane","Slimebound:Strike_Slimebound","Slimebound:Strike_Slimebound","Slimebound:Strike_Slimebound","Slimebound:Tackle","Slimebound:Defend_Slimebound","Slimebound:Defend_Slimebound","Slimebound:Defend_Slimebound","Slimebound:Defend_Slimebound","Slimebound:Split+1","Slimebound:CorrosiveSpit","Slimebound:LeechEnergy","Slimebound:PressTheAttack","Slimebound:SplitAcid","Slimebound:SplitSpecialist"],"relics":["Slimebound:AbsorbEndCombat","downfall:HeartsMalice","ClockworkSouvenir","Nunchaku","downfall:HeartBlessingBlue"],"acts_visited":["Exordium"],"potions_floor_usage":[10],"damage_taken":[{"damage":0,"enemies":"downfall:FleeingMerchant","floor":2,"turns":1},{"damage":0,"enemies":"Cultist","floor":3,"turns":1},{"damage":0,"enemies":"downfall:FleeingMerchant","floor":5,"turns":1},{"damage":47,"enemies":"Lagavulin","floor":6,"turns":8},{"damage":12,"enemies":"Jaw Worm","floor":9,"turns":4},{"damage":53,"enemies":"Gremlin Nob","floor":10,"turns":3}],"seed_played":"-941886428959040437","potions_obtained":[{"floor":6,"key":"Ancient Potion"},{"floor":9,"key":"hexamod:EctoCoolerPotion"}],"is_trial":false,"path_per_floor":["R","$","M","?","$","E","T","R","M","E"],"character_chosen":"SLIMEBOUND","items_purchased":["ClockworkSouvenir"],"campfire_rested":0,"item_purchase_floors":[5],"current_hp_per_floor":[49,49,49,49,49,23,23,33,31,0,0],"gold":32,"neow_bonus":"THREE_ENEMY_KILL","is_daily":false,"chose_seed":false,"campfire_upgraded":1,"win_rate":0.0,"timestamp":1608010620,"path_taken":["R","$","?","?","$","E","T","R","M","E"],"items_purchased_type":["Relic"],"build_version":"2020-12-13","purchased_purges":1,"victory":false,"max_hp_per_floor":[54,54,54,54,54,54,54,64,64,64,64],"card_choices":[{"not_picked":["Slimebound:AcidTongue","Slimebound:Schlurp"],"picked":"Slimebound:LeechEnergy","floor":2},{"not_picked":["Slimebound:Schlurp","Slimebound:GoopSpray"],"picked":"Slimebound:PressTheAttack","floor":3},{"not_picked":["Slimebound:FinishingTackle","Slimebound:ComboTackle"],"picked":"Slimebound:SplitAcid","floor":5},{"not_picked":["Slimebound:Schlurp","Slimebound:ComboTackle"],"picked":"Slimebound:SplitSpecialist","floor":6},{"not_picked":["Slimebound:FinishingTackle","Slimebound:RollThrough","Slimebound:ViciousTackle"],"picked":"SKIP","floor":9}],"player_experience":1682937,"relics_obtained":[{"floor":6,"key":"Nunchaku"}],"event_choices":[],"is_beta":false,"boss_relics":[],"items_purged_floors":[5],"is_endless":false,"potions_floor_spawned":[6,9],"killed_by":"Gremlin Nob","ascension_level":16}}