{"host":"kyy1kus4tsuq869y","time":1608008942,"event":{"mods":["BaseMod","Downfall","GifTheSpireLib","HololiveMod","Hubris","Jorbs\u0027s Wanderer Trilogy","Marisa£®ÏF”Í°°ƒß¿Ì…≥£©","Minty Spire (QoL Compilation)","Quick Restart","READ ME - Guardian Mod","READ ME - Snecko Mod","Reimu£®≤©¿ˆ¡È√Œ£©","Remilia£®¿Ÿ√◊¿Ú—«£©","Replay The Spire","StSLib","Td1madao Mod","The Administrix","The Animator","The Bug Knight","The Construct","The Cursed","The Hierophant","The Runesmith","The Senshi","The Servant 0.9.4","Youmu£®ªÍ∆«—˝√Œ£©"],"gold_per_floor":[117,117,133,146,146,175,192,152,175,175,256,9,9,24,24,98,98,113,141,141,191,202,234,251,277,346,346,346,140,157,191,191,268,268,278,293,293,293,312,346,359,391,440,470,470,489,489,514,514,514,514,514],"floor_reached":51,"playtime":1741,"items_purged":[],"score":2021,"play_id":"629c6672-525d-47ed-b879-403667792df1","local_time":"20201215130902","is_ascension_mode":true,"campfire_choices":[{"data":"Offering","floor":15.0,"key":"SMITH"},{"data":"Inflame","floor":28.0,"key":"SMITH"},{"floor":32.0,"key":"RECALL"},{"floor":47.0,"key":"REST"},{"data":"Pummel","floor":49.0,"key":"SMITH"}],"circlet_count":0,"master_deck":["AscendersBane","Strike_R","Strike_R","Strike_R","Strike_R","Defend_R","Defend_R","Defend_R","Defend_R","Bash","Shrug It Off","Pummel","Sword Boomerang","Offering+1","Inflame+1","Parasite","Exhume","Impervious","CurseOfTheBell","Pummel+1","Intimidate+1","Exhume","Pummel+1","Hallucinations","Flex+1","Feed","Pummel","Reaper+1","Decay","animator:Curse_Nutcracker","hubris:Wrath","Heavy Blade+1","Heavy Blade+1","Power Through","Power Through+1"],"relics":["Burning Blood","NeowsBlessing","Replay:Ringing Soul","Ornamental Fan","PreservedInsect","hubris:Icosahedron","Calling Bell","ScarletDevilRocket","Onion Ring","hubris:CuriousFeather","Red Mask","Meat on the Bone","MealTicket","Anchor","Eternal Feather","Ring of Fury","Bag of Marbles","hubris:SphereOfDissonance","Replay:Ancient Bell","RuthlessExorcism:ReiMu","Snack Pack","construct:BoolHorns","hubris:Towel","Blood Vial","hubris:Metronome","hubris:ToyBattleship","Blue Doll","hubris:PeanutButter"],"acts_visited":["Exordium","TheCity","TheBeyond"],"potions_floor_usage":[50],"damage_taken":[{"damage":0.0,"enemies":"Jaw Worm","floor":1.0,"turns":1.0},{"damage":0.0,"enemies":"Cultist","floor":3.0,"turns":1.0},{"damage":0.0,"enemies":"2 Louse","floor":4.0,"turns":1.0},{"damage":58.0,"enemies":"HollowMod:MossKnight","floor":6.0,"turns":11.0},{"damage":11.0,"enemies":"Blue Slaver","floor":7.0,"turns":5.0},{"damage":7.0,"enemies":"Looter","floor":8.0,"turns":4.0},{"damage":6.0,"enemies":"Large Slime","floor":14.0,"turns":3.0},{"damage":26.0,"enemies":"Slime Boss","floor":16.0,"turns":8.0},{"damage":26.0,"enemies":"3 Byrds","floor":18.0,"turns":6.0},{"damage":12.0,"enemies":"Masked Bandits","floor":19.0,"turns":2.0},{"damage":6.0,"enemies":"Chosen","floor":22.0,"turns":2.0},{"damage":23.0,"enemies":"HollowMod:Nosk","floor":23.0,"turns":7.0},{"damage":22.0,"enemies":"3 Cultists","floor":24.0,"turns":4.0},{"damage":18.0,"enemies":"Gremlin Leader","floor":25.0,"turns":4.0},{"damage":18.0,"enemies":"Sentry and Sphere","floor":30.0,"turns":2.0},{"damage":8.0,"enemies":"Replay:Snechameleon","floor":31.0,"turns":2.0},{"damage":29.0,"enemies":"Collector","floor":33.0,"turns":3.0},{"damage":0.0,"enemies":"Orb Walker","floor":35.0,"turns":2.0},{"damage":23.0,"enemies":"3 Darklings","floor":36.0,"turns":4.0},{"damage":31.0,"enemies":"4 Shapes","floor":39.0,"turns":3.0},{"damage":0.0,"enemies":"Reptomancer","floor":40.0,"turns":2.0},{"damage":39.0,"enemies":"Maw","floor":41.0,"turns":5.0},{"damage":9.0,"enemies":"Giant Head","floor":42.0,"turns":4.0},{"damage":44.0,"enemies":"Reptomancer","floor":44.0,"turns":5.0},{"damage":37.0,"enemies":"Transient","floor":46.0,"turns":6.0},{"damage":0.0,"enemies":"HollowMod:StalkingDevout","floor":48.0,"turns":2.0},{"damage":147,"enemies":"Time Eater","floor":50,"turns":10},{"damage":35,"enemies":"Replay:Hell Engine","floor":51,"turns":3}],"seed_played":"5561830550896455600","potions_obtained":[{"floor":3.0,"key":"SkillPotion"},{"floor":7.0,"key":"ColorlessPotion"},{"floor":16.0,"key":"Dexterity Potion"},{"floor":18.0,"key":"Elixir"},{"floor":19.0,"key":"Swift Potion"},{"floor":30.0,"key":"PowerPotion"},{"floor":33.0,"key":"BlessingOfTheForge"},{"floor":35.0,"key":"SpeedPotion"},{"floor":39.0,"key":"ColorlessPotion"},{"floor":42.0,"key":"DuplicationPotion"},{"floor":48.0,"key":"LiquidBronze"}],"is_trial":false,"path_per_floor":["M","?","M","M","T","E","M","M","T","?","T","$","?","M","R","B",null,"M","?","T","?","M","E","M","E","T","?","R","$","M","E","R","B",null,"M","M","?","?","M","E","M","E","T","E","?","M","R","E","R","B","B"],"character_chosen":"IRONCLAD","items_purchased":["Offering","Inflame","Flex+1","Bag of Marbles"],"campfire_rested":1,"item_purchase_floors":[12,12,29,29],"current_hp_per_floor":[74,74,75,75,75,23,18,20,20,20,20,23,46,49,49,32,79,62,59,59,50,62,60,59,59,59,62,74,92,83,84,99,79,113,121,122,122,122,105,114,87,90,90,71,71,77,138,138,138,27,0,0],"gold":514,"neow_bonus":"THREE_ENEMY_KILL","is_daily":false,"chose_seed":false,"campfire_upgraded":3,"win_rate":0.0,"timestamp":1608008942,"path_taken":["M","?","M","?","?","E","M","M","T","?","?","$","?","M","R","BOSS","M","?","?","?","M","E","?","E","T","?","R","$","M","E","R","BOSS","M","M","?","?","M","E","M","E","T","E","?","?","R","E","R","BOSS","BOSS"],"items_purchased_type":["Card","Card","Card","Relic"],"build_version":"2020-12-13","purchased_purges":0,"victory":false,"max_hp_per_floor":[75,75,75,75,75,75,75,78,78,78,78,81,84,87,87,90,93,96,99,99,99,99,102,105,105,105,108,108,111,114,117,117,120,123,123,126,126,126,132,135,135,135,135,138,138,138,138,138,138,138,138,138],"card_choices":[{"not_picked":["Clash","ReplayTheSpireMod:Strike From Hell"],"picked":"Shrug It Off","floor":1.0},{"not_picked":["Body Slam","Massacre","ReplayTheSpireMod:Muscle Training"],"picked":"SKIP","floor":3.0},{"not_picked":["Warcry","Bloodletting"],"picked":"Pummel","floor":4.0},{"not_picked":["Battle Trance","Rampage","hubris:ReadiedAction"],"picked":"SKIP","floor":6.0},{"not_picked":["Burning Pact","hubris:ReadiedAction","Perfected Strike"],"picked":"SKIP","floor":7.0},{"not_picked":["Heavy Blade","Flex"],"picked":"Sword Boomerang","floor":8.0},{"not_picked":["Body Slam","Spot Weakness"],"picked":"Exhume","floor":14.0},{"not_picked":["Eclipse","Barricade"],"picked":"Impervious","floor":16.0},{"not_picked":["Wild Strike","Defy Death+1"],"picked":"Pummel","floor":18.0},{"not_picked":["Pommel Strike","True Grit"],"picked":"Intimidate+1","floor":19.0},{"not_picked":["Havoc+1","Combust","Anger"],"picked":"SKIP","floor":22.0},{"not_picked":["Fire Breathing+1","True Grit"],"picked":"Exhume","floor":23.0},{"not_picked":["Headbutt","Flex"],"picked":"Pummel+1","floor":24.0},{"not_picked":["Armaments","Cleave","Spot Weakness"],"picked":"SKIP","floor":25.0},{"not_picked":["Pommel Strike","Run Through"],"picked":"Feed","floor":30.0},{"not_picked":["Flex","Seeing Red+1"],"picked":"Pummel","floor":31.0},{"not_picked":["Replay:Many Hands","Immolate"],"picked":"Reaper","floor":33.0},{"not_picked":["ReplayTheSpireMod:Splinters","hubris:Compulsion"],"picked":"Decay","floor":34.0},{"not_picked":["ReplayTheSpireMod:IOU","hubris:Despair"],"picked":"animator:Curse_Nutcracker","floor":34.0},{"not_picked":["Pain","sneckomod:Bewildered"],"picked":"hubris:Wrath","floor":34.0},{"not_picked":["Warcry+1","hubris:CleavingFinish","Life Link"],"picked":"SKIP","floor":35.0},{"not_picked":["Armaments","Replay:Undeath\u0027s Touch"],"picked":"Heavy Blade","floor":36.0},{"not_picked":["Dual Wield","Cleave"],"picked":"Heavy Blade+1","floor":39.0},{"not_picked":["Wild Strike","Body Slam+1"],"picked":"Power Through","floor":40.0},{"not_picked":["Spot Weakness","Metallicize","True Grit"],"picked":"SKIP","floor":41.0},{"not_picked":["Shrug It Off","Run Through+1","hubris:CleavingFinish+1"],"picked":"SKIP","floor":42.0},{"not_picked":["Clash+1","True Grit"],"picked":"Power Through+1","floor":44.0},{"not_picked":["Twin Strike+1","Life Link","Clothesline+1"],"picked":"SKIP","floor":46.0},{"not_picked":["Run Through","Body Slam","Searing Blow"],"picked":"SKIP","floor":48.0}],"player_experience":463527,"relics_obtained":[{"floor":5.0,"key":"Replay:Ringing Soul"},{"floor":6.0,"key":"Ornamental Fan"},{"floor":9.0,"key":"PreservedInsect"},{"floor":17.0,"key":"ScarletDevilRocket"},{"floor":17.0,"key":"Onion Ring"},{"floor":17.0,"key":"hubris:CuriousFeather"},{"floor":19.0,"key":"Red Mask"},{"floor":20.0,"key":"Meat on the Bone"},{"floor":23.0,"key":"MealTicket"},{"floor":25.0,"key":"Anchor"},{"floor":26.0,"key":"Eternal Feather"},{"floor":27.0,"key":"Ring of Fury"},{"floor":31.0,"key":"hubris:SphereOfDissonance"},{"floor":40.0,"key":"Blood Vial"},{"floor":42.0,"key":"hubris:Metronome"},{"floor":43.0,"key":"hubris:ToyBattleship"},{"floor":44.0,"key":"Blue Doll"},{"floor":48.0,"key":"hubris:PeanutButter"}],"event_choices":[{"cards_removed":["Strike_R"],"damage_healed":0.0,"max_hp_gain":0.0,"max_hp_loss":0.0,"gold_gain":0.0,"event_name":"Bonfire Elementals","player_choice":"Offered Basic","floor":2.0,"gold_loss":0.0,"damage_taken":0.0},{"damage_healed":20.0,"max_hp_gain":0.0,"max_hp_loss":0.0,"gold_gain":0.0,"event_name":"Mushrooms","player_choice":"Healed and dodged fight","floor":13.0,"gold_loss":0.0,"damage_taken":0.0,"cards_obtained":["Parasite"]},{"damage_healed":0.0,"max_hp_gain":0.0,"max_hp_loss":0.0,"gold_gain":0.0,"event_name":"Masked Bandits","player_choice":"Fought Bandits","floor":19.0,"gold_loss":0.0,"damage_taken":0.0},{"damage_healed":0.0,"max_hp_gain":0.0,"max_hp_loss":0.0,"gold_gain":50.0,"event_name":"FaceTrader","player_choice":"Touch","floor":21.0,"gold_loss":0.0,"damage_taken":9.0},{"damage_healed":0.0,"max_hp_gain":0.0,"max_hp_loss":0.0,"gold_gain":0.0,"event_name":"Accursed Blacksmith","player_choice":"Forge","floor":45.0,"gold_loss":0.0,"damage_taken":0.0,"cards_upgraded":["Reaper"]}],"is_beta":false,"boss_relics":[{"not_picked":["Electric Blood","ChewingGum"],"picked":"Calling Bell"},{"not_picked":["Runic Pyramid","Cursed Key"],"picked":"Replay:Ancient Bell"},{"not_picked":["Juzu Bracelet","Ancient Tea Set"],"picked":"RuthlessExorcism:ReiMu"},{"not_picked":["construct:FoamFinger","Replay:Bottled Snecko"],"picked":"Snack Pack"},{"not_picked":["hubris:Potato","Bird Faced Urn"],"picked":"construct:BoolHorns"}],"items_purged_floors":[],"is_endless":false,"potions_floor_spawned":[3,7,16,18,19,30,33,35,39,40,42,48],"killed_by":"Replay:Hell Engine","ascension_level":20}}