{"host":"c2vrdknshfutmcsq","time":1608040797,"event":{"mods":["BaseMod","Minty Spire (QoL Compilation)"],"gold_per_floor":[114,114,289,24,40,70,70,100,100,128,171,213,252,277,289,402,414,442,554,580,602,633,673,702,728,793,805,817,817],"floor_reached":28,"playtime":2285,"items_purged":["Doubt"],"score":472,"play_id":"1adfd047-41ed-4e6b-86ea-353a5c9e309d","local_time":"20201215145957","is_ascension_mode":true,"campfire_choices":[{"data":"Dualcast","floor":7,"key":"SMITH"},{"data":"1","floor":15,"key":"LIFT"},{"data":"2","floor":27,"key":"LIFT"}],"circlet_count":0,"master_deck":["AscendersBane","Strike_B","Strike_B","Strike_B","Defend_B","Defend_B","Defend_B","Defend_B","Zap","Dualcast+1","Genetic Algorithm","Self Repair","Auto Shields","Lockon","Compile Driver","Go for the Eyes","Rebound","Glacier","Double Energy","Leap","Doom and Gloom","Auto Shields","Echo Form","Stack","Stack+1","Darkness","White Noise","Core Surge","Rip and Tear","Auto Shields"],"relics":["Cracked Core","NeowsBlessing","Bottled Tornado","Symbiotic Virus","MawBank","Mummified Hand","Odd Mushroom","Girya","SlaversCollar","Centennial Puzzle","Tiny Chest"],"acts_visited":["Exordium","TheCity"],"potions_floor_usage":[8,16,28],"damage_taken":[{"damage":0,"enemies":"2 Louse","floor":1,"turns":1},{"damage":0,"enemies":"Small Slimes","floor":5,"turns":1},{"damage":0,"enemies":"3 Sentries","floor":6,"turns":2},{"damage":21,"enemies":"Lagavulin","floor":8,"turns":7},{"damage":12,"enemies":"Jaw Worm","floor":10,"turns":2},{"damage":19,"enemies":"3 Sentries","floor":11,"turns":6},{"damage":11,"enemies":"The Mushroom Lair","floor":12,"turns":5},{"damage":8,"enemies":"Lagavulin","floor":13,"turns":10},{"damage":0,"enemies":"Red Slaver","floor":14,"turns":4},{"damage":9,"enemies":"The Guardian","floor":16,"turns":9},{"damage":8,"enemies":"Chosen","floor":18,"turns":4},{"damage":7,"enemies":"3 Byrds","floor":20,"turns":4},{"damage":14,"enemies":"Shelled Parasite and Fungi","floor":21,"turns":7},{"damage":20,"enemies":"Snake Plant","floor":22,"turns":6},{"damage":18,"enemies":"Book of Stabbing","floor":23,"turns":4},{"damage":2,"enemies":"Snecko","floor":24,"turns":5},{"damage":52,"enemies":"Cultist and Chosen","floor":25,"turns":7},{"damage":31,"enemies":"Gremlin Leader","floor":28,"turns":7}],"seed_played":"-4058664966707753574","potions_obtained":[{"floor":1,"key":"Regen Potion"},{"floor":11,"key":"FairyPotion"},{"floor":14,"key":"PotionOfCapacity"},{"floor":16,"key":"SteroidPotion"},{"floor":25,"key":"Fire Potion"}],"is_trial":false,"path_per_floor":["M","?","?","$","M","E","R","E","T","M","E","?","E","M","R","B",null,"M","?","M","M","M","E","M","M","T","R","E"],"character_chosen":"DEFECT","items_purchased":["Self Repair","Auto Shields","Lockon"],"campfire_rested":0,"item_purchase_floors":[4,4,4],"current_hp_per_floor":[68,61,61,61,61,68,68,66,66,61,49,38,37,44,44,42,67,66,66,66,59,46,28,33,29,29,29,0,0],"gold":817,"neow_bonus":"THREE_ENEMY_KILL","is_daily":false,"chose_seed":false,"campfire_upgraded":1,"win_rate":0.0,"timestamp":1608040797,"path_taken":["M","?","?","$","M","E","R","E","T","M","E","?","E","M","R","BOSS","M","?","M","M","M","E","?","?","T","R","E"],"items_purchased_type":["Card","Card","Card"],"build_version":"2020-12-13","purchased_purges":1,"victory":false,"max_hp_per_floor":[75,75,75,75,75,75,75,75,75,75,75,75,75,75,75,75,75,75,75,75,75,75,75,75,75,75,75,75,75],"card_choices":[{"not_picked":["Doom and Gloom","Double Energy"],"picked":"Genetic Algorithm","floor":1},{"not_picked":["Redo","Hologram"],"picked":"Compile Driver","floor":5},{"not_picked":["Force Field","Scrape"],"picked":"Go for the Eyes","floor":6},{"not_picked":["Turbo","Recycle"],"picked":"Rebound","floor":8},{"not_picked":["Hologram","Barrage"],"picked":"Glacier","floor":10},{"not_picked":["Compile Driver","Rebound"],"picked":"Double Energy","floor":11},{"not_picked":["Gash","Rebound"],"picked":"Leap","floor":12},{"not_picked":["Coolheaded","Auto Shields"],"picked":"Doom and Gloom","floor":13},{"not_picked":["Doom and Gloom","Force Field"],"picked":"Auto Shields","floor":14},{"not_picked":["Rainbow","Reboot"],"picked":"Echo Form","floor":16},{"not_picked":["Static Discharge","Blizzard"],"picked":"Stack","floor":18},{"not_picked":["Lockon","Turbo"],"picked":"Stack+1","floor":20},{"not_picked":["Streamline","Beam Cell"],"picked":"Darkness","floor":21},{"not_picked":["Blizzard","Steam"],"picked":"White Noise","floor":22},{"not_picked":["Barrage+1","Gash"],"picked":"Core Surge","floor":23},{"not_picked":["Stack+1","Barrage"],"picked":"Rip and Tear","floor":24},{"not_picked":["Self Repair","Coolheaded"],"picked":"Auto Shields","floor":25}],"player_experience":1130581,"relics_obtained":[{"floor":6,"key":"Bottled Tornado"},{"floor":8,"key":"Symbiotic Virus"},{"floor":9,"key":"MawBank"},{"floor":11,"key":"Mummified Hand"},{"floor":12,"key":"Odd Mushroom"},{"floor":13,"key":"Girya"},{"floor":23,"key":"Centennial Puzzle"},{"floor":26,"key":"Tiny Chest"}],"event_choices":[{"cards_removed":["Strike_B"],"damage_healed":0,"gold_gain":0,"player_choice":"Card Removal","damage_taken":7,"max_hp_gain":0,"max_hp_loss":0,"event_name":"Golden Wing","floor":2,"gold_loss":0},{"damage_healed":0,"gold_gain":175,"player_choice":"AGREE","damage_taken":0,"max_hp_gain":0,"max_hp_loss":0,"event_name":"Liars Game","floor":3,"gold_loss":0,"cards_obtained":["Doubt"]},{"damage_healed":0,"gold_gain":0,"player_choice":"Fought Mushrooms","damage_taken":0,"max_hp_gain":0,"max_hp_loss":0,"event_name":"Mushrooms","floor":12,"gold_loss":0},{"damage_healed":0,"gold_gain":100,"player_choice":"Pray","damage_taken":0,"max_hp_gain":0,"max_hp_loss":0,"event_name":"Golden Shrine","floor":19,"gold_loss":0}],"is_beta":false,"boss_relics":[{"not_picked":["Astrolabe","Fusion Hammer"],"picked":"SlaversCollar"}],"items_purged_floors":[4],"is_endless":false,"potions_floor_spawned":[1,11,14,16,18,22,24,25],"killed_by":"Gremlin Leader","ascension_level":12}}