{"host":"xy2rxz4qi1jt0r97","time":1608040945,"event":{"mods":["Act Like it!","Aspiration","BaseMod","Better Vampires","HumanHunterMod(π÷ŒÔ…±»Àmod)","Minty Spire (QoL Compilation)","StSLib","The Construct","[IsaacMod]“‘»ˆº‚À˛","noobMod","vexMod","°æ“≈ŒÔø®≈∆°øREMEMod"],"gold_per_floor":[119,139,139,314,9,39,39,39,39,77,47,177,177,218,218,357,357,383,308,337,355,368,417,317,317,317,333,333,208,233,245,245,365,365,394,91,142,167,189,227,227,246,324,338,371,196,196,229,229,229],"floor_reached":51,"playtime":3577,"items_purged":["Strike_G","Doubt","Strike_G","Strike_G","Strike_G","BettingIsNotGood"],"score":1019,"play_id":"302031bb-e807-40bb-8e4d-3a8ed3fb6126","local_time":"20201215220225","is_ascension_mode":false,"campfire_choices":[{"data":"Berserk","floor":7.0,"key":"SMITH"},{"data":"Catalyst","floor":13,"key":"SMITH"},{"data":"Catalyst","floor":15,"key":"SMITH"},{"data":"Bouncing Flask","floor":25,"key":"SMITH"},{"data":"Crippling Poison","floor":28,"key":"SMITH"},{"data":"Survivor","floor":32,"key":"SMITH"},{"floor":47,"key":"REST"},{"data":"Bouncing Flask","floor":49,"key":"SMITH"}],"circlet_count":0,"master_deck":["Defend_G","Defend_G","Defend_G+1","Defend_G+1","Defend_G+1","Survivor+1","Neutralize+1","Catalyst+1","Catalyst+1","REME_GreenPollution+1","Crippling Poison+1","Bouncing Flask+1","Corpse Explosion","Backflip+1","REME_GreenPollution+1","Poisoned Stab+1","Bouncing Flask+1"],"relics":["Ring of the Snake","REME_ComplimentaryCards","HushsDoor","ice","GuppysTail","NeowsBlessing","The Specimen","PunchingBag","REME_ArchaeologicalTools","BookofShadows","construct:BoolHorns","vexMod:MysteryBossChallenge","vexMod:ImprovementManual","Succubus","Vajra","Bird Faced Urn","Black Star","Snake Skull","MoneyPower","vexMod:RedPlottingStone","NineVolt","Blood Vial","CaptainsWheel","Centennial Puzzle","GuppysHead"],"acts_visited":["Exordium","TheCity","TheBeyond"],"potions_floor_usage":[16,30,30,39,39,39,50],"damage_taken":[{"damage":0.0,"enemies":"Jaw Worm","floor":1.0,"turns":1.0},{"damage":0.0,"enemies":"Cultist","floor":2.0,"turns":1.0},{"damage":0.0,"enemies":"Gremlin Nob","floor":6.0,"turns":1.0},{"damage":2.0,"enemies":"2 Louse","floor":10.0,"turns":4.0},{"damage":33.0,"enemies":"Looter","floor":11.0,"turns":5.0},{"damage":16,"enemies":"Lagavulin","floor":12,"turns":27},{"damage":12,"enemies":"2 Fungi Beasts","floor":14,"turns":4},{"damage":40,"enemies":"The Guardian","floor":16,"turns":11},{"damage":6,"enemies":"Chosen","floor":18,"turns":3},{"damage":0,"enemies":"Shell Parasite","floor":20,"turns":3},{"damage":6,"enemies":"Shelled Parasite and Fungi","floor":21,"turns":2},{"damage":0,"enemies":"Snecko","floor":22,"turns":2},{"damage":0,"enemies":"Gremlin Leader","floor":23,"turns":3},{"damage":3,"enemies":"3 Cultists","floor":27,"turns":3},{"damage":5,"enemies":"Cultist and Chosen","floor":30,"turns":2},{"damage":0,"enemies":"Sentry and Sphere","floor":31,"turns":3},{"damage":6,"enemies":"Champ","floor":33,"turns":5},{"damage":11,"enemies":"Orb Walker","floor":35,"turns":3},{"damage":0,"enemies":"3 Shapes","floor":37,"turns":5},{"damage":0,"enemies":"Jaw Worm Horde","floor":38,"turns":2},{"damage":107,"enemies":"Transient","floor":39,"turns":5},{"damage":0,"enemies":"Reptomancer","floor":40,"turns":1},{"damage":0,"enemies":"Sphere and 2 Shapes","floor":42,"turns":2},{"damage":0,"enemies":"Jaw Worm Horde","floor":44,"turns":1},{"damage":0,"enemies":"Nemesis","floor":45,"turns":1},{"damage":0,"enemies":"Reptomancer","floor":48,"turns":1},{"damage":30,"enemies":"Donu and Deca","floor":50,"turns":1}],"seed_played":"1432435036296891552","potions_obtained":[{"floor":1.0,"key":"Weak Potion"},{"floor":2.0,"key":"Poison Potion"},{"floor":3.0,"key":"ColorlessPotion"},{"floor":3.0,"key":"SteroidPotion"},{"floor":12,"key":"Dexterity Potion"},{"floor":16,"key":"Explosive Potion"},{"floor":22,"key":"GamblersBrew"},{"floor":31,"key":"Fire Potion"},{"floor":38,"key":"Swift Potion"},{"floor":39,"key":"SkillPotion"},{"floor":40,"key":"LiquidBronze"},{"floor":42,"key":"EssenceOfSteel"}],"is_trial":false,"path_per_floor":["M","M","?","?","$","E","R","?","T","M","M","E","R","M","R","B",null,"M","$","M","M","M","E","$","R","T","M","R","$","M","M","R","B",null,"M","$","M","M","M","E","?","M","T","M","E","$","R","E","R","B",null],"character_chosen":"THE_SILENT","items_purchased":["The Specimen","Succubus","Crippling Poison","Snake Skull"],"campfire_rested":1,"item_purchase_floors":[5,17,17,36],"current_hp_per_floor":[70,70,70,70,70,70,70,28,28,31,3,54,54,42,42,97,79,73,73,78,72,72,72,72,72,72,71,71,71,68,70,70,71,114,103,103,105,109,2872,3594,3594,11496,11496,12455,12489,12489,18494,18591,18591,19626],"gold":229,"neow_bonus":"THREE_ENEMY_KILL","is_daily":false,"chose_seed":false,"campfire_upgraded":7,"win_rate":0.0,"timestamp":1608040945,"path_taken":["M","M","?","?","$","E","R","?","T","?","M","E","R","M","R","BOSS","M","?","M","M","M","E","$","R","T","M","R","$","M","M","R","BOSS","M","?","M","M","M","E","?","M","T","M","E","$","R","E","R","BOSS"],"items_purchased_type":["Relic","Relic","Card","Relic"],"build_version":"2020-12-13","purchased_purges":6,"victory":true,"max_hp_per_floor":[70,70,70,70,70,70,70,70,70,70,70,85,85,89,89,102,79,91,91,94,95,95,98,98,98,98,99,99,99,110,112,112,114,114,116,116,117,118,20017,20017,20017,20017,20017,20017,20017,20017,20017,20017,20017,20021],"card_choices":[{"not_picked":[],"picked":"BettingIsNotGood","floor":0.0},{"not_picked":["Sucker Punch","Quick Slash","Calculated Gamble"],"picked":"SKIP","floor":1.0},{"not_picked":["Tactician","Flying Knee","Riddle With Holes"],"picked":"SKIP","floor":2.0},{"not_picked":["Eviscerate","Acrobatics","Underhanded Strike"],"picked":"SKIP","floor":6.0},{"not_picked":["Eviscerate","Acrobatics","Underhanded Strike"],"picked":"SKIP","floor":6.0},{"not_picked":["Poisoned Stab","Backstab"],"picked":"Catalyst","floor":10.0},{"not_picked":["Outmaneuver","Deflect"],"picked":"Catalyst","floor":11},{"not_picked":["Dagger Spray","Endless Agony"],"picked":"REME_GreenPollution","floor":12},{"not_picked":["Bane","aspiration:Lunge","Dodge and Roll"],"picked":"SKIP","floor":14},{"not_picked":["Flying Knee","Dagger Spray+1","Bane"],"picked":"SKIP","floor":18},{"not_picked":["Eviscerate","Prepared"],"picked":"Bouncing Flask","floor":20},{"not_picked":["Outmaneuver","Die Die Die","Prepared"],"picked":"SKIP","floor":21},{"not_picked":["Outmaneuver+1","Dagger Spray","REME_ShadowStrike"],"picked":"SKIP","floor":22},{"not_picked":["Quick Slash+1","REME_GrazeFinale","Backflip"],"picked":"SKIP","floor":23},{"not_picked":["Prepared","Quick Slash","Masterful Stab"],"picked":"SKIP","floor":27},{"not_picked":["PiercingWail","Blur+1","Dagger Spray+1"],"picked":"SKIP","floor":30},{"not_picked":["Sucker Punch+1","Backflip+1","Dagger Throw"],"picked":"SKIP","floor":31},{"not_picked":["REME_CopyPotion","Bullet Time"],"picked":"Corpse Explosion","floor":33},{"not_picked":["Dagger Throw","Bane+1"],"picked":"Backflip+1","floor":35},{"not_picked":["Flying Knee+1","All Out Attack"],"picked":"REME_GreenPollution+1","floor":37},{"not_picked":["Blade Dance+1","Quick Slash","Infinite Blades"],"picked":"SKIP","floor":38},{"not_picked":["Dash","Expertise"],"picked":"Poisoned Stab+1","floor":39},{"not_picked":["Choke+1","aspiration:Lunge","Dagger Spray"],"picked":"SKIP","floor":40},{"not_picked":["Outmaneuver","Backstab","Terror"],"picked":"SKIP","floor":42},{"not_picked":["All Out Attack","Flying Knee+1","PiercingWail"],"picked":"SKIP","floor":44},{"not_picked":["Finisher","Dagger Spray","Bullet Time"],"picked":"SKIP","floor":45},{"not_picked":["Deadly Poison+1","Dodge and Roll"],"picked":"Bouncing Flask","floor":48}],"player_experience":15490,"relics_obtained":[{"floor":6.0,"key":"PunchingBag"},{"floor":9.0,"key":"BookofShadows"},{"floor":12,"key":"construct:BoolHorns"},{"floor":23,"key":"Vajra"},{"floor":26,"key":"Bird Faced Urn"},{"floor":40,"key":"MoneyPower"},{"floor":40,"key":"vexMod:RedPlottingStone"},{"floor":43,"key":"NineVolt"},{"floor":45,"key":"Blood Vial"},{"floor":45,"key":"CaptainsWheel"},{"floor":48,"key":"Centennial Puzzle"},{"floor":48,"key":"GuppysHead"}],"event_choices":[{"damage_healed":0.0,"max_hp_gain":0.0,"max_hp_loss":0.0,"gold_gain":0.0,"event_name":"Lab","player_choice":"Got Potions","floor":3.0,"gold_loss":0.0,"damage_taken":0.0},{"damage_healed":0.0,"max_hp_gain":0.0,"max_hp_loss":0.0,"gold_gain":175.0,"event_name":"Liars Game","player_choice":"AGREE","floor":4.0,"gold_loss":0.0,"damage_taken":0.0,"cards_obtained":["Doubt"]},{"damage_healed":0.0,"max_hp_gain":0.0,"max_hp_loss":0.0,"gold_gain":0.0,"event_name":"Scrap Ooze","player_choice":"Success","floor":8.0,"gold_loss":0.0,"damage_taken":42.0,"relics_obtained":["REME_ArchaeologicalTools"]},{"damage_healed":0,"gold_gain":0,"player_choice":"Ignored","damage_taken":0,"max_hp_gain":0,"max_hp_loss":0,"event_name":"Tomb of Lord Red Mask","floor":41,"gold_loss":0}],"is_beta":false,"boss_relics":[{"not_picked":["aspiration:FutureDiary","vexMod:DeviousBotling"],"picked":"vexMod:MysteryBossChallenge"},{"not_picked":[]},{"not_picked":["REME_LowDesire","vexMod:TanglingVine"],"picked":"Black Star"},{"not_picked":[]}],"items_purged_floors":[17,19,24,29,36,46],"is_endless":false,"potions_floor_spawned":[1,2,12,16,22,23,31,38,39,40,42,45],"ascension_level":0}}