{"host":"xrdu44lqyrrw1kvr","time":1608076154,"event":{"mods":["Aspiration","BaseMod","Colored Powertips","Conspire","Jedi Mod","Minty Spire (QoL Compilation)","Potionbrewer","Relic Stats","Replay The Spire","Small Relic Pack","StSLib","The Hayseed","TheBandit"],"gold_per_floor":[13,32,45,56,76,102,102,102,102,119,119,151,151,1,1,98,98,118,118,138,138,156,186,186,201,201,218,248,248,286,304,304,403,403,422,347,363,373,373,373,333,333,333,333,333],"floor_reached":44,"playtime":3344,"items_purged":["Shame"],"score":575,"play_id":"a25f458f-37db-4b7d-83e6-79148d8ff9db","local_time":"20201216024914","is_ascension_mode":true,"campfire_choices":[{"floor":8.0,"key":"REST"},{"data":"TheSimpletonMod:Haymaker","floor":11.0,"key":"SMITH"},{"data":"TheSimpletonMod:SpiceUp","floor":13.0,"key":"SMITH"},{"data":"TheSimpletonMod:CropDiversity","floor":15.0,"key":"SMITH"},{"data":"TheSimpletonMod:ResistantStrain","floor":24.0,"key":"SMITH"},{"floor":32.0,"key":"DIG"},{"floor":40,"key":"RECALL"},{"data":"TheSimpletonMod:ResistantStrain","floor":42,"key":"SMITH"}],"circlet_count":0,"master_deck":["TheSimpletonMod:Strike_TheSimpleton+1","TheSimpletonMod:Strike_TheSimpleton+1","TheSimpletonMod:Strike_TheSimpleton+1","TheSimpletonMod:Strike_TheSimpleton+1","TheSimpletonMod:Defend_TheSimpleton+1","TheSimpletonMod:Defend_TheSimpleton+1","TheSimpletonMod:Defend_TheSimpleton+1","TheSimpletonMod:Haymaker+1","TheSimpletonMod:ReapAndSow+1","TheSimpletonMod:Pruning","TheSimpletonMod:Swelter","TheSimpletonMod:SpiceUp+1","TheSimpletonMod:OnionBloom","TheSimpletonMod:Onions","TheSimpletonMod:Aerate","TheSimpletonMod:CropDiversity+1","TheSimpletonMod:BuzzBomb","TheSimpletonMod:Coffee","TheSimpletonMod:ControlledBurn+1","TheSimpletonMod:GoToMarket","TheSimpletonMod:ResistantStrain+1","TheSimpletonMod:Coffee","TheSimpletonMod:DoubleDigging+1","TheSimpletonMod:Aerate","TheSimpletonMod:ResistantStrain+1","TheSimpletonMod:Coffee","TheSimpletonMod:GoToMarket+1","TheSimpletonMod:Rototilling+1"],"relics":["TheSimpletonMod:SpudOfTheInnocent","TheSimpletonMod:NightSoil","TheSimpletonMod:TheHarvester","aspiration:DSix","Boot","conspire:DeflatedDodgeball","Meat on the Bone","Snecko Heart","conspire:Flyswatter","Matryoshka","Iron Hammer","PreservedInsect","Strawberry","Sozu","ReplayTheSpireMod:Shallot"],"acts_visited":["Exordium","TheCity","TheBeyond"],"potions_floor_usage":[38],"damage_taken":[{"damage":14.0,"enemies":"Jaw Worm","floor":1.0,"turns":5.0},{"damage":0.0,"enemies":"Small Slimes","floor":2.0,"turns":2.0},{"damage":0.0,"enemies":"Cultist","floor":3.0,"turns":3.0},{"damage":3.0,"enemies":"3 Louse","floor":4.0,"turns":4.0},{"damage":11.0,"enemies":"Looter","floor":5.0,"turns":3.0},{"damage":53.0,"enemies":"Gremlin Nob","floor":6.0,"turns":5.0},{"damage":0.0,"enemies":"Exordium Thugs","floor":10.0,"turns":5.0},{"damage":4.0,"enemies":"Replay:BlueRogue","floor":12.0,"turns":7.0},{"damage":38.0,"enemies":"Hexaghost","floor":16.0,"turns":14.0},{"damage":23.0,"enemies":"Chosen","floor":18.0,"turns":5.0},{"damage":20.0,"enemies":"Shell Parasite","floor":20.0,"turns":5.0},{"damage":24.0,"enemies":"Snake Plant","floor":22.0,"turns":4.0},{"damage":15.0,"enemies":"Replay:Snechameleon","floor":23.0,"turns":7.0},{"damage":0.0,"enemies":"Snecko","floor":25.0,"turns":4.0},{"damage":6.0,"enemies":"Centurion and Healer","floor":27.0,"turns":7.0},{"damage":23.0,"enemies":"conspire:SneckoGhost","floor":28.0,"turns":10.0},{"damage":7.0,"enemies":"conspire:MimicChest","floor":30.0,"turns":8.0},{"damage":3.0,"enemies":"conspire:HollyBat","floor":31.0,"turns":7.0},{"damage":28.0,"enemies":"Automaton","floor":33.0,"turns":11.0},{"damage":3.0,"enemies":"3 Shapes","floor":35.0,"turns":7.0},{"damage":22.0,"enemies":"3 Darklings","floor":37.0,"turns":11.0},{"damage":19,"enemies":"Sphere and 2 Shapes","floor":38,"turns":10},{"damage":68,"enemies":"Reptomancer","floor":44,"turns":2}],"seed_played":"-8259635557238477370","potions_obtained":[{"floor":3.0,"key":"SteroidPotion"},{"floor":4.0,"key":"SteroidPotion"},{"floor":10.0,"key":"Adrenaline Potion"},{"floor":22.0,"key":"FearPotion"},{"floor":23.0,"key":"potionbrewer:NoxiousPotion"},{"floor":28.0,"key":"EssenceOfSteel"},{"floor":33.0,"key":"SpeedPotion"}],"is_trial":false,"path_per_floor":["M","M","M","M","M","E","?","R","T","M","R","E","R","$","R","B",null,"M","?","M","?","M","E","R","M","T","M","E","?","?","M","R","B",null,"M","$","M","M","?","R","?","R","T","E"],"character_chosen":"THE_SIMPLETON","items_purchased":["TheSimpletonMod:CropDiversity"],"campfire_rested":1,"item_purchase_floors":[14],"current_hp_per_floor":[65,69,73,72,64,15,23,45,45,49,49,51,51,51,51,31,64,47,47,45,45,39,42,42,48,48,48,43,43,42,45,52,42,72,81,81,71,64,64,64,64,64,64,0,0],"gold":333,"neow_bonus":"ONE_RARE_RELIC","is_daily":false,"chose_seed":false,"campfire_upgraded":5,"win_rate":0.0,"timestamp":1608076154,"path_taken":["M","M","M","M","M","E","?","R","T","M","R","E","R","?","R","BOSS","M","?","M","?","M","E","R","M","T","M","E","?","?","M","R","BOSS","M","$","M","?","?","R","?","R","T","E"],"items_purchased_type":["Card"],"build_version":"2020-12-13","purchased_purges":1,"victory":false,"max_hp_per_floor":[75,75,75,75,75,75,75,75,75,75,75,75,75,75,75,75,75,75,75,75,75,75,75,75,75,75,75,75,75,75,75,82,82,82,82,82,82,82,82,82,82,82,82,82,82],"relic_stats":{"Sozu":2,"counters":[23,141],"PreservedInsect":59,"Boot":[38],"obtain_stats":[{"Snecko Heart":17,"TheSimpletonMod:HeatStroke":19,"PreservedInsect":30,"Boot":6,"TheSimpletonMod:TheHarvester":0,"Sozu":34,"Matryoshka":26,"ReplayTheSpireMod:Shallot":43,"Strawberry":32,"Iron Hammer":28,"TheSimpletonMod:SpudOfTheInnocent":0,"conspire:DeflatedDodgeball":9,"TheSimpletonMod:NightSoil":0,"aspiration:DSix":0,"Meat on the Bone":12,"conspire:Flyswatter":23},{"Snecko Heart":9,"TheSimpletonMod:HeatStroke":10,"PreservedInsect":17,"Boot":6,"TheSimpletonMod:TheHarvester":0,"Sozu":19,"Matryoshka":14,"ReplayTheSpireMod:Shallot":22,"Strawberry":18,"Iron Hammer":16,"TheSimpletonMod:SpudOfTheInnocent":0,"conspire:DeflatedDodgeball":6,"TheSimpletonMod:NightSoil":0,"aspiration:DSix":0,"Meat on the Bone":8,"conspire:Flyswatter":13},{"Snecko Heart":47,"TheSimpletonMod:HeatStroke":52,"PreservedInsect":96,"Boot":21,"TheSimpletonMod:TheHarvester":0,"Sozu":113,"Matryoshka":71,"ReplayTheSpireMod:Shallot":139,"Strawberry":102,"Iron Hammer":88,"TheSimpletonMod:SpudOfTheInnocent":0,"conspire:DeflatedDodgeball":21,"TheSimpletonMod:NightSoil":0,"aspiration:DSix":0,"Meat on the Bone":33,"conspire:Flyswatter":67}],"Meat on the Bone":72},"card_choices":[{"not_picked":["TheSimpletonMod:SpiceUp","TheSimpletonMod:CropRotation"],"picked":"TheSimpletonMod:Pruning","floor":1.0},{"not_picked":["TheSimpletonMod:SaladShooter","TheSimpletonMod:Sunchoke"],"picked":"TheSimpletonMod:Swelter","floor":2.0},{"not_picked":["TheSimpletonMod:BumperCrop","TheSimpletonMod:Swelter"],"picked":"TheSimpletonMod:SpiceUp","floor":3.0},{"not_picked":["TheSimpletonMod:PestManagement","TheSimpletonMod:BumperCrop","TheSimpletonMod:DoubleBarrel"],"picked":"SKIP","floor":4.0},{"not_picked":["TheSimpletonMod:CropRotation","TheSimpletonMod:Innovate"],"picked":"TheSimpletonMod:OnionBloom","floor":5.0},{"not_picked":["TheSimpletonMod:SlashAndBurn","TheSimpletonMod:Innovate"],"picked":"TheSimpletonMod:Onions","floor":6.0},{"not_picked":["TheSimpletonMod:CloseScrape","TheSimpletonMod:Photosynthesis","TheSimpletonMod:Ferment"],"picked":"SKIP","floor":10.0},{"not_picked":["TheSimpletonMod:CropRotation","TheSimpletonMod:DigIn"],"picked":"TheSimpletonMod:Aerate","floor":12.0},{"not_picked":["TheSimpletonMod:Photosynthesis","TheSimpletonMod:ErosionControl"],"picked":"TheSimpletonMod:BuzzBomb","floor":16.0},{"not_picked":["TheSimpletonMod:Innovate","TheSimpletonMod:ControlledBurn"],"picked":"TheSimpletonMod:Coffee","floor":18.0},{"not_picked":["TheSimpletonMod:CullingStrike","TheSimpletonMod:RootDown","TheSimpletonMod:SoilSample"],"picked":"SKIP","floor":20.0},{"not_picked":["TheSimpletonMod:Onions+1","TheSimpletonMod:BumperCrop"],"picked":"TheSimpletonMod:GoToMarket","floor":22.0},{"not_picked":["TheSimpletonMod:Ferment","TheSimpletonMod:Polyculture"],"picked":"TheSimpletonMod:ResistantStrain","floor":23.0},{"not_picked":["TheSimpletonMod:SaladShooter","TheSimpletonMod:Aerate","TheSimpletonMod:CropRotation"],"picked":"SKIP","floor":25.0},{"not_picked":["TheSimpletonMod:SaladShooter","TheSimpletonMod:Aerate","TheSimpletonMod:CropRotation"],"picked":"SKIP","floor":25.0},{"not_picked":["TheSimpletonMod:BumperCrop+1","TheSimpletonMod:Thresh"],"picked":"TheSimpletonMod:Coffee","floor":27.0},{"not_picked":["TheSimpletonMod:Pruning","TheSimpletonMod:Sunseed"],"picked":"TheSimpletonMod:DoubleDigging","floor":28.0},{"not_picked":["TheSimpletonMod:CropRotation+1","TheSimpletonMod:Rake"],"picked":"TheSimpletonMod:Aerate","floor":31.0},{"not_picked":["TheSimpletonMod:ErosionControl","TheSimpletonMod:Chilis"],"picked":"TheSimpletonMod:ResistantStrain","floor":33.0},{"not_picked":["TheSimpletonMod:OnionBloom","TheSimpletonMod:Aerate"],"picked":"TheSimpletonMod:Coffee","floor":35.0},{"not_picked":["TheSimpletonMod:ToughenUp","TheSimpletonMod:PestManagement"],"picked":"TheSimpletonMod:GoToMarket+1","floor":37.0},{"not_picked":["TheSimpletonMod:OnionBloom+1","TheSimpletonMod:CullingStrike+1"],"picked":"TheSimpletonMod:Rototilling+1","floor":38}],"player_experience":2066287,"relics_obtained":[{"floor":6.0,"key":"Boot"},{"floor":9.0,"key":"conspire:DeflatedDodgeball"},{"floor":12.0,"key":"Meat on the Bone"},{"floor":23.0,"key":"conspire:Flyswatter"},{"floor":26.0,"key":"Matryoshka"},{"floor":28.0,"key":"Iron Hammer"},{"floor":30.0,"key":"PreservedInsect"},{"floor":32.0,"key":"Strawberry"},{"floor":43,"key":"ReplayTheSpireMod:Shallot"}],"event_choices":[{"damage_healed":0.0,"max_hp_gain":0.0,"max_hp_loss":0.0,"gold_gain":0.0,"event_name":"Back to Basics","player_choice":"Simplicity","floor":21.0,"gold_loss":0.0,"damage_taken":0.0,"cards_upgraded":["TheSimpletonMod:Strike_TheSimpleton","TheSimpletonMod:Strike_TheSimpleton","TheSimpletonMod:Strike_TheSimpleton","TheSimpletonMod:Strike_TheSimpleton","TheSimpletonMod:Defend_TheSimpleton","TheSimpletonMod:Defend_TheSimpleton","TheSimpletonMod:Defend_TheSimpleton","TheSimpletonMod:Defend_TheSimpleton"]},{"cards_removed":["TheSimpletonMod:Defend_TheSimpleton"],"damage_healed":0,"gold_gain":0,"player_choice":"Removed Skill","damage_taken":0,"max_hp_gain":0,"max_hp_loss":0,"event_name":"Falling","floor":39,"gold_loss":0},{"damage_healed":0,"gold_gain":0,"player_choice":"Upgraded Two","damage_taken":0,"max_hp_gain":0,"max_hp_loss":0,"event_name":"Designer","floor":41,"gold_loss":40,"cards_upgraded":["TheSimpletonMod:DoubleDigging","TheSimpletonMod:ReapAndSow"]}],"is_beta":false,"boss_relics":[{"not_picked":["Astrolabe","aspiration:RunicSpoon"],"picked":"Snecko Heart"},{"not_picked":["Pandora\u0027s Box","aspiration:RitualDagger"],"picked":"Sozu"}],"items_purged_floors":[36],"is_endless":false,"potions_floor_spawned":[3,4,10,22,23,28,33,35,37],"killed_by":"Reptomancer","ascension_level":5}}