{"host":"y30n8hbqlqxhztg8","time":1608019850,"event":{"mods":["A Magickal Journey","AchievementEnabler","BaseMod","BetterRewards","Block Reminder","Colored Map","Conspire","Downfall","GifTheSpireLib","Glutton Mod","Hubris","Infinite Spire","Koishi","Lobotomy","LobotomyExtend","Marisa????????","Minty Spire (QoL Compilation)","Prisma Mod","Replay The Spire","Shop Mod","Somnambulant","StSLib","Stuff the Spire","The Factory","The Forsaken","The Jungle","[IsaacMod]????"],"gold_per_floor":[110,121,121,121,179,179,206,206,206,206,206,218,218,218,218,321,321,321,168,84,183,198,223,223,223,223,239,239,239,239,239,239,337,437,447,457,457,468,488,488,501,501,525,538,588,607,641,660,660,660],"floor_reached":51,"playtime":1557,"items_purged":[],"score":741,"play_id":"b2783084-0bd8-4d27-a3ac-07c5c6c26ec2","local_time":"20201215001050","is_ascension_mode":false,"campfire_choices":[{"data":"PrismaMod:ChloeCheapAttack","floor":6,"key":"SMITH"},{"data":"1","floor":15,"key":"LIFT"},{"floor":25,"key":"REST"},{"data":"2","floor":29,"key":"LIFT"},{"data":"3","floor":32,"key":"LIFT"},{"floor":40,"key":"REST"},{"data":"StuffTheSpire:CelestialWarden","floor":42,"key":"SMITH"},{"data":"PrismaMod:ChloeGaeBolg","floor":49,"key":"SMITH"}],"circlet_count":0,"master_deck":["PrismaMod:ChloeCommonAttack+1","PrismaMod:ChloeCommonAttack+1","PrismaMod:ChloeCommonAttack+1","PrismaMod:ChloeCommonAttack+1","PrismaMod:ChloeCommonAttack+1","PrismaMod:ChloeCommonDefend+1","PrismaMod:ChloeCommonDefend+1","PrismaMod:ChloeCommonDefend+1","PrismaMod:ChloeCommonDefend+1","PrismaMod:ChloeCommonDefend+1","PrismaMod:ChloeCheapAttack+1","PrismaMod:ChloeCheapDefend","PrismaMod:ChloeCheapAttackTwo","PrismaMod:ChloeCheapAttack","PrismaMod:ChloeCarnivalAttack","StuffTheSpire:CelestialWarden+1","PrismaMod:ChloeCommonAOEAttack+1","PrismaMod:ChloeCommonAOEAttack","PrismaMod:ChloeMordred","PrismaMod:ChloeCarnivalAttack+1","PrismaMod:ChloeCheapAttack","PrismaMod:ChloeUncommonDefend","PrismaMod:ChloeCaladbolg","PrismaMod:ChloeCommonAOEAttack","PrismaMod:ChloeGaeBolg+1","PrismaMod:ChloeCheapAttack+1"],"relics":["PrismaMod:PrismaTraceOnUpgrade","HushsDoor","NeowsBlessing","Leech","Girya","LetterFromLob","hubris:Towel","StuffTheSpire:ForceGauntlet","Replay:Bottled Flurry","infinitespire:CheckeredPen","conspire:SpecialSausage","Replay:Wanted Poster","Anchor","Tiny House","Replay:Baseball","Strawberry","Toy Ornithopter"],"acts_visited":["Exordium","TheCity","TheBeyond"],"potions_floor_usage":[16,23,23,23,46,46,50],"damage_taken":[{"damage":0,"enemies":"Small Slimes","floor":1,"turns":1},{"damage":0,"enemies":"2 Louse","floor":2,"turns":1},{"damage":0,"enemies":"3 Sentries","floor":7,"turns":1},{"damage":0,"enemies":"Jaw Worm","floor":12,"turns":2},{"damage":12,"enemies":"Fading Forest","floor":16,"turns":11},{"damage":18,"enemies":"Spheric Guardian","floor":22,"turns":4},{"damage":15,"enemies":"Slavers","floor":23,"turns":6},{"damage":0,"enemies":"3 Byrds","floor":27,"turns":3},{"damage":22,"enemies":"Collector","floor":33,"turns":5},{"damage":0,"enemies":"Orb Walker","floor":35,"turns":4},{"damage":6,"enemies":"3 Shapes","floor":36,"turns":2},{"damage":12,"enemies":"Spire Growth","floor":38,"turns":2},{"damage":16,"enemies":"3 Darklings","floor":39,"turns":3},{"damage":10,"enemies":"Sphere and 2 Shapes","floor":41,"turns":3},{"damage":0,"enemies":"Jaw Worm Horde","floor":44,"turns":3},{"damage":1,"enemies":"4 Shapes","floor":46,"turns":3},{"damage":13,"enemies":"Giant Head","floor":47,"turns":6},{"damage":5,"enemies":"Writhing Mass","floor":48,"turns":3},{"damage":33,"enemies":"Awakened One","floor":50,"turns":7}],"seed_played":"3372591627920754397","potions_obtained":[{"floor":2,"key":"Dexterity Potion"},{"floor":7,"key":"hexamod:EctoCoolerPotion"},{"floor":12,"key":"AttackPotion"},{"floor":22,"key":"PowerPotion"},{"floor":27,"key":"SpeedPotion"},{"floor":36,"key":"Explosive Potion"},{"floor":38,"key":"Explosive Potion"},{"floor":45,"key":"infinitespire:BlackPotion"}],"is_trial":false,"path_per_floor":["M","M","$","?","?","R","E","?","T","?","?","M","$","T","R","B",null,"M","$","?","?","M","E","?","R","T","M","?","R","AVR","?","R","B",null,"M","M","?","M","M","R","M","R","T","M","AVR","M","E","M","R","B",null],"character_chosen":"CHLOE","items_purchased":["Juzu Bracelet"],"campfire_rested":2,"item_purchase_floors":[19],"current_hp_per_floor":[75,75,75,75,75,75,75,75,75,75,75,75,75,75,75,63,75,75,75,75,75,57,48,48,70,70,72,72,72,72,72,72,54,75,75,70,70,59,46,68,64,64,64,66,71,73,72,69,69,44],"gold":660,"neow_bonus":"THREE_ENEMY_KILL","is_daily":false,"chose_seed":false,"campfire_upgraded":3,"win_rate":0.0,"timestamp":1608019850,"path_taken":["M","M","$","?","?","R","E","?","T","?","?","?","?","?","R","BOSS","M","$","?","?","M","E","?","R","T","M","?","R","AVR","?","R","BOSS","M","M","?","M","M","R","M","R","T","M","AVR","M","E","M","R","BOSS"],"items_purchased_type":["Relic"],"build_version":"2020-12-13","purchased_purges":0,"victory":true,"max_hp_per_floor":[75,75,75,75,75,75,75,75,75,75,75,75,75,75,75,75,75,75,75,75,75,75,75,75,75,75,75,75,75,75,75,75,75,75,75,75,75,75,75,75,75,75,75,75,80,80,87,87,87,87],"card_choices":[{"not_picked":["PrismaMod:ChloeDiscardRecovery","PrismaMod:ChloeCommonAOEAttack"],"picked":"PrismaMod:ChloeCheapAttackTwo","floor":1},{"not_picked":["PrismaMod:ChloeExhaustOne","PrismaMod:ChloeCheapAttack"],"picked":"PrismaMod:ChloeUncommonAttack","floor":2},{"not_picked":["PrismaMod:ChloeExhaustThree","PrismaMod:ChloeRitsuka"],"picked":"PrismaMod:ChloeCheapAttack","floor":7},{"not_picked":["PrismaMod:ChloeCheapAttack","PrismaMod:ChloeExhaustOne","PrismaMod:ChloeDiscardRecovery"],"picked":"SKIP","floor":12},{"not_picked":["PrismaMod:ChloeAnyCommonTrace","PrismaMod:ChloeAnyPowerTrace"],"picked":"PrismaMod:ChloeCarnivalAttack","floor":16},{"not_picked":["PrismaMod:ChloeExhaustOne","PrismaMod:ChloeCheapDefend"],"picked":"PrismaMod:ChloeCommonAOEAttack+1","floor":22},{"not_picked":["PrismaMod:ChloeCheapDefend","PrismaMod:ChloeBetterTracePools"],"picked":"PrismaMod:ChloeCommonAOEAttack","floor":23},{"not_picked":["PrismaMod:ChloeDiscardRecovery","PrismaMod:ChloeCaladbolg"],"picked":"PrismaMod:ChloeMordred","floor":27},{"not_picked":["PrismaMod:ChloeDevil","PrismaMod:ChloeAnySkillTrace"],"picked":"PrismaMod:ChloeCarnivalAttack","floor":33},{"not_picked":["PrismaMod:ChloeDiscardRecovery+1","PrismaMod:ChloeCheapDefendTwo"],"picked":"PrismaMod:ChloeCheapAttack","floor":35},{"not_picked":["PrismaMod:ChloeExhaustOne+1","PrismaMod:ChloeCheapDefendTwo","PrismaMod:ChloeDoubleRelicSpeed"],"picked":"SKIP","floor":36},{"not_picked":["PrismaMod:ChloeCheapDefend+1","PrismaMod:ChloeExhaustOne+1"],"picked":"PrismaMod:ChloeUncommonDefend","floor":38},{"not_picked":["PrismaMod:ChloeCheapDefend","PrismaMod:ChloeDoubleRelicSpeed","PrismaMod:ChloeDiscardRecovery+1"],"picked":"SKIP","floor":39},{"not_picked":["PrismaMod:ChloeBetterTracePools","PrismaMod:ChloeDemonicTutor+1","PrismaMod:ChloeCheapDefendTwo"],"picked":"SKIP","floor":41},{"not_picked":["PrismaMod:ChloeExhaustOne+1","PrismaMod:ChloeCommonAOEAttack"],"picked":"PrismaMod:ChloeCaladbolg","floor":44},{"not_picked":["PrismaMod:ChloeCheapAttack+1","PrismaMod:ChloeBetterTracePools"],"picked":"PrismaMod:ChloeCommonAOEAttack","floor":45},{"not_picked":["PrismaMod:ChloeDiscardRecovery","PrismaMod:ChloeExhaustOne","PrismaMod:ChloeExhaustTwo"],"picked":"SKIP","floor":46},{"not_picked":["PrismaMod:ChloeMaid+1","PrismaMod:ChloeCarnivalDefend"],"picked":"PrismaMod:ChloeGaeBolg","floor":47},{"not_picked":["PrismaMod:ChloeCheapDefendTwo+1","PrismaMod:ChloeCommonAOEAttack"],"picked":"PrismaMod:ChloeCheapAttack+1","floor":48}],"player_experience":53295,"relics_obtained":[{"floor":7,"key":"Girya"},{"floor":7,"key":"LetterFromLob"},{"floor":14,"key":"StuffTheSpire:ForceGauntlet"},{"floor":23,"key":"Replay:Bottled Flurry"},{"floor":26,"key":"infinitespire:CheckeredPen"},{"floor":43,"key":"Anchor"},{"floor":47,"key":"Replay:Baseball"},{"floor":47,"key":"Strawberry"},{"floor":47,"key":"Toy Ornithopter"}],"event_choices":[{"damage_healed":0,"gold_gain":0,"player_choice":"Disagree","damage_taken":0,"max_hp_gain":0,"max_hp_loss":0,"event_name":"conspire:LoneGhost","floor":4,"gold_loss":0},{"damage_healed":0,"gold_gain":58,"player_choice":"Gained Gold","damage_taken":0,"max_hp_gain":0,"max_hp_loss":0,"event_name":"Golden Wing","floor":5,"gold_loss":0},{"damage_healed":0,"gold_gain":99,"player_choice":"Stole From Cult","damage_taken":0,"max_hp_gain":0,"max_hp_loss":0,"event_name":"Nest","floor":21,"gold_loss":0},{"damage_healed":0,"gold_gain":0,"player_choice":"Ignored","damage_taken":0,"max_hp_gain":0,"max_hp_loss":0,"event_name":"Cursed Tome","floor":24,"gold_loss":0},{"damage_healed":0,"gold_gain":0,"player_choice":"Simplicity","damage_taken":0,"max_hp_gain":0,"max_hp_loss":0,"event_name":"Back to Basics","floor":31,"gold_loss":0,"cards_upgraded":["PrismaMod:ChloeCommonAttack","PrismaMod:ChloeCommonAttack","PrismaMod:ChloeCommonAttack","PrismaMod:ChloeCommonAttack","PrismaMod:ChloeCommonAttack","PrismaMod:ChloeCommonDefend","PrismaMod:ChloeCommonDefend","PrismaMod:ChloeCommonDefend","PrismaMod:ChloeCommonDefend","PrismaMod:ChloeCommonDefend"]},{"damage_healed":0,"gold_gain":0,"player_choice":"Ignored","damage_taken":0,"max_hp_gain":0,"max_hp_loss":0,"event_name":"Mysterious Sphere","floor":37,"gold_loss":0}],"is_beta":false,"boss_relics":[{"not_picked":["hubris:CrackedHourglass","hubris:VirtuousBlindfold"],"picked":"PrismaMod:PrismaTraceOnUpgrade"},{"not_picked":[]},{"not_picked":["Kintsugi","conspire:RoyalGoblet"],"picked":"Replay:Wanted Poster"},{"not_picked":[]}],"items_purged_floors":[],"is_endless":false,"potions_floor_spawned":[2,7,12,22,27,36,38],"ascension_level":0}}