{"host":"gu5bom8l9zwjg25u","time":1608040130,"event":{"mods":["AchievementEnabler","BaseMod","Better Altar","Better Match","Better Note","Better Sensory Stone","Better Skull","Better Third Choice","Better Vampires","Challenge The Spire","Colored Map","Colored Powertips","Conspire","Curses Come First","Downfall","Emptier Cage","Energized Spire","GifTheSpireLib","GungeonMod","Hubris","Infinite Spire","Mad Scientist","Marked Mod","Minty Spire (QoL Compilation)","Rare Cards Sparkle","Relic Sorter","Replay The Spire","Say the Spire","Shop Mod","Spicy Shops","StSLib","The Blackbeard","The Blue Laboratory","The Bug Knight","The Cursed","The Death Knight","The Hierophant","The Runesmith","The Servant 0.9.4","The Valiant","Uncapped"],"gold_per_floor":[115,132,132,153,191,191,80,80,80,124,24,65,65,100,100,66,66],"floor_reached":16,"playtime":4245,"items_purged":["hierophant:Strike_Hierophant","hierophant:Defend_Hierophant"],"score":132,"play_id":"60959fa2-3bb7-4798-b519-9fb5990f03dd","local_time":"20201215154850","is_ascension_mode":true,"campfire_choices":[{"data":"hierophant:ChurchCoffers","floor":6,"key":"SMITH"},{"floor":8,"key":"RECALL"},{"floor":15,"key":"REST"}],"circlet_count":0,"master_deck":["hierophant:Strike_Hierophant","hierophant:Strike_Hierophant","hierophant:Strike_Hierophant","hierophant:Punish","hierophant:Defend_Hierophant","hierophant:Defend_Hierophant","hierophant:Defend_Hierophant","hierophant:ChurchCoffers+1","hierophant:OrnateJavelin","hierophant:Endure","hierophant:RustyCrate","hierophant:Doubloon","hierophant:Doubloon","hierophant:Doubloon","hierophant:CursedGold","hierophant:OrnateJavelin","hierophant:Doubloon","hierophant:CoinFling","hierophant:Invocation","Languid","hierophant:Repentance"],"relics":["hierophant:PropheticMaskRelic","hubris:Icosahedron","Simple Rune","ReplayTheSpireMod:Ring of Collecting","Ring of Hypnosis"],"acts_visited":["Exordium"],"potions_floor_usage":[10,10,16],"damage_taken":[{"damage":1,"enemies":"Jaw Worm","floor":1,"turns":4},{"damage":0,"enemies":"2 Louse","floor":2,"turns":4},{"damage":0,"enemies":"Small Slimes","floor":4,"turns":4},{"damage":0,"enemies":"3 Louse","floor":5,"turns":3},{"damage":45,"enemies":"Lagavulin","floor":10,"turns":8},{"damage":18,"enemies":"Exordium Thugs","floor":12,"turns":5},{"damage":0,"enemies":"Looter","floor":14,"turns":3},{"damage":67,"enemies":"Fading Forest","floor":16,"turns":5}],"seed_played":"4314987778276689365","potions_obtained":[{"floor":1,"key":"SkillPotion"},{"floor":2,"key":"DeathKnight:RimePotion"},{"floor":12,"key":"Strength Potion"},{"floor":14,"key":"CultistPotion"}],"is_trial":false,"path_per_floor":["M","M","?","M","M","R","$","R","T","E","$","M","?","M","R","B"],"character_chosen":"HIEROPHANT","items_purchased":["hierophant:OrnateJavelin"],"campfire_rested":1,"item_purchase_floors":[7],"current_hp_per_floor":[81,81,81,81,81,81,81,81,81,36,36,18,18,18,42,0,0],"gold":66,"neow_bonus":"TEN_PERCENT_HP_BONUS","is_daily":false,"chose_seed":false,"campfire_upgraded":1,"win_rate":0.0,"timestamp":1608040130,"path_taken":["M","M","?","M","M","R","$","R","T","E","$","M","?","M","R","BOSS"],"items_purchased_type":["Card"],"build_version":"2020-12-13","purchased_purges":2,"victory":false,"max_hp_per_floor":[82,82,82,82,82,82,82,82,82,82,82,82,82,82,82,82,82],"card_choices":[{"not_picked":["hierophant:MorningPrayer","hierophant:ThreeLashes"],"picked":"hierophant:OrnateJavelin","floor":1},{"not_picked":["hierophant:FlamingChariot","hierophant:HammerAndAnvil"],"picked":"hierophant:Endure","floor":2},{"not_picked":["hierophant:Prophecy","hierophant:Encroach"],"picked":"hierophant:RustyCrate","floor":4},{"not_picked":["hierophant:PassingBell","hierophant:AuricBeam"],"picked":"hierophant:CursedGold","floor":5},{"not_picked":["hierophant:Zeal","hierophant:OrnateBuckler"],"picked":"hierophant:CoinFling","floor":10},{"not_picked":["hierophant:FieryStrike","hierophant:Zeal"],"picked":"hierophant:Invocation","floor":12},{"not_picked":["hierophant:Smite","hierophant:ThreeLashes"],"picked":"hierophant:Repentance","floor":14}],"player_experience":297939,"relics_obtained":[{"floor":10,"key":"Simple Rune"},{"floor":13,"key":"ReplayTheSpireMod:Ring of Collecting"},{"floor":13,"key":"Ring of Hypnosis"}],"event_choices":[],"is_beta":false,"boss_relics":[],"items_purged_floors":[7,11],"is_endless":false,"potions_floor_spawned":[1,2,12,14],"killed_by":"Fading Forest","ascension_level":1}}