{"host":"wwo1kwxjf4eyz37q","time":1608024479,"event":{"mods":["AchievementEnabler","BaseMod","Colored Map","Minty Spire (QoL Compilation)","Quick Restart","SuperFastMode"],"gold_per_floor":[115,115,126,46,63,63,96,96,96,115,134,160,160,223,235,347,359,385,410,434,546,483,510,528,538,562,594,276,294,294,312,312,409,409,422,176,191,3,15,15,15,41,41,60,60,60,0,20,20,20],"floor_reached":51,"playtime":2827,"items_purged":["Strike_R","Strike_R","Defend_R"],"score":1081,"play_id":"152c6e86-4582-464c-b28f-a4574ec2974e","local_time":"20201215182759","is_ascension_mode":true,"campfire_choices":[{"data":"Inflame","floor":6.0,"key":"SMITH"},{"data":"True Grit","floor":8.0,"key":"SMITH"},{"data":"Demon Form","floor":13.0,"key":"SMITH"},{"data":"Armaments","floor":15.0,"key":"SMITH"},{"data":"Limit Break","floor":30.0,"key":"SMITH"},{"data":"Perfected Strike","floor":32.0,"key":"SMITH"},{"data":"Heavy Blade","floor":40.0,"key":"SMITH"},{"data":"Heavy Blade","floor":45,"key":"SMITH"},{"data":"Uppercut","floor":49,"key":"SMITH"}],"circlet_count":0,"master_deck":["AscendersBane","Strike_R","Strike_R","Strike_R","Defend_R","Defend_R","Defend_R","Bash","Impervious","Twin Strike","Sword Boomerang","Inflame+1","Shrug It Off","True Grit+1","Pommel Strike","Armaments+1","Demon Form+1","Shrug It Off","Limit Break+1","Flame Barrier","Perfected Strike","Perfected Strike+1","Shockwave","Fiend Fire","Uppercut+1","Pummel","Heavy Blade+1","Perfected Strike+1","Uppercut","Heavy Blade+1"],"relics":["Burning Blood","HornCleat","Vajra","Question Card","Darkstone Periapt","MawBank","Snecko Eye","Potion Belt","Regal Pillow","Art of War","Lee\u0027s Waffle","SlaversCollar","Bag of Preparation","Anchor","Nunchaku","Red Mask"],"acts_visited":["Exordium","TheCity","TheBeyond"],"potions_floor_usage":[50,50],"damage_taken":[{"damage":3.0,"enemies":"2 Louse","floor":1.0,"turns":3.0},{"damage":0.0,"enemies":"Cultist","floor":3.0,"turns":3.0},{"damage":0.0,"enemies":"Small Slimes","floor":5.0,"turns":3.0},{"damage":16.0,"enemies":"Gremlin Nob","floor":7.0,"turns":5.0},{"damage":0.0,"enemies":"Blue Slaver","floor":10.0,"turns":3.0},{"damage":2.0,"enemies":"2 Fungi Beasts","floor":11.0,"turns":3.0},{"damage":10.0,"enemies":"3 Sentries","floor":12.0,"turns":7.0},{"damage":10.0,"enemies":"Gremlin Nob","floor":14.0,"turns":4.0},{"damage":25.0,"enemies":"Hexaghost","floor":16.0,"turns":8.0},{"damage":23.0,"enemies":"Shell Parasite","floor":18.0,"turns":6.0},{"damage":14.0,"enemies":"2 Thieves","floor":19.0,"turns":3.0},{"damage":20.0,"enemies":"Snake Plant","floor":20.0,"turns":5.0},{"damage":4.0,"enemies":"Gremlin Leader","floor":23.0,"turns":6.0},{"damage":11.0,"enemies":"Sentry and Sphere","floor":24.0,"turns":5.0},{"damage":0.0,"enemies":"Centurion and Healer","floor":25.0,"turns":4.0},{"damage":2.0,"enemies":"Book of Stabbing","floor":27.0,"turns":5.0},{"damage":12.0,"enemies":"Snake Plant","floor":29.0,"turns":4.0},{"damage":8.0,"enemies":"3 Cultists","floor":31.0,"turns":5.0},{"damage":43.0,"enemies":"Collector","floor":33.0,"turns":6.0},{"damage":30.0,"enemies":"3 Darklings","floor":35.0,"turns":5.0},{"damage":0.0,"enemies":"Orb Walker","floor":37.0,"turns":3.0},{"damage":7.0,"enemies":"Jaw Worm Horde","floor":39.0,"turns":3.0},{"damage":10.0,"enemies":"Nemesis","floor":42.0,"turns":5.0},{"damage":5,"enemies":"Maw","floor":44,"turns":5},{"damage":0,"enemies":"Transient","floor":48,"turns":5},{"damage":34,"enemies":"Donu and Deca","floor":50,"turns":6}],"seed_played":"3200603265753335453","potions_obtained":[{"floor":1.0,"key":"Regen Potion"},{"floor":5.0,"key":"BlessingOfTheForge"},{"floor":7.0,"key":"Block Potion"},{"floor":14.0,"key":"Weak Potion"},{"floor":19.0,"key":"GamblersBrew"},{"floor":24.0,"key":"Dexterity Potion"},{"floor":27.0,"key":"Fruit Juice"},{"floor":29.0,"key":"FairyPotion"},{"floor":37.0,"key":"Swift Potion"},{"floor":42.0,"key":"Fruit Juice"},{"floor":48,"key":"FairyPotion"}],"is_trial":false,"path_per_floor":["M","?","M","$","M","R","E","R","T","M","M","E","R","?","R","B",null,"M","M","M","?","$","E","M","M","T","E","$","M","R","M","R","B",null,"M","$","M","$","M","R","?","E","T","M","R","?","?","M","R","B",null],"character_chosen":"IRONCLAD","items_purchased":["Inflame","Shrug It Off","Lee\u0027s Waffle","Shockwave","Pummel","AttackPotion","Heavy Blade","Bag of Preparation"],"campfire_rested":0,"item_purchase_floors":[4,4,28,28,36,36,38,38],"current_hp_per_floor":[54,42,48,48,54,54,44,44,44,50,54,50,50,46,46,39,70,53,45,31,31,31,33,28,34,34,43,92,86,86,84,84,47,81,57,57,63,63,62,62,62,63,63,64,64,64,64,70,70,42],"gold":20,"neow_bonus":"THREE_RARE_CARDS","is_daily":false,"chose_seed":false,"campfire_upgraded":9,"win_rate":0.0,"timestamp":1608024479,"path_taken":["M","?","M","$","M","R","E","R","T","M","M","E","R","?","R","BOSS","M","M","M","?","$","E","?","M","T","E","$","M","R","M","R","BOSS","M","$","M","$","M","R","?","E","T","M","R","?","?","M","R","BOSS"],"items_purchased_type":["Card","Card","Relic","Card","Card","Potion","Card","Relic"],"build_version":"2020-12-13","purchased_purges":3,"victory":true,"max_hp_per_floor":[80,80,80,80,80,80,80,80,80,80,80,80,80,80,80,80,80,80,80,80,80,80,80,80,80,80,85,92,92,92,92,92,92,92,92,92,92,92,92,92,92,97,97,97,97,92,92,92,92,92],"card_choices":[{"not_picked":["Berserk","Exhume"],"picked":"Impervious","floor":0.0},{"not_picked":["Ghostly Armor","Warcry"],"picked":"Twin Strike","floor":1.0},{"not_picked":["Warcry","Brutality"],"picked":"Sword Boomerang","floor":3.0},{"not_picked":["Headbutt","Shockwave"],"picked":"True Grit","floor":5.0},{"not_picked":["Blood for Blood","Anger"],"picked":"Pommel Strike","floor":7.0},{"not_picked":["Thunderclap","Pommel Strike","Fire Breathing"],"picked":"Armaments","floor":10.0},{"not_picked":["Headbutt","Reckless Charge","Wild Strike"],"picked":"Demon Form","floor":11.0},{"not_picked":["Perfected Strike","Pommel Strike","Sentinel"],"picked":"Shrug It Off","floor":12.0},{"not_picked":["Juggernaut","Feed","Double Tap"],"picked":"Limit Break","floor":16.0},{"not_picked":["Body Slam","Iron Wave","Havoc","Cleave"],"picked":"SKIP","floor":18.0},{"not_picked":["Headbutt+1","Bloodletting","Disarm+1","Havoc"],"picked":"SKIP","floor":19.0},{"not_picked":["Entrench","Reckless Charge+1","Shrug It Off"],"picked":"Flame Barrier","floor":20.0},{"not_picked":["Headbutt+1","Clash+1","Feel No Pain"],"picked":"Perfected Strike","floor":23.0},{"not_picked":["Pommel Strike","Cleave+1","Hemokinesis"],"picked":"Perfected Strike","floor":24.0},{"not_picked":["Havoc","Armaments","Combust+1"],"picked":"Evolve","floor":25.0},{"not_picked":["Evolve+1","Combust","Offering","Clash"],"picked":"SKIP","floor":27.0},{"not_picked":["Clash","Searing Blow","Sword Boomerang","Combust+1"],"picked":"SKIP","floor":29.0},{"not_picked":["Body Slam","Dropkick","Thunderclap","Cleave"],"picked":"SKIP","floor":31.0},{"not_picked":["Barricade","Corruption","Berserk"],"picked":"Fiend Fire","floor":33.0},{"not_picked":["Rampage","Spot Weakness","Clash+1"],"picked":"Uppercut","floor":35.0},{"not_picked":["Battle Trance+1","True Grit","Sword Boomerang","Headbutt+1"],"picked":"SKIP","floor":37.0},{"not_picked":["Intimidate","Thunderclap","Reckless Charge+1"],"picked":"Perfected Strike+1","floor":39.0},{"not_picked":["Warcry+1","Reckless Charge+1","Wild Strike+1"],"picked":"Uppercut","floor":42.0},{"not_picked":["Armaments","Berserk","Intimidate+1"],"picked":"Heavy Blade","floor":44},{"not_picked":["Headbutt","Warcry","Shrug It Off","Anger+1"],"picked":"SKIP","floor":48}],"player_experience":133883,"relics_obtained":[{"floor":7.0,"key":"Vajra"},{"floor":9.0,"key":"Question Card"},{"floor":12.0,"key":"Darkstone Periapt"},{"floor":14.0,"key":"MawBank"},{"floor":23.0,"key":"Potion Belt"},{"floor":26.0,"key":"Regal Pillow"},{"floor":27.0,"key":"Art of War"},{"floor":42.0,"key":"Anchor"},{"floor":43.0,"key":"Nunchaku"}],"event_choices":[{"damage_healed":0.0,"max_hp_gain":0.0,"max_hp_loss":0.0,"gold_gain":0.0,"event_name":"Scrap Ooze","player_choice":"Success","floor":2.0,"gold_loss":0.0,"damage_taken":12.0,"relics_obtained":["HornCleat"]},{"damage_healed":0.0,"max_hp_gain":0.0,"max_hp_loss":0.0,"gold_gain":0.0,"event_name":"Dead Adventurer","player_choice":"Searched \u00271\u0027 times","floor":14.0,"gold_loss":0.0,"damage_taken":0.0},{"damage_healed":0.0,"max_hp_gain":0.0,"max_hp_loss":0.0,"gold_gain":100.0,"event_name":"Golden Shrine","player_choice":"Pray","floor":21.0,"gold_loss":0.0,"damage_taken":0.0},{"cards_removed":["Evolve"],"damage_healed":0.0,"max_hp_gain":0.0,"max_hp_loss":0.0,"gold_gain":0.0,"event_name":"Falling","player_choice":"Removed Power","floor":41.0,"gold_loss":0.0,"damage_taken":0.0},{"damage_healed":0,"gold_gain":0,"player_choice":"Max HP","damage_taken":0,"max_hp_gain":0,"max_hp_loss":5,"event_name":"Winding Halls","floor":46,"gold_loss":0},{"damage_healed":0,"gold_gain":0,"player_choice":"Paid","damage_taken":0,"relics_obtained":["Red Mask"],"max_hp_gain":0,"max_hp_loss":0,"event_name":"Tomb of Lord Red Mask","floor":47,"gold_loss":60}],"is_beta":false,"boss_relics":[{"not_picked":["Black Blood","Fusion Hammer"],"picked":"Snecko Eye"},{"not_picked":["Astrolabe","Tiny House"],"picked":"SlaversCollar"}],"items_purged_floors":[22,28,36],"is_endless":false,"potions_floor_spawned":[1,5,7,14,19,20,24,27,29,37,39,42,48],"ascension_level":10}}