{"host":"q5vpntglr38zhb0c","time":1608012572,"event":{"mods":["BaseMod","Colored Map","DeckTracker","Keyboard Shortcuts","Minty Spire (QoL Compilation)","Permanent Neow","StSLib","SuperFastMode","everything is the same but u backflip on backflip"],"gold_per_floor":[115,129,204,204,204,204,204,223,246,264,264,264,278,291,291,364,364,383,396,409,419,439,439,465,348,348,366,382,109,109,124,124,201,201,215,215,228,240,253,278,153,173,173,207,207,235,235,252,252,252,252,252,252,17,44,44],"floor_reached":57,"playtime":1915,"items_purged":["Blade Dance","Bane","Defend_G","Neutralize"],"score":3440,"play_id":"8b6a40ae-b675-4408-b761-e5b0cf51a3aa","local_time":"20201215150932","is_ascension_mode":true,"campfire_choices":[{"floor":7.0,"key":"REST"},{"data":"Noxious Fumes","floor":12.0,"key":"SMITH"},{"data":"Prepared","floor":15.0,"key":"SMITH"},{"data":"Tactician","floor":23.0,"key":"SMITH"},{"data":"Well Laid Plans","floor":30.0,"key":"SMITH"},{"floor":32.0,"key":"RECALL"},{"data":"Adrenaline","floor":45.0,"key":"SMITH"},{"data":"Reflex","floor":47.0,"key":"SMITH"},{"data":"Backflip","floor":49.0,"key":"SMITH"},{"data":"Survivor","floor":53.0,"key":"SMITH"}],"circlet_count":0,"master_deck":["AscendersBane","Survivor+1","Noxious Fumes+1","PiercingWail","Backflip+1","Prepared+1","Grand Finale","Endless Agony+1","Acrobatics+1","Calculated Gamble+1","Tactician+1","Acrobatics+1","Well Laid Plans+1","Reflex+1","Adrenaline+1"],"relics":["Ring of the Snake","Potion Belt","Happy Flower","Astrolabe","Pantograph","TheAbacus","Empty Cage","Darkstone Periapt","Pen Nib","Eternal Feather","Torii","Nunchaku","Boot"],"acts_visited":["Exordium","TheCity","TheBeyond","TheEnding"],"potions_floor_usage":[56,56,56,56,56],"damage_taken":[{"damage":5.0,"enemies":"Small Slimes","floor":1.0,"turns":5.0},{"damage":3.0,"enemies":"2 Louse","floor":2.0,"turns":3.0},{"damage":0.0,"enemies":"Lagavulin","floor":6.0,"turns":1.0},{"damage":2.0,"enemies":"Cultist","floor":8.0,"turns":5.0},{"damage":0.0,"enemies":"Looter","floor":10.0,"turns":3.0},{"damage":8.0,"enemies":"Red Slaver","floor":13.0,"turns":4.0},{"damage":6.0,"enemies":"Gremlin Gang","floor":14.0,"turns":5.0},{"damage":3.0,"enemies":"Hexaghost","floor":16.0,"turns":10.0},{"damage":0.0,"enemies":"3 Byrds","floor":18.0,"turns":2.0},{"damage":0.0,"enemies":"Spheric Guardian","floor":19.0,"turns":1.0},{"damage":0.0,"enemies":"Snake Plant","floor":20.0,"turns":2.0},{"damage":0.0,"enemies":"Centurion and Healer","floor":21.0,"turns":4.0},{"damage":0.0,"enemies":"3 Cultists","floor":22.0,"turns":2.0},{"damage":0.0,"enemies":"Book of Stabbing","floor":24.0,"turns":3.0},{"damage":1.0,"enemies":"Snake Plant","floor":27.0,"turns":2.0},{"damage":0.0,"enemies":"Chosen and Byrds","floor":28.0,"turns":1.0},{"damage":0.0,"enemies":"Snecko","floor":31.0,"turns":2.0},{"damage":0.0,"enemies":"Collector","floor":33.0,"turns":2.0},{"damage":0.0,"enemies":"3 Darklings","floor":35.0,"turns":1.0},{"damage":0.0,"enemies":"3 Shapes","floor":37.0,"turns":1.0},{"damage":0.0,"enemies":"Transient","floor":38.0,"turns":2.0},{"damage":0.0,"enemies":"Spire Growth","floor":39.0,"turns":2.0},{"damage":0.0,"enemies":"Nemesis","floor":40.0,"turns":1.0},{"damage":0.0,"enemies":"Jaw Worm Horde","floor":42.0,"turns":1.0},{"damage":0.0,"enemies":"Giant Head","floor":44.0,"turns":1.0},{"damage":0.0,"enemies":"Nemesis","floor":46.0,"turns":1.0},{"damage":0.0,"enemies":"Maw","floor":48.0,"turns":1.0},{"damage":0.0,"enemies":"Time Eater","floor":50.0,"turns":2.0},{"damage":0.0,"enemies":"Awakened One","floor":51.0,"turns":2.0},{"damage":0.0,"enemies":"Shield and Spear","floor":55.0,"turns":1.0},{"damage":0,"enemies":"The Heart","floor":56,"turns":4}],"seed_played":"-4483784656063231949","potions_obtained":[{"floor":1.0,"key":"SmokeBomb"},{"floor":2.0,"key":"Weak Potion"},{"floor":14.0,"key":"GhostInAJar"},{"floor":18.0,"key":"SkillPotion"},{"floor":20.0,"key":"DuplicationPotion"},{"floor":21.0,"key":"EntropicBrew"},{"floor":33.0,"key":"Explosive Potion"},{"floor":38.0,"key":"PowerPotion"},{"floor":40.0,"key":"Fire Potion"},{"floor":48.0,"key":"FearPotion"}],"is_trial":false,"path_per_floor":["M","M","?","?","?","E","R","M","T","M","?","R","M","M","R","B",null,"M","M","M","M","M","R","E","$","T","M","M","$","R","M","R","B",null,"M","T","M","M","M","E","$","M","T","E","R","E","R","M","R","B","B",null,"R","$","E","B",null],"character_chosen":"THE_SILENT","items_purchased":["Reflex","TheAbacus","LiquidMemories"],"campfire_rested":1,"item_purchase_floors":[25,29,54],"current_hp_per_floor":[39,36,25,7,7,7,26,24,24,24,24,24,16,10,10,7,51,51,51,51,51,51,51,51,51,51,50,50,50,50,50,50,66,66,66,66,66,66,66,66,66,66,66,66,66,66,66,66,66,66,66,66,66,66,66,66],"gold":44,"neow_bonus":"REMOVE_TWO","is_daily":false,"chose_seed":false,"campfire_upgraded":8,"win_rate":0.0,"timestamp":1608012572,"path_taken":["M","M","?","?","?","E","R","?","T","M","?","R","?","M","R","BOSS","M","?","?","M","M","R","E","$","T","M","M","$","R","M","R","BOSS","M","?","M","M","?","E","$","M","T","E","R","E","R","M","R","BOSS","BOSS","R","$","E","BOSS"],"items_purchased_type":["Card","Relic","Potion"],"build_version":"2020-12-13","purchased_purges":4,"victory":true,"max_hp_per_floor":[66,66,66,66,66,66,66,66,66,66,66,66,66,66,66,66,66,66,66,66,66,66,66,66,66,66,66,66,66,66,66,66,66,66,66,66,66,66,66,66,66,66,66,66,66,66,66,66,66,66,66,66,66,66,66,66],"card_choices":[{"not_picked":["Well Laid Plans","Endless Agony"],"picked":"Noxious Fumes","floor":1.0},{"not_picked":["Tactician","Deflect"],"picked":"PiercingWail","floor":2.0},{"not_picked":["Slice","Quick Slash"],"picked":"Blade Dance","floor":8.0},{"not_picked":["Predator","Deflect"],"picked":"Backflip","floor":10.0},{"not_picked":["Dagger Spray","Predator"],"picked":"Prepared","floor":13.0},{"not_picked":["Flying Knee","Distraction","Cloak And Dagger"],"picked":"SKIP","floor":14.0},{"not_picked":["Storm of Steel","Adrenaline"],"picked":"Grand Finale","floor":16.0},{"not_picked":["All Out Attack","Outmaneuver"],"picked":"Tactician","floor":18.0},{"not_picked":["Blade Dance","Slice","Quick Slash"],"picked":"SKIP","floor":19.0},{"not_picked":["Catalyst","Bane+1"],"picked":"Acrobatics+1","floor":20.0},{"not_picked":["Flying Knee","Prepared","Blade Dance"],"picked":"SKIP","floor":21.0},{"not_picked":["Bane+1","Poisoned Stab","PiercingWail"],"picked":"SKIP","floor":22.0},{"not_picked":["Finisher","Accuracy"],"picked":"Well Laid Plans","floor":24.0},{"not_picked":["Deflect","Masterful Stab","Slice"],"picked":"SKIP","floor":27.0},{"not_picked":["Deadly Poison","Prepared","Concentrate"],"picked":"SKIP","floor":28.0},{"not_picked":["Infinite Blades","A Thousand Cuts","Deadly Poison"],"picked":"SKIP","floor":31.0},{"not_picked":["Night Terror","Phantasmal Killer"],"picked":"Adrenaline","floor":33.0},{"not_picked":["Footwork","Sucker Punch","Deadly Poison"],"picked":"SKIP","floor":35.0},{"not_picked":["Underhanded Strike","Setup+1","Outmaneuver"],"picked":"SKIP","floor":37.0},{"not_picked":["Choke","Prepared","Poisoned Stab"],"picked":"SKIP","floor":38.0},{"not_picked":["Quick Slash","Endless Agony","Dagger Throw"],"picked":"SKIP","floor":39.0},{"not_picked":["Riddle With Holes","Well Laid Plans","Dagger Throw+1"],"picked":"SKIP","floor":40.0},{"not_picked":["Slice","Bouncing Flask","Deflect"],"picked":"SKIP","floor":42.0},{"not_picked":["Slice","Bouncing Flask","Deflect"],"picked":"SKIP","floor":42.0},{"not_picked":["Dagger Throw","Leg Sweep+1","Predator"],"picked":"SKIP","floor":44.0},{"not_picked":["Burst","Underhanded Strike","Prepared+1"],"picked":"SKIP","floor":46.0},{"not_picked":["Burst","Underhanded Strike","Prepared+1"],"picked":"SKIP","floor":46.0},{"not_picked":["Poisoned Stab+1","Flying Knee","Catalyst+1"],"picked":"SKIP","floor":48.0},{"not_picked":["Backflip","Dagger Spray","Terror+1"],"picked":"SKIP","floor":55.0}],"player_experience":1288160,"relics_obtained":[{"floor":9.0,"key":"Happy Flower"},{"floor":24.0,"key":"Pantograph"},{"floor":36.0,"key":"Darkstone Periapt"},{"floor":40.0,"key":"Pen Nib"},{"floor":43.0,"key":"Eternal Feather"},{"floor":44.0,"key":"Torii"},{"floor":46.0,"key":"Nunchaku"},{"floor":55.0,"key":"Boot"}],"event_choices":[{"damage_healed":0.0,"max_hp_gain":0.0,"max_hp_loss":0.0,"gold_gain":75.0,"event_name":"World of Goop","player_choice":"Gather Gold","floor":3.0,"gold_loss":0.0,"damage_taken":11.0},{"damage_healed":0.0,"max_hp_gain":0.0,"max_hp_loss":0.0,"gold_gain":0.0,"event_name":"Scrap Ooze","player_choice":"Success","floor":4.0,"gold_loss":0.0,"damage_taken":18.0,"relics_obtained":["Potion Belt"]},{"cards_removed":["Strike_G"],"damage_healed":0.0,"max_hp_gain":0.0,"max_hp_loss":0.0,"gold_gain":0.0,"event_name":"Bonfire Elementals","player_choice":"Offered Basic","floor":5.0,"gold_loss":0.0,"damage_taken":0.0},{"damage_healed":0.0,"max_hp_gain":0.0,"max_hp_loss":0.0,"gold_gain":0.0,"cards_transformed":["Strike_G"],"event_name":"Transmorgrifier","player_choice":"Transformed","floor":11.0,"gold_loss":0.0,"damage_taken":0.0,"cards_obtained":["Bane"]}],"is_beta":false,"boss_relics":[{"not_picked":["WristBlade","Velvet Choker"],"picked":"Astrolabe"},{"not_picked":["Calling Bell","Black Star"],"picked":"Empty Cage"}],"items_purged_floors":[25,29,41,54],"is_endless":false,"potions_floor_spawned":[1,2,14,18,20,21,33,38,40,42,48,55],"ascension_level":20}}