{"host":"vxxgntm1odai56nh","time":1608075419,"event":{"mods":["AchievementEnabler","BaseMod","Colored Map","Colored Powertips","Highlight Path","Minty Spire (QoL Compilation)","Permanent Neow","Rare Cards Sparkle","Relic Stats","StSLib"],"gold_per_floor":[217,121,140,158,158,188,204,204,228,228,254,264,31,56,56,155,155,166,166,166,178,277,303,303,338,338,338,338,358,385,144,144,244,244,263,280,280,280,293,323,323,349,349,349,362,412,440,457,457,457],"floor_reached":51,"playtime":5100,"items_purged":["Strike_B","Decay"],"score":986,"play_id":"f2b49124-7c37-4aca-9f1f-4d3623d3da80","local_time":"20201215183659","is_ascension_mode":true,"campfire_choices":[{"data":"Zap","floor":8,"key":"SMITH"},{"data":"Dualcast","floor":10,"key":"SMITH"},{"data":"Hello World","floor":15,"key":"SMITH"},{"data":"Ball Lightning","floor":24,"key":"SMITH"},{"data":"Biased Cognition","floor":27,"key":"SMITH"},{"data":"Defragment","floor":32,"key":"SMITH"},{"data":"Apotheosis","floor":41,"key":"SMITH"},{"data":"Panache","floor":44,"key":"SMITH"},{"data":"Amplify","floor":49,"key":"SMITH"}],"circlet_count":0,"master_deck":["Strike_B","Strike_B","Defend_B","Defend_B","Zap+1","Dualcast+1","Self Repair","Cold Snap","Melter","Conserve Battery","Hologram","Sweeping Beam","Reprogram","Skim","Hello World+1","Capacitor","Biased Cognition+1","Self Repair+1","Thunder Strike","Melter","Coolheaded+1","Ball Lightning+1","Static Discharge","Writhe","Reboot","Seek","Defragment+1","Glacier","Lockon","Rainbow","Force Field+1","Apotheosis+1","Panacea","Panache+1","White Noise+1","Consume+1","Amplify+1"],"relics":["FrozenCore","Smiling Mask","Nunchaku","Akabeko","OrangePellets","Anchor","Vajra","Mercury Hourglass","Question Card","Dream Catcher","Tiny Chest","Coffee Dripper","Blood Vial","TungstenRod","Oddly Smooth Stone","Gambling Chip","Sundial"],"acts_visited":["Exordium","TheCity","TheBeyond"],"potions_floor_usage":[11,16,16,25,25,30,35],"damage_taken":[{"damage":7,"enemies":"Jaw Worm","floor":1,"turns":3},{"damage":4,"enemies":"Cultist","floor":3,"turns":4},{"damage":0,"enemies":"2 Louse","floor":4,"turns":3},{"damage":33,"enemies":"Gremlin Nob","floor":6,"turns":4},{"damage":18,"enemies":"2 Fungi Beasts","floor":7,"turns":3},{"damage":4,"enemies":"Lagavulin","floor":11,"turns":5},{"damage":13,"enemies":"Looter","floor":12,"turns":3},{"damage":26,"enemies":"The Guardian","floor":16,"turns":12},{"damage":16,"enemies":"3 Byrds","floor":18,"turns":6},{"damage":26,"enemies":"2 Thieves","floor":21,"turns":5},{"damage":15,"enemies":"Book of Stabbing","floor":23,"turns":8},{"damage":11,"enemies":"Gremlin Leader","floor":25,"turns":6},{"damage":7,"enemies":"Snecko","floor":29,"turns":5},{"damage":0,"enemies":"Book of Stabbing","floor":30,"turns":5},{"damage":0,"enemies":"Champ","floor":33,"turns":10},{"damage":5,"enemies":"3 Darklings","floor":35,"turns":4},{"damage":0,"enemies":"Orb Walker","floor":36,"turns":3},{"damage":0,"enemies":"Sphere and 2 Shapes","floor":39,"turns":4},{"damage":19,"enemies":"Nemesis","floor":40,"turns":7},{"damage":26,"enemies":"Giant Head","floor":42,"turns":10},{"damage":11,"enemies":"Writhing Mass","floor":45,"turns":6},{"damage":0,"enemies":"Mind Bloom Boss Battle","floor":46,"turns":5},{"damage":0,"enemies":"Nemesis","floor":47,"turns":7},{"damage":9,"enemies":"Spire Growth","floor":48,"turns":4},{"damage":11,"enemies":"Time Eater","floor":50,"turns":10}],"seed_played":"3014824469044797643","potions_obtained":[{"floor":1,"key":"Strength Potion"},{"floor":4,"key":"BlessingOfTheForge"},{"floor":7,"key":"Block Potion"},{"floor":16,"key":"FearPotion"},{"floor":23,"key":"Block Potion"},{"floor":29,"key":"AttackPotion"},{"floor":30,"key":"PotionOfCapacity"},{"floor":33,"key":"DistilledChaos"},{"floor":36,"key":"Strength Potion"},{"floor":40,"key":"Energy Potion"},{"floor":42,"key":"Explosive Potion"}],"is_trial":false,"path_per_floor":["M","$","M","M","?","E","M","R","T","R","E","M","$","T","R","B",null,"M","?","?","M","?","E","R","E","T","R","?","M","E","$","R","B",null,"M","M","?","?","M","E","R","E","T","R","M","?","E","M","R","B",null],"character_chosen":"DEFECT","items_purchased":["Cold Snap","Melter","Capacitor","OrangePellets","Defragment","Glacier","Lockon"],"campfire_rested":0,"item_purchase_floors":[2,2,13,13,31,31,31],"current_hp_per_floor":[68,68,71,75,75,49,38,38,38,38,41,35,35,35,35,16,75,66,66,66,57,57,59,59,58,58,58,58,68,75,75,75,75,75,75,75,75,65,75,73,73,66,66,66,74,75,75,75,75,74],"gold":457,"neow_bonus":"HUNDRED_GOLD","is_daily":false,"chose_seed":false,"campfire_upgraded":9,"win_rate":0.0,"timestamp":1608075419,"path_taken":["M","$","M","M","?","E","?","R","T","R","E","M","$","?","R","BOSS","M","?","?","M","?","E","R","E","T","R","?","?","E","$","R","BOSS","M","M","?","?","M","E","R","E","T","R","M","?","E","M","R","BOSS"],"items_purchased_type":["Card","Card","Card","Relic","Card","Card","Card"],"build_version":"2020-12-13","purchased_purges":2,"victory":true,"max_hp_per_floor":[75,75,75,75,75,75,75,75,75,75,75,75,75,75,75,75,75,75,75,75,75,75,75,75,75,75,75,75,75,75,75,75,75,75,75,75,75,75,75,75,75,75,75,75,75,75,75,75,75,75],"relic_stats":{"counters":[25,142],"Smiling Mask":75,"Question Card":15,"FrozenCore":[40],"Mercury Hourglass":[217],"Blood Vial":5,"OrangePellets":[30],"Nunchaku":[20],"Dream Catcher":0,"Sundial":[2],"Gambling Chip":[9],"Tiny Chest":0,"obtain_stats":[{"Vajra":23,"Oddly Smooth Stone":43,"Smiling Mask":6,"Question Card":26,"Akabeko":11,"FrozenCore":17,"Mercury Hourglass":25,"Blood Vial":40,"OrangePellets":13,"Nunchaku":9,"Anchor":14,"Dream Catcher":28,"Sundial":47,"Gambling Chip":46,"Tiny Chest":30,"Coffee Dripper":34,"Cracked Core":0,"TungstenRod":42},{"Vajra":11,"Oddly Smooth Stone":20,"Smiling Mask":4,"Question Card":12,"Akabeko":6,"FrozenCore":8,"Mercury Hourglass":12,"Blood Vial":19,"OrangePellets":7,"Nunchaku":5,"Anchor":7,"Dream Catcher":12,"Sundial":23,"Gambling Chip":22,"Tiny Chest":14,"Coffee Dripper":15,"Cracked Core":0,"TungstenRod":20},{"Vajra":56,"Oddly Smooth Stone":110,"Smiling Mask":14,"Question Card":62,"Akabeko":22,"FrozenCore":37,"Mercury Hourglass":62,"Blood Vial":100,"OrangePellets":25,"Nunchaku":17,"Anchor":25,"Dream Catcher":62,"Sundial":128,"Gambling Chip":121,"Tiny Chest":72,"Coffee Dripper":82,"Cracked Core":0,"TungstenRod":110}],"TungstenRod":5},"card_choices":[{"not_picked":["Loop","Sweeping Beam"],"picked":"Self Repair","floor":1},{"not_picked":["Hologram","Chaos"],"picked":"Conserve Battery","floor":3},{"not_picked":["Beam Cell","Redo"],"picked":"Hologram","floor":4},{"not_picked":["Leap","Turbo"],"picked":"Sweeping Beam","floor":6},{"not_picked":["Lockon","Steam"],"picked":"Reprogram","floor":7},{"not_picked":["Cold Snap","Barrage"],"picked":"Skim","floor":11},{"not_picked":["Undo","Redo"],"picked":"Hello World","floor":12},{"not_picked":["Meteor Strike","Fission"],"picked":"Biased Cognition","floor":16},{"not_picked":["Genetic Algorithm","Rebound"],"picked":"Self Repair+1","floor":18},{"not_picked":["Turbo","Undo"],"picked":"Coolheaded+1","floor":21},{"not_picked":["Glacier","Rebound"],"picked":"Ball Lightning","floor":23},{"not_picked":["Glacier+1","BootSequence"],"picked":"Static Discharge","floor":25},{"not_picked":["Undo","Rebound+1","Redo"],"picked":"Reboot","floor":29},{"not_picked":["Skim+1","Rebound","Cold Snap+1"],"picked":"Seek","floor":30},{"not_picked":["Seek","Reboot","Biased Cognition"],"picked":"Rainbow","floor":33},{"not_picked":["Streamline","Rebound","Reinforced Body+1"],"picked":"Force Field+1","floor":35},{"not_picked":["Beam Cell","Steam+1","Streamline","Coolheaded"],"picked":"SKIP","floor":36},{"not_picked":["PanicButton","Blind","Enlightenment"],"picked":"Apotheosis","floor":38},{"not_picked":["Good Instincts","Bandage Up","Apotheosis"],"picked":"Panacea","floor":38},{"not_picked":["Flash of Steel","Good Instincts","Enlightenment"],"picked":"Panache","floor":38},{"not_picked":["Stack","Leap+1","Beam Cell","Auto Shields+1"],"picked":"SKIP","floor":39},{"not_picked":["Go for the Eyes","Rebound+1","Conserve Battery"],"picked":"White Noise+1","floor":40},{"not_picked":["White Noise","Chill","Sweeping Beam"],"picked":"Consume+1","floor":42},{"not_picked":["Leap+1","Compile Driver","Barrage"],"picked":"Amplify","floor":45},{"not_picked":["Consume+1","Barrage","Cold Snap+1","Melter"],"picked":"SKIP","floor":47},{"not_picked":["Ball Lightning+1","Streamline","Darkness","Force Field"],"picked":"SKIP","floor":48}],"player_experience":101648,"relics_obtained":[{"floor":6,"key":"Smiling Mask"},{"floor":9,"key":"Nunchaku"},{"floor":11,"key":"Akabeko"},{"floor":14,"key":"Anchor"},{"floor":23,"key":"Vajra"},{"floor":25,"key":"Mercury Hourglass"},{"floor":26,"key":"Question Card"},{"floor":30,"key":"Tiny Chest"},{"floor":40,"key":"Blood Vial"},{"floor":42,"key":"TungstenRod"},{"floor":43,"key":"Oddly Smooth Stone"},{"floor":46,"key":"Gambling Chip"},{"floor":47,"key":"Sundial"}],"event_choices":[{"damage_healed":0,"gold_gain":0,"cards_transformed":["Defend_B"],"player_choice":"Transformed","damage_taken":0,"max_hp_gain":0,"max_hp_loss":0,"event_name":"Transmorgrifier","floor":5,"gold_loss":0,"cards_obtained":["Melter"]},{"damage_healed":0,"gold_gain":0,"player_choice":"Smashed Altar","damage_taken":0,"max_hp_gain":0,"max_hp_loss":0,"event_name":"Forgotten Altar","floor":19,"gold_loss":0,"cards_obtained":["Decay"]},{"damage_healed":0,"gold_gain":0,"cards_transformed":["Defend_B","Strike_B"],"player_choice":"Became Test Subject","damage_taken":0,"max_hp_gain":0,"max_hp_loss":0,"event_name":"Drug Dealer","floor":20,"gold_loss":0,"cards_obtained":["Thunder Strike","Melter"]},{"damage_healed":0,"gold_gain":99,"player_choice":"Stole From Cult","damage_taken":0,"max_hp_gain":0,"max_hp_loss":0,"event_name":"Nest","floor":22,"gold_loss":0},{"damage_healed":0,"gold_gain":0,"player_choice":"Opened","damage_taken":0,"relics_obtained":["Dream Catcher"],"max_hp_gain":0,"max_hp_loss":0,"event_name":"The Mausoleum","floor":28,"gold_loss":0,"cards_obtained":["Writhe"]},{"cards_removed":["Melter"],"damage_healed":0,"gold_gain":0,"player_choice":"Removed Attack","damage_taken":0,"max_hp_gain":0,"max_hp_loss":0,"event_name":"Falling","floor":37,"gold_loss":0},{"damage_healed":0,"gold_gain":0,"player_choice":"Memory 3","damage_taken":10,"max_hp_gain":0,"max_hp_loss":0,"event_name":"SensoryStone","floor":38,"gold_loss":0},{"damage_healed":0,"gold_gain":0,"player_choice":"Fight","damage_taken":0,"max_hp_gain":0,"max_hp_loss":0,"event_name":"MindBloom","floor":46,"gold_loss":0}],"is_beta":false,"boss_relics":[{"not_picked":["Busted Crown","SacredBark"],"picked":"FrozenCore"},{"not_picked":["Philosopher\u0027s Stone","Fusion Hammer"],"picked":"Coffee Dripper"}],"items_purged_floors":[13,31],"is_endless":false,"potions_floor_spawned":[1,4,7,16,23,29,30,33,36,40,42],"ascension_level":2}}