{"host":"mkv3lj8gfkr85ioo","time":1608034006,"event":{"mods":["AchievementEnabler","BaseMod","Colored Map","Minty Spire (QoL Compilation)","SuperFastMode"],"gold_per_floor":[111,56,56,56,79,114,138,138,138,163,183,203,203,168,168,266,266,281,281,301,140,140,140,163,163,189,114,114,137,137,83,83,176,176,197,197,197,141,155,155,170,170,170,503,516,79,79,90,90,90,90],"floor_reached":52,"playtime":1687,"items_purged":["Writhe"],"score":1950,"play_id":"b7ea72b1-add5-4702-9f18-0ffbdc9e0127","local_time":"20201215210646","is_ascension_mode":true,"campfire_choices":[{"data":"Bash","floor":8.0,"key":"SMITH"},{"data":"Inflame","floor":13.0,"key":"SMITH"},{"data":"Flame Barrier","floor":15.0,"key":"SMITH"},{"data":"Barricade","floor":23.0,"key":"SMITH"},{"data":"Second Wind","floor":28.0,"key":"SMITH"},{"data":"Power Through","floor":30.0,"key":"SMITH"},{"floor":32.0,"key":"REST"},{"data":"Body Slam","floor":40.0,"key":"SMITH"},{"data":"Battle Trance","floor":42.0,"key":"SMITH"},{"data":"Evolve","floor":49,"key":"SMITH"}],"circlet_count":0,"master_deck":["AscendersBane","Strike_R","Strike_R","Strike_R","Defend_R","Defend_R","Defend_R","Defend_R","Bash+1","Wild Strike","Shrug It Off","Inflame+1","Flame Barrier+1","Barricade+1","Second Wind+1","Battle Trance+1","Power Through+1","Juggernaut","Evolve+1","Body Slam+1"],"relics":["Black Blood","NeowsBlessing","Pocketwatch","Paper Frog","Philosopher\u0027s Stone","Omamori","Juzu Bracelet","Meat on the Bone","Sundial","Gambling Chip"],"acts_visited":["Exordium","TheCity","TheBeyond"],"potions_floor_usage":[51,51],"damage_taken":[{"damage":0.0,"enemies":"2 Louse","floor":1.0,"turns":1.0},{"damage":0.0,"enemies":"Jaw Worm","floor":5.0,"turns":1.0},{"damage":0.0,"enemies":"Gremlin Nob","floor":6.0,"turns":1.0},{"damage":2.0,"enemies":"Small Slimes","floor":7.0,"turns":4.0},{"damage":4.0,"enemies":"Looter","floor":10.0,"turns":3.0},{"damage":0.0,"enemies":"Large Slime","floor":11.0,"turns":6.0},{"damage":30.0,"enemies":"Gremlin Gang","floor":12.0,"turns":4.0},{"damage":0.0,"enemies":"Slime Boss","floor":16.0,"turns":5.0},{"damage":32.0,"enemies":"2 Thieves","floor":18.0,"turns":4.0},{"damage":8.0,"enemies":"Chosen","floor":20.0,"turns":4.0},{"damage":27.0,"enemies":"Snake Plant","floor":24.0,"turns":4.0},{"damage":58.0,"enemies":"Shelled Parasite and Fungi","floor":29.0,"turns":5.0},{"damage":28.0,"enemies":"Automaton","floor":33.0,"turns":25.0},{"damage":51.0,"enemies":"3 Darklings","floor":35.0,"turns":9.0},{"damage":0.0,"enemies":"3 Shapes","floor":39.0,"turns":6.0},{"damage":13.0,"enemies":"Jaw Worm Horde","floor":41.0,"turns":5.0},{"damage":11.0,"enemies":"4 Shapes","floor":45.0,"turns":8.0},{"damage":16,"enemies":"3 Darklings","floor":48,"turns":5},{"damage":26,"enemies":"Donu and Deca","floor":50,"turns":10},{"damage":41,"enemies":"Time Eater","floor":51,"turns":11}],"seed_played":"1207146540873506601","potions_obtained":[{"floor":5.0,"key":"BlessingOfTheForge"},{"floor":6.0,"key":"PowerPotion"},{"floor":20.0,"key":"EssenceOfSteel"},{"floor":24.0,"key":"Regen Potion"},{"floor":33.0,"key":"Strength Potion"},{"floor":39.0,"key":"CultistPotion"},{"floor":45.0,"key":"SmokeBomb"}],"is_trial":false,"path_per_floor":["M","$","?","?","M","E","M","R","T","M","M","M","R","?","R","B",null,"M","?","M","$","?","R","M","?","T","?","R","M","R","$","R","B",null,"M","?","?","$","M","R","M","R","T","?","M","$","?","M","R","B","B",null],"character_chosen":"IRONCLAD","items_purchased":["Shrug It Off","Second Wind","Energy Potion","Body Slam","Gambling Chip","SpeedPotion","Swift Potion"],"campfire_rested":1,"item_purchase_floors":[2,21,31,38,46,46,46],"current_hp_per_floor":[74,74,67,41,47,53,57,57,57,59,65,41,41,59,59,65,73,47,47,45,45,45,45,24,75,75,75,75,35,35,35,57,35,65,26,26,26,26,50,50,61,61,61,61,62,62,62,58,58,56,39],"gold":90,"neow_bonus":"THREE_ENEMY_KILL","is_daily":false,"chose_seed":false,"campfire_upgraded":9,"win_rate":0.0,"timestamp":1608034006,"path_taken":["M","$","?","?","M","E","?","R","T","M","M","M","R","?","R","BOSS","M","?","M","$","?","R","M","?","T","?","R","M","R","$","R","BOSS","M","?","?","$","M","R","M","R","T","?","M","$","?","M","R","BOSS","BOSS"],"items_purchased_type":["Card","Card","Potion","Card","Relic","Potion","Potion"],"build_version":"2020-12-13","purchased_purges":1,"victory":true,"max_hp_per_floor":[75,75,75,75,75,75,75,75,75,75,75,75,75,75,75,75,75,75,75,75,75,75,75,75,75,75,75,75,75,75,75,75,75,75,75,75,75,75,75,75,75,75,75,75,75,75,75,75,75,75,75],"card_choices":[{"not_picked":["Dark Embrace","Pummel"],"picked":"Wild Strike","floor":1.0},{"not_picked":["Twin Strike","Clash","Havoc"],"picked":"SKIP","floor":5.0},{"not_picked":["Exhume","Wild Strike","Heavy Blade"],"picked":"SKIP","floor":6.0},{"not_picked":["Pummel","Sentinel","Cleave"],"picked":"SKIP","floor":7.0},{"not_picked":["Headbutt","Sentinel","Twin Strike"],"picked":"SKIP","floor":10.0},{"not_picked":["Cleave","Rampage"],"picked":"Inflame","floor":11.0},{"not_picked":["Ghostly Armor","Inflame"],"picked":"Flame Barrier","floor":12.0},{"not_picked":["Reaper","Corruption"],"picked":"Barricade","floor":16.0},{"not_picked":["Thunderclap","Sever Soul","Sword Boomerang+1"],"picked":"SKIP","floor":18.0},{"not_picked":["Clothesline+1","Seeing Red","Pummel"],"picked":"SKIP","floor":20.0},{"not_picked":["Cleave+1","Sword Boomerang"],"picked":"Battle Trance","floor":24.0},{"not_picked":["Thunderclap","Carnage+1"],"picked":"Power Through","floor":29.0},{"not_picked":["Exhume","Brutality"],"picked":"Juggernaut","floor":33.0},{"not_picked":["Wild Strike","Anger"],"picked":"Evolve","floor":35.0},{"not_picked":["Intimidate","Sword Boomerang+1","Twin Strike"],"picked":"SKIP","floor":39.0},{"not_picked":["Clash","True Grit+1","Seeing Red"],"picked":"SKIP","floor":41.0},{"not_picked":["Headbutt","Shrug It Off","Warcry"],"picked":"SKIP","floor":45.0},{"not_picked":["Armaments+1","Havoc+1","Double Tap"],"picked":"SKIP","floor":48}],"player_experience":149680,"relics_obtained":[{"floor":6.0,"key":"Pocketwatch"},{"floor":9.0,"key":"Paper Frog"},{"floor":26.0,"key":"Juzu Bracelet"},{"floor":43.0,"key":"Sundial"}],"event_choices":[{"cards_removed":["Strike_R"],"damage_healed":0.0,"max_hp_gain":0.0,"max_hp_loss":0.0,"gold_gain":0.0,"event_name":"Golden Wing","player_choice":"Card Removal","floor":3.0,"gold_loss":0.0,"damage_taken":7.0},{"damage_healed":0.0,"max_hp_gain":0.0,"max_hp_loss":0.0,"gold_gain":0.0,"event_name":"Golden Idol","player_choice":"Take Damage","floor":4.0,"gold_loss":0.0,"damage_taken":26.0,"relics_obtained":["Golden Idol"]},{"damage_healed":18.0,"max_hp_gain":0.0,"max_hp_loss":0.0,"gold_gain":0.0,"event_name":"The Cleric","player_choice":"Healed","floor":14.0,"gold_loss":35.0,"damage_taken":0.0},{"damage_healed":0.0,"max_hp_gain":0.0,"max_hp_loss":0.0,"gold_gain":0.0,"event_name":"The Mausoleum","player_choice":"Opened","floor":19.0,"gold_loss":0.0,"damage_taken":0.0,"relics_obtained":["Omamori"],"cards_obtained":["Writhe"]},{"damage_healed":0.0,"max_hp_gain":0.0,"max_hp_loss":0.0,"gold_gain":0.0,"event_name":"Ghosts","player_choice":"Ignored","floor":22.0,"gold_loss":0.0,"damage_taken":0.0},{"damage_healed":51.0,"max_hp_gain":0.0,"max_hp_loss":0.0,"gold_gain":0.0,"event_name":"Wheel of Change","player_choice":"Full Heal","floor":25.0,"gold_loss":0.0,"damage_taken":0.0},{"cards_removed":["Strike_R"],"damage_healed":0.0,"max_hp_gain":0.0,"max_hp_loss":0.0,"gold_gain":0.0,"event_name":"Beggar","player_choice":"Gave Gold","floor":27.0,"gold_loss":75.0,"damage_taken":0.0},{"damage_healed":0.0,"max_hp_gain":0.0,"max_hp_loss":0.0,"gold_gain":0.0,"event_name":"WeMeetAgain","player_choice":"Gave Potion","floor":36.0,"gold_loss":0.0,"damage_taken":0.0,"relics_obtained":["Meat on the Bone"]},{"damage_healed":0.0,"max_hp_gain":0.0,"max_hp_loss":0.0,"gold_gain":0.0,"event_name":"Mysterious Sphere","player_choice":"Ignored","floor":37.0,"gold_loss":0.0,"damage_taken":0.0},{"damage_healed":0.0,"max_hp_gain":0.0,"max_hp_loss":0.0,"gold_gain":333.0,"event_name":"The Moai Head","player_choice":"Gave Idol","floor":44.0,"relics_lost":["Golden Idol"],"gold_loss":0.0,"damage_taken":0.0},{"damage_healed":0,"gold_gain":0,"player_choice":"0 cards matched","damage_taken":0,"max_hp_gain":0,"max_hp_loss":0,"event_name":"Match and Keep!","floor":47,"gold_loss":0,"cards_obtained":[]}],"is_beta":false,"boss_relics":[{"not_picked":["Cursed Key","Calling Bell"],"picked":"Philosopher\u0027s Stone"},{"not_picked":["Snecko Eye","Fusion Hammer"],"picked":"Black Blood"}],"items_purged_floors":[21],"is_endless":false,"potions_floor_spawned":[5,6,7,20,24,33,39,45],"ascension_level":20}}