{"host":"keq0h3zgiuz4rmh9","time":1608000663,"event":{"mods":["AchievementEnabler","BaseMod","BetterRewards","Downfall","Duelist Mod","GifTheSpireLib","Hermit","Minty Spire (QoL Compilation)","Replay The Spire","StSLib","The Cursed","The Necromancer"],"gold_per_floor":[135,135,153,173,134,134,147,160,160,160,177,177,209,226,226,324,324,341,359,120,140,160,160,175,204,249,265,285,285,285],"floor_reached":29,"playtime":3370,"items_purged":["theDuelist:CastleWalls"],"score":378,"play_id":"b2ef07f5-e5d8-45a5-8abb-d5379ea911dc","local_time":"20201214215103","is_ascension_mode":false,"campfire_choices":[{"floor":6,"key":"REST"},{"floor":12,"key":"REST"},{"data":"theDuelist:Monokeros","floor":15,"key":"SMITH"},{"data":"theDuelist:CatapultTurtle","floor":23,"key":"SMITH"}],"circlet_count":0,"master_deck":["theDuelist:SevenColoredFish","theDuelist:SevenColoredFish","theDuelist:AquaSpirit","theDuelist:IslandTurtle","theDuelist:IslandTurtle","theDuelist:RevivalJam","theDuelist:Sparks","theDuelist:Sparks","theDuelist:GraydleSlimeJr","theDuelist:Monokeros+1","theDuelist:GraydleDragon","theDuelist:SangaWater","theDuelist:BlizzardThunderbird","theDuelist:FuriousSeaKing","theDuelist:IslandTurtle","theDuelist:CatapultTurtle+1","theDuelist:GishkiZielgigas","theDuelist:GraydleSlime","theDuelist:EvigishkiTetrogre","theDuelist:MermaidKnight","theDuelist:TripodFish+1","theDuelist:MorayGreed","theDuelist:GishkiAriel+1","theDuelist:NimbleAngler","theDuelist:CorrodingShark","theDuelist:AbyssWarrior"],"relics":["theDuelist:MillenniumPuzzle","theDuelist:CardPoolRelic","theDuelist:CardPoolBasicRelic","theDuelist:BoosterPackPoolRelic","theDuelist:CardPoolAddRelic","theDuelist:CardPoolMinusRelic","theDuelist:CardPoolSaveRelic","theDuelist:CardPoolOptionsRelic","theDuelist:SummonAnchor","theDuelist:PointPass","Mummified Hand","Iron Hammer","Replay:Grab Bag","ReplayTheSpireMod:DimensionalGlitch","ChewingGum","SlaversCollar","Runic Pyramid","theDuelist:CardRewardRelicH","Solar Panel","King of Hearts"],"acts_visited":["Exordium","TheCity"],"potions_floor_usage":[11,16,16,21,25],"damage_taken":[{"damage":0,"enemies":"Jaw Worm","floor":1,"turns":5},{"damage":0,"enemies":"Cultist","floor":3,"turns":4},{"damage":4,"enemies":"2 Louse","floor":4,"turns":4},{"damage":3,"enemies":"2 Fungi Beasts","floor":7,"turns":4},{"damage":1,"enemies":"Looter","floor":8,"turns":4},{"damage":6,"enemies":"3 Louse","floor":11,"turns":3},{"damage":15,"enemies":"Lagavulin","floor":13,"turns":6},{"damage":7,"enemies":"Gremlin Gang","floor":14,"turns":6},{"damage":42,"enemies":"Fading Forest","floor":16,"turns":11},{"damage":7,"enemies":"Spheric Guardian","floor":18,"turns":3},{"damage":0,"enemies":"3 Byrds","floor":19,"turns":2},{"damage":0,"enemies":"Snake Plant","floor":21,"turns":4},{"damage":0,"enemies":"Cultist and Chosen","floor":22,"turns":5},{"damage":33,"enemies":"Shelled Parasite and Fungi","floor":24,"turns":4},{"damage":0,"enemies":"theDuelist:KaibaA2","floor":25,"turns":3},{"damage":6,"enemies":"3 Cultists","floor":27,"turns":3},{"damage":11,"enemies":"Sentry and Sphere","floor":28,"turns":4},{"damage":30,"enemies":"Centurion and Healer","floor":29,"turns":2}],"seed_played":"4540242784311879505","potions_obtained":[{"floor":1,"key":"LifebloodPotion"},{"floor":11,"key":"theDuelist:TokenPotionB"},{"floor":14,"key":"theDuelist:CoolBottle"},{"floor":16,"key":"AttackPotion"},{"floor":19,"key":"theDuelist:WhiteBottle"},{"floor":22,"key":"theDuelist:TokenPotion"},{"floor":24,"key":"Energy Potion"},{"floor":27,"key":"LiquidBronze"}],"is_trial":false,"path_per_floor":["M","?","M","M","$","R","M","M","T","?","M","R","E","M","R","B",null,"M","M","$","M","M","R","M","E","T","M","M","M"],"character_chosen":"THE_DUELIST","items_purchased":["theDuelist:GraydleSlimeJr","theDuelist:Monokeros","theDuelist:PointPass","theDuelist:FuriousSeaKing","theDuelist:IslandTurtle","theDuelist:CatapultTurtle","theDuelist:GishkiZielgigas","theDuelist:CardRewardRelicH"],"campfire_rested":2,"item_purchase_floors":[0,0,5,5,5,5,5,20],"current_hp_per_floor":[69,63,63,59,59,80,77,76,76,76,70,80,65,58,58,16,80,73,73,73,73,73,73,40,40,40,34,23,0,0],"gold":285,"neow_bonus":"","is_daily":false,"chose_seed":false,"campfire_upgraded":2,"win_rate":0.0,"timestamp":1608000663,"path_taken":["M","?","M","?","$","R","M","M","T","?","M","R","E","M","R","BOSS","M","?","?","M","M","R","M","E","T","M","M","?"],"items_purchased_type":["Card","Card","Relic","Card","Card","Card","Card","Relic"],"build_version":"2020-12-13","purchased_purges":1,"victory":false,"max_hp_per_floor":[80,80,80,80,80,80,80,80,80,80,80,80,80,80,80,80,80,80,80,80,80,80,80,80,80,80,80,80,80,80],"card_choices":[{"not_picked":["theDuelist:LeviairSeaDragon","theDuelist:Dewdark","theDuelist:CatShark","theDuelist:GishkiAriel"],"picked":"theDuelist:GraydleDragon","floor":1},{"not_picked":["theDuelist:Fissure","theDuelist:GilfordLegend","theDuelist:GishkiMarker","theDuelist:SmashingGround"],"picked":"theDuelist:SangaWater","floor":3},{"not_picked":["theDuelist:GraydleDragon","theDuelist:Dewdark","theDuelist:FishSwaps","theDuelist:ArmoredStarfish"],"picked":"theDuelist:BlizzardThunderbird","floor":4},{"not_picked":["theDuelist:DepthShark","theDuelist:HydraViper","theDuelist:RageDeepSea","theDuelist:HumanoidSlime"],"picked":"theDuelist:GraydleSlime","floor":7},{"not_picked":["theDuelist:SpearfishSoldier","theDuelist:GraydleEagle","theDuelist:RevivalJam","theDuelist:FuriousSeaKing"],"picked":"theDuelist:EvigishkiTetrogre","floor":8},{"not_picked":["theDuelist:LeviairSeaDragon","theDuelist:GraydleEagle","theDuelist:Dorover","theDuelist:FishDepthCharge"],"picked":"theDuelist:MermaidKnight","floor":11},{"not_picked":["theDuelist:Skystarray","theDuelist:FishRain","theDuelist:DewlorenTigerKing","theDuelist:Boneheimer","theDuelist:GishkiPsychelone"],"picked":"SKIP","floor":13},{"not_picked":["theDuelist:FishborgBlaster+1","theDuelist:AtlanteanAttackSquad+1"],"picked":"theDuelist:TripodFish+1","floor":14},{"not_picked":["theDuelist:SplashCapture","theDuelist:SeaLordAmulet","theDuelist:Monokeros","theDuelist:LostBlueBreaker"],"picked":"theDuelist:MorayGreed","floor":16},{"not_picked":["theDuelist:DepthShark","theDuelist:RevivalJam","theDuelist:GishkiBeast","theDuelist:Dorover","theDuelist:BigDesFrog"],"picked":"SKIP","floor":18},{"not_picked":["theDuelist:GishkiAvance","theDuelist:BoulderTortoise","theDuelist:HighTideGyojin","theDuelist:Dewdark"],"picked":"theDuelist:GishkiAriel+1","floor":19},{"not_picked":["theDuelist:MermaidKnight+1","theDuelist:ArmoredStarfish","theDuelist:GraydleSlimeJr","theDuelist:Boneheimer","theDuelist:GishkiZielgigas"],"picked":"SKIP","floor":21},{"not_picked":["theDuelist:WaterSpirit","theDuelist:IceHand","theDuelist:GoldenFlyingFish","theDuelist:FishRain"],"picked":"theDuelist:CorrodingShark","floor":22},{"not_picked":["theDuelist:SeaLordAmulet","theDuelist:MermailAbyssalacia","theDuelist:LostBlueBreaker","theDuelist:GishkiPsychelone","theDuelist:DewlorenTigerKing"],"picked":"SKIP","floor":24},{"not_picked":["theDuelist:GishkiAvance","theDuelist:AquaSpirit","theDuelist:GraydleAlligator","theDuelist:GiantTurtle+1","theDuelist:SwampFrog"],"picked":"SKIP","floor":25},{"not_picked":["theDuelist:GishkiEmilia","theDuelist:FishSwaps","theDuelist:Akihiron","theDuelist:BigWhale"],"picked":"theDuelist:AbyssWarrior","floor":27},{"not_picked":["theDuelist:BlizzardDefender","theDuelist:GilfordLegend+1","theDuelist:SmashingGround","theDuelist:SolemnStrike","theDuelist:SangaWater"],"picked":"SKIP","floor":28}],"player_experience":147841,"relics_obtained":[{"floor":9,"key":"Mummified Hand"},{"floor":13,"key":"Iron Hammer"},{"floor":25,"key":"Solar Panel"},{"floor":26,"key":"King of Hearts"}],"event_choices":[{"damage_healed":0,"gold_gain":0,"player_choice":"Dig - random Duelist relic","duelist":true,"damage_taken":0,"max_hp_gain":0,"max_hp_loss":0,"event_name":"Aknamkanon\u0027s Tomb","floor":2,"gold_loss":0},{"cards_removed":["theDuelist:CastleWalls"],"damage_healed":0,"gold_gain":0,"player_choice":"Purged","damage_taken":0,"max_hp_gain":0,"max_hp_loss":0,"event_name":"Purifier","floor":10,"gold_loss":0}],"is_beta":false,"boss_relics":[{"not_picked":["theDuelist:GamblerChip","Philosopher\u0027s Stone"],"picked":"Replay:Grab Bag"},{"not_picked":["theDuelist:HauntedRelic","ReplayTheSpireMod:Onyx Gauntlets"],"picked":"ReplayTheSpireMod:DimensionalGlitch"},{"not_picked":["theDuelist:MillenniumKey","Velvet Choker"],"picked":"ChewingGum"},{"not_picked":["Black Star","Replay:Drink Me"],"picked":"SlaversCollar"},{"not_picked":["Empty Cage","Inserter"],"picked":"Runic Pyramid"}],"items_purged_floors":[0],"is_endless":false,"potions_floor_spawned":[1,11,14,16,19,22,24,27],"killed_by":"Centurion and Healer","ascension_level":0}}