{"host":"6bsan6hkua32tfq7","time":1608040084,"event":{"mods":["BaseMod","Better Third Choice","Colored Map","Highlight Path","Minty Spire (QoL Compilation)","StSLib"],"gold_per_floor":[113,123,133,143,143,143,68,102,128,154,154,154,4,36,36,113,113,128,140,140,150,163,163,188,188,258,270,115,115,115,40,40,40,40],"floor_reached":33,"playtime":1182,"items_purged":["Regret","Accuracy"],"score":566,"play_id":"2ef87861-0e98-4a11-9737-b9d0add0d8d2","local_time":"20201215144804","is_ascension_mode":true,"campfire_choices":[{"data":"Terror","floor":6,"key":"SMITH"},{"floor":12,"key":"REST"},{"data":"Phantasmal Killer","floor":15,"key":"SMITH"},{"floor":23,"key":"REST"},{"data":"Ghostly","floor":29,"key":"SMITH"},{"data":"Ghostly","floor":32,"key":"SMITH"}],"circlet_count":0,"master_deck":["AscendersBane","Neutralize","Dash","Quick Slash","Terror+1","Slice","Predator","Phantasmal Killer+1","Burst","Deadly Poison","Wraith Form v2","Adrenaline","Poisoned Stab","Bullet Time","Tactician","Backstab","Footwork","Skewer","Dagger Spray","PiercingWail","Adrenaline","Ghostly+1","Ghostly","Ghostly+1","PiercingWail"],"relics":["Ring of the Snake","Blood Vial","Orichalcum","Omamori","Nunchaku","Lantern","Potion Belt","Toy Ornithopter","Pandora\u0027s Box","Ornamental Fan","Calipers","Pear"],"acts_visited":["Exordium","TheCity"],"potions_floor_usage":[8,14,16,24,24,33],"damage_taken":[{"damage":0,"enemies":"Cultist","floor":1,"turns":4},{"damage":0,"enemies":"2 Louse","floor":2,"turns":3},{"damage":0,"enemies":"Small Slimes","floor":3,"turns":4},{"damage":9,"enemies":"2 Fungi Beasts","floor":4,"turns":4},{"damage":20,"enemies":"Lagavulin","floor":8,"turns":6},{"damage":12,"enemies":"3 Sentries","floor":10,"turns":8},{"damage":15,"enemies":"Gremlin Nob","floor":14,"turns":4},{"damage":15,"enemies":"Slime Boss","floor":16,"turns":9},{"damage":12,"enemies":"2 Thieves","floor":18,"turns":2},{"damage":1,"enemies":"Spheric Guardian","floor":19,"turns":5},{"damage":11,"enemies":"3 Cultists","floor":21,"turns":4},{"damage":21,"enemies":"Chosen and Byrds","floor":22,"turns":7},{"damage":2,"enemies":"Book of Stabbing","floor":24,"turns":2},{"damage":12,"enemies":"Sentry and Sphere","floor":27,"turns":8},{"damage":44,"enemies":"Automaton","floor":33,"turns":10}],"seed_played":"-6649483177844522745","potions_obtained":[{"floor":1,"key":"Poison Potion"},{"floor":2,"key":"AttackPotion"},{"floor":10,"key":"Weak Potion"},{"floor":14,"key":"Explosive Potion"},{"floor":19,"key":"SteroidPotion"},{"floor":21,"key":"AttackPotion"},{"floor":24,"key":"Weak Potion"}],"is_trial":false,"path_per_floor":["M","M","M","M","?","R","$","E","T","E","?","R","$","E","R","B",null,"M","M","?","M","M","R","E","?","T","M","$","R","?","?","R","B"],"character_chosen":"THE_SILENT","items_purchased":["Burst","Strength Potion"],"campfire_rested":2,"item_purchase_floors":[13,28],"current_hp_per_floor":[61,63,65,57,57,57,57,39,39,29,29,48,48,35,35,27,56,46,47,47,38,19,38,48,33,43,31,31,31,31,31,31,0,0],"gold":40,"neow_bonus":"RANDOM_COMMON_RELIC","is_daily":false,"chose_seed":false,"campfire_upgraded":4,"win_rate":0.0,"timestamp":1608040084,"path_taken":["M","?","M","M","?","R","$","E","T","E","?","R","$","E","R","BOSS","M","?","?","M","M","R","E","?","T","M","$","R","?","?","R","BOSS"],"items_purchased_type":["Card","Potion"],"build_version":"2020-12-13","purchased_purges":2,"victory":false,"max_hp_per_floor":[66,66,66,66,66,66,66,66,66,66,66,66,66,66,66,66,66,66,66,66,66,66,66,66,33,43,43,43,43,43,43,43,43,43],"card_choices":[{"not_picked":["Quick Slash","Deadly Poison"],"picked":"Dash","floor":1},{"not_picked":["Outmaneuver","Prepared"],"picked":"Quick Slash","floor":2},{"not_picked":["PiercingWail","Dash"],"picked":"Terror","floor":3},{"not_picked":["Poisoned Stab","Riddle With Holes"],"picked":"Slice","floor":4},{"not_picked":["Acrobatics","Concentrate"],"picked":"Predator","floor":8},{"not_picked":["Deflect","Backstab"],"picked":"Phantasmal Killer","floor":10},{"not_picked":["Acrobatics","Caltrops"],"picked":"Deadly Poison","floor":14},{"not_picked":["A Thousand Cuts","Adrenaline"],"picked":"Wraith Form v2","floor":16},{"not_picked":["Acrobatics+1","Dagger Throw","Catalyst"],"picked":"SKIP","floor":18},{"not_picked":["Poisoned Stab","Leg Sweep","Backflip"],"picked":"SKIP","floor":19},{"not_picked":["Backflip","Well Laid Plans"],"picked":"PiercingWail","floor":21},{"not_picked":["Bane","Setup","Dagger Throw"],"picked":"SKIP","floor":22},{"not_picked":["Riddle With Holes","Setup"],"picked":"Adrenaline","floor":24},{"not_picked":["Poisoned Stab","Dagger Throw"],"picked":"PiercingWail","floor":27}],"player_experience":5163710,"relics_obtained":[{"floor":8,"key":"Omamori"},{"floor":9,"key":"Nunchaku"},{"floor":10,"key":"Lantern"},{"floor":14,"key":"Toy Ornithopter"},{"floor":24,"key":"Calipers"},{"floor":26,"key":"Pear"}],"event_choices":[{"damage_healed":0,"gold_gain":0,"player_choice":"Box","damage_taken":0,"relics_obtained":["Orichalcum"],"max_hp_gain":0,"max_hp_loss":0,"event_name":"Big Fish","floor":5,"gold_loss":0,"cards_obtained":["Regret"]},{"damage_healed":0,"gold_gain":0,"player_choice":"Gave Potion","damage_taken":0,"relics_obtained":["Potion Belt"],"max_hp_gain":0,"max_hp_loss":0,"event_name":"WeMeetAgain","floor":11,"gold_loss":0},{"damage_healed":0,"gold_gain":0,"player_choice":"Opened","damage_taken":0,"relics_obtained":["Ornamental Fan"],"max_hp_gain":0,"max_hp_loss":0,"event_name":"The Mausoleum","floor":20,"gold_loss":0,"cards_obtained":["Writhe"]},{"damage_healed":0,"gold_gain":0,"player_choice":"Became a Ghost","damage_taken":0,"max_hp_gain":0,"max_hp_loss":33,"event_name":"Ghosts","floor":25,"gold_loss":0,"cards_obtained":["Ghostly","Ghostly","Ghostly"]},{"cards_removed":["Survivor"],"damage_healed":0,"gold_gain":0,"player_choice":"Elegance","damage_taken":0,"max_hp_gain":0,"max_hp_loss":0,"event_name":"betterThird:BetterWriting","floor":30,"gold_loss":0},{"cards_removed":["Concentrate"],"damage_healed":0,"gold_gain":0,"player_choice":"Gave Gold","damage_taken":0,"max_hp_gain":0,"max_hp_loss":0,"event_name":"Beggar","floor":31,"gold_loss":75}],"is_beta":false,"boss_relics":[{"not_picked":["Runic Dome","Snecko Eye"],"picked":"Pandora\u0027s Box"}],"items_purged_floors":[7,28],"is_endless":false,"potions_floor_spawned":[1,2,4,10,14,19,21,24],"killed_by":"Automaton","ascension_level":20}}