{"host":"jm9833yuloeli2yd","time":1608008071,"event":{"mods":["AchievementEnabler","BaseMod","Better Altar","Better Match","Better Note","Better Sensory Stone","Better Skull","Better Vampires","Colored Map","Colored Powertips","DeckTracker","Minty Spire (QoL Compilation)","Permanent Neow","Quick Restart","Replay The Spire","StSLib","SuperFastMode"],"gold_per_floor":[113,129,129,43,55,84,104,104,104,104,117,117,152,18,18,92,92,111,204,219,219],"floor_reached":20,"playtime":524,"items_purged":["Amnesia"],"score":364,"play_id":"403ced80-9c18-484f-b58c-c8708bbadc89","local_time":"20201214235431","is_ascension_mode":true,"campfire_choices":[{"floor":8,"key":"REST"},{"data":"Neutralize","floor":10,"key":"SMITH"},{"data":"Adrenaline","floor":15,"key":"SMITH"}],"circlet_count":0,"master_deck":["AscendersBane","Strike_G","Strike_G","Strike_G","Strike_G","Strike_G","Defend_G","Defend_G","Defend_G","Defend_G","Defend_G","Survivor","Neutralize+1","Adrenaline+1","Heel Hook","Sucker Punch","Dash","Backstab","Deadly Poison","Catalyst","Bane","ReplayTheSpireMod:Speed Training","Backflip","Venomology","Deadly Poison","Dash"],"relics":["Ring of the Snake","Replay:Bottled Steam","Matryoshka","Iron Hammer","Meat on the Bone","ReplayTheSpireMod:Ring of Challenge","Omamori","SacredBark","Frozen Egg 2","Replay:Mystery Machine"],"acts_visited":["Exordium","TheCity"],"potions_floor_usage":[6,6,16,18,18,18,20,20,20],"damage_taken":[{"damage":0,"enemies":"2 Louse","floor":1,"turns":4},{"damage":8,"enemies":"Jaw Worm","floor":2,"turns":5},{"damage":3,"enemies":"Cultist","floor":5,"turns":4},{"damage":26,"enemies":"Gremlin Nob","floor":6,"turns":4},{"damage":0,"enemies":"2 Fungi Beasts","floor":7,"turns":3},{"damage":0,"enemies":"Large Slime","floor":11,"turns":3},{"damage":12,"enemies":"3 Sentries","floor":13,"turns":9},{"damage":36,"enemies":"Slime Boss","floor":16,"turns":11},{"damage":7,"enemies":"Shell Parasite","floor":18,"turns":4},{"damage":19,"enemies":"3 Byrds","floor":20,"turns":6}],"seed_played":"1826216190337660903","potions_obtained":[{"floor":1,"key":"AttackPotion"},{"floor":5,"key":"CunningPotion"},{"floor":6,"key":"Weak Potion"},{"floor":13,"key":"Fire Potion"},{"floor":16,"key":"EntropicBrew"}],"is_trial":false,"path_per_floor":["M","M","?","$","M","E","M","R","T","R","M","?","E","$","R","B",null,"M","?","M"],"character_chosen":"THE_SILENT","items_purchased":["Dash","Backflip"],"campfire_rested":1,"item_purchase_floors":[4,14],"current_hp_per_floor":[59,51,40,40,37,11,11,29,29,29,41,41,41,41,41,17,49,42,18,0,0],"gold":219,"neow_bonus":"THREE_RARE_CARDS","is_daily":false,"chose_seed":false,"campfire_upgraded":2,"win_rate":0.0,"timestamp":1608008071,"path_taken":["M","M","?","$","M","E","M","R","T","R","M","?","E","?","R","BOSS","M","?","M"],"items_purchased_type":["Card","Card"],"build_version":"2020-12-13","purchased_purges":1,"victory":false,"max_hp_per_floor":[60,60,60,60,60,60,60,60,60,60,60,60,60,60,60,60,60,60,60,60,60],"card_choices":[{"not_picked":["Unload","Envenom"],"picked":"Adrenaline","floor":0},{"not_picked":["Outmaneuver","Eviscerate"],"picked":"Heel Hook","floor":1},{"not_picked":["Dagger Spray","PiercingWail"],"picked":"Sucker Punch","floor":2},{"not_picked":["Deadly Poison","Hidden Blade"],"picked":"Backstab","floor":5},{"not_picked":["Quick Slash","Concentrate"],"picked":"Deadly Poison","floor":6},{"not_picked":["Escape Plan","Prepared"],"picked":"Catalyst","floor":7},{"not_picked":["Blade Dance","Backflip"],"picked":"Bane","floor":11},{"not_picked":["Infinite Blades","Storm of Steel"],"picked":"ReplayTheSpireMod:Speed Training","floor":13},{"not_picked":["ReplayTheSpireMod:From All Sides","Tools of the Trade"],"picked":"Venomology","floor":16},{"not_picked":["Caltrops","Quick Slash"],"picked":"Deadly Poison","floor":18},{"not_picked":["Dagger Spray","Draining Mist"],"picked":"Dash","floor":19}],"player_experience":1081011,"relics_obtained":[{"floor":6,"key":"Matryoshka"},{"floor":9,"key":"Iron Hammer"},{"floor":9,"key":"Meat on the Bone"},{"floor":12,"key":"ReplayTheSpireMod:Ring of Challenge"},{"floor":13,"key":"Omamori"},{"floor":19,"key":"Frozen Egg 2"},{"floor":19,"key":"Replay:Mystery Machine"}],"event_choices":[{"damage_healed":0,"gold_gain":0,"player_choice":"Success","damage_taken":11,"relics_obtained":["Replay:Bottled Steam"],"max_hp_gain":0,"max_hp_loss":0,"event_name":"Scrap Ooze","floor":3,"gold_loss":0}],"is_beta":false,"boss_relics":[{"not_picked":["Painkiller Herb","Coffee Dripper"],"picked":"SacredBark"}],"items_purged_floors":[14],"is_endless":false,"potions_floor_spawned":[1,5,6,13,16,18],"killed_by":"3 Byrds","ascension_level":20}}