{"host":"dw8189mw8rzr4e13","time":1608019434,"event":{"mods":["Act Like it!","BaseMod","Better Vampires","Colored Powertips","Minty Spire (QoL Compilation)","Rare Cards Sparkle","StSLib","The Alterego"],"gold_per_floor":[110,35,49,49,64,64,83,83,152,177,177,209,209,244,244,349,349,366,366,383,383,383,383,403,431,431,441,31,131,148,11,11,111,111,122,122,172,192,204,238,238,272,272,272,303,178,192,206,206,206],"floor_reached":51,"playtime":2517,"items_purged":["alterego_mod:BigMeatyClaws","alterego_mod:Strike+1","alterego_mod:Strike+1"],"score":823,"play_id":"75120156-4a9e-4f90-955e-e8867143b08e","local_time":"20201215160354","is_ascension_mode":false,"campfire_choices":[{"data":"alterego_mod:1TonWallop","floor":6.0,"key":"SMITH"},{"data":"alterego_mod:BrynhildrsRune","floor":11.0,"key":"SMITH"},{"data":"alterego_mod:TrickOrTreatment","floor":15.0,"key":"SMITH"},{"data":"alterego_mod:BeGentle","floor":23.0,"key":"SMITH"},{"data":"alterego_mod:Venus","floor":32.0,"key":"SMITH"},{"data":"alterego_mod:AlterEgo","floor":41,"key":"SMITH"},{"data":"Panache","floor":49,"key":"SMITH"}],"circlet_count":0,"master_deck":["alterego_mod:Strike+1","alterego_mod:Defend+1","alterego_mod:Defend+1","alterego_mod:Defend+1","alterego_mod:BrynhildrsRune+1","alterego_mod:1TonWallop+1","alterego_mod:BeGentle+1","alterego_mod:Pet","alterego_mod:TrickOrTreatment+1","alterego_mod:Vow","CurseOfTheBell","alterego_mod:BeGentle","alterego_mod:Rake","alterego_mod:Venus+1","alterego_mod:SideboobHour","alterego_mod:AlterEgo+1","alterego_mod:Cooking+1","alterego_mod:Bunnysuit+1","alterego_mod:RocketPunch+1","Panache+1","alterego_mod:Venus","alterego_mod:BeGentle"],"relics":["Velvet Choker","Pantograph","Dream Catcher","Blood Vial","Centennial Puzzle","Calling Bell","Orichalcum","Question Card","FossilizedHelix","Enchiridion","Potion Belt","Nunchaku","Letter Opener","PreservedInsect","Astrolabe","CaptainsWheel","Lantern","Blue Candle","Art of War"],"acts_visited":["Exordium","TheCity","TheBeyond"],"potions_floor_usage":[],"damage_taken":[{"damage":0.0,"enemies":"2 Louse","floor":1.0,"turns":3.0},{"damage":1.0,"enemies":"Small Slimes","floor":3.0,"turns":4.0},{"damage":4.0,"enemies":"Cultist","floor":5.0,"turns":3.0},{"damage":5.0,"enemies":"Looter","floor":7.0,"turns":3.0},{"damage":21.0,"enemies":"Lagavulin","floor":10.0,"turns":9.0},{"damage":22.0,"enemies":"Gremlin Nob","floor":12.0,"turns":6.0},{"damage":15.0,"enemies":"Lagavulin","floor":14.0,"turns":8.0},{"damage":16.0,"enemies":"Slime Boss","floor":16.0,"turns":9.0},{"damage":0.0,"enemies":"Chosen","floor":18.0,"turns":5.0},{"damage":41.0,"enemies":"Spheric Guardian","floor":20.0,"turns":8.0},{"damage":13.0,"enemies":"Shelled Parasite and Fungi","floor":24.0,"turns":6.0},{"damage":0.0,"enemies":"Gremlin Leader","floor":25.0,"turns":3.0},{"damage":0.0,"enemies":"Snake Plant","floor":27.0,"turns":7.0},{"damage":6.0,"enemies":"3 Cultists","floor":30.0,"turns":4.0},{"damage":22.0,"enemies":"Automaton","floor":33.0,"turns":7.0},{"damage":30.0,"enemies":"3 Darklings","floor":35.0,"turns":10.0},{"damage":3.0,"enemies":"Mind Bloom Boss Battle","floor":37.0,"turns":11.0},{"damage":4.0,"enemies":"Orb Walker","floor":38.0,"turns":6.0},{"damage":0.0,"enemies":"Maw","floor":39.0,"turns":9.0},{"damage":0,"enemies":"Reptomancer","floor":40,"turns":2},{"damage":5,"enemies":"Giant Head","floor":42,"turns":8},{"damage":3,"enemies":"Nemesis","floor":45,"turns":8},{"damage":10,"enemies":"Jaw Worm Horde","floor":47,"turns":4},{"damage":25,"enemies":"Transient","floor":48,"turns":5},{"damage":19,"enemies":"Time Eater","floor":50,"turns":9}],"seed_played":"-3189335938560840540","potions_obtained":[{"floor":3.0,"key":"PowerPotion"},{"floor":12.0,"key":"Fire Potion"},{"floor":14.0,"key":"Weak Potion"},{"floor":16.0,"key":"PowerPotion"},{"floor":24.0,"key":"ColorlessPotion"},{"floor":33.0,"key":"Dexterity Potion"}],"is_trial":false,"path_per_floor":["M","$","M","?","M","R","M","$","T","E","R","E","?","E","R","B",null,"M","?","M","?","?","R","M","E","T","M","$","?","M","$","R","B",null,"M","?","?","M","M","E","R","E","T","?","E","$","M","M","R","B",null],"character_chosen":"The_Alterego","items_purchased":["PreservedInsect","alterego_mod:Venus","alterego_mod:SideboobHour"],"campfire_rested":0,"item_purchase_floors":[28,28,31],"current_hp_per_floor":[70,70,70,75,75,75,75,75,75,54,54,39,24,18,18,29,75,75,59,27,27,27,27,41,57,57,66,66,66,62,62,62,74,75,66,66,75,71,75,75,75,75,75,75,75,75,75,57,57,63],"gold":206,"neow_bonus":"BOSS_RELIC","is_daily":false,"chose_seed":false,"campfire_upgraded":7,"win_rate":0.0,"timestamp":1608019434,"path_taken":["M","$","M","?","M","R","M","$","T","E","R","E","?","E","R","BOSS","M","?","M","?","?","R","M","E","T","M","$","?","?","$","R","BOSS","M","?","?","M","M","E","R","E","T","?","E","$","?","M","R","BOSS"],"items_purchased_type":["Relic","Card","Card"],"build_version":"2020-12-13","purchased_purges":3,"victory":true,"max_hp_per_floor":[70,70,70,75,75,75,75,75,75,75,75,75,75,75,75,75,75,75,75,75,75,75,75,75,75,75,75,75,75,75,75,75,75,75,75,75,75,75,75,75,75,75,75,75,75,75,75,75,75,75],"card_choices":[{"not_picked":["alterego_mod:Birthday","alterego_mod:Jiggle"],"picked":"alterego_mod:1TonWallop","floor":1.0},{"not_picked":["alterego_mod:Mirror","alterego_mod:Birthday"],"picked":"alterego_mod:BeGentle","floor":3.0},{"not_picked":["alterego_mod:Bloomers","alterego_mod:RidiculouslyBig"],"picked":"alterego_mod:Pet","floor":5.0},{"not_picked":["alterego_mod:Santa","alterego_mod:Jiggle","alterego_mod:Bounce"],"picked":"SKIP","floor":7.0},{"not_picked":["alterego_mod:PurpleHair","alterego_mod:Pet","alterego_mod:Schoolgirl"],"picked":"SKIP","floor":10.0},{"not_picked":["alterego_mod:DustData","alterego_mod:HighServant"],"picked":"alterego_mod:TrickOrTreatment","floor":12.0},{"not_picked":["alterego_mod:Bounce","alterego_mod:BoobPocket","alterego_mod:HighServant"],"picked":"SKIP","floor":14.0},{"not_picked":["alterego_mod:GIGAMILK","alterego_mod:IdEs"],"picked":"alterego_mod:Vow","floor":16.0},{"not_picked":["alterego_mod:1TonWallop","alterego_mod:Punishment","alterego_mod:Cooking","alterego_mod:Bounce+1"],"picked":"SKIP","floor":18.0},{"not_picked":["alterego_mod:Bloomers","alterego_mod:PerceptionDisorder","alterego_mod:Skirt"],"picked":"alterego_mod:BeGentle","floor":20.0},{"not_picked":["alterego_mod:Birthday","alterego_mod:Maid","alterego_mod:DiscoLights+1"],"picked":"alterego_mod:Rake","floor":24.0},{"not_picked":["alterego_mod:Bounce","alterego_mod:HighServant","alterego_mod:DustData","alterego_mod:Skirt"],"picked":"SKIP","floor":25.0},{"not_picked":["alterego_mod:BreastValley","alterego_mod:DeftHands","alterego_mod:Punishment","alterego_mod:TrashNCrash"],"picked":"SKIP","floor":27.0},{"not_picked":["alterego_mod:Jiggle","alterego_mod:Maid","alterego_mod:Crossover","alterego_mod:Skirt"],"picked":"SKIP","floor":30.0},{"not_picked":["alterego_mod:BrynhildrRomantia","alterego_mod:Lift","alterego_mod:Tantrum"],"picked":"alterego_mod:AlterEgo","floor":33.0},{"not_picked":["alterego_mod:BoobPocket+1","alterego_mod:Schoolgirl+1","alterego_mod:Cooking","alterego_mod:Crossover"],"picked":"SKIP","floor":35.0},{"not_picked":["Apotheosis","Bandage Up","Metamorphosis"],"picked":"Panache","floor":36.0},{"not_picked":["alterego_mod:Support+1","alterego_mod:BusterCard+1","alterego_mod:DestructionOfProperty","alterego_mod:MagicResistance+1"],"picked":"SKIP","floor":38.0},{"not_picked":["alterego_mod:Bounce","alterego_mod:Table+1","alterego_mod:TrashNCrash"],"picked":"alterego_mod:Venus","floor":39.0},{"not_picked":["alterego_mod:Belle","alterego_mod:Pet","alterego_mod:AlterEgo","alterego_mod:ChallengeComplete"],"picked":"SKIP","floor":40},{"not_picked":["alterego_mod:TrashNCrash+1","alterego_mod:Jiggle+1","alterego_mod:Cycle+1","alterego_mod:Cooking+1"],"picked":"SKIP","floor":42},{"not_picked":["alterego_mod:Palingenesis","alterego_mod:DeftHands+1","alterego_mod:Mirror","alterego_mod:Jiggle+1"],"picked":"SKIP","floor":45},{"not_picked":["alterego_mod:Mirror+1","alterego_mod:SakuraPetals+1","alterego_mod:Jiggle"],"picked":"alterego_mod:BeGentle","floor":47},{"not_picked":["alterego_mod:PresenceConcealment","alterego_mod:SakuraFive","alterego_mod:1TonWallop+1","alterego_mod:GoddessCore+1"],"picked":"SKIP","floor":48}],"player_experience":592642,"relics_obtained":[{"floor":9.0,"key":"Pantograph"},{"floor":10.0,"key":"Dream Catcher"},{"floor":12.0,"key":"Blood Vial"},{"floor":14.0,"key":"Centennial Puzzle"},{"floor":17.0,"key":"Orichalcum"},{"floor":17.0,"key":"Question Card"},{"floor":17.0,"key":"FossilizedHelix"},{"floor":19.0,"key":"Enchiridion"},{"floor":25.0,"key":"Nunchaku"},{"floor":26.0,"key":"Letter Opener"},{"floor":37.0,"key":"CaptainsWheel"},{"floor":40,"key":"Lantern"},{"floor":42,"key":"Blue Candle"},{"floor":45,"key":"Art of War"}],"event_choices":[{"damage_healed":0.0,"max_hp_gain":5.0,"max_hp_loss":0.0,"gold_gain":0.0,"event_name":"Big Fish","player_choice":"Donut","floor":4.0,"gold_loss":0.0,"damage_taken":0.0},{"damage_healed":0.0,"max_hp_gain":0.0,"max_hp_loss":0.0,"gold_gain":0.0,"event_name":"Shining Light","player_choice":"Entered Light","floor":13.0,"gold_loss":0.0,"damage_taken":15.0,"cards_upgraded":["alterego_mod:Defend","alterego_mod:Strike"]},{"damage_healed":0.0,"max_hp_gain":0.0,"max_hp_loss":0.0,"gold_gain":0.0,"event_name":"Cursed Tome","player_choice":"Obtained Book","floor":19.0,"gold_loss":0.0,"damage_taken":16.0},{"damage_healed":0.0,"max_hp_gain":0.0,"max_hp_loss":0.0,"gold_gain":0.0,"event_name":"Back to Basics","player_choice":"Simplicity","floor":21.0,"gold_loss":0.0,"damage_taken":0.0,"cards_upgraded":["alterego_mod:Strike","alterego_mod:Strike","alterego_mod:Strike","alterego_mod:Defend","alterego_mod:Defend","alterego_mod:Defend"]},{"damage_healed":0.0,"max_hp_gain":0.0,"max_hp_loss":0.0,"gold_gain":0.0,"event_name":"The Mausoleum","player_choice":"Opened","floor":22.0,"gold_loss":0.0,"damage_taken":0.0,"relics_obtained":["Potion Belt"]},{"damage_healed":0.0,"max_hp_gain":0.0,"max_hp_loss":0.0,"gold_gain":100.0,"event_name":"Golden Shrine","player_choice":"Pray","floor":29.0,"gold_loss":0.0,"damage_taken":0.0},{"damage_healed":0.0,"max_hp_gain":0.0,"max_hp_loss":0.0,"gold_gain":0.0,"event_name":"SensoryStone","player_choice":"Memory 1","floor":36.0,"gold_loss":0.0,"damage_taken":0.0},{"damage_healed":0.0,"max_hp_gain":0.0,"max_hp_loss":0.0,"gold_gain":0.0,"event_name":"MindBloom","player_choice":"Fight","floor":37.0,"gold_loss":0.0,"damage_taken":0.0},{"damage_healed":0,"gold_gain":0,"player_choice":"Ignored","damage_taken":0,"max_hp_gain":0,"max_hp_loss":0,"event_name":"Tomb of Lord Red Mask","floor":44,"gold_loss":0}],"is_beta":false,"boss_relics":[{"not_picked":["SacredBark","Philosopher\u0027s Stone"],"picked":"Calling Bell"},{"not_picked":["Fusion Hammer","Pandora\u0027s Box"],"picked":"Astrolabe"}],"items_purged_floors":[2,28,46],"is_endless":false,"potions_floor_spawned":[3,12,14,16,18,24,33,35,37,39,45,48],"ascension_level":0}}