{"host":"ktg5lwritr12xyhv","time":1608033664,"event":{"mods":["Aspiration","BaseMod","Challenge The Spire","Conspire","Downfall","Hermit","Koishi","KomeijiMod","Minty Spire (QoL Compilation)","Quick Restart","Relic Stats","Replay The Spire","RumiaBox-露米娅的神秘盒子","SIMod","Spicy Shops","StSLib","vexMod","【东方二次创作】八云紫mod","篝火指南"],"gold_per_floor":[99,99,99,133,145,145,220,245,255,255,272,272,272,40,60,163,163,163,163,267,295,309,309,354,291,326,338,372,46,64,166,177,279,279,204,233,38,64,317,352,377,302,302,302,353,379,419,479,479,501,501,516,524,524,564,38,38,40],"floor_reached":59,"playtime":5363,"items_purged":["champ:Strike","champ:Defend","champ:Strike"],"score":1333,"play_id":"f40bbb11-9678-4e93-b276-dbd2be175eaa","local_time":"20201215200104","is_ascension_mode":false,"campfire_choices":[{"data":"champ:Taunt","floor":1.0,"key":"SMITH"},{"data":"champ:Backstep","floor":10.0,"key":"SMITH"},{"floor":18.0,"key":"DIG"},{"data":"champ:PerfectForm","floor":23.0,"key":"SMITH"},{"data":"champ:IronFortress","floor":25.0,"key":"SMITH"},{"floor":27.0,"key":"RECALL"},{"data":"champ:DefensiveStyle","floor":35.0,"key":"SMITH"},{"data":"expansioncontent:StudyTheSpire","floor":42,"key":"SMITH"},{"data":"champ:CalledShot","floor":57,"key":"SMITH"}],"circlet_count":0,"master_deck":["champ:Defend","champ:Defend","champ:Defend","champ:Execute","champ:Taunt+1","champ:Circumvent","champ:Backstep+1","champ:EndlessRage","champ:BringItOn","champ:Backstep","champ:TornadoPunch","champ:GladiatorStyle","champ:IronFortress+1","champ:PerfectForm+1","champ:DefensiveShout","champ:SkillfulDodge","champ:StanceDance","champ:EnGarde","champ:FalseCounter+1","expansioncontent:StudyTheSpire+1","champ:BerserkersShout","champ:Backstep","champ:BerserkerStyle","J.A.X.","champ:ArenaPreparation+1","champ:DefensiveStyle+1","champ:VampiricStrike","champ:CrookedStrike+1","champ:ArenaPreparation","champ:ShieldWall","champ:GutPunch","champ:FocusedDefense+1","champ:ShieldSlam","champ:VampiricStrike","expansioncontent:StudyTheSpire+1","champ:CalledShot+1"],"relics":["champ:ChampionCrown","downfall:HeartsMalice","conspire:TopHat","Sundial","Matryoshka","Simple Rune","Replay:Bandana","Omamori","EasyGame_NEW","Pen Nib","CaptainsWheel","Toy Ornithopter","MawBank","downfall:HeartBlessingBlue","Thread and Needle","MutagenicStrength","champ:ChampionCrownUpgraded","downfall:HeartBlessingRed","Bag of Marbles","champ:BerserkersGuideToSlaughter","Blue Candle","Potion Belt","downfall:HeartBlessingGreen","Nunchaku","aspiration:ChemicalBlood","aspiration:HatOfInfinitePower","MagicDraw2","BargainBundle","MoreBug"],"acts_visited":["Exordium","TheCity","TheBeyond","TheEnding"],"potions_floor_usage":[50,53,55,55,55,55,58,58,58,58,58,58],"damage_taken":[{"damage":0.0,"enemies":"Cultist","floor":2.0,"turns":1.0},{"damage":0.0,"enemies":"Small Slimes","floor":3.0,"turns":1.0},{"damage":0.0,"enemies":"Replay:BlueRogue","floor":4.0,"turns":1.0},{"damage":5.0,"enemies":"Jaw Worm","floor":5.0,"turns":6.0},{"damage":38.0,"enemies":"Gremlin Nob","floor":8.0,"turns":6.0},{"damage":23.0,"enemies":"Large Slime","floor":9.0,"turns":7.0},{"damage":9.0,"enemies":"Blue Slaver","floor":11.0,"turns":4.0},{"damage":5.0,"enemies":"downfall:FleeingMerchant","floor":14.0,"turns":4.0},{"damage":0.0,"enemies":"Gremlin Gang","floor":15.0,"turns":5.0},{"damage":18.0,"enemies":"downfall:Silent","floor":16.0,"turns":14.0},{"damage":16.0,"enemies":"downfall:LadyInBlue","floor":20.0,"turns":14.0},{"damage":5.0,"enemies":"3 Byrds","floor":21.0,"turns":3.0},{"damage":11.0,"enemies":"conspire:FuzzyDice","floor":22.0,"turns":7.0},{"damage":11.0,"enemies":"conspire:HollyBat","floor":26.0,"turns":8.0},{"damage":5.0,"enemies":"Centurion and Healer","floor":28.0,"turns":9.0},{"damage":9.0,"enemies":"downfall:FleeingMerchant","floor":29.0,"turns":4.0},{"damage":20.0,"enemies":"Sentry and Sphere","floor":30.0,"turns":5.0},{"damage":12.0,"enemies":"downfall:Augmenter","floor":31.0,"turns":5.0},{"damage":9.0,"enemies":"Snake Plant","floor":32.0,"turns":2.0},{"damage":29.0,"enemies":"downfall:Defect","floor":33.0,"turns":8.0},{"damage":41.0,"enemies":"conspire:MimicChest","floor":36.0,"turns":6.0},{"damage":19,"enemies":"downfall:FleeingMerchant","floor":37,"turns":4},{"damage":22,"enemies":"Orb Walker","floor":38,"turns":1},{"damage":5,"enemies":"downfall:FleeingMerchant","floor":39,"turns":2},{"damage":66,"enemies":"R_Hoarder","floor":40,"turns":8},{"damage":54,"enemies":"Reptomancer","floor":45,"turns":4},{"damage":8,"enemies":"3 Darklings","floor":46,"turns":4},{"damage":59,"enemies":"Giant Head","floor":47,"turns":10},{"damage":25,"enemies":"Mind Bloom Boss Battle","floor":48,"turns":10},{"damage":47,"enemies":"Maw","floor":50,"turns":6},{"damage":19,"enemies":"Writhing Mass","floor":52,"turns":4},{"damage":25,"enemies":"downfall:Watcher","floor":53,"turns":7},{"damage":105,"enemies":"downfall:CharBossMerchant","floor":55,"turns":9},{"damage":100,"enemies":"downfall:NeowBoss","floor":58,"turns":22}],"seed_played":"-4160769372995679192","potions_obtained":[{"floor":5.0,"key":"Weak Potion"},{"floor":9.0,"key":"champ:CounterPotion"},{"floor":11.0,"key":"champ:TechniquePotion"},{"floor":15.0,"key":"Strength Potion"},{"floor":20.0,"key":"AttackPotion"},{"floor":20.0,"key":"LiquidBronze"},{"floor":26.0,"key":"BlessingOfTheForge"},{"floor":33.0,"key":"Reflective Coating"},{"floor":40,"key":"SkillPotion"},{"floor":45,"key":"Block Potion"},{"floor":50,"key":"ColorlessPotion"},{"floor":53,"key":"Block Potion"},{"floor":55,"key":"Toxic Potion"},{"floor":55,"key":"Slimebound:ThreeZeroPotion"},{"floor":55,"key":"SpeedPotion"},{"floor":55,"key":"Elixir"},{"floor":58,"key":"Fire Potion"},{"floor":58,"key":"Weak Potion"},{"floor":58,"key":"Block Potion"}],"is_trial":false,"path_per_floor":["R","M","M","E","M","?","T","E","M","R","M","T","?","$","M","B",null,"R","?","?","M","M","R","T","R","M","R","M","$","M","?","M","B",null,"R","?","$","M","$","E","T","R","PTL","PTL","E","M","E","?","?","M","?","M","B",null,"E","$","R","B",null],"character_chosen":"THE_CHAMP","items_purchased":["Omamori","expansioncontent:StudyTheSpire","Thread and Needle","champ:ShieldWall","champ:BerserkersGuideToSlaughter","BargainBundle","MoreBug"],"campfire_rested":0,"item_purchase_floors":[14,29,29,37,37,56,56],"current_hp_per_floor":[90,90,90,90,90,90,90,57,46,46,43,43,52,52,52,52,90,90,90,86,86,75,75,75,85,86,86,87,84,69,68,65,60,100,100,82,100,89,89,100,100,100,100,100,80,82,79,100,100,100,100,100,100,100,87,87,87,100],"gold":40,"neow_bonus":"THREE_ENEMY_KILL","is_daily":false,"chose_seed":false,"campfire_upgraded":7,"win_rate":0.0,"timestamp":1608033664,"path_taken":["R","M","?","E","M","?","T","E","M","R","M","?","?","?","M","BOSS","R","?","?","M","M","R","T","R","M","R","?","$","M","?","M","BOSS","R","?","$","M","?","E","T","R","PTL","PTL","E","M","E","?","?","M","?","M","BOSS","E","$","R","BOSS"],"items_purchased_type":["Relic","Card","Relic","Card","Relic","Relic","Relic"],"build_version":"2020-12-13","purchased_purges":3,"victory":true,"max_hp_per_floor":[90,90,90,90,90,90,90,90,90,90,90,90,90,90,90,90,90,90,90,90,90,90,90,90,100,100,100,100,100,100,100,100,100,100,100,100,100,100,100,100,100,100,100,100,100,100,100,100,100,100,100,100,100,100,100,100,100,100],"relic_stats":{"Nunchaku":[6],"counters":[34,208],"Sundial":[22],"Blue Candle":[1],"Pen Nib":[12],"MawBank":60,"obtain_stats":[{"champ:ChampionCrown":0,"downfall:HeartBlessingGreen":42,"conspire:TopHat":4,"MagicDraw2":55,"Replay:Bandana":12,"Nunchaku":45,"Matryoshka":8,"Sundial":7,"downfall:HeartBlessingBlue":25,"champ:BerserkersGuideToSlaughter":37,"aspiration:ChemicalBlood":47,"Potion Belt":41,"MoreBug":56,"BargainBundle":56,"downfall:HeartBlessingRed":35,"Blue Candle":40,"downfall:HeartsMalice":0,"Thread and Needle":29,"Pen Nib":18,"champ:ChampionCrownUpgraded":34,"Omamori":14,"MawBank":24,"CaptainsWheel":19,"MutagenicStrength":31,"Simple Rune":12,"Bag of Marbles":36,"aspiration:HatOfInfinitePower":48,"EasyGame_NEW":17,"Toy Ornithopter":20},{"champ:ChampionCrown":0,"downfall:HeartBlessingGreen":25,"conspire:TopHat":3,"MagicDraw2":33,"Replay:Bandana":7,"Nunchaku":26,"Matryoshka":5,"Sundial":4,"downfall:HeartBlessingBlue":13,"champ:BerserkersGuideToSlaughter":22,"aspiration:ChemicalBlood":28,"Potion Belt":25,"MoreBug":33,"BargainBundle":33,"downfall:HeartBlessingRed":20,"Blue Candle":25,"downfall:HeartsMalice":0,"Thread and Needle":16,"Pen Nib":10,"champ:ChampionCrownUpgraded":20,"Omamori":8,"MawBank":13,"CaptainsWheel":10,"MutagenicStrength":18,"Simple Rune":7,"Bag of Marbles":21,"aspiration:HatOfInfinitePower":29,"EasyGame_NEW":10,"Toy Ornithopter":11},{"champ:ChampionCrown":0,"downfall:HeartBlessingGreen":132,"conspire:TopHat":0,"MagicDraw2":186,"Replay:Bandana":23,"Nunchaku":136,"Matryoshka":12,"Sundial":6,"downfall:HeartBlessingBlue":70,"champ:BerserkersGuideToSlaughter":121,"aspiration:ChemicalBlood":150,"Potion Belt":132,"MoreBug":186,"BargainBundle":186,"downfall:HeartBlessingRed":111,"Blue Candle":132,"downfall:HeartsMalice":0,"Thread and Needle":91,"Pen Nib":46,"champ:ChampionCrownUpgraded":111,"Omamori":27,"MawBank":70,"CaptainsWheel":46,"MutagenicStrength":101,"Simple Rune":23,"Bag of Marbles":117,"aspiration:HatOfInfinitePower":160,"EasyGame_NEW":46,"Toy Ornithopter":60}],"Toy Ornithopter":55},"card_choices":[{"not_picked":["champ:BladeFlurry","champ:EnGarde"],"picked":"champ:Circumvent","floor":2.0},{"not_picked":["champ:GutPunch","champ:Encircle"],"picked":"champ:Backstep","floor":3.0},{"not_picked":["champ:Circumvent","champ:FaceSlap"],"picked":"champ:EndlessRage","floor":4.0},{"not_picked":["champ:Shatter","champ:BladeFlurry"],"picked":"champ:BringItOn","floor":5.0},{"not_picked":["champ:Haymaker","champ:Encircle"],"picked":"champ:Backstep","floor":8.0},{"not_picked":["champ:BringItOn","champ:SwordThrow"],"picked":"champ:TornadoPunch","floor":9.0},{"not_picked":["champ:BringItOn","champ:FanOfKnives"],"picked":"champ:GladiatorStyle","floor":11.0},{"not_picked":["champ:BladeFlurry","champ:GladiatorStyle"],"picked":"champ:IronFortress","floor":14.0},{"not_picked":["champ:Encircle","champ:HeartStrike","champ:Haymaker"],"picked":"SKIP","floor":15.0},{"not_picked":["champ:LastStand","champ:ShieldThrow"],"picked":"champ:PerfectForm","floor":16.0},{"not_picked":["champ:PerfectedStrike","champ:FocusedGladiator"],"picked":"champ:DefensiveShout","floor":20.0},{"not_picked":["champ:FocusedGladiator+1","champ:Lariat"],"picked":"champ:SkillfulDodge","floor":21.0},{"not_picked":["champ:BringItOn+1","champ:Haymaker"],"picked":"champ:StanceDance","floor":22.0},{"not_picked":["champ:BladeFlurry","champ:Encircle"],"picked":"champ:EnGarde","floor":26.0},{"not_picked":["champ:Circumvent","champ:EnGarde"],"picked":"champ:FalseCounter+1","floor":28.0},{"not_picked":["champ:FightOn","champ:IronFortress","champ:BladeFlurry"],"picked":"SKIP","floor":29.0},{"not_picked":["champ:Backstep","champ:IronFortress"],"picked":"champ:BerserkersShout","floor":30.0},{"not_picked":[],"picked":"J.A.X.","floor":31.0},{"not_picked":["champ:Circumvent","champ:BerserkerStyle"],"picked":"champ:ArenaPreparation+1","floor":31.0},{"not_picked":["champ:ViciousMockery+1","champ:FocusedDefense"],"picked":"champ:DefensiveStyle","floor":32.0},{"not_picked":["champ:ShieldThrow","champ:SwordThrow"],"picked":"champ:VampiricStrike","floor":33.0},{"not_picked":["champ:StanceDance","champ:FanOfKnives+1"],"picked":"champ:CrookedStrike+1","floor":36.0},{"not_picked":["champ:CrookedStrike+1","champ:BladeFlurry"],"picked":"champ:ArenaPreparation","floor":37},{"not_picked":["champ:Encircle","champ:BerserkerStyle+1"],"picked":"champ:GutPunch","floor":38},{"not_picked":["champ:BerserkersShout","champ:FanOfKnives+1"],"picked":"champ:FocusedDefense+1","floor":39},{"not_picked":["champ:Haymaker","champ:Encircle+1","champ:Circumvent"],"picked":"SKIP","floor":40},{"not_picked":["champ:HeartStrike","champ:Backstep+1"],"picked":"champ:ShieldSlam","floor":45},{"not_picked":["champ:RapidStrikes","champ:Encircle","champ:FanOfKnives"],"picked":"SKIP","floor":46},{"not_picked":["champ:PerfectedStrike","champ:PreciseThrust+1"],"picked":"champ:VampiricStrike","floor":47},{"not_picked":["champ:BerserkersShout+1","champ:StanceDance","champ:GladiatorStyle"],"picked":"SKIP","floor":50},{"not_picked":["champ:Circumvent","champ:FanOfKnives+1","champ:BringItOn"],"picked":"SKIP","floor":52},{"not_picked":["champ:BringItOn+1","champ:GutPunch+1"],"picked":"champ:CalledShot","floor":55}],"player_experience":259407,"relics_obtained":[{"floor":4.0,"key":"conspire:TopHat"},{"floor":7.0,"key":"Sundial"},{"floor":8.0,"key":"Matryoshka"},{"floor":12.0,"key":"Simple Rune"},{"floor":12.0,"key":"Replay:Bandana"},{"floor":18.0,"key":"Pen Nib"},{"floor":20.0,"key":"Toy Ornithopter"},{"floor":24.0,"key":"MawBank"},{"floor":31.0,"key":"MutagenicStrength"},{"floor":36.0,"key":"Bag of Marbles"},{"floor":40,"key":"Blue Candle"},{"floor":41,"key":"Potion Belt"},{"floor":45,"key":"Nunchaku"},{"floor":47,"key":"aspiration:ChemicalBlood"},{"floor":48,"key":"aspiration:HatOfInfinitePower"},{"floor":55,"key":"MagicDraw2"}],"event_choices":[{"damage_healed":0.0,"max_hp_gain":0.0,"max_hp_loss":0.0,"gold_gain":0.0,"event_name":"Addict","player_choice":"Stole Relic","floor":19.0,"gold_loss":0.0,"damage_taken":0.0,"relics_obtained":["CaptainsWheel"],"cards_obtained":["Shame"]},{"damage_healed":0,"gold_gain":0,"player_choice":"Leave","damage_taken":0,"max_hp_gain":0,"max_hp_loss":0,"event_name":"conspire:Investor","floor":49,"gold_loss":0},{"damage_healed":0,"gold_gain":0,"player_choice":"Copied","damage_taken":0,"max_hp_gain":0,"max_hp_loss":0,"event_name":"Duplicator","floor":51,"gold_loss":0,"cards_obtained":["expansioncontent:StudyTheSpire"]}],"is_beta":false,"boss_relics":[{"not_picked":["Replay:Ancient Bell","Replay:Bronze Core"],"picked":"EasyGame_NEW"},{"not_picked":["aspiration:PoetsPen_weak","vexMod:MysteryBossChallenge"],"picked":"champ:ChampionCrownUpgraded"}],"items_purged_floors":[14,39,56],"is_endless":false,"potions_floor_spawned":[5,9,11,15,21,26,28,33,40,45,48,50],"ascension_level":0}}