{"host":"87lxh7t77p9km8u4","time":1608055976,"event":{"mods":["BaseMod","Bestiary","Block Reminder","Downfall","KomeijiMod","Lobotomy","Minty Spire (QoL Compilation)","Permanent Neow","Prisma Mod","Robot Space Explorer","StSLib"],"gold_per_floor":[112,112,112,72,84,116,116,150,174,194,214,226,255,275,275,374,374,389,389,389,399,399,433,447,447,747,123,123,154,75,24,24,121,121,137,147,161,161,38,63,80,80,107,132,144,144,144,175,175,175,175],"floor_reached":50,"playtime":2820,"items_purged":["RobotSpaceExplorer:Defend"],"score":813,"play_id":"f6f446ed-1a8d-48a9-a928-79831294b1a8","local_time":"20201215191256","is_ascension_mode":false,"campfire_choices":[{"floor":7.0,"key":"REST"},{"data":"RobotSpaceExplorer:Accelerator","floor":15.0,"key":"SMITH"},{"floor":25.0,"key":"RECALL"},{"data":"RobotSpaceExplorer:MiniBoosters","floor":32.0,"key":"SMITH"},{"data":"RobotSpaceExplorer:MiniDrones","floor":49,"key":"SMITH"}],"circlet_count":0,"master_deck":["RobotSpaceExplorer:Strike+1","RobotSpaceExplorer:Strike+1","RobotSpaceExplorer:Defend+1","RobotSpaceExplorer:Defend+1","RobotSpaceExplorer:Scan+1","RobotSpaceExplorer:MiniLasers+1","RobotSpaceExplorer:Jetpack+1","RobotSpaceExplorer:Smokescreen+1","RobotSpaceExplorer:LuckyStrike+1","RobotSpaceExplorer:Probe+1","RobotSpaceExplorer:ExhaustFan+1","RobotSpaceExplorer:LuckyStrike+1","RobotSpaceExplorer:Accelerator+1","RobotSpaceExplorer:ScrapMissile+1","RobotSpaceExplorer:Probe+1","RobotSpaceExplorer:ScrapToss+1","RobotSpaceExplorer:MetalStrike+1","RobotSpaceExplorer:LuckyStrike+1","RobotSpaceExplorer:Calculate+1","RobotSpaceExplorer:Calculate+1","RobotSpaceExplorer:PowerGlove+1","RobotSpaceExplorer:MiniBoosters+1","RobotSpaceExplorer:Probe+1","RobotSpaceExplorer:ImprovisedAttack+1","RobotSpaceExplorer:ScrapMissile+1","Madness+1","Madness+1","RobotSpaceExplorer:ShovelStrike+1","RobotSpaceExplorer:ScrapMissile+1","RobotSpaceExplorer:ChargingLaser+1","RobotSpaceExplorer:MiniBoosters+1","Confused","RobotSpaceExplorer:MiniDrones+1"],"relics":["RobotSpaceExplorer:RoboCore","Bag of Preparation","Bag of Marbles","Oddly Smooth Stone","Tiny Chest","RobotSpaceExplorer:BottledGravity","Black Star","Matryoshka","RobotSpaceExplorer:FoglandsKnife","Kunai","Strawberry","Whetstone","Old Coin","Lizard Tail","Bottled Tornado","Anchor","Gambling Chip","Runic Dome","GoodDreamPillow","RobotSpaceExplorer:ToughPlating","War Paint","Mercury Hourglass","Smiling Mask","Eternal Feather","Du-Vu Doll","Mark of the Bloom","Toxic Egg 2","Bird Faced Urn"],"acts_visited":["Exordium","TheCity","TheBeyond"],"potions_floor_usage":[50,50,50],"damage_taken":[{"damage":0.0,"enemies":"Small Slimes","floor":1.0,"turns":5.0},{"damage":0.0,"enemies":"2 Louse","floor":5.0,"turns":4.0},{"damage":30.0,"enemies":"Gremlin Nob","floor":6.0,"turns":5.0},{"damage":26.0,"enemies":"Lagavulin","floor":8.0,"turns":9.0},{"damage":0.0,"enemies":"Jaw Worm","floor":10.0,"turns":1.0},{"damage":0.0,"enemies":"Exordium Wildlife","floor":11.0,"turns":4.0},{"damage":2.0,"enemies":"Large Slime","floor":12.0,"turns":4.0},{"damage":8.0,"enemies":"Gremlin Nob","floor":13.0,"turns":5.0},{"damage":0.0,"enemies":"Blue Slaver","floor":14.0,"turns":2.0},{"damage":0.0,"enemies":"Slime Boss","floor":16.0,"turns":8.0},{"damage":0.0,"enemies":"3 Byrds","floor":18.0,"turns":5.0},{"damage":0.0,"enemies":"Shell Parasite","floor":21.0,"turns":3.0},{"damage":0.0,"enemies":"Book of Stabbing","floor":23.0,"turns":4.0},{"damage":9.0,"enemies":"Shelled Parasite and Fungi","floor":24.0,"turns":4.0},{"damage":0.0,"enemies":"Gremlin Leader","floor":29.0,"turns":6.0},{"damage":3.0,"enemies":"Champ","floor":33.0,"turns":6.0},{"damage":5.0,"enemies":"3 Shapes","floor":35.0,"turns":3.0},{"damage":0.0,"enemies":"Orb Walker","floor":36.0,"turns":3.0},{"damage":0.0,"enemies":"Maw","floor":37.0,"turns":4.0},{"damage":0.0,"enemies":"Giant Head","floor":40.0,"turns":5.0},{"damage":2.0,"enemies":"4 Shapes","floor":41.0,"turns":3.0},{"damage":0.0,"enemies":"Reptomancer","floor":44.0,"turns":4.0},{"damage":0.0,"enemies":"Sphere and 2 Shapes","floor":45.0,"turns":2.0},{"damage":0.0,"enemies":"Nemesis","floor":48.0,"turns":3.0},{"damage":70,"enemies":"Time Eater","floor":50,"turns":9}],"seed_played":"-8734021328319622235","potions_obtained":[{"floor":1.0,"key":"Dexterity Potion"},{"floor":8.0,"key":"SneckoOil"},{"floor":14.0,"key":"BlessingOfTheForge"},{"floor":23.0,"key":"Block Potion"},{"floor":24.0,"key":"DistilledChaos"},{"floor":35.0,"key":"Fire Potion"}],"is_trial":false,"path_per_floor":["M","?","?","$","M","E","R","E","T","M","M","M","E","M","R","B",null,"M","?","?","M","T","E","M","R","T","$","T","E","$","$","R","B",null,"M","M","M","?","?","E","M","T","T","E","M","?","?","E","R","B"],"character_chosen":"RobotSpaceExplorer","items_purchased":["RobotSpaceExplorer:LuckyStrike","Lizard Tail","Bottled Tornado","RobotSpaceExplorer:MiniBoosters","RobotSpaceExplorer:Probe"],"campfire_rested":1,"item_purchase_floors":[4,27,27,30,31],"current_hp_per_floor":[75,68,68,68,68,38,60,34,34,34,34,32,24,24,24,24,75,75,75,75,75,75,82,73,73,73,73,73,73,73,73,73,70,82,77,77,77,67,67,67,65,65,65,65,65,65,65,65,65,0,0],"gold":175,"neow_bonus":"TRANSFORM_CARD","is_daily":false,"chose_seed":false,"campfire_upgraded":3,"win_rate":0.0,"timestamp":1608055976,"path_taken":["M","?","?","?","M","E","R","E","T","M","M","M","E","M","R","BOSS","M","?","?","M","?","E","M","R","T","$","?","E","?","$","R","BOSS","M","M","M","?","?","E","M","?","T","E","?","?","?","E","R","BOSS"],"items_purchased_type":["Card","Relic","Relic","Card","Card"],"build_version":"2020-12-13","purchased_purges":1,"victory":false,"max_hp_per_floor":[75,75,75,75,75,75,75,75,75,75,75,75,75,75,75,75,75,75,75,75,75,75,82,82,82,82,82,82,82,82,82,82,82,82,82,82,82,82,82,82,82,82,82,82,82,82,82,82,82,82,82],"card_choices":[{"not_picked":["RobotSpaceExplorer:GlueShot","RobotSpaceExplorer:SlimeMissile"],"picked":"RobotSpaceExplorer:Smokescreen","floor":1.0},{"not_picked":["RobotSpaceExplorer:MiniDrones","RobotSpaceExplorer:StunGrenade"],"picked":"RobotSpaceExplorer:Probe","floor":5.0},{"not_picked":["RobotSpaceExplorer:SlimeMissile","RobotSpaceExplorer:BigMissile"],"picked":"RobotSpaceExplorer:ExhaustFan","floor":6.0},{"not_picked":["RobotSpaceExplorer:SwiftStep","RobotSpaceExplorer:Probe"],"picked":"RobotSpaceExplorer:LuckyStrike","floor":8.0},{"not_picked":["RobotSpaceExplorer:ImprovisedAttack","RobotSpaceExplorer:MetalStrike"],"picked":"RobotSpaceExplorer:Accelerator","floor":10.0},{"not_picked":["RobotSpaceExplorer:Ammunition","RobotSpaceExplorer:SlimeMissile"],"picked":"RobotSpaceExplorer:ScrapMissile","floor":11.0},{"not_picked":["RobotSpaceExplorer:MetalStrike","RobotSpaceExplorer:Fix"],"picked":"RobotSpaceExplorer:Probe","floor":12.0},{"not_picked":["RobotSpaceExplorer:FreezingShield","RobotSpaceExplorer:Electroshield","RobotSpaceExplorer:PlasmaMissile"],"picked":"SKIP","floor":13.0},{"not_picked":["RobotSpaceExplorer:StarDust","RobotSpaceExplorer:Reload"],"picked":"RobotSpaceExplorer:ScrapToss","floor":14.0},{"not_picked":["RobotSpaceExplorer:Scanner","RobotSpaceExplorer:HighVoltage"],"picked":"RobotSpaceExplorer:Exploration","floor":16.0},{"not_picked":["RobotSpaceExplorer:SurgingShield","RobotSpaceExplorer:Counterblock"],"picked":"RobotSpaceExplorer:MetalStrike","floor":18.0},{"not_picked":["RobotSpaceExplorer:Pulsar+1","RobotSpaceExplorer:ScrapMissile+1"],"picked":"RobotSpaceExplorer:LuckyStrike","floor":21.0},{"not_picked":["RobotSpaceExplorer:ShockKick","RobotSpaceExplorer:GlueShot+1"],"picked":"RobotSpaceExplorer:Calculate","floor":23.0},{"not_picked":["RobotSpaceExplorer:ShovelStrike+1","RobotSpaceExplorer:SwiftStep+1"],"picked":"RobotSpaceExplorer:Calculate+1","floor":24.0},{"not_picked":["RobotSpaceExplorer:MakeshiftVolley+1","RobotSpaceExplorer:MetalStrike"],"picked":"RobotSpaceExplorer:PowerGlove+1","floor":29.0},{"not_picked":["RobotSpaceExplorer:FrostMissile","RobotSpaceExplorer:SwiftStep+1","RobotSpaceExplorer:Ammunition"],"picked":"SKIP","floor":35.0},{"not_picked":["RobotSpaceExplorer:ShovelStrike","RobotSpaceExplorer:BigMissile"],"picked":"RobotSpaceExplorer:ImprovisedAttack","floor":36.0},{"not_picked":["RobotSpaceExplorer:SurgingStrike","RobotSpaceExplorer:Pulsar"],"picked":"RobotSpaceExplorer:ScrapMissile","floor":37.0},{"not_picked":["RobotSpaceExplorer:StunGrenade+1","RobotSpaceExplorer:MakeshiftVolley+1"],"picked":"RobotSpaceExplorer:ShovelStrike+1","floor":40.0},{"not_picked":["RobotSpaceExplorer:ShovelStrike+1","RobotSpaceExplorer:Asteroid"],"picked":"RobotSpaceExplorer:ScrapMissile+1","floor":41.0},{"not_picked":["RobotSpaceExplorer:StunGrenade+1","RobotSpaceExplorer:GlueShot"],"picked":"RobotSpaceExplorer:ChargingLaser","floor":44.0},{"not_picked":["RobotSpaceExplorer:BigMissile","RobotSpaceExplorer:SurgingShield+1"],"picked":"RobotSpaceExplorer:MiniBoosters+1","floor":45.0},{"not_picked":["RobotSpaceExplorer:MiniBoosters+1","RobotSpaceExplorer:Jetpack+1"],"picked":"RobotSpaceExplorer:MiniDrones","floor":48.0}],"player_experience":319832,"relics_obtained":[{"floor":6.0,"key":"Bag of Marbles"},{"floor":8.0,"key":"Oddly Smooth Stone"},{"floor":9.0,"key":"Tiny Chest"},{"floor":13.0,"key":"RobotSpaceExplorer:BottledGravity"},{"floor":18.0,"key":"Matryoshka"},{"floor":22.0,"key":"RobotSpaceExplorer:FoglandsKnife"},{"floor":22.0,"key":"Kunai"},{"floor":23.0,"key":"Strawberry"},{"floor":26.0,"key":"Whetstone"},{"floor":26.0,"key":"Old Coin"},{"floor":29.0,"key":"Anchor"},{"floor":29.0,"key":"Gambling Chip"},{"floor":40.0,"key":"RobotSpaceExplorer:ToughPlating"},{"floor":40.0,"key":"War Paint"},{"floor":42.0,"key":"Mercury Hourglass"},{"floor":43.0,"key":"Smiling Mask"},{"floor":44.0,"key":"Eternal Feather"},{"floor":44.0,"key":"Du-Vu Doll"},{"floor":48.0,"key":"Toxic Egg 2"},{"floor":48.0,"key":"Bird Faced Urn"}],"event_choices":[{"damage_healed":0.0,"max_hp_gain":0.0,"max_hp_loss":0.0,"gold_gain":0.0,"event_name":"Scrap Ooze","player_choice":"Success","floor":2.0,"gold_loss":0.0,"damage_taken":7.0,"relics_obtained":["Bag of Preparation"]},{"cards_removed":["RobotSpaceExplorer:Defend"],"damage_healed":0.0,"max_hp_gain":0.0,"max_hp_loss":0.0,"gold_gain":0.0,"event_name":"Living Wall","player_choice":"Forget","floor":3.0,"gold_loss":0.0,"damage_taken":0.0},{"damage_healed":0.0,"max_hp_gain":0.0,"max_hp_loss":0.0,"gold_gain":0.0,"event_name":"Vampires","player_choice":"Ignored","floor":19.0,"gold_loss":0.0,"damage_taken":0.0},{"cards_removed":["RobotSpaceExplorer:Strike"],"damage_healed":0.0,"max_hp_gain":0.0,"max_hp_loss":0.0,"gold_gain":0.0,"event_name":"Back to Basics","player_choice":"Elegance","floor":20.0,"gold_loss":0.0,"damage_taken":0.0},{"damage_healed":0.0,"max_hp_gain":0.0,"max_hp_loss":0.0,"gold_gain":0.0,"event_name":"Winding Halls","player_choice":"Embrace Madness","floor":38.0,"gold_loss":0.0,"damage_taken":10.0,"cards_obtained":["Madness","Madness"]},{"damage_healed":0.0,"max_hp_gain":0.0,"max_hp_loss":0.0,"gold_gain":0.0,"event_name":"MindBloom","player_choice":"Upgrade","floor":46.0,"gold_loss":0.0,"damage_taken":0.0,"cards_upgraded":["RobotSpaceExplorer:Strike","RobotSpaceExplorer:Defend","RobotSpaceExplorer:MiniLasers","RobotSpaceExplorer:Jetpack","RobotSpaceExplorer:Smokescreen","RobotSpaceExplorer:LuckyStrike","RobotSpaceExplorer:Probe","RobotSpaceExplorer:ExhaustFan","RobotSpaceExplorer:ScrapMissile","RobotSpaceExplorer:Probe","RobotSpaceExplorer:ScrapToss","RobotSpaceExplorer:MetalStrike","RobotSpaceExplorer:LuckyStrike","RobotSpaceExplorer:Calculate","RobotSpaceExplorer:Probe","RobotSpaceExplorer:ImprovisedAttack","RobotSpaceExplorer:ScrapMissile","Madness","Madness","RobotSpaceExplorer:ChargingLaser"],"relics_obtained":["Mark of the Bloom"]}],"is_beta":false,"boss_relics":[{"not_picked":["Runic Pyramid","Coffee Dripper"],"picked":"Black Star"},{"not_picked":["Calling Bell","Snecko Eye"],"picked":"Runic Dome"}],"items_purged_floors":[27],"is_endless":false,"potions_floor_spawned":[1,8,14,23,24,29,33,35,36,44],"killed_by":"Time Eater","ascension_level":0}}