{"host":"ryj1bk6ra0180tiy","time":1608026387,"event":{"mods":["BaseMod","Colored Map","Colored Powertips","Downfall","Highlight Path","Infinite Spire","Marisa????????","Minty Spire (QoL Compilation)","READ ME - Guardian Mod","Remilia??????","StSLib","The Bug Knight"],"gold_per_floor":[99,119,119,119,119,44,44,35,51,93,93,113,25,41,53,171,171,96,114,114,134,167,188,235,235,122,122,122,122,142,142,160,264,264,264,264,293,371,296,330,330,349,369,369,382,524,542,542,564,564,564,592,64,64,64],"floor_reached":56,"playtime":5721,"items_purged":["champ:Defend","champ:Strike","champ:Defend","champ:Strike","champ:Defend","champ:Defend"],"score":2475,"play_id":"ff94bbb2-1e9b-4fd4-b87a-1087e3aeee61","local_time":"20201215195947","is_ascension_mode":false,"campfire_choices":[{"floor":1,"key":"RECALL"},{"data":"champ:DefensiveShout","floor":6,"key":"SMITH"},{"data":"champ:VampiricStrike","floor":18,"key":"SMITH"},{"data":"champ:BringItOn","floor":20,"key":"SMITH"},{"data":"champ:TornadoPunch","floor":25,"key":"SMITH"},{"data":"champ:EnGarde","floor":27,"key":"SMITH"},{"data":"champ:HoldFirm","floor":35,"key":"SMITH"},{"data":"champ:CalledShot","floor":39,"key":"SMITH"},{"data":"infinitespire:Menacing","floor":44,"key":"SMITH"},{"data":"champ:Taunt","floor":54,"key":"SMITH"}],"circlet_count":0,"master_deck":["champ:Strike","champ:Strike","champ:Execute","champ:Taunt+1","champ:DefensiveShout+1","infinitespire:Menacing+1","champ:CalledShot+1","champ:TornadoPunch+1","champ:SkillfulDodge+1","champ:VampiricStrike+1","champ:BringItOn+1","champ:Circumvent+1","champ:EnGarde+1","champ:HoldFirm+1","champ:FalseCounter+1","champ:DefensiveStyle","champ:IronFortress+1","expansioncontent:Collect"],"relics":["ScarletHat","infinitespire:Cubic Diamond","infinitespire:ShieldingShard","downfall:HeartBlessingRed","infinitespire:Midas Blood","Akabeko","Coffee Dripper","downfall:HeartBlessingGreen","Lizard Tail","Tiny Chest","Pocketwatch","SlaversCollar","Bottled Tornado","Letter Opener","downfall:HeartBlessingBlue","InkBottle","Meat on the Bone","champ:DefensiveTrainingManual","champ:GladiatorsBookOfMartialProwess","Bronze Scales","ClockworkSouvenir"],"acts_visited":["Exordium","TheCity","TheBeyond","TheEnding"],"potions_floor_usage":[10,22,23,37],"damage_taken":[{"damage":2,"enemies":"2 Louse","floor":2,"turns":3},{"damage":12,"enemies":"downfall:FleeingMerchant","floor":8,"turns":5},{"damage":2,"enemies":"Jaw Worm","floor":9,"turns":3},{"damage":24,"enemies":"3 Sentries","floor":10,"turns":6},{"damage":2,"enemies":"Cultist","floor":12,"turns":2},{"damage":1,"enemies":"downfall:FleeingMerchant","floor":13,"turns":5},{"damage":0,"enemies":"Blue Slaver","floor":14,"turns":3},{"damage":0,"enemies":"Gremlin Gang","floor":15,"turns":2},{"damage":37,"enemies":"downfall:Silent","floor":16,"turns":13},{"damage":0,"enemies":"Spheric Guardian","floor":19,"turns":3},{"damage":0,"enemies":"Shell Parasite","floor":21,"turns":3},{"damage":16,"enemies":"Book of Stabbing","floor":22,"turns":5},{"damage":3,"enemies":"Shelled Parasite and Fungi","floor":23,"turns":4},{"damage":3,"enemies":"downfall:FleeingMerchant","floor":26,"turns":5},{"damage":0,"enemies":"Centurion and Healer","floor":30,"turns":5},{"damage":0,"enemies":"Snecko","floor":32,"turns":5},{"damage":0,"enemies":"downfall:Defect","floor":33,"turns":6},{"damage":0,"enemies":"Giant Head","floor":37,"turns":11},{"damage":3,"enemies":"Nemesis","floor":40,"turns":5},{"damage":0,"enemies":"Orb Walker","floor":42,"turns":3},{"damage":0,"enemies":"3 Darklings","floor":43,"turns":7},{"damage":0,"enemies":"Spire Growth","floor":45,"turns":4},{"damage":1,"enemies":"downfall:FleeingMerchant","floor":46,"turns":4},{"damage":0,"enemies":"Writhing Mass","floor":47,"turns":5},{"damage":2,"enemies":"Sphere and 2 Shapes","floor":49,"turns":4},{"damage":0,"enemies":"downfall:Watcher","floor":50,"turns":8},{"damage":0,"enemies":"downfall:CharBossMerchant","floor":52,"turns":6},{"damage":0,"enemies":"downfall:NeowBoss","floor":55,"turns":31}],"seed_played":"-2951024713822526123","potions_obtained":[{"floor":2,"key":"SteroidPotion"},{"floor":9,"key":"LiquidBronze"},{"floor":12,"key":"AttackPotion"},{"floor":15,"key":"Strength Potion"},{"floor":22,"key":"CultistPotion"},{"floor":33,"key":"Guardian:BlockOnCardUsePotion"},{"floor":42,"key":"Block Potion"},{"floor":45,"key":"PowerPotion"}],"is_trial":false,"path_per_floor":["R","M","?","?","T","R","T","$","M","E","?","M","$","M","M","B",null,"R","M","R","M","E","M","T","R","$","R","?","AVR","M","?","M","B",null,"R","AVR","E","T","R","E","T","M","M","R","M","$","M","T","M","B",null,"E","$","R","B",null],"character_chosen":"THE_CHAMP","items_purchased":["champ:DefensiveStyle","Bronze Scales","ClockworkSouvenir","expansioncontent:Collect"],"campfire_rested":0,"item_purchase_floors":[46,53,53,53],"current_hp_per_floor":[99,97,97,73,73,73,73,76,79,68,68,71,70,70,70,52,99,99,99,99,99,95,99,99,99,99,99,99,99,99,99,99,99,99,99,99,99,99,109,106,106,106,109,109,109,109,109,109,109,109,109,109,109,109,109],"gold":64,"neow_bonus":"TEN_PERCENT_HP_BONUS","is_daily":false,"chose_seed":false,"campfire_upgraded":9,"win_rate":0.0,"timestamp":1608026387,"path_taken":["R","M","?","?","?","R","T","$","M","E","?","M","$","M","M","BOSS","R","M","R","?","E","M","T","R","$","R","?","AVR","?","?","M","BOSS","R","AVR","E","?","R","E","T","M","M","R","M","$","M","?","M","BOSS","E","$","R","BOSS"],"items_purchased_type":["Card","Relic","Relic","Card"],"build_version":"2020-12-13","purchased_purges":6,"victory":true,"max_hp_per_floor":[99,99,99,99,99,99,99,99,99,99,99,99,99,99,99,99,99,99,99,99,99,99,99,99,99,99,99,99,99,99,99,99,99,99,99,99,99,99,109,109,109,109,109,109,109,109,109,109,109,109,109,109,109,109,109],"card_choices":[{"not_picked":["champ:Circumvent","champ:TornadoPunch"],"picked":"champ:DefensiveShout","floor":2},{"not_picked":["infinitespire:DeathsTouch","infinitespire:FutureSight"],"picked":"infinitespire:Menacing","floor":4},{"not_picked":["champ:FaceSlap","champ:Lariat"],"picked":"champ:CalledShot","floor":8},{"not_picked":["champ:Encircle","champ:Backstep"],"picked":"champ:TornadoPunch","floor":9},{"not_picked":["champ:FlashCut","champ:CrookedStrike","champ:Duel"],"picked":"SKIP","floor":10},{"not_picked":["champ:TornadoPunch","champ:FanOfKnives","champ:FalseCounter"],"picked":"SKIP","floor":12},{"not_picked":["champ:BerserkersShout","champ:CheapShot"],"picked":"champ:SkillfulDodge","floor":13},{"not_picked":["champ:Backstep","champ:TornadoPunch","champ:FlashCut"],"picked":"SKIP","floor":14},{"not_picked":["champ:FlashCut","champ:DefensiveShout","champ:PerfectedStrike"],"picked":"SKIP","floor":15},{"not_picked":["champ:Improvising","champ:LastStand"],"picked":"champ:VampiricStrike","floor":16},{"not_picked":["champ:GladiatorsShout+1","champ:Circumvent"],"picked":"champ:BringItOn","floor":19},{"not_picked":["champ:CrookedStrike","champ:GutPunch"],"picked":"champ:Circumvent+1","floor":21},{"not_picked":["champ:EnragedBash","champ:AdrenalArmor+1","champ:GutPunch"],"picked":"SKIP","floor":22},{"not_picked":["champ:Circumvent","champ:FanOfKnives+1","champ:TornadoPunch"],"picked":"SKIP","floor":23},{"not_picked":["champ:BladeFlurry","champ:Duel"],"picked":"champ:EnGarde","floor":26},{"not_picked":["champ:GladiatorsShout","champ:Haymaker+1","champ:EnGarde+1"],"picked":"SKIP","floor":30},{"not_picked":["champ:DeathBlow","champ:RisingSlash","champ:BladeFlurry"],"picked":"SKIP","floor":32},{"not_picked":["champ:MurderStrike","champ:Devastate"],"picked":"champ:HoldFirm","floor":33},{"not_picked":["champ:Backstep","champ:IgnorePain","champ:GladiatorsShout+1"],"picked":"SKIP","floor":37},{"not_picked":["champ:BladeFlurry","champ:RisingSlash","champ:StanceDance"],"picked":"SKIP","floor":40},{"not_picked":["champ:Haymaker+1","champ:AdrenalArmor","champ:BerserkersShout"],"picked":"SKIP","floor":42},{"not_picked":["champ:ShieldWall","champ:FanOfKnives"],"picked":"champ:FalseCounter+1","floor":43},{"not_picked":["champ:FalseCounter+1","champ:FlashCut+1","champ:GladiatorsShout"],"picked":"SKIP","floor":45},{"not_picked":["champ:RisingSlash+1","champ:BladeFlurry+1","champ:FlashCut+1"],"picked":"SKIP","floor":46},{"not_picked":["champ:HeartStrike","champ:LastStand","champ:RecklessLeap"],"picked":"SKIP","floor":47},{"not_picked":["champ:FalseCounter","champ:AdrenalArmor+1","champ:CrookedStrike+1"],"picked":"SKIP","floor":49},{"not_picked":["champ:Encircle+1","champ:BerserkerStyle+1"],"picked":"champ:IronFortress+1","floor":52}],"player_experience":3181803,"relics_obtained":[{"floor":5,"key":"infinitespire:ShieldingShard"},{"floor":7,"key":"infinitespire:Midas Blood"},{"floor":10,"key":"Akabeko"},{"floor":22,"key":"Lizard Tail"},{"floor":24,"key":"Tiny Chest"},{"floor":37,"key":"Letter Opener"},{"floor":40,"key":"InkBottle"},{"floor":41,"key":"Meat on the Bone"},{"floor":48,"key":"champ:DefensiveTrainingManual"},{"floor":52,"key":"champ:GladiatorsBookOfMartialProwess"}],"event_choices":[{"damage_healed":0,"gold_gain":0,"player_choice":"Ignored","damage_taken":0,"max_hp_gain":0,"max_hp_loss":0,"event_name":"NoteForYourself","floor":11,"gold_loss":0},{"damage_healed":0,"gold_gain":0,"player_choice":"Forge","damage_taken":0,"max_hp_gain":0,"max_hp_loss":0,"event_name":"Accursed Blacksmith","floor":28,"gold_loss":0,"cards_upgraded":["champ:SkillfulDodge"]},{"damage_healed":0,"gold_gain":0,"player_choice":"Ignored","damage_taken":0,"max_hp_gain":0,"max_hp_loss":0,"event_name":"Vampires","floor":31,"gold_loss":0}],"is_beta":false,"boss_relics":[{"not_picked":["Sozu","Astrolabe"],"picked":"Coffee Dripper"},{"not_picked":["Velvet Choker","Pandora\u0027s Box"],"picked":"SlaversCollar"}],"items_purged_floors":[13,26,29,36,46,53],"is_endless":false,"potions_floor_spawned":[2,9,12,15,21,22,33,42,45,47],"ascension_level":0}}