{"host":"rbccvrvdyhsypb23","time":1608030364,"event":{"mods":["AchievementEnabler","Act Like it!","Aspiration","BaseMod","Better Third Choice","BetterRewards","Downfall","Friendly Minions","Infinite Spire","Ironclad Rager","KomeijiMod","Minty Spire (QoL Compilation)","Replay The Spire","Shade Mod","StSLib","The Blackbeard","The Mystic","Wandering Minibosses","vexMod"],"gold_per_floor":[110,110,123,133,133,164,183,216,267,267,267],"floor_reached":10,"playtime":621,"items_purged":[],"score":82,"play_id":"5093a4f0-7144-437b-9169-713ade6fdb9b","local_time":"20201215140604","is_ascension_mode":true,"campfire_choices":[],"circlet_count":0,"master_deck":["Guardian:Strike_Guardian","Guardian:Strike_Guardian","Guardian:Strike_Guardian","Guardian:Strike_Guardian","Guardian:Defend_Guardian","Guardian:Defend_Guardian","Guardian:Defend_Guardian","Guardian:Defend_Guardian","Guardian:CurlUp","Guardian:TwinSlam","ReplayTheSpireMod:Faulty Equipment","Guardian:TimeSifter","expansioncontent:ManipulateTime","Guardian:Emergency","Guardian:BaubleBeam","Guardian:GuardianWhirl","Guardian:EvasiveProtocol","Guardian:Harden","Guardian:Repulse"],"relics":["Guardian:ModeShifter","Singing Bowl","ShirouKen","ReplayTheSpireMod:CursedCoin","Mummified Hand","Bird Faced Urn","Regal Pillow"],"acts_visited":["Exordium"],"potions_floor_usage":[8,10],"damage_taken":[{"damage":0.0,"enemies":"Cultist","floor":1.0,"turns":4.0},{"damage":9.0,"enemies":"Jaw Worm","floor":3.0,"turns":5.0},{"damage":7,"enemies":"Small Slimes","floor":4,"turns":4},{"damage":32,"enemies":"Lagavulin","floor":6,"turns":8},{"damage":0,"enemies":"3 Louse","floor":7,"turns":3},{"damage":12,"enemies":"Replay:BlueRogue","floor":8,"turns":9},{"damage":8,"enemies":"Lagavulin","floor":10,"turns":5}],"seed_played":"-7031833604981494236","potions_obtained":[{"floor":1.0,"key":"sneckomod:MuddlingPotion"},{"floor":7,"key":"BlessingOfTheForge"}],"is_trial":false,"path_per_floor":["M","?","M","M","?","E","M","E","T","E"],"character_chosen":"GUARDIAN","items_purchased":["Singing Bowl","ReplayTheSpireMod:CursedCoin","Guardian:TimeSifter","expansioncontent:ManipulateTime"],"campfire_rested":0,"item_purchase_floors":[0,0,0,0],"current_hp_per_floor":[80,80,73,66,66,34,34,22,22,20,20],"gold":267,"neow_bonus":"","is_daily":false,"chose_seed":false,"campfire_upgraded":0,"win_rate":0.0,"timestamp":1608030364,"path_taken":["M","?","?","M","?","E","M","E","T","E"],"items_purchased_type":["Relic","Relic","Card","Card"],"build_version":"2020-12-13","purchased_purges":0,"victory":false,"max_hp_per_floor":[80,80,82,82,82,82,82,82,82,82,82],"card_choices":[{"not_picked":["Guardian:ArmoredProtocol","Guardian:Gem_Blue"],"picked":"Guardian:Emergency","floor":1.0},{"not_picked":["Guardian:Clone","Guardian:CrystalBeam","Guardian:Gem_Lightblue"],"picked":"Singing Bowl","floor":3.0},{"not_picked":["Guardian:Gem_Purple","Guardian:Gem_Lightblue"],"picked":"Guardian:GuardianWhirl","floor":4},{"not_picked":["Guardian:PiercingHide","Guardian:ChargeCore"],"picked":"Guardian:EvasiveProtocol","floor":6},{"not_picked":["Guardian:WalkerClaw","Guardian:CrystalBeam"],"picked":"Guardian:Harden","floor":7},{"not_picked":["Guardian:StasisStrike","Guardian:ChargeCore"],"picked":"Guardian:Repulse","floor":8}],"player_experience":937367,"relics_obtained":[{"floor":6,"key":"Mummified Hand"},{"floor":8,"key":"Bird Faced Urn"},{"floor":9,"key":"Regal Pillow"}],"event_choices":[{"damage_healed":0.0,"max_hp_gain":0.0,"max_hp_loss":0.0,"gold_gain":0.0,"event_name":"Match and Keep!","player_choice":"1 cards matched","floor":2.0,"gold_loss":0.0,"damage_taken":0.0,"cards_obtained":["Guardian:BaubleBeam"]}],"is_beta":false,"boss_relics":[],"items_purged_floors":[],"is_endless":false,"potions_floor_spawned":[1,7],"killed_by":"Lagavulin","ascension_level":1}}