{"host":"9anmc1688xy4jiyg","time":1608056103,"event":{"mods":["AchievementEnabler","BaseMod","Highlight Path","Minty Spire (QoL Compilation)","Relic Stats","StSLib","ojb\u0027s Info Mod"],"gold_per_floor":[109,109,119,139,150,180,180,196,196,225,58,58,58,58,58,136,136,152,77,77,77,97,97,132,132,132,151,162,188,103,119,119,119,119],"floor_reached":33,"playtime":1412,"items_purged":[],"score":561,"play_id":"f41e0210-0bd3-4d9b-bf31-cce36d3e2bb9","local_time":"20201215191503","is_ascension_mode":true,"campfire_choices":[{"data":"Perfected Strike","floor":7.0,"key":"SMITH"},{"floor":12.0,"key":"REST"},{"floor":15.0,"key":"REST"},{"floor":23.0,"key":"REST"},{"floor":32,"key":"REST"}],"circlet_count":0,"master_deck":["AscendersBane","Strike_R","Strike_R","Strike_R","Strike_R","Strike_R","Defend_R","Defend_R","Defend_R","Bash","Iron Wave","Juggernaut","Fire Breathing","Twin Strike","Perfected Strike+1","Double Tap","Body Slam","Anger","Berserk","Wild Strike+1","Shrug It Off","Battle Trance","Shrug It Off","Evolve","Shrug It Off"],"relics":["Burning Blood","Akabeko","Ancient Tea Set","PreservedInsect","Oddly Smooth Stone","Toolbox","Fusion Hammer","InkBottle","Gremlin Horn","Anchor","Thread and Needle"],"acts_visited":["Exordium","TheCity"],"potions_floor_usage":[29],"damage_taken":[{"damage":0.0,"enemies":"2 Louse","floor":1.0,"turns":2.0},{"damage":6.0,"enemies":"Cultist","floor":3.0,"turns":4.0},{"damage":4.0,"enemies":"Jaw Worm","floor":4.0,"turns":4.0},{"damage":16.0,"enemies":"Looter","floor":5.0,"turns":4.0},{"damage":37.0,"enemies":"Lagavulin","floor":6.0,"turns":6.0},{"damage":0.0,"enemies":"Blue Slaver","floor":8.0,"turns":1.0},{"damage":38.0,"enemies":"Gremlin Nob","floor":10.0,"turns":4.0},{"damage":6.0,"enemies":"Slime Boss","floor":16.0,"turns":6.0},{"damage":2.0,"enemies":"2 Thieves","floor":18.0,"turns":4.0},{"damage":6.0,"enemies":"3 Byrds","floor":22.0,"turns":5.0},{"damage":6.0,"enemies":"Gremlin Leader","floor":24.0,"turns":3.0},{"damage":27.0,"enemies":"Snake Plant","floor":27.0,"turns":3.0},{"damage":21.0,"enemies":"Shelled Parasite and Fungi","floor":28.0,"turns":4.0},{"damage":24,"enemies":"Slavers","floor":29,"turns":3},{"damage":0,"enemies":"Centurion and Healer","floor":31,"turns":3},{"damage":55,"enemies":"Collector","floor":33,"turns":6}],"seed_played":"1678379461106856159","potions_obtained":[{"floor":3.0,"key":"CultistPotion"},{"floor":4.0,"key":"FearPotion"},{"floor":10.0,"key":"SpeedPotion"},{"floor":22.0,"key":"Block Potion"},{"floor":24.0,"key":"LiquidMemories"},{"floor":31,"key":"LiquidBronze"}],"is_trial":false,"path_per_floor":["M","?","M","M","M","E","R","M","T","E","$","R","$","?","R","B",null,"M","?","?","?","M","R","E","$","T","M","M","E","?","M","R","B"],"character_chosen":"IRONCLAD","items_purchased":["Toolbox"],"campfire_rested":4,"item_purchase_floors":[11],"current_hp_per_floor":[74,74,74,75,65,34,34,40,40,8,8,30,30,19,41,41,67,71,71,50,50,50,74,74,74,74,53,38,20,20,26,50,0,0],"gold":119,"neow_bonus":"RANDOM_COMMON_RELIC","is_daily":false,"chose_seed":false,"campfire_upgraded":1,"win_rate":0.0,"timestamp":1608056103,"path_taken":["M","?","M","?","M","E","R","?","T","E","$","R","?","?","R","BOSS","M","?","?","?","M","R","E","?","T","M","?","E","?","M","R","BOSS"],"items_purchased_type":["Relic"],"build_version":"2020-12-13","purchased_purges":0,"victory":false,"max_hp_per_floor":[75,75,75,75,75,75,75,75,75,75,75,75,75,75,75,75,75,75,75,80,80,80,80,80,80,80,80,80,80,80,80,80,80,80],"relic_stats":{"Gremlin Horn":[3,5],"counters":[16,62],"PreservedInsect":109,"obtain_stats":[{"Anchor":29,"Gremlin Horn":26,"Oddly Smooth Stone":10,"Toolbox":11,"Thread and Needle":30,"PreservedInsect":9,"Fusion Hammer":17,"Ancient Tea Set":6,"Burning Blood":0,"Akabeko":0,"InkBottle":24},{"Anchor":14,"Gremlin Horn":11,"Oddly Smooth Stone":7,"Toolbox":7,"Thread and Needle":14,"PreservedInsect":6,"Fusion Hammer":8,"Ancient Tea Set":5,"Burning Blood":0,"Akabeko":0,"InkBottle":11},{"Anchor":53,"Gremlin Horn":43,"Oddly Smooth Stone":25,"Toolbox":25,"Thread and Needle":53,"PreservedInsect":21,"Fusion Hammer":31,"Ancient Tea Set":20,"Burning Blood":0,"Akabeko":0,"InkBottle":43}],"Burning Blood":89,"InkBottle":[9]},"card_choices":[{"not_picked":["Wild Strike","Cleave"],"picked":"Iron Wave","floor":1.0},{"not_picked":["Pummel","Havoc"],"picked":"Fire Breathing","floor":3.0},{"not_picked":["Sword Boomerang","Cleave"],"picked":"Twin Strike","floor":4.0},{"not_picked":["Heavy Blade","Headbutt"],"picked":"Perfected Strike","floor":5.0},{"not_picked":["Rupture","Thunderclap"],"picked":"Double Tap","floor":6.0},{"not_picked":["True Grit","Carnage"],"picked":"Body Slam","floor":8.0},{"not_picked":["Fiend Fire","Body Slam"],"picked":"Anger","floor":10.0},{"not_picked":["Juggernaut","Exhume"],"picked":"Berserk","floor":16.0},{"not_picked":["Cleave","Iron Wave"],"picked":"Wild Strike+1","floor":18.0},{"not_picked":["Headbutt","Combust","Hemokinesis"],"picked":"SKIP","floor":22.0},{"not_picked":["Juggernaut","Sentinel"],"picked":"Shrug It Off","floor":24.0},{"not_picked":["Fire Breathing","Heavy Blade"],"picked":"Battle Trance","floor":27.0},{"not_picked":["Clothesline","Carnage+1"],"picked":"Shrug It Off","floor":28.0},{"not_picked":["Thunderclap+1","Heavy Blade"],"picked":"Evolve","floor":29},{"not_picked":["Feel No Pain","Juggernaut"],"picked":"Shrug It Off","floor":31}],"player_experience":437439,"relics_obtained":[{"floor":6.0,"key":"Ancient Tea Set"},{"floor":9.0,"key":"PreservedInsect"},{"floor":10.0,"key":"Oddly Smooth Stone"},{"floor":24.0,"key":"InkBottle"},{"floor":26.0,"key":"Gremlin Horn"},{"floor":29,"key":"Anchor"}],"event_choices":[{"damage_healed":0.0,"max_hp_gain":0.0,"max_hp_loss":0.0,"gold_gain":0.0,"event_name":"Match and Keep!","player_choice":"1 cards matched","floor":2.0,"gold_loss":0.0,"damage_taken":0.0,"cards_obtained":["Juggernaut"]},{"damage_healed":0.0,"max_hp_gain":0.0,"max_hp_loss":0.0,"gold_gain":0.0,"event_name":"Wheel of Change","player_choice":"Damaged","floor":14.0,"gold_loss":0.0,"damage_taken":11.0},{"cards_removed":["Defend_R"],"damage_healed":0.0,"max_hp_gain":0.0,"max_hp_loss":0.0,"gold_gain":0.0,"event_name":"Beggar","player_choice":"Gave Gold","floor":19.0,"gold_loss":75.0,"damage_taken":0.0},{"damage_healed":0.0,"max_hp_gain":5.0,"max_hp_loss":0.0,"gold_gain":0.0,"event_name":"Forgotten Altar","player_choice":"Shed Blood","floor":20.0,"gold_loss":0.0,"damage_taken":26.0},{"damage_healed":0.0,"max_hp_gain":0.0,"max_hp_loss":0.0,"gold_gain":0.0,"event_name":"Vampires","player_choice":"Ignored","floor":21.0,"gold_loss":0.0,"damage_taken":0.0},{"damage_healed":0,"gold_gain":0,"player_choice":"Obtained Relic","damage_taken":0,"relics_obtained":["Thread and Needle"],"max_hp_gain":0,"max_hp_loss":0,"event_name":"Addict","floor":30,"gold_loss":85}],"is_beta":false,"boss_relics":[{"not_picked":["Pandora\u0027s Box","Snecko Eye"],"picked":"Fusion Hammer"}],"items_purged_floors":[],"is_endless":false,"potions_floor_spawned":[3,4,5,10,22,24,31],"killed_by":"Collector","ascension_level":18}}