{"host":"5cyixbtuml7aoyg5","time":1608059587,"event":{"mods":["Astrologer","BaseMod","KomeijiMod","Minty Spire (QoL Compilation)","Quick Restart","StSLib"],"gold_per_floor":[219,219,69,143,155,155,175,175,175,189,21,53,53,73,73,168,168,187,187,36,36,48,48,63,93,119,139,152,152,152,183,183,281,281,295,307,30,30,30,30,42,69,69,69,69,69,100,112,112,112],"floor_reached":51,"playtime":2947,"items_purged":["Strike_Komeiji","Strike_Komeiji+1"],"score":743,"play_id":"31a3159f-2529-4634-a83c-71f71764eba8","local_time":"20201216031307","is_ascension_mode":false,"campfire_choices":[{"data":"Dash_Komeiji","floor":6.0,"key":"SMITH"},{"data":"NingyouSP+1","floor":8.0,"key":"SWEEP"},{"floor":15.0,"key":"REST"},{"data":"SemiAutomaton","floor":23.0,"key":"SMITH"},{"floor":29,"key":"REST"},{"data":"NingyouMusou+1","floor":32,"key":"SWEEP"},{"floor":40,"key":"REST"},{"floor":45,"key":"REST"},{"floor":49,"key":"REST"}],"circlet_count":0,"master_deck":["Dash_Komeiji+1","SeekerWire+1","NingyouSP+1","NingyouFukuhei+1","NingyouYunhei+1","NingyouKisou+1","YoukiSo+1","SemiAutomaton+1","NingyouOkisou+1","NingyouSP+1","NingyouChiyari+1","ShanghaiNingyou","NingyouMusou+1","OoedoNingyou+1","ThoughtExtend","Strike_Koishi+1","Defend_Koishi","Defend_Koishi","Defend_Koishi","Defend_Koishi","NingyouSousou+1","Madness","Madness","LittleLegion"],"relics":["SpellCardsRule","MusicBox","HoshigumaDish","Letter Opener","Sundial","CrystalOfMemory","Black Star","Potion Belt","Medical Kit","StoneCalendar","Centennial Puzzle","Whetstone","Boot","Dream Catcher","Blood Vial","Fusion Hammer","KoishisEye","Anchor","Bag of Preparation","Happy Flower","Vajra","HornCleat"],"acts_visited":["Exordium","TheCity","TheBeyond"],"potions_floor_usage":[25,25,25,25,31,31,33],"damage_taken":[{"damage":3.0,"enemies":"2 Louse","floor":1.0,"turns":3.0},{"damage":0.0,"enemies":"Cultist","floor":5.0,"turns":7.0},{"damage":0.0,"enemies":"Jaw Worm","floor":7.0,"turns":4.0},{"damage":5.0,"enemies":"2 Fungi Beasts","floor":10.0,"turns":4.0},{"damage":23.0,"enemies":"Gremlin Nob","floor":12.0,"turns":5.0},{"damage":0.0,"enemies":"Lots of Slimes","floor":14.0,"turns":1.0},{"damage":32.0,"enemies":"The Guardian","floor":16.0,"turns":9.0},{"damage":4.0,"enemies":"Shell Parasite","floor":18.0,"turns":6.0},{"damage":0.0,"enemies":"Chosen","floor":22.0,"turns":10.0},{"damage":16.0,"enemies":"Snake Plant","floor":24.0,"turns":5.0},{"damage":33,"enemies":"Slavers","floor":25,"turns":5},{"damage":0,"enemies":"Centurion and Healer","floor":27,"turns":7},{"damage":10,"enemies":"Snecko","floor":28,"turns":7},{"damage":10,"enemies":"Book of Stabbing","floor":31,"turns":7},{"damage":12,"enemies":"Automaton","floor":33,"turns":11},{"damage":5,"enemies":"3 Darklings","floor":35,"turns":5},{"damage":26,"enemies":"3 Shapes","floor":36,"turns":5},{"damage":15,"enemies":"Transient","floor":41,"turns":5},{"damage":15,"enemies":"Nemesis","floor":42,"turns":7},{"damage":0,"enemies":"Giant Head","floor":47,"turns":10},{"damage":0,"enemies":"Spire Growth","floor":48,"turns":5},{"damage":11,"enemies":"Awakened One","floor":50,"turns":15}],"seed_played":"-8670922393105889358","potions_obtained":[{"floor":1.0,"key":"UndeadPotion"},{"floor":7.0,"key":"AttackPotion"},{"floor":14.0,"key":"GamblersBrew"},{"floor":21.0,"key":"AttackPotion"},{"floor":21.0,"key":"ColorlessPotion"},{"floor":21.0,"key":"EntropicBrew"},{"floor":25,"key":"Block Potion"},{"floor":35,"key":"FearPotion"},{"floor":47,"key":"CultistPotion"}],"is_trial":false,"path_per_floor":["M","?","$","T","M","R","M","R","T","M","$","E","?","M","R","B",null,"M","?","$","?","M","R","M","E","T","M","M","R","T","E","R","B",null,"M","M","$","?","?","R","M","E","T","$","R","?","E","M","R","B",null],"character_chosen":"KomeijiSatori","items_purchased":["HoshigumaDish","NingyouYunhei+1","NingyouKisou+1","Medical Kit","ThoughtExtend"],"campfire_rested":5,"item_purchase_floors":[3,11,11,20,37],"current_hp_per_floor":[47,50,50,50,50,50,50,50,50,45,45,26,19,19,34,4,50,50,50,50,50,50,50,34,1,1,4,12,24,24,17,21,11,40,38,14,14,14,14,26,17,6,6,6,18,13,15,17,29,33],"gold":112,"neow_bonus":"HUNDRED_GOLD","is_daily":false,"chose_seed":false,"campfire_upgraded":2,"win_rate":0.0,"timestamp":1608059587,"path_taken":["M","?","$","?","M","R","M","R","T","M","$","E","?","M","R","BOSS","M","?","$","?","?","R","M","E","T","M","M","R","?","E","R","BOSS","M","M","$","?","?","R","?","E","T","?","R","?","E","M","R","BOSS"],"items_purchased_type":["Relic","Card","Card","Relic","Card"],"build_version":"2020-12-13","purchased_purges":2,"victory":true,"max_hp_per_floor":[50,50,50,50,50,50,50,50,50,50,50,50,50,50,50,50,50,50,50,50,50,50,50,50,40,40,40,40,40,40,40,40,40,40,40,40,40,40,40,40,40,40,40,40,40,40,40,40,40,40],"card_choices":[{"not_picked":["GasuOrimono","InscribeRedSoul"],"picked":"SeekerWire+1","floor":1.0},{"not_picked":["Agarareta+1","HisouNoKen","SuitokuNoKyoryu"],"picked":"SKIP","floor":5.0},{"not_picked":["NarrowSpark","HagoromoMizu"],"picked":"NingyouShinki+1","floor":7.0},{"not_picked":["Mishyaguji+1","HenyouMirume"],"picked":"NingyouFukuhei+1","floor":10.0},{"not_picked":["SeekerWire+1","DemonsDinnerFork","KeiseiJin+1"],"picked":"SKIP","floor":12.0},{"not_picked":["KouPou+1","MusuNoYume"],"picked":"YoukiSo+1","floor":14.0},{"not_picked":["MunenMusou","AbyssNova"],"picked":"SemiAutomaton","floor":16.0},{"not_picked":["Agarareta+1","ShyakuBuku"],"picked":"NingyouOkisou+1","floor":18.0},{"not_picked":["HagoromoMizu","KinbakuJin+1"],"picked":"NingyouSP+1","floor":22.0},{"not_picked":["DochyakuKami+1","SeishiRoten+1"],"picked":"NingyouChiyari+1","floor":24.0},{"not_picked":["NingyouFukuhei+1","NingyouYunhei+1","MusuNoYume"],"picked":"SKIP","floor":25},{"not_picked":["NingyouKisou+1","MakuraSeki+1"],"picked":"ShanghaiNingyou","floor":27},{"not_picked":["KinbakuJin+1","Sabishigari+1","Melting"],"picked":"SKIP","floor":28},{"not_picked":["ShyakuBuku","SemiAutomaton"],"picked":"OoedoNingyou+1","floor":31},{"not_picked":["SeekerDolls+1","NingyouKisou+1"],"picked":"OoedoNingyou+1","floor":35},{"not_picked":["MajikuruSanhai+1","Mishyaguji+1","FreezeTouchMe+1"],"picked":"SKIP","floor":36},{"not_picked":["NingyouSP+1","SeekerDolls+1","JyouchiJin+1"],"picked":"SKIP","floor":41},{"not_picked":["InscribeRedSoul+1","Melting"],"picked":"NingyouSousou+1","floor":42},{"not_picked":["NingyouFukuhei+1","FreezeTouchMe+1"],"picked":"LittleLegion","floor":47},{"not_picked":["NingyouShinki+1","RikonNoKama+1","KinbakuJin+1"],"picked":"SKIP","floor":48}],"player_experience":108512,"relics_obtained":[{"floor":4.0,"key":"Letter Opener"},{"floor":9.0,"key":"Sundial"},{"floor":12.0,"key":"CrystalOfMemory"},{"floor":25,"key":"StoneCalendar"},{"floor":25,"key":"Centennial Puzzle"},{"floor":26,"key":"Whetstone"},{"floor":30,"key":"Boot"},{"floor":31,"key":"Dream Catcher"},{"floor":31,"key":"Blood Vial"},{"floor":42,"key":"Anchor"},{"floor":42,"key":"Bag of Preparation"},{"floor":43,"key":"Happy Flower"},{"floor":47,"key":"Vajra"},{"floor":47,"key":"HornCleat"}],"event_choices":[{"damage_healed":3.0,"max_hp_gain":0.0,"max_hp_loss":0.0,"gold_gain":0.0,"event_name":"Wheel of Change","player_choice":"Full Heal","floor":2.0,"gold_loss":0.0,"damage_taken":0.0},{"cards_removed":["Strike_Komeiji"],"damage_healed":0.0,"max_hp_gain":0.0,"max_hp_loss":0.0,"gold_gain":0.0,"event_name":"Golden Wing","player_choice":"Card Removal","floor":13.0,"gold_loss":0.0,"damage_taken":7.0},{"damage_healed":0.0,"max_hp_gain":0.0,"max_hp_loss":0.0,"gold_gain":0.0,"event_name":"The Mausoleum","player_choice":"Opened","floor":19.0,"gold_loss":0.0,"damage_taken":0.0,"relics_obtained":["Potion Belt"]},{"damage_healed":0.0,"max_hp_gain":0.0,"max_hp_loss":0.0,"gold_gain":0.0,"event_name":"Lab","player_choice":"Got Potions","floor":21.0,"gold_loss":0.0,"damage_taken":0.0},{"damage_healed":0,"gold_gain":0,"player_choice":"Ignored","damage_taken":0,"max_hp_gain":0,"max_hp_loss":0,"event_name":"NoteForYourself","floor":39,"gold_loss":0},{"damage_healed":0,"gold_gain":0,"player_choice":"Embrace Madness","damage_taken":5,"max_hp_gain":0,"max_hp_loss":0,"event_name":"Winding Halls","floor":46,"gold_loss":0,"cards_obtained":["Madness","Madness"]}],"is_beta":false,"boss_relics":[{"not_picked":["Empty Cage","Cursed Key"],"picked":"Black Star"},{"not_picked":["Snecko Eye","ReiryokuShyu"],"picked":"Fusion Hammer"}],"items_purged_floors":[11,37],"is_endless":false,"potions_floor_spawned":[1,7,14,25,27,35,47],"ascension_level":0}}