{"host":"oc5h2hqz0xgb0igf","time":1608019235,"event":{"mods":["AchievementEnabler","BaseMod","Colored Map","Colored Powertips","Minty Spire (QoL Compilation)","Rare Cards Sparkle"],"gold_per_floor":[117,117,131,56,56,85,105,105,105,105,138,158,183,199,199,299,299,310,326,338,353,353,385,385,417,417,437,337,349,363,374,374,476,476,492,321,367,377,396,427,53,88,112,112,123,123,48,61,61,61],"floor_reached":51,"playtime":3793,"items_purged":["Strike_B","Strike_B","Strike_B","Defend_B"],"score":836,"play_id":"80fb05e3-731b-4e20-b219-68c0004ee2a0","local_time":"20201215000035","is_ascension_mode":false,"campfire_choices":[{"data":"Self Repair","floor":8,"key":"SMITH"},{"data":"Ball Lightning","floor":10,"key":"SMITH"},{"data":"Zap","floor":15,"key":"SMITH"},{"data":"Coolheaded","floor":32,"key":"SMITH"},{"data":"Loop","floor":46,"key":"SMITH"},{"data":"Defragment","floor":49,"key":"SMITH"}],"circlet_count":0,"master_deck":["Defend_B","Defend_B","Defend_B+1","Zap+1","Dualcast","Cold Snap","Consume+1","Ball Lightning+1","Self Repair+1","Chill","Cold Snap","Beam Cell","Seek+1","FTL+1","Coolheaded+1","Capacitor+1","Ball Lightning+1","Chill","Glacier","Biased Cognition","Coolheaded","Blizzard+1","Coolheaded+1","Static Discharge","Loop+1","Streamline+1","Hologram+1","Skim+1","Consume+1","Creative AI","Defragment+1","Streamline+1"],"relics":["Cracked Core","NeowsBlessing","Thread and Needle","Pantograph","Darkstone Periapt","Potion Belt","Odd Mushroom","Philosopher\u0027s Stone","Anchor","InkBottle","Nunchaku","Art of War","Coffee Dripper","Shovel","Strawberry","Orrery","Lantern","War Paint"],"acts_visited":["Exordium","TheCity","TheBeyond"],"potions_floor_usage":[16,23,27,31,33,33,37,37,37,37,37,42,42,45,50,50],"damage_taken":[{"damage":0,"enemies":"Jaw Worm","floor":1,"turns":1},{"damage":0,"enemies":"2 Louse","floor":3,"turns":1},{"damage":0,"enemies":"3 Sentries","floor":6,"turns":2},{"damage":1,"enemies":"Small Slimes","floor":7,"turns":3},{"damage":0,"enemies":"Lagavulin","floor":11,"turns":6},{"damage":5,"enemies":"Blue Slaver","floor":12,"turns":3},{"damage":14,"enemies":"The Mushroom Lair","floor":13,"turns":3},{"damage":2,"enemies":"Exordium Wildlife","floor":14,"turns":4},{"damage":27,"enemies":"The Guardian","floor":16,"turns":11},{"damage":0,"enemies":"Shell Parasite","floor":18,"turns":6},{"damage":17,"enemies":"2 Thieves","floor":19,"turns":4},{"damage":6,"enemies":"Shelled Parasite and Fungi","floor":20,"turns":7},{"damage":0,"enemies":"Snecko","floor":21,"turns":6},{"damage":7,"enemies":"Gremlin Leader","floor":23,"turns":8},{"damage":6,"enemies":"Book of Stabbing","floor":25,"turns":5},{"damage":0,"enemies":"Centurion and Healer","floor":27,"turns":5},{"damage":0,"enemies":"Shelled Parasite and Fungi","floor":29,"turns":6},{"damage":0,"enemies":"Cultist and Chosen","floor":30,"turns":6},{"damage":0,"enemies":"Sentry and Sphere","floor":31,"turns":4},{"damage":0,"enemies":"Champ","floor":33,"turns":8},{"damage":1,"enemies":"3 Darklings","floor":35,"turns":8},{"damage":10,"enemies":"2 Orb Walkers","floor":37,"turns":6},{"damage":5,"enemies":"3 Shapes","floor":38,"turns":4},{"damage":0,"enemies":"3 Darklings","floor":39,"turns":8},{"damage":43,"enemies":"Nemesis","floor":40,"turns":9},{"damage":0,"enemies":"Reptomancer","floor":42,"turns":6},{"damage":0,"enemies":"Spire Growth","floor":45,"turns":5},{"damage":0,"enemies":"Transient","floor":48,"turns":5},{"damage":12,"enemies":"Donu and Deca","floor":50,"turns":10}],"seed_played":"-239954059334473573","potions_obtained":[{"floor":3,"key":"SteroidPotion"},{"floor":11,"key":"LiquidMemories"},{"floor":13,"key":"SmokeBomb"},{"floor":16,"key":"Block Potion"},{"floor":20,"key":"EntropicBrew"},{"floor":23,"key":"GamblersBrew"},{"floor":25,"key":"PowerPotion"},{"floor":29,"key":"FocusPotion"},{"floor":33,"key":"GamblersBrew"},{"floor":37,"key":"Explosive Potion"},{"floor":40,"key":"Energy Potion"},{"floor":42,"key":"SneckoOil"},{"floor":48,"key":"Dexterity Potion"}],"is_trial":false,"path_per_floor":["M","?","M","$","?","E","M","R","T","R","E","M","?","M","R","B",null,"M","M","M","M","?","E","T","E","T","M","$","M","M","M","R","B",null,"M","$","?","M","M","E","$","E","T","?","M","R","$","M","R","B",null],"character_chosen":"DEFECT","items_purchased":["Coolheaded","Static Discharge","Orrery","Defragment"],"campfire_rested":0,"item_purchase_floors":[36,41,41,47],"current_hp_per_floor":[75,57,57,57,57,57,56,56,56,56,66,71,67,75,75,58,75,75,68,72,75,75,75,75,75,75,75,75,75,75,75,75,75,75,75,75,75,70,75,49,49,49,49,49,59,59,59,69,69,70],"gold":61,"neow_bonus":"THREE_ENEMY_KILL","is_daily":false,"chose_seed":false,"campfire_upgraded":6,"win_rate":0.0,"timestamp":1608019235,"path_taken":["M","?","M","$","?","E","M","R","T","R","E","M","?","M","R","BOSS","M","M","M","M","?","E","?","E","T","M","$","M","M","M","R","BOSS","M","$","?","M","M","E","$","E","T","?","M","R","$","M","R","BOSS"],"items_purchased_type":["Card","Card","Relic","Card"],"build_version":"2020-12-13","purchased_purges":4,"victory":true,"max_hp_per_floor":[75,75,75,75,75,75,75,75,75,75,75,75,75,75,75,75,75,75,75,75,75,75,75,75,75,75,75,75,75,75,75,75,75,75,75,75,75,75,75,82,82,82,82,82,82,82,82,82,82,82],"card_choices":[{"not_picked":["Sweeping Beam","FTL"],"picked":"Cold Snap","floor":1},{"not_picked":["Go for the Eyes","Sweeping Beam"],"picked":"Consume","floor":3},{"not_picked":["Beam Cell","Doom and Gloom"],"picked":"Ball Lightning","floor":6},{"not_picked":["Gash","Steam"],"picked":"Self Repair","floor":7},{"not_picked":["Reboot","Static Discharge"],"picked":"Chill","floor":11},{"not_picked":["Barrage","Stack"],"picked":"Cold Snap","floor":12},{"not_picked":["White Noise","Ball Lightning"],"picked":"Beam Cell","floor":13},{"not_picked":["Redo","Melter","Cold Snap"],"picked":"SKIP","floor":14},{"not_picked":["Creative AI","Fission"],"picked":"Seek","floor":16},{"not_picked":["Beam Cell","Steam","Redo"],"picked":"SKIP","floor":18},{"not_picked":["Ball Lightning","Hologram"],"picked":"FTL+1","floor":19},{"not_picked":["Cold Snap","Sweeping Beam"],"picked":"Coolheaded","floor":20},{"not_picked":["Aggregate","Gash"],"picked":"Capacitor+1","floor":21},{"not_picked":["Tempest","Rip and Tear"],"picked":"Ball Lightning+1","floor":23},{"not_picked":["Ball Lightning","Compile Driver","Steam"],"picked":"SKIP","floor":25},{"not_picked":["Stack","Steam"],"picked":"Chill","floor":27},{"not_picked":["Amplify","Doom and Gloom"],"picked":"Glacier","floor":29},{"not_picked":["Scrape+1","Melter","Sweeping Beam"],"picked":"SKIP","floor":30},{"not_picked":["Darkness","Genetic Algorithm","Doom and Gloom+1"],"picked":"SKIP","floor":31},{"not_picked":["Rainbow","Fission"],"picked":"Biased Cognition","floor":33},{"not_picked":["Self Repair+1","Go for the Eyes","Leap+1"],"picked":"SKIP","floor":35},{"not_picked":["Streamline+1","Redo"],"picked":"Blizzard+1","floor":37},{"not_picked":["Barrage+1","Ball Lightning"],"picked":"Coolheaded+1","floor":38},{"not_picked":["Gash+1","Streamline","Compile Driver+1"],"picked":"SKIP","floor":39},{"not_picked":["Multi-Cast","Reinforced Body+1","BootSequence+1"],"picked":"SKIP","floor":40},{"not_picked":["BootSequence+1","Chaos+1"],"picked":"Loop","floor":41},{"not_picked":["Skim+1","Go for the Eyes+1"],"picked":"Streamline+1","floor":41},{"not_picked":["Force Field+1","Stack+1"],"picked":"Hologram+1","floor":41},{"not_picked":["Chaos+1","Storm"],"picked":"Skim+1","floor":41},{"not_picked":["Cold Snap+1","Barrage"],"picked":"Consume+1","floor":42},{"not_picked":["Beam Cell+1","Leap+1"],"picked":"Creative AI","floor":45},{"not_picked":["Cold Snap","White Noise"],"picked":"Streamline+1","floor":48}],"player_experience":66085,"relics_obtained":[{"floor":6,"key":"Pantograph"},{"floor":9,"key":"Darkstone Periapt"},{"floor":11,"key":"Potion Belt"},{"floor":13,"key":"Odd Mushroom"},{"floor":23,"key":"Anchor"},{"floor":24,"key":"InkBottle"},{"floor":25,"key":"Nunchaku"},{"floor":26,"key":"Art of War"},{"floor":37,"key":"Shovel"},{"floor":40,"key":"Strawberry"},{"floor":42,"key":"Lantern"},{"floor":43,"key":"War Paint"}],"event_choices":[{"damage_healed":0,"gold_gain":0,"player_choice":"Success","damage_taken":18,"relics_obtained":["Thread and Needle"],"max_hp_gain":0,"max_hp_loss":0,"event_name":"Scrap Ooze","floor":2,"gold_loss":0},{"damage_healed":0,"gold_gain":0,"player_choice":"Grow","damage_taken":0,"max_hp_gain":0,"max_hp_loss":0,"event_name":"Living Wall","floor":5,"gold_loss":0,"cards_upgraded":["Consume"]},{"damage_healed":0,"gold_gain":0,"player_choice":"Fought Mushrooms","damage_taken":0,"max_hp_gain":0,"max_hp_loss":0,"event_name":"Mushrooms","floor":13,"gold_loss":0},{"cards_removed":["Strike_B"],"damage_healed":0,"gold_gain":0,"player_choice":"Elegance","damage_taken":0,"max_hp_gain":0,"max_hp_loss":0,"event_name":"Back to Basics","floor":22,"gold_loss":0},{"damage_healed":0,"gold_gain":0,"player_choice":"Fight","damage_taken":0,"max_hp_gain":0,"max_hp_loss":0,"event_name":"Mysterious Sphere","floor":37,"gold_loss":0},{"damage_healed":0,"gold_gain":0,"player_choice":"Memory 1","damage_taken":0,"max_hp_gain":0,"max_hp_loss":0,"event_name":"SensoryStone","floor":44,"gold_loss":0}],"is_beta":false,"boss_relics":[{"not_picked":["Ectoplasm","Busted Crown"],"picked":"Philosopher\u0027s Stone"},{"not_picked":["Snecko Eye","Empty Cage"],"picked":"Coffee Dripper"}],"items_purged_floors":[4,28,36,41],"is_endless":false,"potions_floor_spawned":[3,11,13,16,20,23,25,29,33,37,40,42,48],"ascension_level":0}}