{"host":"xrdu44lqyrrw1kvr","time":1608028136,"event":{"mods":["Aspiration","BaseMod","Colored Powertips","Conspire","Jedi Mod","Minty Spire (QoL Compilation)","Potionbrewer","Relic Stats","Replay The Spire","Small Relic Pack","StSLib","The Hayseed","TheBandit"],"gold_per_floor":[109,109,109,109,127,157,157,182,260,260,280,296,94,120,120,120,120],"floor_reached":16,"playtime":1275,"items_purged":["TheSimpletonMod:Strike_TheSimpleton"],"score":148,"play_id":"72a75ce2-18b3-4fdd-bb62-8e752b298c8f","local_time":"20201215132856","is_ascension_mode":true,"campfire_choices":[{"floor":7,"key":"REST"},{"data":"TheSimpletonMod:CropRotation","floor":10,"key":"SMITH"}],"circlet_count":0,"master_deck":["TheSimpletonMod:Strike_TheSimpleton","TheSimpletonMod:Strike_TheSimpleton+1","TheSimpletonMod:Defend_TheSimpleton","TheSimpletonMod:Defend_TheSimpleton","TheSimpletonMod:Defend_TheSimpleton","TheSimpletonMod:Defend_TheSimpleton","TheSimpletonMod:Haymaker","TheSimpletonMod:Fecundity","TheSimpletonMod:Sunchoke","TheSimpletonMod:ReekAndSow","TheSimpletonMod:Mulch","TheSimpletonMod:Corn","TheSimpletonMod:CropRotation+1","TheSimpletonMod:Pruning","TheSimpletonMod:GoToMarket","TheSimpletonMod:Onions","TheSimpletonMod:BuzzBomb"],"relics":["TheSimpletonMod:SpudOfTheInnocent","TheSimpletonMod:NightSoil","TheSimpletonMod:TheHarvester","conspire:TopHat","Replay:Rubber Ducky","TheSimpletonMod:Honeycomb","TheSimpletonMod:GasCan"],"acts_visited":["Exordium"],"potions_floor_usage":[8,12,14,16,16],"damage_taken":[{"damage":3,"enemies":"Jaw Worm","floor":1,"turns":5},{"damage":0,"enemies":"Small Slimes","floor":5,"turns":2},{"damage":40,"enemies":"3 Sentries","floor":6,"turns":8},{"damage":13,"enemies":"Lagavulin","floor":8,"turns":7},{"damage":0,"enemies":"conspire:RoseBush","floor":11,"turns":6},{"damage":12,"enemies":"conspire:2 RoseBushes","floor":12,"turns":8},{"damage":40,"enemies":"3 Sentries","floor":14,"turns":12},{"damage":19,"enemies":"The Guardian","floor":16,"turns":6}],"seed_played":"7559703666512560195","potions_obtained":[{"floor":6,"key":"potionbrewer:ToxicPotion"},{"floor":8,"key":"Explosive Potion"},{"floor":14,"key":"potionbrewer:BlacksmithPotion"},{"floor":15,"key":"EssenceOfSteel"},{"floor":15,"key":"ColorlessPotion"}],"is_trial":false,"path_per_floor":["M","?","?","?","M","E","R","E","T","R","M","M","$","E","R","B"],"character_chosen":"THE_SIMPLETON","items_purchased":["TheSimpletonMod:GoToMarket","TheSimpletonMod:Onions"],"campfire_rested":1,"item_purchase_floors":[13,13],"current_hp_per_floor":[74,65,70,63,67,31,55,46,46,46,54,46,46,10,10,0,0],"gold":120,"neow_bonus":"ONE_RANDOM_RARE_CARD","is_daily":false,"chose_seed":false,"campfire_upgraded":1,"win_rate":0.0,"timestamp":1608028136,"path_taken":["M","?","?","?","M","E","R","E","T","R","M","?","$","E","R","BOSS"],"items_purchased_type":["Card","Card"],"build_version":"2020-12-13","purchased_purges":1,"victory":false,"max_hp_per_floor":[75,75,80,80,80,80,80,80,80,80,80,80,80,80,80,80,80],"relic_stats":{"counters":[8,54],"obtain_stats":[{"TheSimpletonMod:TheHarvester":0,"TheSimpletonMod:GasCan":14,"TheSimpletonMod:SpudOfTheInnocent":0,"TheSimpletonMod:NightSoil":0,"TheSimpletonMod:Honeycomb":9,"conspire:TopHat":6,"Replay:Rubber Ducky":8},{"TheSimpletonMod:TheHarvester":0,"TheSimpletonMod:GasCan":7,"TheSimpletonMod:SpudOfTheInnocent":0,"TheSimpletonMod:NightSoil":0,"TheSimpletonMod:Honeycomb":4,"conspire:TopHat":3,"Replay:Rubber Ducky":4},{"TheSimpletonMod:TheHarvester":0,"TheSimpletonMod:GasCan":48,"TheSimpletonMod:SpudOfTheInnocent":0,"TheSimpletonMod:NightSoil":0,"TheSimpletonMod:Honeycomb":22,"conspire:TopHat":15,"Replay:Rubber Ducky":22}]},"card_choices":[{"not_picked":["TheSimpletonMod:SeedCoat","TheSimpletonMod:ToughenUp"],"picked":"TheSimpletonMod:Sunchoke","floor":1},{"not_picked":["TheSimpletonMod:CloseScrape","TheSimpletonMod:Fertilaser"],"picked":"TheSimpletonMod:Mulch","floor":5},{"not_picked":["TheSimpletonMod:DoubleBarrel","TheSimpletonMod:SpiceUp"],"picked":"TheSimpletonMod:Corn","floor":6},{"not_picked":["TheSimpletonMod:Innovate","TheSimpletonMod:Sunchoke"],"picked":"TheSimpletonMod:CropRotation","floor":8},{"not_picked":["TheSimpletonMod:SpiceUp","TheSimpletonMod:DoubleBarrel","TheSimpletonMod:CloseScrape"],"picked":"SKIP","floor":11},{"not_picked":["TheSimpletonMod:FlashPasteurize","TheSimpletonMod:RootDown"],"picked":"TheSimpletonMod:Pruning","floor":12},{"not_picked":["TheSimpletonMod:Thresh","TheSimpletonMod:BumperCrop"],"picked":"TheSimpletonMod:BuzzBomb","floor":14}],"player_experience":2065012,"relics_obtained":[{"floor":6,"key":"conspire:TopHat"},{"floor":8,"key":"Replay:Rubber Ducky"},{"floor":9,"key":"TheSimpletonMod:Honeycomb"},{"floor":14,"key":"TheSimpletonMod:GasCan"}],"event_choices":[{"damage_healed":0,"gold_gain":0,"player_choice":"Donut","damage_taken":0,"max_hp_gain":5,"max_hp_loss":0,"event_name":"Big Fish","floor":3,"gold_loss":0},{"cards_removed":["TheSimpletonMod:Strike_TheSimpleton"],"damage_healed":0,"gold_gain":0,"player_choice":"Card Removal","damage_taken":7,"max_hp_gain":0,"max_hp_loss":0,"event_name":"Golden Wing","floor":4,"gold_loss":0}],"is_beta":false,"boss_relics":[],"items_purged_floors":[13],"is_endless":false,"potions_floor_spawned":[6,8,14],"killed_by":"The Guardian","ascension_level":5}}