{"host":"bsqaowxr2lcqjse6","time":1608038801,"event":{"mods":["Act Like it!","Aspiration","BaseMod","Beaked The Cultist","Better Altar","Better Match","Better Note","Better Third Choice","BetterRewards","Block Reminder","Colored Map","Colored Powertips","Conspire","DeckTracker","Downfall","Elementarium","Energized Spire","GifTheSpireLib","GungeonMod","Hubris","Hunter ??","Infinite Spire","Jorbs\u0027s Wanderer Trilogy","Minty Spire (QoL Compilation)","Rare Cards Sparkle","Relic Stats","Replay The Spire","Shade Mod","Shop Mod","Spicy Shops","StSLib","Stuff the Spire","Td1madao Mod","Transform Curses","Wandering Minibosses"],"gold_per_floor":[117,117,128,143,143,175,175,204,258,21,21,21,21,21,21,109,109,119,119,119,876,876,876,911,926,952,963,975,1010,98,98,98,201,201,215,233,245,245,262,262,289,289,289,289,303,323,323,338,338,443,443,457,732,557,574,574,574,586,610,610,631,631,631,619,619],"floor_reached":64,"playtime":2069,"items_purged":["Regret","Parasite"],"score":1135,"play_id":"43f8db67-0d2e-4d40-9df3-1be8e6ff6f30","local_time":"20201216002641","is_ascension_mode":true,"campfire_choices":[{"data":"Flex","floor":7,"key":"SMITH"},{"data":"Inflame","floor":11,"key":"SMITH"},{"data":"Flex","floor":13,"key":"SMITH"},{"data":"Perfected Strike","floor":15,"key":"SMITH"},{"floor":23,"key":"DIG"},{"floor":32,"key":"REST"},{"data":"infinitespire:FinalStrike","floor":40,"key":"SMITH"},{"floor":42,"key":"DIG"},{"floor":44,"key":"DIG"},{"floor":49,"key":"DIG"},{"floor":57,"key":"DIG"},{"floor":62,"key":"DIG"}],"circlet_count":0,"master_deck":["Strike_R+1","Strike_R+1","Strike_R+1","Strike_R+1","Strike_R+1","Defend_R+1","Defend_R+1","Defend_R+1","Defend_R+1","Thunderclap","Perfected Strike+1","Flex+1","Twin Strike","Inflame+1","Flex+1","Twin Strike","Double Tap+1","Spot Weakness","Shrug It Off","infinitespire:FinalStrike+1","Headbutt+1","Wild Strike","Offering","Searing Blow+1","Wild Strike+1","Wild Strike+1","Rage+1","Flex","Heavy Blade+1","conspire:HitWhereItHurts","Dropkick","Eruption+1","Twin Strike"],"relics":["aspiration:Nostalgia","m_SnakeBloodCore","Anchor","Ancient Tea Set","hubris:Spice","StuffTheSpire:BottledHeartBeat","wanderingMiniBosses:MasterThiefsPresence","Shovel","Blue Candle","infinitespire:Lucky Rock","aspiration:ChemicalBlood","hubris:Metronome","energizedSpire:OgreHead","Replay:M_SmolderingBlood","Regal Pillow","Tiny Chest"],"acts_visited":["Exordium","TheCity","TheBeyond","Exordium"],"potions_floor_usage":[8,33,50,64],"damage_taken":[{"damage":0,"enemies":"Small Slimes","floor":1,"turns":3},{"damage":5,"enemies":"Cultist","floor":3,"turns":3},{"damage":6,"enemies":"Jaw Worm","floor":4,"turns":3},{"damage":40,"enemies":"Lagavulin","floor":6,"turns":5},{"damage":25,"enemies":"3 Sentries","floor":8,"turns":5},{"damage":0,"enemies":"Exordium Thugs","floor":14,"turns":5},{"damage":44,"enemies":"Fading Forest","floor":16,"turns":11},{"damage":22,"enemies":"2 Thieves","floor":18,"turns":3},{"damage":3,"enemies":"Shell Parasite","floor":21,"turns":3},{"damage":0,"enemies":"Book of Stabbing","floor":24,"turns":2},{"damage":0,"enemies":"Cultist and Chosen","floor":25,"turns":3},{"damage":0,"enemies":"Snake Plant","floor":27,"turns":2},{"damage":0,"enemies":"Shelled Parasite and Fungi","floor":28,"turns":2},{"damage":30,"enemies":"conspire:Head Lice","floor":29,"turns":3},{"damage":29,"enemies":"Champ","floor":33,"turns":4},{"damage":0,"enemies":"3 Shapes","floor":35,"turns":2},{"damage":0,"enemies":"Orb Walker","floor":36,"turns":2},{"damage":10,"enemies":"Jaw Worm Horde","floor":37,"turns":3},{"damage":6,"enemies":"Spire Growth","floor":39,"turns":2},{"damage":13,"enemies":"Nightmare","floor":41,"turns":3},{"damage":0,"enemies":"3 Darklings","floor":45,"turns":2},{"damage":22,"enemies":"Transient","floor":46,"turns":5},{"damage":7,"enemies":"Writhing Mass","floor":48,"turns":3},{"damage":26,"enemies":"Time Eater","floor":50,"turns":3},{"damage":0,"enemies":"Cultist","floor":52,"turns":1},{"damage":0,"enemies":"Small Slimes","floor":55,"turns":1},{"damage":0,"enemies":"2 Louse","floor":58,"turns":1},{"damage":0,"enemies":"Gremlin Nob","floor":59,"turns":1},{"damage":6,"enemies":"3 Sentries","floor":61,"turns":1},{"damage":31,"enemies":"Nightmare","floor":64,"turns":3}],"seed_played":"973841415403299007","potions_obtained":[{"floor":1,"key":"Regen Potion"},{"floor":2,"key":"SteroidPotion"},{"floor":6,"key":"FearPotion"},{"floor":16,"key":"SkillPotion"},{"floor":27,"key":"Strength Potion"},{"floor":36,"key":"SkillPotion"},{"floor":48,"key":"AttackPotion"},{"floor":50,"key":"Adrenaline Potion"},{"floor":64,"key":"Block Potion"}],"is_trial":false,"path_per_floor":["M","?","M","M","?","E","R","E","T","$","R","$","R","M","R","B",null,"M","?","T","M","AVR","R","E","M","T","M","M","E","$","?","R","B",null,"M","M","M","?","M","R","NM","R","T","R","M","M","?","M","R","B",null,"M","?","$","M","?","R","M","E","T","E","R","?","NM"],"character_chosen":"IRONCLAD","items_purchased":["hubris:Spice","Inflame","Flex","hubris:Spice","hubris:Spice","hubris:Spice"],"campfire_rested":1,"item_purchase_floors":[10,10,10,30,30,30],"current_hp_per_floor":[80,80,80,80,80,49,49,47,47,55,55,55,55,64,64,37,83,70,70,70,76,76,76,85,88,80,80,80,59,56,14,30,10,45,54,56,55,56,56,56,48,48,48,48,48,35,35,37,37,20,41,48,48,45,45,45,45,45,45,45,37,37,28,0,0],"gold":619,"neow_bonus":"NOSTALGIA","is_daily":false,"chose_seed":false,"campfire_upgraded":5,"win_rate":0.0,"timestamp":1608038801,"path_taken":["M","?","?","M","?","E","R","E","T","$","R","$","R","M","R","BOSS","M","?","?","M","AVR","R","E","?","T","M","M","E","$","?","R","BOSS","M","M","M","?","M","R","NM","R","T","R","M","M","?","M","R","BOSS","M","?","$","?","?","R","M","E","T","E","R","?","NM"],"items_purchased_type":["Relic","Card","Card","Relic","Relic","Relic"],"build_version":"2020-12-13","purchased_purges":2,"victory":false,"max_hp_per_floor":[80,80,80,80,80,80,80,80,80,88,88,88,88,88,88,88,96,96,96,96,96,96,88,88,88,80,80,80,80,56,56,56,56,56,56,56,56,56,56,56,48,48,48,48,48,48,48,48,48,48,48,48,48,45,45,45,45,45,45,45,37,37,37,37,37],"relic_stats":{"Regal Pillow":0,"Shovel":6,"counters":[30,90],"Blue Candle":[0],"Tiny Chest":0,"obtain_stats":[{"hubris:Metronome":49,"Regal Pillow":57,"aspiration:Nostalgia":0,"StuffTheSpire:BottledHeartBeat":20,"Blue Candle":29,"wanderingMiniBosses:MasterThiefsPresence":21,"DemoMod:GlassGuonStoneRelic":1,"energizedSpire:OgreHead":51,"infinitespire:Lucky Rock":42,"Ancient Tea Set":9,"Burning Blood":0,"Anchor":6,"Shovel":22,"m_SnakeBloodCore":0,"hubris:Spice":10,"Replay:M_SmolderingBlood":56,"Tiny Chest":59,"aspiration:ChemicalBlood":44},{"hubris:Metronome":23,"Regal Pillow":26,"aspiration:Nostalgia":0,"StuffTheSpire:BottledHeartBeat":8,"Blue Candle":14,"wanderingMiniBosses:MasterThiefsPresence":9,"DemoMod:GlassGuonStoneRelic":1,"energizedSpire:OgreHead":24,"infinitespire:Lucky Rock":20,"Ancient Tea Set":5,"Burning Blood":0,"Anchor":4,"Shovel":9,"m_SnakeBloodCore":0,"hubris:Spice":5,"Replay:M_SmolderingBlood":26,"Tiny Chest":28,"aspiration:ChemicalBlood":20},{"hubris:Metronome":79,"Regal Pillow":84,"aspiration:Nostalgia":0,"StuffTheSpire:BottledHeartBeat":38,"Blue Candle":53,"wanderingMiniBosses:MasterThiefsPresence":41,"DemoMod:GlassGuonStoneRelic":3,"energizedSpire:OgreHead":82,"infinitespire:Lucky Rock":69,"Ancient Tea Set":19,"Burning Blood":0,"Anchor":14,"Shovel":41,"m_SnakeBloodCore":0,"hubris:Spice":19,"Replay:M_SmolderingBlood":84,"Tiny Chest":86,"aspiration:ChemicalBlood":69}]},"card_choices":[{"not_picked":["Replay:Undeath\u0027s Touch","Headbutt"],"picked":"Thunderclap","floor":1},{"not_picked":["ReplayTheSpireMod:LeadingStrike","Thunderclap","Dark Embrace"],"picked":"SKIP","floor":3},{"not_picked":["Cleave","Infernal Blade"],"picked":"Perfected Strike","floor":4},{"not_picked":["Clothesline","Replay:Undeath\u0027s Touch"],"picked":"Flex","floor":6},{"not_picked":["Warcry","Uppercut"],"picked":"Twin Strike","floor":8},{"not_picked":["Bloodletting","Warcry"],"picked":"Twin Strike","floor":14},{"not_picked":["Hemogenesis","Juggernaut"],"picked":"Double Tap","floor":16},{"not_picked":["Hemokinesis","Cleave"],"picked":"Spot Weakness","floor":18},{"not_picked":["Juggernaut","Sever Soul"],"picked":"Shrug It Off","floor":21},{"not_picked":["ReplayTheSpireMod:Strike From Hell+1","Fire Breathing","hubris:SpiceAddiction"],"picked":"SKIP","floor":24},{"not_picked":["Carnage","hubris:SpiceAddiction","Rampage"],"picked":"SKIP","floor":25},{"not_picked":["Sword Boomerang+1","Iron Wave"],"picked":"Headbutt+1","floor":27},{"not_picked":["Headbutt+1","conspire:Charge"],"picked":"Wild Strike","floor":28},{"not_picked":["Intimidate+1","ReplayTheSpireMod:Limb From Limb","Sword Boomerang"],"picked":"SKIP","floor":29},{"not_picked":["hubris:SpiceAddiction","conspire:Purge"],"picked":"Offering","floor":33},{"not_picked":["Entrench","Shrug It Off","Cleave+1"],"picked":"SKIP","floor":35},{"not_picked":["ReplayTheSpireMod:Corrosion Curse","hubris:SpiceAddiction"],"picked":"Searing Blow+1","floor":36},{"not_picked":["Shrug It Off+1","Armaments+1"],"picked":"Wild Strike+1","floor":37},{"not_picked":["StuffTheSpire:RockThrow","Fiend Fire"],"picked":"Wild Strike+1","floor":39},{"not_picked":["infinitespire:OneForAll+1","Combust"],"picked":"Rage+1","floor":41},{"not_picked":["Sword Boomerang","hubris:SpiceAddiction","ReplayTheSpireMod:Strike From Hell"],"picked":"SKIP","floor":45},{"not_picked":["Run Through","hubris:SpiceAddiction"],"picked":"Flex","floor":46},{"not_picked":["Armaments","Rampage"],"picked":"Heavy Blade+1","floor":48},{"not_picked":["hubris:SpiceAddiction","Immolate"],"picked":"conspire:HitWhereItHurts","floor":50},{"not_picked":["StuffTheSpire:Incineration","Thunderclap","StuffTheSpire:RockThrow"],"picked":"SKIP","floor":52},{"not_picked":["hubris:SpiceAddiction","Sever Soul"],"picked":"Dropkick","floor":55},{"not_picked":["Anger","hubris:SpiceAddiction","StuffTheSpire:Incineration"],"picked":"SKIP","floor":58},{"not_picked":["Sword Boomerang","hubris:ReadiedAction","Second Wind"],"picked":"SKIP","floor":59},{"not_picked":["EmptyFist","Intimidate"],"picked":"Twin Strike","floor":61}],"player_experience":585422,"relics_obtained":[{"floor":6,"key":"Anchor"},{"floor":9,"key":"Ancient Tea Set"},{"floor":20,"key":"StuffTheSpire:BottledHeartBeat"},{"floor":21,"key":"wanderingMiniBosses:MasterThiefsPresence"},{"floor":23,"key":"hubris:Spice"},{"floor":26,"key":"hubris:Spice"},{"floor":29,"key":"Blue Candle"},{"floor":41,"key":"hubris:Spice"},{"floor":42,"key":"infinitespire:Lucky Rock"},{"floor":44,"key":"aspiration:ChemicalBlood"},{"floor":49,"key":"hubris:Metronome"},{"floor":57,"key":"Regal Pillow"},{"floor":59,"key":"Tiny Chest"},{"floor":61,"key":"hubris:Spice"}],"event_choices":[{"damage_healed":0,"gold_gain":0,"player_choice":"Got Potions","damage_taken":0,"max_hp_gain":0,"max_hp_loss":0,"event_name":"Lab","floor":2,"gold_loss":0},{"damage_healed":0,"gold_gain":0,"player_choice":"Forge","damage_taken":0,"max_hp_gain":0,"max_hp_loss":0,"event_name":"Accursed Blacksmith","floor":5,"gold_loss":0,"cards_upgraded":["Bash"]},{"damage_healed":0,"gold_gain":0,"player_choice":"Simplicity","damage_taken":0,"max_hp_gain":0,"max_hp_loss":9,"event_name":"betterThird:BetterWriting","floor":19,"gold_loss":0},{"damage_healed":0,"gold_gain":275,"player_choice":"Desecrate","damage_taken":0,"max_hp_gain":0,"max_hp_loss":0,"event_name":"Golden Shrine","floor":53,"gold_loss":0,"cards_obtained":["Regret"]}],"is_beta":false,"boss_relics":[{"not_picked":["hubris:VirtuousBlindfold","Snecko Eye"],"picked":"hubris:Spice"},{"not_picked":["hubris:Spice","hubris:Spice","hubris:Spice"]},{"not_picked":["hubris:Spice","hubris:GrandSneckoEye"],"picked":"energizedSpire:OgreHead"}],"items_purged_floors":[54,54],"is_endless":true,"potions_floor_spawned":[1,6,16,25,27,28,29,36,37,39,45,52,58,61],"killed_by":"Nightmare","ascension_level":5}}