{"host":"0fmi5fguj5lvt8pf","time":1608019594,"event":{"mods":["BaseMod","BetterRewards","Colored Map","Downfall","Minty Spire (QoL Compilation)","Permanent Neow","StSLib"],"gold_per_floor":[99,99,99,199,44,144,199,209,243,243,343,253,267,106,125,125,125],"floor_reached":16,"playtime":1216,"items_purged":["champ:Defend"],"score":96,"play_id":"1960c9e6-dea3-4650-b113-9456e9abd348","local_time":"20201215000634","is_ascension_mode":false,"campfire_choices":[{"data":"champ:Taunt","floor":1.0,"key":"SMITH"},{"data":"champ:Haymaker","floor":10,"key":"SMITH"}],"circlet_count":0,"master_deck":["champ:Strike","champ:Strike","champ:Strike","champ:Defend","champ:Defend","champ:Execute","champ:Taunt+1","champ:Haymaker+1","champ:Balance","champ:Balance+1","champ:CrookedStrike","champ:Riposte","champ:StanceDance","champ:FightOn","champ:RisingSlash","champ:FlashCut"],"relics":["champ:ChampionCrown","downfall:HeartsMalice","Tiny Chest","Champion Belt","Omamori","Orichalcum","Juzu Bracelet"],"acts_visited":["Exordium"],"potions_floor_usage":[9,14],"damage_taken":[{"damage":0.0,"enemies":"Small Slimes","floor":2.0,"turns":1.0},{"damage":0,"enemies":"downfall:FleeingMerchant","floor":5,"turns":1},{"damage":0,"enemies":"downfall:FleeingMerchant","floor":6,"turns":1},{"damage":5,"enemies":"2 Louse","floor":8,"turns":3},{"damage":31,"enemies":"3 Sentries","floor":9,"turns":9},{"damage":29,"enemies":"downfall:Heads","floor":11,"turns":7},{"damage":6,"enemies":"downfall:FleeingMerchant","floor":12,"turns":4},{"damage":2,"enemies":"Jaw Worm","floor":13,"turns":2},{"damage":12,"enemies":"downfall:FleeingMerchant","floor":14,"turns":4},{"damage":0,"enemies":"Blue Slaver","floor":15,"turns":2},{"damage":45,"enemies":"downfall:Defect","floor":16,"turns":5}],"seed_played":"2950155457579562408","potions_obtained":[{"floor":6,"key":"EssenceOfSteel"},{"floor":13,"key":"Fire Potion"},{"floor":15,"key":"SmokeBomb"}],"is_trial":false,"path_per_floor":["R","M","?","?","$","?","T","M","E","R","?","$","M","$","M","B"],"character_chosen":"THE_CHAMP","items_purchased":["Tiny Chest","Juzu Bracelet"],"campfire_rested":0,"item_purchase_floors":[5,14],"current_hp_per_floor":[90,90,90,90,90,90,90,90,69,69,51,51,49,45,45,0,0],"gold":125,"neow_bonus":"THREE_ENEMY_KILL","is_daily":false,"chose_seed":false,"campfire_upgraded":2,"win_rate":0.0,"timestamp":1608019594,"path_taken":["R","M","?","?","$","?","T","M","E","R","?","$","M","?","M","BOSS"],"items_purchased_type":["Relic","Relic"],"build_version":"2020-12-13","purchased_purges":1,"victory":false,"max_hp_per_floor":[90,90,90,90,90,90,90,90,90,90,90,90,90,90,90,90,90],"card_choices":[{"not_picked":["champ:ShieldSigil","champ:FanOfKnives"],"picked":"champ:Haymaker","floor":2.0},{"not_picked":["champ:ArenaPreparation","champ:BerserkersShout"],"picked":"champ:Balance","floor":5},{"not_picked":["champ:SkillfulDodge","champ:Circumvent"],"picked":"champ:Balance","floor":6},{"not_picked":["champ:RecklessLeap","champ:SwordSigil"],"picked":"champ:CrookedStrike","floor":8},{"not_picked":["champ:GladiatorsShout","champ:SkillfulDodge"],"picked":"champ:Riposte","floor":9},{"not_picked":["champ:BringItOn","champ:Aggression"],"picked":"champ:FightOn","floor":12},{"not_picked":["champ:EnragedBash","champ:BerserkerStyle","champ:Balance"],"picked":"SKIP","floor":13},{"not_picked":["champ:GladiatorStyle","champ:AdrenalArmor"],"picked":"champ:RisingSlash","floor":14},{"not_picked":["champ:Encircle","champ:BringItOn"],"picked":"champ:FlashCut","floor":15}],"player_experience":1155305,"relics_obtained":[{"floor":6,"key":"Champion Belt"},{"floor":7,"key":"Omamori"},{"floor":9,"key":"Orichalcum"}],"event_choices":[],"is_beta":false,"boss_relics":[],"items_purged_floors":[12],"is_endless":false,"potions_floor_spawned":[6,13,15],"killed_by":"downfall:Defect","ascension_level":0}}