{"host":"bi6hp2lw0u7dctop","time":1608023171,"event":{"mods":["BaseMod","GifTheSpireLib","Minty Spire (QoL Compilation)","Relic Stats","Replay The Spire","Spicy Shops","StSLib","°æπ¶ƒ‹Mod°øªÏ„Á÷Æª∑–ﬁ∏¥≤π∂°","°æ“≈ŒÔø®≈∆°øREMEMod"],"gold_per_floor":[113,133,133,133,26,42,150,178,178,178,178,178,188,2,21,33,33,131,131,149,165,175,265,265],"floor_reached":23,"playtime":1779,"items_purged":["Strike_G"],"score":268,"play_id":"617dd63c-f6cb-4626-b4eb-1af6322039d0","local_time":"20201215170611","is_ascension_mode":false,"campfire_choices":[{"data":"Neutralize","floor":10,"key":"SMITH"},{"data":"Noxious Fumes","floor":12,"key":"SMITH"},{"data":"Backflip","floor":17,"key":"SMITH"}],"circlet_count":0,"master_deck":["Strike_G","Strike_G","Strike_G","Strike_G","Defend_G","Defend_G","Defend_G","Defend_G","Survivor","Neutralize+1","Noxious Fumes+1","Dagger Throw","Bane","Outmaneuver+1","Leg Sweep","Backflip+1","Dagger Spray","Dodge and Roll","Toxin Wave","Blur","ReplayTheSpireMod:Necrosis","Poisoned Stab"],"relics":["Ring of the Snake","REME_ComplimentaryCards","Bag of Preparation","Bronze Scales","TungstenRod","White Beast Statue","Membership Card","REME_DuelDisc"],"acts_visited":["Exordium","TheCity"],"potions_floor_usage":[16,18,18,18,21,22],"damage_taken":[{"damage":1,"enemies":"Cultist","floor":1,"turns":4},{"damage":0,"enemies":"Jaw Worm","floor":2,"turns":3},{"damage":6,"enemies":"2 Louse","floor":6,"turns":2},{"damage":8,"enemies":"Replay:BlueRogue","floor":8,"turns":5},{"damage":0,"enemies":"Red Slaver","floor":13,"turns":5},{"damage":0,"enemies":"Large Slime","floor":15,"turns":5},{"damage":0,"enemies":"Blue Slaver","floor":16,"turns":3},{"damage":0,"enemies":"Fading Forest","floor":18,"turns":11},{"damage":21,"enemies":"Spheric Guardian","floor":20,"turns":6},{"damage":20,"enemies":"2 Thieves","floor":21,"turns":4},{"damage":8,"enemies":"Snake Plant","floor":22,"turns":3}],"seed_played":"-4142612913259494865","potions_obtained":[{"floor":8,"key":"Doom Potion"},{"floor":13,"key":"DuplicationPotion"},{"floor":15,"key":"Swift Potion"},{"floor":16,"key":"LiquidBronze"},{"floor":18,"key":"EntropicBrew"},{"floor":20,"key":"LifebloodPotion"},{"floor":21,"key":"Fire Potion"},{"floor":22,"key":"Milkshake"}],"is_trial":false,"path_per_floor":["M","M","PTL","PTL","$","M","?","E","T","R","T","R","M","$","M","M","R","B",null,"M","M","M","?"],"character_chosen":"THE_SILENT","items_purchased":["Bag of Preparation","Outmaneuver+1","Membership Card"],"campfire_rested":0,"item_purchase_floors":[5,5,14],"current_hp_per_floor":[69,69,69,69,69,63,63,55,55,55,55,55,55,55,55,55,55,63,70,49,29,21,6,6],"gold":265,"neow_bonus":"REMOVE_CARD","is_daily":false,"chose_seed":false,"campfire_upgraded":3,"win_rate":0.0,"timestamp":1608023171,"path_taken":["M","M","PTL","PTL","$","M","?","E","?","R","T","R","M","$","?","M","R","BOSS","M","M","M","?"],"items_purchased_type":["Relic","Card","Relic"],"build_version":"2020-12-13","purchased_purges":1,"victory":false,"max_hp_per_floor":[70,70,70,70,70,70,70,70,70,70,70,70,70,70,70,70,70,70,70,70,70,70,70,70],"relic_stats":{"counters":[11,51],"Bronze Scales":[87],"Bag of Preparation":[18],"obtain_stats":[{"Bronze Scales":7,"REME_DuelDisc":19,"Bag of Preparation":5,"Membership Card":14,"TungstenRod":8,"White Beast Statue":11,"Ring of the Snake":0,"REME_ComplimentaryCards":0},{"Bronze Scales":3,"REME_DuelDisc":8,"Bag of Preparation":2,"Membership Card":5,"TungstenRod":4,"White Beast Statue":4,"Ring of the Snake":0,"REME_ComplimentaryCards":0},{"Bronze Scales":9,"REME_DuelDisc":38,"Bag of Preparation":7,"Membership Card":19,"TungstenRod":14,"White Beast Statue":14,"Ring of the Snake":0,"REME_ComplimentaryCards":0}],"TungstenRod":14,"Ring of the Snake":[22]},"card_choices":[{"not_picked":["Sucker Punch","Slice"],"picked":"Dagger Throw","floor":1},{"not_picked":["Quick Slash","ReplayTheSpireMod:The Works"],"picked":"Bane","floor":2},{"not_picked":["Prepared","Blade Dance"],"picked":"Leg Sweep","floor":6},{"not_picked":["Slice","Backstab"],"picked":"Backflip","floor":7},{"not_picked":["Hidden Blade","Envenom"],"picked":"Dagger Spray","floor":7},{"not_picked":["Setup","ReplayTheSpireMod:Shiv Toss"],"picked":"Dodge and Roll","floor":8},{"not_picked":["Sucker Punch","Prepared","Blade Dance"],"picked":"SKIP","floor":13},{"not_picked":["Prepared","Blade Dance"],"picked":"Toxin Wave","floor":15},{"not_picked":["Expertise","Finisher"],"picked":"Blur","floor":16},{"not_picked":["Burst","REME_GrazeFinale"],"picked":"ReplayTheSpireMod:Necrosis","floor":18},{"not_picked":["Riddle With Holes","Sucker Punch"],"picked":"Poisoned Stab","floor":20},{"not_picked":["Blur+1","Sucker Punch","Fluid Movement"],"picked":"SKIP","floor":21},{"not_picked":["ReplayTheSpireMod:Exploit Weakness","Poisoned Stab","Cloak And Dagger"],"picked":"SKIP","floor":22}],"player_experience":165571,"relics_obtained":[{"floor":7,"key":"Bronze Scales"},{"floor":8,"key":"TungstenRod"},{"floor":11,"key":"White Beast Statue"}],"event_choices":[{"damage_healed":0,"gold_gain":90,"player_choice":"GOLD POTION ","damage_taken":18,"max_hp_gain":0,"max_hp_loss":0,"event_name":"Knowing Skull","floor":23,"potions_obtained":["Death Potion"],"gold_loss":0,"cards_obtained":[]}],"is_beta":false,"boss_relics":[{"not_picked":["Snecko Eye","Astrolabe"],"picked":"REME_DuelDisc"}],"items_purged_floors":[14],"is_endless":false,"potions_floor_spawned":[8,13,15,16,18,20,21,22],"ascension_level":0}}