{"host":"pz1ko3gi7nsxydm3","time":1608076000,"event":{"mods":["AchievementEnabler","Act Like it!","BaseMod","Better Note","Better Third Choice","Colored Map","Downfall","Hallownest","Hermit","Hubris","Infinite Spire","Minty Spire (QoL Compilation)","Rare Cards Sparkle","Replay The Spire","StSLib","The Bug Knight","The Jungle","??????REMEMod"],"gold_per_floor":[14,14,14,25,42,42,53,84,84,14,29,39,39,39,39,135,435,454,470,488,488,14,14,14,14,14,14,28,46,46,46,46,142,142,156,156,156,166,166,196,196,219,219,219,219],"floor_reached":44,"playtime":4404,"items_purged":[],"score":461,"play_id":"07946515-f2fb-4e94-922e-8d0cc46be8d5","local_time":"20201215234640","is_ascension_mode":false,"campfire_choices":[{"floor":13,"key":"REST"},{"floor":15,"key":"REST"},{"floor":23,"key":"REST"},{"data":"Apotheosis","floor":25,"key":"SMITH"},{"floor":30,"key":"REST"},{"floor":32,"key":"REST"},{"floor":41,"key":"REST"}],"circlet_count":0,"master_deck":["Strike_P","Strike_P","Strike_P","Strike_P","Defend_P","Defend_P","Defend_P","Eruption","Vigilance","Guardian:SentryBeam","Apotheosis+1","Crescendo","expansioncontent:FaceSlap","ThirdEye","Prostrate","Replay:Battleflow","Pray","Adaptation","Replay:Hum","Halt","BattleHymn","ConjureBlade","Clumsy","CurseOfTheBell","Replay:Anticipation","Study+1","Collect","DeusExMachina","Flash of Steel","Worship+1","Tantrum","Devotion","JustLucky","FlurryOfBlows","DeusExMachina"],"relics":["PureWater","REME_ComplimentaryCards","hubris:Towel","PreservedInsect","Replay:Ancient Bell","Pet Ghost","Replay:Bottled Steam","Old Coin","Toolbox","Torii","hubris:HollowSoul","infinitespire:Broken Mirror","Blue Doll","White Beast Statue"],"acts_visited":["Exordium","TheCity","TheBeyond"],"potions_floor_usage":[8,11,12,19,29,35,38,38,40],"damage_taken":[{"damage":6,"enemies":"Jaw Worm","floor":1,"turns":3},{"damage":5,"enemies":"Small Slimes","floor":4,"turns":3},{"damage":0,"enemies":"Cultist","floor":5,"turns":3},{"damage":5,"enemies":"Exordium Wildlife","floor":7,"turns":4},{"damage":26,"enemies":"HollowMod:MossKnight","floor":8,"turns":4},{"damage":27,"enemies":"Gremlin Gang","floor":11,"turns":5},{"damage":0,"enemies":"Large Slime","floor":12,"turns":5},{"damage":17,"enemies":"Hexaghost","floor":16,"turns":5},{"damage":6,"enemies":"Spheric Guardian","floor":18,"turns":3},{"damage":26,"enemies":"2 Thieves","floor":19,"turns":5},{"damage":21,"enemies":"Snake Plant","floor":20,"turns":3},{"damage":9,"enemies":"Sentry and Sphere","floor":28,"turns":3},{"damage":28,"enemies":"Centurion and Healer","floor":29,"turns":4},{"damage":29,"enemies":"Champ","floor":33,"turns":7},{"damage":42,"enemies":"3 Darklings","floor":35,"turns":5},{"damage":3,"enemies":"3 Shapes","floor":38,"turns":5},{"damage":22,"enemies":"Giant Head","floor":40,"turns":5},{"damage":14,"enemies":"Transient","floor":44,"turns":2}],"seed_played":"353220003341263741","potions_obtained":[{"floor":4,"key":"Block Potion"},{"floor":7,"key":"DuplicationPotion"},{"floor":8,"key":"PowerPotion"},{"floor":11,"key":"LifebloodPotion"},{"floor":20,"key":"hexamod:EctoCoolerPotion"},{"floor":29,"key":"Fire Potion"},{"floor":33,"key":"PowerPotion"},{"floor":35,"key":"Energy Potion"}],"is_trial":false,"path_per_floor":["M","?","?","M","M","$","M","E","T","$","M","M","R","?","R","B",null,"M","M","M","?","$","R","?","R","T","$","M","M","R","$","R","B",null,"M","?","?","M","?","E","R","T","T","M"],"character_chosen":"WATCHER","items_purchased":["Replay:Hum","DeusExMachina","Flash of Steel","Toolbox","DuplicationPotion"],"campfire_rested":6,"item_purchase_floors":[10,22,22,22,22],"current_hp_per_floor":[66,66,66,61,61,61,56,30,30,30,3,3,24,24,45,28,72,66,40,19,19,19,40,40,40,40,40,31,3,24,24,45,20,72,30,30,30,34,34,20,40,40,40,0,0],"gold":219,"neow_bonus":"RANDOM_COLORLESS_2","is_daily":false,"chose_seed":false,"campfire_upgraded":1,"win_rate":0.0,"timestamp":1608076000,"path_taken":["M","?","?","M","?","$","M","E","T","$","M","M","R","?","R","BOSS","M","M","?","?","$","R","?","R","T","?","M","M","R","$","R","BOSS","M","?","?","M","?","E","R","?","T","M"],"items_purchased_type":["Card","Card","Card","Relic","Potion"],"build_version":"2020-12-13","purchased_purges":0,"victory":false,"max_hp_per_floor":[72,72,72,72,72,72,72,72,72,72,72,72,72,72,72,72,72,72,72,72,72,72,72,72,72,72,72,72,72,72,72,72,72,72,72,72,68,68,68,68,68,68,68,68,68],"card_choices":[{"not_picked":["Crow Ritual","Midas Touch"],"picked":"Apotheosis","floor":0},{"not_picked":["Replay:ManipulateFuture","ClearTheMind"],"picked":"Crescendo","floor":1},{"not_picked":["Replay:AtTheReady","Fasting2"],"picked":"Prostrate","floor":4},{"not_picked":["FearNoEvil","Conclude"],"picked":"Replay:Battleflow","floor":5},{"not_picked":["FollowUp","Halt"],"picked":"Pray","floor":7},{"not_picked":["Scrawl","Wallop"],"picked":"Adaptation","floor":8},{"not_picked":["Vengeance","LikeWater"],"picked":"Halt","floor":11},{"not_picked":["ThirdEye","REME_Repentance"],"picked":"BattleHymn","floor":12},{"not_picked":["REME_EmptyShield","Scrawl"],"picked":"ConjureBlade","floor":16},{"not_picked":["Decay","hubris:Despair"],"picked":"Clumsy","floor":17},{"not_picked":["Parasite","Delirium"],"picked":"Sickly","floor":17},{"not_picked":["Looming Evil","Normality"],"picked":"CurseOfTheBell","floor":17},{"not_picked":["Consecrate","FollowUp"],"picked":"Replay:Anticipation","floor":18},{"not_picked":["Replay:Cycle","Replay:BluntJabs"],"picked":"Study+1","floor":19},{"not_picked":["FollowUp","Protect+1"],"picked":"Collect","floor":20},{"not_picked":["EmptyBody","Evaluate"],"picked":"Worship+1","floor":28},{"not_picked":["CrushJoints","Consecrate"],"picked":"Tantrum","floor":29},{"not_picked":["Scrawl","Ragnarok"],"picked":"Devotion","floor":33},{"not_picked":["SignatureMove+1","Replay:AtTheReady+1"],"picked":"JustLucky","floor":35},{"not_picked":["Replay:ManipulateFuture+1","Study"],"picked":"FlurryOfBlows","floor":38},{"not_picked":["Evaluate+1","Replay:BluntJabs"],"picked":"DeusExMachina","floor":40}],"player_experience":73904,"relics_obtained":[{"floor":8,"key":"PreservedInsect"},{"floor":26,"key":"Torii"},{"floor":40,"key":"infinitespire:Broken Mirror"},{"floor":42,"key":"Blue Doll"},{"floor":43,"key":"White Beast Statue"}],"event_choices":[{"damage_healed":0,"gold_gain":0,"player_choice":"2 cards matched","damage_taken":0,"max_hp_gain":0,"max_hp_loss":0,"event_name":"Match and Keep!","floor":3,"gold_loss":0,"cards_obtained":["expansioncontent:FaceSlap","ThirdEye"]},{"damage_healed":0,"gold_gain":0,"player_choice":"Ignored","damage_taken":0,"max_hp_gain":0,"max_hp_loss":0,"event_name":"betterNote:BetterNote","floor":14,"gold_loss":0,"cards_obtained":["infinitespire:TheBestDefense"]},{"cards_removed":["Sickly"],"damage_healed":0,"gold_gain":0,"player_choice":"Elegance","damage_taken":0,"max_hp_gain":0,"max_hp_loss":0,"event_name":"betterThird:BetterWriting","floor":24,"gold_loss":0},{"damage_healed":0,"gold_gain":0,"player_choice":"Ignored","damage_taken":0,"max_hp_gain":0,"max_hp_loss":0,"event_name":"Tomb of Lord Red Mask","floor":36,"gold_loss":0},{"damage_healed":0,"gold_gain":0,"player_choice":"Max HP","damage_taken":0,"max_hp_gain":0,"max_hp_loss":4,"event_name":"Winding Halls","floor":37,"gold_loss":0},{"cards_removed":["Defend_P"],"damage_healed":0,"gold_gain":0,"player_choice":"Removed Skill","damage_taken":0,"max_hp_gain":0,"max_hp_loss":0,"event_name":"Falling","floor":39,"gold_loss":0}],"is_beta":false,"boss_relics":[{"not_picked":["Busted Crown","Replay:Grab Bag"],"picked":"Replay:Ancient Bell"},{"not_picked":["hubris:OldNail","Bag of Preparation"],"picked":"Pet Ghost"},{"not_picked":["infinitespire:FocusingShard","HollowMod:LifeEnderRelic"],"picked":"Replay:Bottled Steam"},{"not_picked":["Calipers","Lizard Tail"],"picked":"Old Coin"},{"not_picked":["Replay:Wanted Poster","hubris:RunicObelisk"],"picked":"hubris:HollowSoul"}],"items_purged_floors":[],"is_endless":false,"potions_floor_spawned":[4,7,8,11,20,29,33,35],"killed_by":"Transient","ascension_level":0}}