{"host":"9ndbo4kgsfoemf7y","time":1608036388,"event":{"mods":["AchievementEnabler","BaseMod","Colored Map","DeckTracker","Keyboard Shortcuts","Minty Spire (QoL Compilation)","Permanent Neow","Quick Restart","Relic Stats","StSLib","SuperFastMode"],"gold_per_floor":[359,376,526,537,299,299,299,299,299,326,326,132,151,151,151],"floor_reached":14,"playtime":640,"items_purged":["Regret","Strike_R"],"score":167,"play_id":"4174faee-80fe-4133-b5ab-0be5c9b3309f","local_time":"20201215214628","is_ascension_mode":true,"campfire_choices":[{"data":"Uppercut","floor":6.0,"key":"SMITH"},{"data":"Armaments","floor":8.0,"key":"SMITH"},{"floor":11.0,"key":"REST"}],"circlet_count":0,"master_deck":["AscendersBane","Strike_R","Strike_R","Strike_R","Strike_R","Defend_R","Defend_R","Defend_R","Defend_R","Bash","Armaments+1","Doubt","Uppercut+1","Bludgeon","Cleave","Enlightenment","Inflame"],"relics":["Burning Blood","Medical Kit","Du-Vu Doll","Unceasing Top"],"acts_visited":["Exordium"],"potions_floor_usage":[],"damage_taken":[{"damage":13.0,"enemies":"2 Louse","floor":1.0,"turns":2.0},{"damage":13.0,"enemies":"Small Slimes","floor":2.0,"turns":4.0},{"damage":22.0,"enemies":"Cultist","floor":4.0,"turns":5.0},{"damage":29.0,"enemies":"Gremlin Nob","floor":10.0,"turns":4.0},{"damage":1.0,"enemies":"2 Fungi Beasts","floor":13.0,"turns":2.0},{"damage":50,"enemies":"3 Sentries","floor":14,"turns":6}],"seed_played":"-3077622125772898830","potions_obtained":[{"floor":1.0,"key":"Swift Potion"},{"floor":13.0,"key":"Weak Potion"}],"is_trial":false,"path_per_floor":["M","M","?","M","$","R","?","R","T","E","R","$","M","E"],"character_chosen":"IRONCLAD","items_purchased":["Medical Kit","Enlightenment"],"campfire_rested":1,"item_purchase_floors":[5,12],"current_hp_per_floor":[61,54,54,38,38,38,38,38,38,15,37,37,42,0,0],"gold":151,"neow_bonus":"TWO_FIFTY_GOLD","is_daily":false,"chose_seed":false,"campfire_upgraded":2,"win_rate":0.0,"timestamp":1608036388,"path_taken":["M","M","?","M","$","R","?","R","T","E","R","$","?","E"],"items_purchased_type":["Relic","Card"],"build_version":"2020-12-13","purchased_purges":2,"victory":false,"max_hp_per_floor":[75,75,75,75,75,75,75,75,75,75,75,75,75,75,75],"relic_stats":{"counters":[6,23],"Medical Kit":[7],"obtain_stats":[{"Du-Vu Doll":9,"Medical Kit":5,"Burning Blood":0,"Unceasing Top":10},{"Du-Vu Doll":3,"Medical Kit":3,"Burning Blood":0,"Unceasing Top":4},{"Du-Vu Doll":11,"Medical Kit":11,"Burning Blood":0,"Unceasing Top":15}],"Burning Blood":30,"Unceasing Top":[1]},"card_choices":[{"not_picked":["Havoc","Body Slam","Warcry"],"picked":"SKIP","floor":1.0},{"not_picked":["Heavy Blade","True Grit"],"picked":"Armaments","floor":2.0},{"not_picked":["Warcry","Pummel"],"picked":"Uppercut","floor":4.0},{"not_picked":["Perfected Strike","Anger"],"picked":"Cleave","floor":10.0},{"not_picked":["Corruption","Body Slam"],"picked":"Inflame","floor":13.0}],"player_experience":680251,"relics_obtained":[{"floor":9.0,"key":"Du-Vu Doll"},{"floor":10.0,"key":"Unceasing Top"}],"event_choices":[{"damage_healed":0.0,"max_hp_gain":0.0,"max_hp_loss":0.0,"gold_gain":150.0,"event_name":"Liars Game","player_choice":"AGREE","floor":3.0,"gold_loss":0.0,"damage_taken":0.0,"cards_obtained":["Doubt"]},{"damage_healed":0.0,"max_hp_gain":0.0,"max_hp_loss":0.0,"gold_gain":0.0,"event_name":"Match and Keep!","player_choice":"1 cards matched","floor":7.0,"gold_loss":0.0,"damage_taken":0.0,"cards_obtained":["Bludgeon"]}],"is_beta":false,"boss_relics":[],"items_purged_floors":[5,12],"is_endless":false,"potions_floor_spawned":[1,13],"killed_by":"3 Sentries","ascension_level":18}}