{"host":"w01zow3jg16g8jdh","time":1608039803,"event":{"mods":["AchievementEnabler","BaseMod","DeckTracker","Keyboard Shortcuts","Minty Spire (QoL Compilation)","Permanent Neow","StSLib","SuperFastMode"],"gold_per_floor":[111,111,125,200,220,255,255,290,290,310,310,3,36,54,54,54,54],"floor_reached":16,"playtime":376,"items_purged":[],"score":240,"play_id":"078d7b3f-bad0-49dd-a7bb-1fd9c8818708","local_time":"20201215224323","is_ascension_mode":true,"campfire_choices":[{"data":"Creative AI","floor":15,"key":"SMITH"}],"circlet_count":0,"master_deck":["AscendersBane","Strike_B","Strike_B","Strike_B","Strike_B","Defend_B","Defend_B","Defend_B","Defend_B","Zap","Dualcast","Skim","Cold Snap","Glacier","FTL","Compile Driver","Creative AI+1","Coolheaded","Chill","Force Field"],"relics":["SacredBark","Mercury Hourglass","Gremlin Horn","MealTicket","Blue Candle","Bag of Marbles","Pen Nib"],"acts_visited":["Exordium"],"potions_floor_usage":[13,13,16],"damage_taken":[{"damage":7.0,"enemies":"Jaw Worm","floor":1.0,"turns":5.0},{"damage":2.0,"enemies":"Cultist","floor":3.0,"turns":4.0},{"damage":1.0,"enemies":"Small Slimes","floor":5.0,"turns":3.0},{"damage":33.0,"enemies":"Gremlin Nob","floor":6.0,"turns":5.0},{"damage":5.0,"enemies":"3 Sentries","floor":8.0,"turns":6.0},{"damage":8.0,"enemies":"3 Louse","floor":10.0,"turns":3.0},{"damage":34,"enemies":"Gremlin Nob","floor":13,"turns":6},{"damage":6,"enemies":"Blue Slaver","floor":14,"turns":4},{"damage":35,"enemies":"Hexaghost","floor":16,"turns":14}],"seed_played":"-9140547742316931170","potions_obtained":[{"floor":3.0,"key":"Weak Potion"},{"floor":5.0,"key":"Weak Potion"},{"floor":6.0,"key":"Strength Potion"},{"floor":14,"key":"Swift Potion"}],"is_trial":false,"path_per_floor":["M","?","M","?","M","E","?","E","T","M","T","$","E","M","R","B"],"character_chosen":"DEFECT","items_purchased":["Creative AI","Regen Potion","Coolheaded"],"campfire_rested":0,"item_purchase_floors":[12,12,12],"current_hp_per_floor":[57,57,55,44,43,10,33,28,28,20,20,35,41,35,35,0,0],"gold":54,"neow_bonus":"BOSS_RELIC","is_daily":false,"chose_seed":false,"campfire_upgraded":1,"win_rate":0.0,"timestamp":1608039803,"path_taken":["M","?","?","?","M","E","?","E","T","M","?","?","E","M","R","BOSS"],"items_purchased_type":["Card","Potion","Card"],"build_version":"2020-12-13","purchased_purges":0,"victory":false,"max_hp_per_floor":[71,71,71,71,71,71,71,71,71,71,71,71,71,71,71,71,71],"card_choices":[{"not_picked":["Leap","Storm"],"picked":"Skim","floor":1.0},{"not_picked":["Streamline","White Noise"],"picked":"Cold Snap","floor":3.0},{"not_picked":["Rip and Tear","Rebound"],"picked":"Glacier","floor":5.0},{"not_picked":["Go for the Eyes","Tempest"],"picked":"FTL","floor":6.0},{"not_picked":["FTL","Steam","Tempest"],"picked":"SKIP","floor":8.0},{"not_picked":["Hello World","Rip and Tear"],"picked":"Compile Driver","floor":10.0},{"not_picked":["Leap","Conserve Battery"],"picked":"Chill","floor":13},{"not_picked":["Tempest","Sweeping Beam"],"picked":"Force Field","floor":14}],"player_experience":283281,"relics_obtained":[{"floor":2.0,"key":"Mercury Hourglass"},{"floor":6.0,"key":"Gremlin Horn"},{"floor":8.0,"key":"MealTicket"},{"floor":9.0,"key":"Blue Candle"},{"floor":11.0,"key":"Bag of Marbles"},{"floor":13,"key":"Pen Nib"}],"event_choices":[{"damage_healed":0.0,"max_hp_gain":0.0,"max_hp_loss":0.0,"gold_gain":0.0,"event_name":"Wheel of Change","player_choice":"Relic","floor":2.0,"gold_loss":0.0,"damage_taken":0.0},{"damage_healed":0.0,"max_hp_gain":0.0,"max_hp_loss":0.0,"gold_gain":75.0,"event_name":"World of Goop","player_choice":"Gather Gold","floor":4.0,"gold_loss":0.0,"damage_taken":11.0},{"damage_healed":23.0,"max_hp_gain":0.0,"max_hp_loss":0.0,"gold_gain":0.0,"event_name":"Big Fish","player_choice":"Banana","floor":7.0,"gold_loss":0.0,"damage_taken":0.0}],"is_beta":false,"boss_relics":[],"items_purged_floors":[],"is_endless":false,"potions_floor_spawned":[3,5,6,14],"killed_by":"Hexaghost","ascension_level":20}}