{"host":"m9i7qe3hvz6jihjh","time":1608039820,"event":{"mods":["BaseMod","Colored Powertips","Infinite Spire","Minty Spire (QoL Compilation)","Quick Restart","StSLib","The Animator","Waifu the Spire"],"gold_per_floor":[116,86,11,28,40,40,40,40,40,40,40,40,58,8,8,109,109,120,139,64,64,82,82,102,120,120,120,136,15,15,15,15],"floor_reached":31,"playtime":718,"items_purged":["Vigilance"],"score":250,"play_id":"47394493-a44a-4eef-8942-54e8287cfa59","local_time":"20201215144340","is_ascension_mode":false,"campfire_choices":[{"data":"Eruption","floor":6,"key":"SMITH"},{"data":"Indignation","floor":8,"key":"SMITH"},{"data":"PathToVictory","floor":10,"key":"SMITH"},{"floor":12,"key":"RECALL"},{"data":"PathToVictory","floor":15,"key":"SMITH"},{"data":"ConjureBlade","floor":23,"key":"SMITH"}],"circlet_count":0,"master_deck":["Strike_P+1","Strike_P+1","Defend_P+1","Defend_P+1","Defend_P+1","Eruption+1","Halt+1","Indignation+1","PathToVictory+1","PathToVictory+1","ConjureBlade+1","Consecrate+1","Tantrum","FollowUp","MasterReality","FollowUp","Evaluate","ReachHeaven","Ghostly","Ghostly","Ghostly","Ghostly","Ghostly"],"relics":["PureWater","Coffee Dripper","Nloth\u0027s Gift","Tiny Chest"],"acts_visited":["Exordium","TheCity"],"potions_floor_usage":[2,16,16,18,24,25,28,31,31,31],"damage_taken":[{"damage":0,"enemies":"Cultist","floor":1,"turns":2},{"damage":0,"enemies":"Small Slimes","floor":4,"turns":2},{"damage":5,"enemies":"Jaw Worm","floor":5,"turns":2},{"damage":0,"enemies":"Exordium Thugs","floor":13,"turns":3},{"damage":37,"enemies":"Slime Boss","floor":16,"turns":6},{"damage":24,"enemies":"3 Byrds","floor":18,"turns":3},{"damage":1,"enemies":"Chosen","floor":19,"turns":3},{"damage":37,"enemies":"Snake Plant","floor":22,"turns":2},{"damage":15,"enemies":"Chosen and Byrds","floor":24,"turns":3},{"damage":6,"enemies":"Shelled Parasite and Fungi","floor":25,"turns":2},{"damage":0,"enemies":"Cultist and Chosen","floor":28,"turns":3},{"damage":18,"enemies":"Slavers","floor":31,"turns":2}],"seed_played":"5526162416350135414","potions_obtained":[{"floor":1,"key":"LiquidMemories"},{"floor":2,"key":"Fruit Juice"},{"floor":2,"key":"PowerPotion"},{"floor":4,"key":"GamblersBrew"},{"floor":16,"key":"Energy Potion"},{"floor":18,"key":"SneckoOil"},{"floor":22,"key":"EssenceOfSteel"},{"floor":25,"key":"PowerPotion"},{"floor":28,"key":"Dexterity Potion"}],"is_trial":false,"path_per_floor":["M","?","$","M","M","R","?","R","T","R","?","R","M","?","R","B",null,"M","M","?","?","M","R","M","M","T","?","M","$","?","E"],"character_chosen":"WATCHER","items_purchased":["ReachHeaven","Dexterity Potion"],"campfire_rested":0,"item_purchase_floors":[29,29],"current_hp_per_floor":[79,84,84,84,79,79,79,79,89,89,89,89,89,89,89,52,94,70,69,69,69,32,32,17,11,11,11,11,11,11,0,0],"gold":15,"neow_bonus":"TEN_PERCENT_HP_BONUS","is_daily":false,"chose_seed":false,"campfire_upgraded":5,"win_rate":0.0,"timestamp":1608039820,"path_taken":["M","?","?","?","M","R","?","R","T","R","?","R","?","?","R","BOSS","M","M","?","?","?","R","M","M","T","?","M","?","?","E"],"items_purchased_type":["Card","Potion"],"build_version":"2020-11-30","purchased_purges":1,"victory":false,"max_hp_per_floor":[79,84,84,84,84,84,84,84,94,94,94,94,94,94,94,94,94,94,94,94,94,94,94,94,94,94,94,94,94,47,47,47],"card_choices":[{"not_picked":["Swivel","FollowUp"],"picked":"Halt","floor":1},{"not_picked":["FlurryOfBlows","WaveOfTheHand"],"picked":"Indignation","floor":4},{"not_picked":["WreathOfFlame","CutThroughFate"],"picked":"PathToVictory","floor":5},{"not_picked":["SashWhip","FollowUp"],"picked":"PathToVictory","floor":13},{"not_picked":["Ragnarok","DeusExMachina"],"picked":"ConjureBlade","floor":16},{"not_picked":["FlurryOfBlows","JustLucky+1"],"picked":"Consecrate+1","floor":18},{"not_picked":["Sanctity","ConjureBlade"],"picked":"Tantrum","floor":19},{"not_picked":["BowlingBash","ThirdEye+1"],"picked":"FollowUp","floor":22},{"not_picked":["LessonLearned","Meditate"],"picked":"MasterReality","floor":24},{"not_picked":["Protect","FlyingSleeves"],"picked":"FollowUp","floor":25},{"not_picked":["EmptyFist","LikeWater+1"],"picked":"Evaluate","floor":28}],"player_experience":855531,"relics_obtained":[{"floor":9,"key":"Pear"},{"floor":26,"key":"Tiny Chest"}],"event_choices":[{"damage_healed":0,"gold_gain":0,"player_choice":"Bought 2 Potions","damage_taken":0,"max_hp_gain":0,"max_hp_loss":0,"event_name":"The Woman in Blue","floor":2,"gold_loss":0},{"damage_healed":0,"gold_gain":0,"player_choice":"Grow","damage_taken":0,"max_hp_gain":0,"max_hp_loss":0,"event_name":"Living Wall","floor":7,"gold_loss":0,"cards_upgraded":["Halt"]},{"cards_removed":["Defend_P"],"damage_healed":0,"gold_gain":0,"player_choice":"Offered Basic","damage_taken":0,"max_hp_gain":0,"max_hp_loss":0,"event_name":"Bonfire Elementals","floor":11,"gold_loss":0},{"cards_removed":["Strike_P"],"damage_healed":0,"gold_gain":0,"player_choice":"Card Removal","damage_taken":0,"max_hp_gain":0,"max_hp_loss":0,"event_name":"The Cleric","floor":14,"gold_loss":50},{"cards_removed":["Strike_P"],"damage_healed":0,"gold_gain":0,"player_choice":"Gave Gold","damage_taken":0,"max_hp_gain":0,"max_hp_loss":0,"event_name":"Beggar","floor":20,"gold_loss":75},{"damage_healed":0,"gold_gain":0,"player_choice":"Traded Relic","damage_taken":0,"relics_obtained":["Nloth\u0027s Gift"],"max_hp_gain":0,"max_hp_loss":0,"event_name":"N\u0027loth","floor":21,"relics_lost":["Pear"],"gold_loss":0},{"damage_healed":0,"gold_gain":0,"player_choice":"Simplicity","damage_taken":0,"max_hp_gain":0,"max_hp_loss":0,"event_name":"Back to Basics","floor":27,"gold_loss":0,"cards_upgraded":["Strike_P","Strike_P","Defend_P","Defend_P","Defend_P"]},{"damage_healed":0,"gold_gain":0,"player_choice":"Became a Ghost","damage_taken":0,"max_hp_gain":0,"max_hp_loss":47,"event_name":"Ghosts","floor":30,"gold_loss":0,"cards_obtained":["Ghostly","Ghostly","Ghostly","Ghostly","Ghostly"]}],"is_beta":false,"boss_relics":[{"not_picked":["Runic Dome","VioletLotus"],"picked":"Coffee Dripper"}],"items_purged_floors":[3],"is_endless":false,"potions_floor_spawned":[1,4,16,18,22,25,28],"killed_by":"Slavers","ascension_level":0}}