{"host":"m6aaltr68g9tvoay","time":1608002443,"event":{"mods":["AchievementEnabler","BaseMod","Colored Map","Downfall","Minty Spire (QoL Compilation)","StSLib"],"gold_per_floor":[99,127,140,140,152,77,77,96,96,125,143,156,156,306,324,423,423,348,44,44,55,55,55,55,71,71,100,115,215,53,65,79,174,174,174,187,187,187,197,217,217,217,317,317,191,201,218,228,241,241],"floor_reached":51,"playtime":6440,"items_purged":[],"score":939,"play_id":"92ebda2e-b0aa-4d36-9b88-5d3492da472e","local_time":"20201214192043","is_ascension_mode":true,"campfire_choices":[{"floor":1,"key":"RECALL"},{"floor":6,"key":"REST"},{"floor":9,"key":"REST"},{"data":"champ:MurderStrike","floor":18,"key":"SMITH"},{"floor":23,"key":"REST"},{"data":"champ:Taunt","floor":26,"key":"SMITH"},{"data":"champ:SteelEdge","floor":35,"key":"SMITH"},{"floor":37,"key":"REST"},{"data":"champ:HoldFirm","floor":42,"key":"SMITH"},{"floor":44,"key":"REST"}],"circlet_count":0,"master_deck":["champ:Execute","champ:Taunt+1","champ:PreciseThrust","champ:GladiatorsShout","champ:FlashCut","champ:Haymaker","champ:EnchantCrown","champ:TornadoPunch","champ:BladeFlurry","champ:Control","champ:HoldFirm+1","champ:Riposte","champ:DancingMaster","champ:DefensiveStyle","champ:MurderStrike+1","champ:Encircle","champ:SwordSigil","champ:Devastate","champ:EnchantCrown","champ:DeathBlow+1","champ:ShieldSigil","champ:StanceDance","champ:SteelEdge+1","champ:FaceSlap","champ:Circumvent+1","expansioncontent:DarkVoid","champ:BringItOn","champ:Haymaker+1","champ:Lariat+1","champ:Duel+1"],"relics":["champ:ChampionCrown","Blood Vial","TungstenRod","downfall:HeartBlessingRed","Pocketwatch","champ:LiftRelic","Pandora\u0027s Box","downfall:HeartBlessingGreen","champ:DuelingGlove","Torii","Letter Opener","Boot","HandDrill","sneckomod:SneckoTalon","Eternal Feather","Membership Card","champ:SignatureFinisher","Sundial"],"acts_visited":["Exordium","TheCity","TheBeyond"],"potions_floor_usage":[12,16,16,27,28,40,47,50,50,50],"damage_taken":[{"damage":76,"enemies":"Lagavulin","floor":2,"turns":8},{"damage":8,"enemies":"Cultist","floor":3,"turns":5},{"damage":7,"enemies":"2 Louse","floor":5,"turns":3},{"damage":4,"enemies":"Small Slimes","floor":8,"turns":2},{"damage":24,"enemies":"Gremlin Nob","floor":10,"turns":4},{"damage":4,"enemies":"2 Fungi Beasts","floor":11,"turns":3},{"damage":3,"enemies":"Exordium Wildlife","floor":12,"turns":3},{"damage":11,"enemies":"Blue Slaver","floor":15,"turns":2},{"damage":0,"enemies":"downfall:Watcher","floor":16,"turns":5},{"damage":4,"enemies":"downfall:FleeingMerchant","floor":19,"turns":4},{"damage":10,"enemies":"Spheric Guardian","floor":21,"turns":3},{"damage":2,"enemies":"3 Byrds","floor":25,"turns":4},{"damage":40,"enemies":"Slavers","floor":27,"turns":6},{"damage":47,"enemies":"3 Cultists","floor":28,"turns":5},{"damage":29,"enemies":"downfall:FleeingMerchant","floor":30,"turns":4},{"damage":38,"enemies":"Centurion and Healer","floor":31,"turns":6},{"damage":21,"enemies":"Snake Plant","floor":32,"turns":3},{"damage":4,"enemies":"downfall:Defect","floor":33,"turns":9},{"damage":48,"enemies":"3 Darklings","floor":36,"turns":4},{"damage":49,"enemies":"3 Shapes","floor":39,"turns":3},{"damage":7,"enemies":"Sphere and 2 Shapes","floor":40,"turns":4},{"damage":27,"enemies":"downfall:FleeingMerchant","floor":45,"turns":4},{"damage":38,"enemies":"Jaw Worm Horde","floor":46,"turns":3},{"damage":24,"enemies":"4 Shapes","floor":47,"turns":3},{"damage":22,"enemies":"Writhing Mass","floor":48,"turns":4},{"damage":40,"enemies":"Maw","floor":49,"turns":5},{"damage":21,"enemies":"downfall:Silent","floor":50,"turns":12}],"seed_played":"-7904967255400570631","potions_obtained":[{"floor":3,"key":"Strength Potion"},{"floor":10,"key":"LiquidBronze"},{"floor":15,"key":"DistilledChaos"},{"floor":21,"key":"champ:TechniquePotion"},{"floor":27,"key":"SkillPotion"},{"floor":32,"key":"Swift Potion"},{"floor":33,"key":"Weak Potion"},{"floor":40,"key":"LiquidBronze"},{"floor":49,"key":"SneckoOil"}],"is_trial":false,"path_per_floor":["R","E","M","?","M","R","T","M","R","E","M","M","?","?","M","B",null,"R","$","T","M","?","R","T","M","R","E","M","?","$","M","M","B",null,"R","M","R","?","M","M","T","R","?","R","$","M","M","M","M","B",null],"character_chosen":"THE_CHAMP","items_purchased":["champ:DuelingGlove","HandDrill","Membership Card","champ:SignatureFinisher","LiquidBronze","Sundial"],"campfire_rested":5,"item_purchase_floors":[19,30,45,45,45,45],"current_hp_per_floor":[90,24,23,23,23,50,50,53,80,63,61,60,60,60,56,58,82,82,85,85,77,60,88,88,92,92,54,36,36,41,30,11,17,76,76,55,83,83,61,56,56,71,71,95,95,82,60,40,23,7],"gold":241,"neow_bonus":"RANDOM_COMMON_RELIC","is_daily":false,"chose_seed":false,"campfire_upgraded":4,"win_rate":0.0,"timestamp":1608002443,"path_taken":["R","E","M","?","M","R","T","M","R","E","M","M","?","?","M","BOSS","R","$","?","M","?","R","T","M","R","E","M","?","$","?","M","BOSS","R","M","R","?","M","M","T","R","?","R","$","M","M","?","M","BOSS"],"items_purchased_type":["Relic","Relic","Relic","Relic","Potion","Relic"],"build_version":"2020-12-13","purchased_purges":0,"victory":true,"max_hp_per_floor":[90,90,90,90,90,90,90,90,90,90,90,90,90,90,90,90,90,90,90,90,90,95,95,95,95,95,95,95,95,95,95,95,95,95,95,95,95,95,95,95,95,95,95,95,95,95,95,95,95,95],"card_choices":[{"not_picked":["champ:BerserkersShout","champ:Circumvent"],"picked":"champ:PreciseThrust","floor":2},{"not_picked":["champ:SwordSigil","champ:Riposte"],"picked":"champ:GladiatorsShout","floor":3},{"not_picked":["champ:CrookedStrike","champ:StanceDance"],"picked":"champ:FlashCut","floor":5},{"not_picked":["champ:FlashCut","champ:BringItOn"],"picked":"champ:Haymaker","floor":8},{"not_picked":["champ:Haymaker","champ:EnragedBash"],"picked":"champ:EnchantCrown","floor":10},{"not_picked":["champ:SkillfulDodge","champ:GladiatorsShout"],"picked":"champ:TornadoPunch","floor":11},{"not_picked":["champ:AdrenalArmor","champ:RecklessLeap"],"picked":"champ:BladeFlurry","floor":12},{"not_picked":["champ:Encircle","champ:CrookedStrike"],"picked":"champ:Control","floor":15},{"not_picked":["champ:ShieldThrow","champ:MurderStrike"],"picked":"champ:HoldFirm","floor":16},{"not_picked":["champ:RageSigil","champ:Riposte","champ:Control"],"picked":"SKIP","floor":19},{"not_picked":["champ:Circumvent","champ:DefensiveShout","champ:ShieldSigil"],"picked":"SKIP","floor":21},{"not_picked":["champ:Haymaker","champ:BringItOn"],"picked":"champ:DeathBlow+1","floor":25},{"not_picked":["champ:HoldFirm","champ:TornadoPunch"],"picked":"champ:ShieldSigil","floor":27},{"not_picked":["champ:FightOn","champ:Haymaker"],"picked":"champ:StanceDance","floor":28},{"not_picked":["champ:FanOfKnives","champ:Backstep"],"picked":"champ:SteelEdge","floor":30},{"not_picked":["champ:Encircle","champ:DefensiveStyle+1"],"picked":"champ:FaceSlap","floor":31},{"not_picked":["champ:FlashCut","champ:GladiatorsShout"],"picked":"champ:Circumvent+1","floor":32},{"not_picked":["champ:FocusedDefense+1","champ:BerserkersShout+1","champ:FlashCut"],"picked":"SKIP","floor":36},{"not_picked":["expansioncontent:HyperBeam","expansioncontent:AwakenDeath"],"picked":"expansioncontent:DarkVoid","floor":38},{"not_picked":["champ:FlashCut+1","champ:Shatter"],"picked":"champ:BringItOn","floor":39},{"not_picked":["champ:BringItOn","champ:BerserkersShout"],"picked":"champ:Haymaker+1","floor":40},{"not_picked":["champ:RageSigil+1","champ:SwordSigil+1","champ:ShieldSigil"],"picked":"SKIP","floor":45},{"not_picked":["champ:Encircle+1","champ:AdrenalArmor+1","champ:CrookedStrike+1"],"picked":"SKIP","floor":46},{"not_picked":["champ:Backstep","champ:FaceSlap","champ:PerfectedStrike"],"picked":"SKIP","floor":47},{"not_picked":["champ:RecklessLeap","champ:FalseCounter+1"],"picked":"champ:Lariat+1","floor":48},{"not_picked":["champ:Haymaker","champ:AdrenalArmor"],"picked":"champ:Duel+1","floor":49}],"player_experience":1624565,"relics_obtained":[{"floor":2,"key":"TungstenRod"},{"floor":7,"key":"Blue Candle"},{"floor":10,"key":"Pocketwatch"},{"floor":20,"key":"Torii"},{"floor":24,"key":"Letter Opener"},{"floor":27,"key":"Boot"},{"floor":41,"key":"Eternal Feather"}],"event_choices":[],"is_beta":false,"boss_relics":[{"not_picked":["Empty Cage","Ectoplasm"],"picked":"Pandora\u0027s Box"},{"not_picked":["Busted Crown","expansioncontent:StudyCardRelic"],"picked":"sneckomod:SneckoTalon"}],"items_purged_floors":[],"is_endless":false,"potions_floor_spawned":[3,10,15,21,27,32,33,40,46,49],"ascension_level":5}}