{"host":"sz8c8ni79nvzjmmg","time":1608002175,"event":{"mods":["AchievementEnabler","BaseMod","DeckTracker","Keyboard Shortcuts","Minty Spire (QoL Compilation)","SuperFastMode"],"gold_per_floor":[110,123,123,137,155,155,189,189,216,250,260,105,105,105,105,177,177,187,10,60,60,73,73,73,73,73,105,105,138,60,91,91,166,166,179,179,194,206,225,260,260,286,286,311,99,126,152,170,170,170,170,170,170,45,70,70],"floor_reached":57,"playtime":2296,"items_purged":["Strike_R","Strike_R","Bash"],"score":3318,"play_id":"e3966e8f-5e57-4b81-9ffd-4cd9a84ed361","local_time":"20201215121615","is_ascension_mode":true,"campfire_choices":[{"data":"Flame Barrier","floor":6.0,"key":"SMITH"},{"data":"Blood for Blood","floor":8.0,"key":"SMITH"},{"floor":15.0,"key":"REST"},{"data":"Evolve","floor":23.0,"key":"SMITH"},{"data":"Barricade","floor":25.0,"key":"SMITH"},{"data":"Dark Embrace","floor":32.0,"key":"SMITH"},{"floor":41,"key":"RECALL"},{"data":"Power Through","floor":49,"key":"SMITH"},{"data":"Offering","floor":53,"key":"SMITH"}],"circlet_count":0,"master_deck":["AscendersBane","Defend_R","Defend_R","Defend_R+1","Reckless Charge","Flame Barrier+1","Wild Strike","Second Wind+1","Blood for Blood+1","Evolve+1","Barricade+1","Fire Breathing","Ghostly","Ghostly","Ghostly","Dark Embrace+1","Offering+1","Power Through+1","Offering","Seeing Red+1","Master of Strategy+1","Body Slam+1"],"relics":["Burning Blood","Toy Ornithopter","War Paint","Strawberry","Coffee Dripper","PreservedInsect","Tiny Chest","Lizard Tail","Paper Frog","Omamori","Busted Crown","Toxic Egg 2","Darkstone Periapt","Molten Egg 2","Bronze Scales","Pen Nib","Anchor","Mercury Hourglass"],"acts_visited":["Exordium","TheCity","TheBeyond","TheEnding"],"potions_floor_usage":[39,44,56],"damage_taken":[{"damage":1.0,"enemies":"Cultist","floor":1.0,"turns":3.0},{"damage":10.0,"enemies":"2 Louse","floor":2.0,"turns":2.0},{"damage":9.0,"enemies":"Jaw Worm","floor":4.0,"turns":4.0},{"damage":11.0,"enemies":"Large Slime","floor":5.0,"turns":6.0},{"damage":28.0,"enemies":"Gremlin Nob","floor":7.0,"turns":4.0},{"damage":25.0,"enemies":"3 Sentries","floor":10.0,"turns":9.0},{"damage":3.0,"enemies":"Looter","floor":11.0,"turns":3.0},{"damage":26.0,"enemies":"The Guardian","floor":16.0,"turns":14.0},{"damage":1.0,"enemies":"2 Thieves","floor":18.0,"turns":4.0},{"damage":12.0,"enemies":"3 Byrds","floor":22.0,"turns":3.0},{"damage":28.0,"enemies":"Slavers","floor":27.0,"turns":4.0},{"damage":0.0,"enemies":"Book of Stabbing","floor":29.0,"turns":6.0},{"damage":12.0,"enemies":"Gremlin Leader","floor":31.0,"turns":5.0},{"damage":0.0,"enemies":"Collector","floor":33.0,"turns":9.0},{"damage":4,"enemies":"3 Darklings","floor":35,"turns":4},{"damage":3,"enemies":"3 Shapes","floor":37,"turns":3},{"damage":1,"enemies":"Sphere and 2 Shapes","floor":38,"turns":5},{"damage":0,"enemies":"Jaw Worm Horde","floor":39,"turns":4},{"damage":6,"enemies":"Nemesis","floor":40,"turns":5},{"damage":2,"enemies":"Giant Head","floor":42,"turns":6},{"damage":23,"enemies":"Nemesis","floor":44,"turns":7},{"damage":1,"enemies":"Giant Head","floor":47,"turns":6},{"damage":2,"enemies":"Maw","floor":48,"turns":5},{"damage":7,"enemies":"Awakened One","floor":50,"turns":4},{"damage":15,"enemies":"Donu and Deca","floor":51,"turns":3},{"damage":7,"enemies":"Shield and Spear","floor":55,"turns":2},{"damage":8,"enemies":"The Heart","floor":56,"turns":6}],"seed_played":"4379248114441032424","potions_obtained":[{"floor":1.0,"key":"Dexterity Potion"},{"floor":2.0,"key":"Swift Potion"},{"floor":11.0,"key":"Fire Potion"},{"floor":16.0,"key":"FearPotion"},{"floor":18.0,"key":"BloodPotion"},{"floor":22.0,"key":"SteroidPotion"},{"floor":27.0,"key":"LiquidBronze"},{"floor":33.0,"key":"ColorlessPotion"},{"floor":40,"key":"BlessingOfTheForge"},{"floor":48,"key":"Explosive Potion"}],"is_trial":false,"path_per_floor":["M","M","?","M","M","R","E","R","T","E","M","$","?","T","R","B",null,"M","$","?","?","M","R","?","R","T","E","?","E","$","E","R","B",null,"M","?","M","M","M","E","R","E","T","E","$","T","E","M","R","B","B",null,"R","$","E","B",null],"character_chosen":"IRONCLAD","items_purchased":["Evolve","Fire Breathing","Dark Embrace","Master of Strategy+1"],"campfire_rested":1,"item_purchase_floors":[12,19,30,45],"current_hp_per_floor":[55,51,51,48,43,43,21,21,21,14,17,17,10,10,34,14,65,80,80,80,56,50,50,43,43,43,34,34,40,40,34,34,40,42,43,43,43,43,43,43,43,43,43,26,26,26,31,35,35,34,25,39,39,39,38,41],"gold":70,"neow_bonus":"REMOVE_TWO","is_daily":false,"chose_seed":false,"campfire_upgraded":7,"win_rate":0.0,"timestamp":1608002175,"path_taken":["M","M","?","M","?","R","E","R","T","E","M","?","?","?","R","BOSS","M","$","?","?","M","R","?","R","T","E","?","E","$","E","R","BOSS","M","?","M","M","M","E","R","E","T","E","?","?","E","M","R","BOSS","BOSS","R","$","E","BOSS"],"items_purchased_type":["Card","Card","Card","Card"],"build_version":"2020-12-13","purchased_purges":3,"victory":true,"max_hp_per_floor":[75,75,75,75,75,75,75,75,75,82,82,82,82,82,82,82,82,82,82,82,87,87,87,43,43,43,43,43,43,43,43,43,43,43,43,43,43,43,43,43,43,43,43,43,43,43,43,43,43,43,43,43,43,43,43,43],"card_choices":[{"not_picked":["Dark Embrace","Sword Boomerang"],"picked":"Reckless Charge","floor":1.0},{"not_picked":["True Grit","Pommel Strike"],"picked":"Flame Barrier","floor":2.0},{"not_picked":["Metallicize","Headbutt"],"picked":"Wild Strike","floor":4.0},{"not_picked":["Exhume","Sentinel"],"picked":"Second Wind","floor":5.0},{"not_picked":["Dual Wield","Thunderclap"],"picked":"Blood for Blood","floor":7.0},{"not_picked":["Clothesline","Twin Strike","Iron Wave"],"picked":"SKIP","floor":10.0},{"not_picked":["Perfected Strike","Clothesline","Ghostly Armor"],"picked":"SKIP","floor":11.0},{"not_picked":["Impervious","Berserk"],"picked":"Barricade","floor":16.0},{"not_picked":["Metallicize+1","Twin Strike","Second Wind"],"picked":"SKIP","floor":18.0},{"not_picked":["Headbutt","Clash","Sever Soul"],"picked":"SKIP","floor":22.0},{"not_picked":["Thunderclap","Warcry","Heavy Blade"],"picked":"SKIP","floor":27.0},{"not_picked":["Infernal Blade","Havoc","Second Wind"],"picked":"SKIP","floor":29.0},{"not_picked":["True Grit","Dropkick","Clash+1"],"picked":"SKIP","floor":31.0},{"not_picked":["Feed","Barricade"],"picked":"Offering","floor":33.0},{"not_picked":[],"picked":"Power Through","floor":35},{"not_picked":["Sword Boomerang"],"picked":"SKIP","floor":37},{"not_picked":["Perfected Strike"],"picked":"SKIP","floor":38},{"not_picked":["Perfected Strike"],"picked":"SKIP","floor":39},{"not_picked":[],"picked":"Seeing Red+1","floor":40},{"not_picked":["Dropkick"],"picked":"SKIP","floor":42},{"not_picked":["Fire Breathing"],"picked":"SKIP","floor":44},{"not_picked":["True Grit+1"],"picked":"SKIP","floor":47},{"not_picked":[],"picked":"Body Slam+1","floor":48},{"not_picked":["Armaments+1"],"picked":"SKIP","floor":55}],"player_experience":1193553,"relics_obtained":[{"floor":7.0,"key":"Toy Ornithopter"},{"floor":9.0,"key":"War Paint"},{"floor":10.0,"key":"Strawberry"},{"floor":26.0,"key":"PreservedInsect"},{"floor":27.0,"key":"Tiny Chest"},{"floor":29.0,"key":"Paper Frog"},{"floor":31.0,"key":"Omamori"},{"floor":40,"key":"Toxic Egg 2"},{"floor":42,"key":"Darkstone Periapt"},{"floor":43,"key":"Molten Egg 2"},{"floor":44,"key":"Bronze Scales"},{"floor":46,"key":"Pen Nib"},{"floor":47,"key":"Anchor"},{"floor":55,"key":"Mercury Hourglass"}],"event_choices":[{"cards_removed":["Defend_R"],"damage_healed":0.0,"max_hp_gain":0.0,"max_hp_loss":0.0,"gold_gain":0.0,"event_name":"Bonfire Elementals","player_choice":"Offered Basic","floor":3.0,"gold_loss":0.0,"damage_taken":0.0},{"cards_removed":["Strike_R"],"damage_healed":0.0,"max_hp_gain":0.0,"max_hp_loss":0.0,"gold_gain":0.0,"event_name":"Golden Wing","player_choice":"Card Removal","floor":13.0,"gold_loss":0.0,"damage_taken":7.0},{"damage_healed":0.0,"max_hp_gain":0.0,"max_hp_loss":0.0,"gold_gain":50.0,"event_name":"Nest","player_choice":"Stole From Cult","floor":20.0,"gold_loss":0.0,"damage_taken":0.0},{"damage_healed":0.0,"max_hp_gain":5.0,"max_hp_loss":0.0,"gold_gain":0.0,"event_name":"Forgotten Altar","player_choice":"Shed Blood","floor":21.0,"gold_loss":0.0,"damage_taken":29.0},{"damage_healed":0.0,"max_hp_gain":0.0,"max_hp_loss":44.0,"gold_gain":0.0,"event_name":"Ghosts","player_choice":"Became a Ghost","floor":24.0,"gold_loss":0.0,"damage_taken":0.0,"cards_obtained":["Ghostly","Ghostly","Ghostly"]},{"damage_healed":0.0,"max_hp_gain":0.0,"max_hp_loss":0.0,"gold_gain":0.0,"event_name":"WeMeetAgain","player_choice":"Gave Potion","floor":28.0,"gold_loss":0.0,"damage_taken":0.0,"relics_obtained":["Lizard Tail"]},{"damage_healed":0,"gold_gain":0,"player_choice":"Copied","damage_taken":0,"max_hp_gain":0,"max_hp_loss":0,"event_name":"Duplicator","floor":36,"gold_loss":0,"cards_obtained":["Offering"]}],"is_beta":false,"boss_relics":[{"not_picked":["Fusion Hammer","Ectoplasm"],"picked":"Coffee Dripper"},{"not_picked":["Empty Cage","Pandora\u0027s Box"],"picked":"Busted Crown"}],"items_purged_floors":[12,19,54],"is_endless":false,"potions_floor_spawned":[1,2,4,11,16,18,22,27,33,37,38,40,48],"ascension_level":20}}