{"host":"tzk9wfvgzgbq651e","time":1608020687,"event":{"mods":["AchievementEnabler","Aspiration","BaseMod","Better Vampires","Colored Map","Conspire","Downfall","Hermit","Hubris","Infinite Spire","Jorbs\u0027s Wanderer Trilogy","Minty Spire (QoL Compilation)","StSLib","The Cursed","The Disciple","The Hierophant","The Necromancer","The Servant 0.9.4"],"gold_per_floor":[110,136,147,162,178,178,238,238,292,292,292,408,104,122,122,218,218,237,237,37,53,53,53,85,98,125,125,142,142,242,261,261,364,364,367,369,369,369,369,369,369,29,53,53,75,77,77,155,155],"floor_reached":48,"playtime":2710,"items_purged":[],"score":586,"play_id":"e3a840a4-87e7-43ff-88b5-3828013af1ca","local_time":"20201215192447","daily_mods":["Insanity","Chimera","Heirloom","Time Dilation","downfall:ChampStances","downfall:Improvised","downfall:Lament","Lethality","downfall:ExchangeController"],"is_ascension_mode":false,"campfire_choices":[{"data":"stsjorbsmod:Thorns","floor":6,"key":"SMITH"},{"data":"Bash","floor":10,"key":"SMITH"},{"floor":15,"key":"REST"},{"floor":23,"key":"REST"},{"floor":27,"key":"REST"},{"floor":29,"key":"REST"},{"floor":32,"key":"REST"},{"data":"hermit:Vantage","floor":40,"key":"SMITH"},{"floor":47,"key":"REST"}],"circlet_count":0,"master_deck":["hubris:Hubris","Bash+1","Survivor","Zap","Eruption","Defend_R","Defend_G","Defend_P","TheCursedMod:SmokeScreen","Necromantic_Selection","hierophant:Remorse","champ:GladiatorsShout+1","hexamod:RainOfEmbers","Slimebound:ForwardTackle","stsjorbsmod:BurningFlask","Slimebound:ComboTackle","Guardian:Emergency","GearUp","TheCursedMod:CursedSpellbook","hexamod:BurningTouch","Bone_Shift","sneckomod:DefensiveFlair","champ:Duel","Barrier","stsjorbsmod:Prepare","Negative_Energy_Sphere","hermit:Horror","sneckomod:Unknown1Cost","TheCursedMod:Stigma","TheCursedMod:FuryStrike","RealityMarble","Slimebound:LeechingTouch","champ:FlashCut","hermit:Headshot","Pandemic","sneckomod:UnknownStrike","Bone_Armor","sneckomod:UnknownClassSLIMEBOUND","TheCursedMod:Evocation","sneckomod:UnknownStrike","stsjorbsmod:Thorns+1","hermit:Shortfuse","FormalWear","hermit:Cheat","hexamod:GhostOfSpireFuture","Collapse","Slimebound:ComboTackle","hexamod:SpectersWail","sneckomod:UnknownClassPURPLE","champ:DefensiveStyle","champ:RisingSlash","hexamod:BurningTouch","Defy","Slimebound:Nibble","hierophant:Flagellation","hermit:Vantage+1","AlternateTimeline","ReapSow","sneckomod:UnknownCommonAttack","sneckomod:UnknownCommonAttack","sneckomod:UnknownCommonAttack","sneckomod:UnknownCommonSkill","sneckomod:UnknownCommonSkill","sneckomod:UnknownCommonSkill","sneckomod:UnknownUncommonAttack","sneckomod:UnknownUncommonSkill","sneckomod:UnknownUncommonPower","sneckomod:Unknown","hierophant:Zeal","Slimebound:RollThrough","TheCursedMod:Mangle","Guardian:PolyBeam","sneckomod:UnknownStrike","stsjorbsmod:DoubleCheck","hermit:ItchyTrigger","champ:CheapShot","hierophant:ThreeLashes+1","stsjorbsmod:RayOfFrost","champ:Control","Bite","Bite","Bite","sneckomod:SoulRoll","hierophant:Purify","Regret","Revamp","stsjorbsmod:Message","hierophant:Empathy","stsjorbsmod:Determination","hermit:Showdown","Madness","Madness","sneckomod:UnknownStrike","hubris:Envy","DaylightSavings+1","hubris:Fate"],"relics":["Snecko Eye","champ:ChampStancesModRelic","downfall:NeowBlessing_Player","NeowsBlessing","hubris:BundleOfHerbs","Regal Pillow","Nunchaku","hubris:Icosahedron","hubris:Potato","Cursed Key","aspiration:Stabinomicon","Pen Nib","hubris:SlimyHat","aspiration:Lifesprig","hubris:Zylophone","infinitespire:Midas Blood","aspiration:DefectSkillbook","WingedGreaves","infinitespire:Lucky Rock","Strange Spoon"],"acts_visited":["Exordium","TheCity","TheBeyond"],"potions_floor_usage":[],"damage_taken":[{"damage":0,"enemies":"Small Slimes","floor":1,"turns":1},{"damage":0,"enemies":"conspire:MimicChest","floor":2,"turns":1},{"damage":2,"enemies":"conspire:RoseBush","floor":3,"turns":1},{"damage":6,"enemies":"2 Louse","floor":4,"turns":2},{"damage":24,"enemies":"2 Fungi Beasts","floor":5,"turns":2},{"damage":19,"enemies":"3 Louse","floor":12,"turns":2},{"damage":7,"enemies":"conspire:2 RoseBushes","floor":14,"turns":3},{"damage":133,"enemies":"Hexaghost","floor":16,"turns":6},{"damage":0,"enemies":"2 Thieves","floor":18,"turns":1},{"damage":26,"enemies":"Shell Parasite","floor":21,"turns":3},{"damage":106,"enemies":"Slavers","floor":24,"turns":5},{"damage":51,"enemies":"Sentry and Sphere","floor":25,"turns":4},{"damage":35,"enemies":"conspire:HollyBat","floor":28,"turns":9},{"damage":26,"enemies":"Colosseum Slavers","floor":30,"turns":2},{"damage":36,"enemies":"Colosseum Nobs","floor":30,"turns":4},{"damage":23,"enemies":"Snecko","floor":31,"turns":4},{"damage":31,"enemies":"conspire:MysteriousRune","floor":33,"turns":5},{"damage":34,"enemies":"3 Shapes","floor":35,"turns":2},{"damage":12,"enemies":"3 Darklings","floor":45,"turns":2},{"damage":109,"enemies":"infinitespire:Three Voidlings","floor":48,"turns":6},{"damage":236,"enemies":"Nightmare_Alpha","floor":48,"turns":8}],"seed_played":"-3533054623860062951","potions_obtained":[{"floor":2,"key":"champ:CounterPotion"},{"floor":4,"key":"Energy Potion"},{"floor":5,"key":"Weak Potion"},{"floor":12,"key":"Energy Potion"},{"floor":18,"key":"AttackPotion"},{"floor":31,"key":"Fire Potion"}],"is_trial":true,"path_per_floor":["M","?","M","M","M","R","?","?","T","R","?","M","$","M","R","B",null,"M","?","$","M","?","R","E","M","T","R","M","R","?","M","R","B",null,"M","?","AVR","?","?","R","R","$","T","$","M","?","R","?"],"character_chosen":"THE_SERVANT","items_purchased":["hubris:Potato","Pen Nib","stsjorbsmod:RayOfFrost","infinitespire:Lucky Rock","Strange Spoon","sneckomod:UnknownStrike"],"campfire_rested":6,"item_purchase_floors":[13,20,20,42,42,42],"current_hp_per_floor":[165,165,163,157,133,133,133,133,133,133,133,120,120,122,165,32,265,265,249,249,223,217,217,111,60,60,140,122,202,144,124,204,188,317,285,245,245,277,277,277,277,277,277,277,278,202,312,0,0],"gold":155,"neow_bonus":"","is_daily":false,"chose_seed":false,"campfire_upgraded":3,"win_rate":0.0,"timestamp":1608020687,"path_taken":["M","?","M","M","M","R","?","?","T","R","?","M","?","M","R","BOSS","M","?","$","M","?","R","E","M","T","R","?","R","?","M","R","BOSS","M","?","AVR","?","?","R","R","?","T","?","?","?","R","?"],"items_purchased_type":["Relic","Relic","Card","Relic","Relic","Card"],"build_version":"2020-12-13","purchased_purges":0,"victory":false,"max_hp_per_floor":[165,165,165,165,165,165,165,165,165,165,165,165,165,165,165,165,265,265,265,265,265,217,217,217,217,217,217,217,217,217,217,217,217,317,317,317,317,317,317,317,317,317,317,317,317,317,317,317,317],"card_choices":[{"not_picked":["hexamod:Hexaguard","hexamod:SkipABeat"],"picked":"hierophant:Zeal","floor":1},{"not_picked":["TheCursedMod:CursedStaff","Slimebound:SplitMire"],"picked":"Slimebound:RollThrough","floor":2},{"not_picked":["TheCursedMod:ReleasedStrength","TheCursedMod:Stretching"],"picked":"TheCursedMod:Mangle","floor":3},{"not_picked":["hierophant:ConvertCurrency","Guardian:CrystalBeam"],"picked":"Guardian:PolyBeam","floor":4},{"not_picked":["Shuttle","Toxic_Smoke_Screen"],"picked":"sneckomod:UnknownStrike","floor":5},{"not_picked":["Slimebound:ForwardTackle","hierophant:Rebuild"],"picked":"stsjorbsmod:DoubleCheck","floor":12},{"not_picked":["stsjorbsmod:CorrodingBarrier","hermit:Coalescence"],"picked":"hermit:ItchyTrigger","floor":14},{"not_picked":["Chronoelasticity","TheCursedMod:Neurasthenia"],"picked":"champ:CheapShot","floor":16},{"not_picked":["sneckomod:UnknownUncommonPower","Luminosity"],"picked":"hierophant:ThreeLashes+1","floor":18},{"not_picked":["Defy","Guardian:CrystalBeam"],"picked":"champ:Control","floor":21},{"not_picked":["LockedAstrolabe","ExoVibe"],"picked":"sneckomod:SoulRoll","floor":24},{"not_picked":["TimeWarp","hexamod:SwordOfDarkness"],"picked":"hierophant:Purify","floor":25},{"not_picked":["Negative_Energy_Javelin","Guardian:VentSteam"],"picked":"Revamp","floor":28},{"not_picked":["hierophant:Rebuild","hermit:Feint+1"],"picked":"stsjorbsmod:Message","floor":30},{"not_picked":["Slimebound:ForwardTackle","champ:StanceDance"],"picked":"hierophant:Empathy","floor":31},{"not_picked":["stsjorbsmod:PurgeMind","hierophant:Anathema"],"picked":"stsjorbsmod:Determination","floor":33},{"not_picked":["Streamline","champ:DefensiveShout","hermit:GoldenBullet"],"picked":"hermit:Showdown","floor":35},{"not_picked":["hierophant:Encroach","hermit:TakeCover","hierophant:TollTheBells+1"],"picked":"DaylightSavings+1","floor":45},{"not_picked":["infinitespire:Oblivion","infinitespire:Starlight"],"picked":"hubris:Fate","floor":46}],"player_experience":10065,"relics_obtained":[{"floor":2,"key":"Regal Pillow"},{"floor":9,"key":"Nunchaku"},{"floor":19,"key":"aspiration:Stabinomicon"},{"floor":24,"key":"hubris:SlimyHat"},{"floor":26,"key":"aspiration:Lifesprig"},{"floor":30,"key":"hubris:Zylophone"},{"floor":30,"key":"infinitespire:Midas Blood"}],"event_choices":[{"damage_healed":0,"gold_gain":60,"player_choice":"Gained Gold","damage_taken":0,"max_hp_gain":0,"max_hp_loss":0,"event_name":"Golden Wing","floor":7,"gold_loss":0},{"damage_healed":0,"gold_gain":0,"player_choice":"Obtained Book","damage_taken":16,"max_hp_gain":0,"max_hp_loss":0,"event_name":"Cursed Tome","floor":19,"gold_loss":0},{"damage_healed":0,"gold_gain":0,"player_choice":"Became a vampire","damage_taken":0,"max_hp_gain":0,"max_hp_loss":48,"event_name":"Vampires","floor":22,"gold_loss":0,"cards_obtained":["Bite","Bite","Bite"]},{"damage_healed":0,"gold_gain":0,"player_choice":"Fight","damage_taken":0,"max_hp_gain":0,"max_hp_loss":0,"event_name":"Colosseum","floor":30,"gold_loss":0},{"damage_healed":0,"gold_gain":0,"player_choice":"Fought Nobs","damage_taken":0,"max_hp_gain":0,"max_hp_loss":0,"event_name":"Colosseum","floor":30,"gold_loss":0},{"damage_healed":0,"gold_gain":0,"player_choice":"Embrace Madness","damage_taken":40,"max_hp_gain":0,"max_hp_loss":0,"event_name":"Winding Halls","floor":36,"gold_loss":0,"cards_obtained":["Madness","Madness"]},{"damage_healed":0,"gold_gain":0,"player_choice":"Ignored","damage_taken":0,"max_hp_gain":0,"max_hp_loss":0,"event_name":"Tomb of Lord Red Mask","floor":39,"gold_loss":0}],"is_beta":false,"boss_relics":[{"not_picked":["Runic Pyramid","Velvet Choker"],"picked":"Cursed Key"},{"not_picked":["hubris:TerracottaHorce","conspire:SlowCooker"],"picked":"aspiration:DefectSkillbook"}],"items_purged_floors":[],"is_endless":false,"potions_floor_spawned":[2,4,5,12,18,24,30,31,33,35,48],"killed_by":"Nightmare_Alpha","ascension_level":0}}