{"host":"cx72hbz6x0kxjg15","time":1608060531,"event":{"mods":["Aspiration","BaseMod","BetterRewards","Colored Map","Downfall","Friendly Minions","Hubris","Minty Spire (QoL Compilation)","Relic Sorter","Relic Stats","Replay The Spire","StSLib","vexMod"],"gold_per_floor":[114,214,231,249,249,249,278,292,315,315,329,394,32,32,32,129,179,192,206,106,126,144,177,177,195,195,214,232,264,139,238,238,336,336,355,368,40,81,101,127,127,144,216,226,259,92,118,118,135],"floor_reached":51,"playtime":1784,"items_purged":["Strike_P","hubris:Gluttony","Defend_P","Strike_P","Defend_P"],"score":1232,"play_id":"0cde45fb-005c-4841-9c59-0aebafac86e6","local_time":"20201215202851","is_ascension_mode":true,"campfire_choices":[{"data":"CrushJoints","floor":6.0,"key":"SMITH"},{"data":"Eruption","floor":10.0,"key":"SMITH"},{"floor":15.0,"key":"REST"},{"data":"Protect","floor":24,"key":"SMITH"},{"floor":32,"key":"DIG"},{"floor":41,"key":"REST"},{"floor":49,"key":"REST"}],"circlet_count":0,"master_deck":["Strike_P","Strike_P+3","Defend_P","Defend_P","Eruption+1","Vigilance+1","CrushJoints+1","Meditate","Replay:BluntJabs+1","CutThroughFate+1","Protect+1","Wallop+1","expansioncontent:GuardianWhirl+1","ReachHeaven+1","Tantrum+1","TalkToTheHand+1","TalkToTheHand+1"],"relics":["PureWater","hubris:BundleOfHerbs","Incense Burner","Molten Egg 2","hubris:Teleporter","vexMod:MemoryStick","ReplayTheSpireMod:Shallot","Gremlin Food","Tiny House","Simple Rune","Bird Faced Urn","War Paint","Busted Crown","Membership Card","hubris:SlimyHat","vexMod:ConsolationPrize","vexMod:BarristanHead","Bottled Flame","Vajra","Replay:Baseball","Mercury Hourglass"],"acts_visited":["Exordium","TheCity","TheBeyond"],"potions_floor_usage":[16,21,25,29,39,40,50,50,50],"damage_taken":[{"damage":0.0,"enemies":"Small Slimes","floor":1.0,"turns":3.0},{"damage":0.0,"enemies":"Cultist","floor":3.0,"turns":3.0},{"damage":1.0,"enemies":"Jaw Worm","floor":4.0,"turns":4.0},{"damage":33.0,"enemies":"Lagavulin","floor":7.0,"turns":8.0},{"damage":7.0,"enemies":"3 Louse","floor":8.0,"turns":4.0},{"damage":4.0,"enemies":"Blue Slaver","floor":11.0,"turns":3.0},{"damage":2.0,"enemies":"Gremlin Nob","floor":12.0,"turns":3.0},{"damage":8,"enemies":"The Guardian","floor":16,"turns":6},{"damage":2,"enemies":"3 Byrds","floor":18,"turns":4},{"damage":0,"enemies":"Shell Parasite","floor":19,"turns":4},{"damage":0,"enemies":"Snecko","floor":21,"turns":3},{"damage":0,"enemies":"Snake Plant","floor":22,"turns":3},{"damage":0,"enemies":"Book of Stabbing","floor":23,"turns":4},{"damage":13,"enemies":"Centurion and Healer","floor":25,"turns":2},{"damage":10,"enemies":"Shelled Parasite and Fungi","floor":27,"turns":3},{"damage":0,"enemies":"Cultist and Chosen","floor":28,"turns":4},{"damage":0,"enemies":"Replay:Snechameleon","floor":29,"turns":4},{"damage":25,"enemies":"Pondfish","floor":33,"turns":7},{"damage":17,"enemies":"Orb Walker","floor":35,"turns":2},{"damage":0,"enemies":"3 Shapes","floor":36,"turns":1},{"damage":2,"enemies":"Spire Growth","floor":39,"turns":3},{"damage":0,"enemies":"Giant Head","floor":40,"turns":6},{"damage":7,"enemies":"Maw","floor":42,"turns":5},{"damage":0,"enemies":"Transient","floor":44,"turns":5},{"damage":0,"enemies":"R_Hoarder","floor":46,"turns":8},{"damage":0,"enemies":"Nemesis","floor":48,"turns":3},{"damage":17,"enemies":"Replay:Hell Engine","floor":50,"turns":5}],"seed_played":"1921710727435862065","potions_obtained":[{"floor":1.0,"key":"Adrenaline Potion"},{"floor":3.0,"key":"Guardian:BlockOnCardUsePotion"},{"floor":16,"key":"Ancient Potion"},{"floor":17,"key":"GamblersBrew"},{"floor":18,"key":"Weak Potion"},{"floor":19,"key":"BlessingOfTheForge"},{"floor":22,"key":"champ:CounterPotion"},{"floor":29,"key":"FearPotion"},{"floor":33,"key":"Slimebound:ThreeZeroPotion"},{"floor":39,"key":"SteroidPotion"},{"floor":46,"key":"LiquidMemories"},{"floor":48,"key":"AttackPotion"}],"is_trial":false,"path_per_floor":["M","?","M","M","?","R","E","M","T","R","M","?","$","?","R","B",null,"M","M","$","M","M","E","R","M","T","M","M","E","$","?","R_BF","B",null,"M","M","$","?","M","E","R","M","T","M","E","$","E","R","B",null],"character_chosen":"WATCHER","items_purchased":["Gremlin Food","Wallop+1","expansioncontent:GuardianWhirl+1","SkillPotion","Membership Card","hubris:SlimyHat","TalkToTheHand+1","Replay:Baseball"],"campfire_rested":3,"item_purchase_floors":[13,13,13,13,37,37,37,47],"current_hp_per_floor":[60,60,60,59,59,59,26,19,19,19,15,13,13,13,34,26,77,75,75,75,75,75,75,75,62,62,52,52,52,52,52,52,27,77,60,60,60,41,39,39,62,55,55,55,57,57,57,77,75],"gold":135,"neow_bonus":"","is_daily":false,"chose_seed":false,"campfire_upgraded":3,"win_rate":0.0,"timestamp":1608060531,"path_taken":["M","?","?","M","?","R","E","M","T","R","M","?","?","?","R","BOSS","M","M","$","M","?","E","R","M","T","M","?","E","$","?","R_BF","BOSS","M","M","$","?","?","E","R","M","T","M","E","$","E","R","BOSS"],"items_purchased_type":["Relic","Card","Card","Potion","Relic","Relic","Card","Relic"],"build_version":"2020-12-13","purchased_purges":5,"victory":true,"max_hp_per_floor":[72,72,72,72,72,72,72,72,72,72,72,72,72,72,72,72,77,77,77,77,77,77,77,77,77,77,77,77,77,77,77,77,77,77,77,77,77,77,77,77,77,77,77,77,77,77,77,77,77],"relic_stats":{"Busted Crown":20,"counters":[94,373],"Bird Faced Urn":[2],"War Paint":["Vigilance","Defend_P"],"obtain_stats":[{"Ice Cream":0,"vexMod:MemoryStick":9,"Tiny House":17,"CeramicFish":28,"Vajra":46,"aspiration:Stabinomicon":27,"Ginger":0,"Boot":0,"Old Coin":0,"Sozu":36,"Centennial Puzzle":0,"Lizard Tail":0,"HornCleat":0,"hubris:HerbalPaste":0,"DollysMirror":0,"Replay:Bronze Core":17,"Kunai":0,"Toxic Egg 2":25,"hubris:Teleporter":50,"vexMod:ScavengeHelm":50,"Blue Candle":0,"Dead Branch":46,"Oddly Smooth Stone":24,"vexMod:TimeEaterHat":48,"Charon\u0027s Ashes":9,"War Paint":32,"vexMod:GhostlyGear":40,"OrangePellets":0,"ReplayTheSpireMod:Spearhead":49,"Bottled Flame":43,"Replay:Baseball":47,"ReplayTheSpireMod:Shallot":12,"Brimstone":0,"Bronze Scales":0,"Bird Faced Urn":0,"Molten Egg 2":4,"Simple Rune":23,"Mark of Pain":0,"hubris:ToyBattleship":8,"Grinning Jar":45,"ReplayTheSpireMod:DimensionalGlitch":36,"Darkstone Periapt":9,"Torii":0,"Incense Burner":0,"Juzu Bracelet":6,"hubris:SlimyHat":37,"Cursed Key":17,"Burning Blood":0,"BranchBurnRelic":47,"Nunchaku":29,"Matryoshka":0,"Shovel":0,"hubris:Icosahedron":28,"Gambling Chip":0,"hubris:CuriousFeather":0,"Red Mask":0,"hubris:ChampionShield":34,"Red Skull":0,"InkBottle":0,"Gremlin Food":42,"Self Forming Clay":0,"Golden Idol":3,"hubris:64BitClover":27,"vexMod:ConsolationPrize":38,"Thread and Needle":0,"The Courier":0,"Replay:WaspNest":25,"PreservedInsect":32,"Frozen Egg 2":44,"Orichalcum":0,"Odd Mushroom":12,"hubris:Towel":27,"MawBank":0,"Mercury Hourglass":48,"Calling Bell":0,"Strange Spoon":48,"Anchor":0,"CaptainsWheel":28,"vexMod:BarristanHead":6,"Busted Crown":34,"Ornamental Fan":41,"infinitespire:Satchel":11,"Ring of Fury":22,"hubris:BundleOfHerbs":26,"Coffee Dripper":19,"Bag of Marbles":21,"Art of War":24,"Champion Belt":0,"Membership Card":24,"ReplayTheSpireMod:Ring of Challenge":12,"PureWater":0,"FossilizedHelix":0},{"Ice Cream":53,"vexMod:MemoryStick":72,"Tiny House":75,"CeramicFish":15,"Vajra":92,"aspiration:Stabinomicon":15,"Ginger":1,"Boot":0,"Old Coin":0,"Sozu":19,"Centennial Puzzle":0,"Lizard Tail":0,"HornCleat":0,"hubris:HerbalPaste":27,"DollysMirror":0,"Replay:Bronze Core":60,"Kunai":0,"Toxic Egg 2":38,"hubris:Teleporter":52,"vexMod:ScavengeHelm":52,"Blue Candle":0,"Dead Branch":25,"Oddly Smooth Stone":37,"vexMod:TimeEaterHat":51,"Charon\u0027s Ashes":30,"War Paint":84,"vexMod:GhostlyGear":21,"OrangePellets":0,"ReplayTheSpireMod:Spearhead":51,"Bottled Flame":90,"Replay:Baseball":92,"ReplayTheSpireMod:Shallot":74,"Brimstone":27,"Bronze Scales":0,"Bird Faced Urn":0,"Molten Egg 2":28,"Simple Rune":80,"Mark of Pain":0,"hubris:ToyBattleship":5,"Grinning Jar":24,"ReplayTheSpireMod:DimensionalGlitch":44,"Darkstone Periapt":57,"Torii":27,"Incense Burner":0,"Juzu Bracelet":57,"hubris:SlimyHat":87,"Cursed Key":34,"Burning Blood":0,"BranchBurnRelic":25,"Nunchaku":40,"Matryoshka":0,"Shovel":0,"hubris:Icosahedron":64,"Gambling Chip":0,"hubris:CuriousFeather":27,"Red Mask":0,"hubris:ChampionShield":18,"Red Skull":0,"InkBottle":0,"Gremlin Food":49,"Self Forming Clay":0,"Golden Idol":28,"hubris:64BitClover":39,"vexMod:ConsolationPrize":87,"Thread and Needle":0,"The Courier":0,"Replay:WaspNest":14,"PreservedInsect":17,"Frozen Egg 2":24,"Orichalcum":53,"Odd Mushroom":59,"hubris:Towel":64,"MawBank":0,"Mercury Hourglass":93,"Calling Bell":0,"Strange Spoon":25,"Anchor":0,"CaptainsWheel":39,"vexMod:BarristanHead":29,"Busted Crown":85,"Ornamental Fan":48,"infinitespire:Satchel":7,"Ring of Fury":12,"hubris:BundleOfHerbs":81,"Coffee Dripper":11,"Bag of Marbles":12,"Art of War":63,"Champion Belt":1,"Membership Card":37,"ReplayTheSpireMod:Ring of Challenge":32,"PureWater":0,"FossilizedHelix":0},{"Ice Cream":191,"vexMod:MemoryStick":285,"Tiny House":297,"CeramicFish":72,"Vajra":365,"aspiration:Stabinomicon":72,"Ginger":5,"Boot":0,"Old Coin":0,"Sozu":87,"Centennial Puzzle":0,"Lizard Tail":0,"HornCleat":0,"hubris:HerbalPaste":107,"DollysMirror":0,"Replay:Bronze Core":230,"Kunai":0,"Toxic Egg 2":136,"hubris:Teleporter":187,"vexMod:ScavengeHelm":187,"Blue Candle":0,"Dead Branch":100,"Oddly Smooth Stone":133,"vexMod:TimeEaterHat":183,"Charon\u0027s Ashes":113,"War Paint":328,"vexMod:GhostlyGear":91,"OrangePellets":0,"ReplayTheSpireMod:Spearhead":183,"Bottled Flame":352,"Replay:Baseball":365,"ReplayTheSpireMod:Shallot":291,"Brimstone":107,"Bronze Scales":0,"Bird Faced Urn":0,"Molten Egg 2":109,"Simple Rune":315,"Mark of Pain":0,"hubris:ToyBattleship":28,"Grinning Jar":98,"ReplayTheSpireMod:DimensionalGlitch":158,"Darkstone Periapt":210,"Torii":107,"Incense Burner":0,"Juzu Bracelet":210,"hubris:SlimyHat":338,"Cursed Key":125,"Burning Blood":0,"BranchBurnRelic":100,"Nunchaku":144,"Matryoshka":0,"Shovel":0,"hubris:Icosahedron":251,"Gambling Chip":0,"hubris:CuriousFeather":107,"Red Mask":0,"hubris:ChampionShield":81,"Red Skull":0,"InkBottle":0,"Gremlin Food":175,"Self Forming Clay":0,"Golden Idol":109,"hubris:64BitClover":140,"vexMod:ConsolationPrize":338,"Thread and Needle":0,"The Courier":0,"Replay:WaspNest":69,"PreservedInsect":78,"Frozen Egg 2":98,"Orichalcum":191,"Odd Mushroom":219,"hubris:Towel":251,"MawBank":0,"Mercury Hourglass":368,"Calling Bell":0,"Strange Spoon":100,"Anchor":0,"CaptainsWheel":140,"vexMod:BarristanHead":111,"Busted Crown":335,"Ornamental Fan":171,"infinitespire:Satchel":38,"Ring of Fury":64,"hubris:BundleOfHerbs":317,"Coffee Dripper":60,"Bag of Marbles":64,"Art of War":248,"Champion Belt":5,"Membership Card":133,"ReplayTheSpireMod:Ring of Challenge":120,"PureWater":0,"FossilizedHelix":0}],"Mercury Hourglass":[11]},"card_choices":[{"not_picked":["EmptyBody","Replay:BluntJabs"],"picked":"CrushJoints","floor":1.0},{"not_picked":["ClearTheMind","Replay:Hum"],"picked":"Meditate","floor":3.0},{"not_picked":["Consecrate","ClearTheMind","ThirdEye"],"picked":"SKIP","floor":4.0},{"not_picked":["ForeignInfluence","Brilliance+1","PathToVictory"],"picked":"SKIP","floor":7.0},{"not_picked":["BattleHymn","ThirdEye"],"picked":"Replay:BluntJabs+1","floor":8.0},{"not_picked":["Protect","MentalFortress"],"picked":"CutThroughFate+1","floor":11.0},{"not_picked":["ClearTheMind","ThirdEye"],"picked":"Protect","floor":12.0},{"not_picked":["FlyingSleeves+1","CrushJoints+1","Wallop+1"],"picked":"SKIP","floor":18},{"not_picked":["Prostrate+1","CarveReality+1"],"picked":"ReachHeaven+1","floor":19},{"not_picked":["ThirdEye","MentalFortress"],"picked":"Tantrum+1","floor":21},{"not_picked":["ClearTheMind+1","Scrawl"],"picked":"TalkToTheHand+1","floor":22},{"not_picked":["Replay:Vibes","FollowUp+1","CrushJoints+1"],"picked":"SKIP","floor":23},{"not_picked":["PathToVictory","EmptyFist+1","WindmillStrike+1"],"picked":"SKIP","floor":25},{"not_picked":["Nirvana+1","Wireheading","EmptyBody"],"picked":"SKIP","floor":27},{"not_picked":["FlyingSleeves+1","Protect","Halt"],"picked":"SKIP","floor":28},{"not_picked":["Replay:ManipulateFuture","Replay:BluntJabs+1","SashWhip+1"],"picked":"SKIP","floor":29},{"not_picked":["Fasting2+1"],"picked":"SKIP","floor":35},{"not_picked":["Crescendo+1"],"picked":"SKIP","floor":36},{"not_picked":["SashWhip+1"],"picked":"SKIP","floor":39},{"not_picked":["CrushJoints+1"],"picked":"SKIP","floor":40},{"not_picked":["FollowUp+1"],"picked":"SKIP","floor":42},{"not_picked":["Replay:AtTheReady"],"picked":"SKIP","floor":44},{"not_picked":["WaveOfTheHand"],"picked":"SKIP","floor":46},{"not_picked":["Halt+1"],"picked":"SKIP","floor":48}],"player_experience":470104,"relics_obtained":[{"floor":7.0,"key":"hubris:Teleporter"},{"floor":9.0,"key":"vexMod:MemoryStick"},{"floor":12.0,"key":"ReplayTheSpireMod:Shallot"},{"floor":23,"key":"Simple Rune"},{"floor":26,"key":"hubris:BundleOfHerbs"},{"floor":29,"key":"Bird Faced Urn"},{"floor":32,"key":"War Paint"},{"floor":38,"key":"vexMod:ConsolationPrize"},{"floor":40,"key":"vexMod:BarristanHead"},{"floor":43,"key":"Bottled Flame"},{"floor":46,"key":"Vajra"},{"floor":48,"key":"Mercury Hourglass"}],"event_choices":[{"damage_healed":0.0,"max_hp_gain":0.0,"max_hp_loss":0.0,"gold_gain":100.0,"event_name":"Wheel of Change","player_choice":"Gold","floor":2.0,"gold_loss":0.0,"damage_taken":0.0},{"damage_healed":0.0,"max_hp_gain":0.0,"max_hp_loss":0.0,"gold_gain":0.0,"event_name":"Dead Adventurer","player_choice":"Searched \u00271\u0027 times","floor":12.0,"gold_loss":0.0,"damage_taken":0.0},{"damage_healed":0.0,"max_hp_gain":0.0,"max_hp_loss":0.0,"gold_gain":0.0,"cards_transformed":["Injury"],"event_name":"Transmorgrifier","player_choice":"Transformed","floor":14.0,"gold_loss":0.0,"damage_taken":0.0,"cards_obtained":["hubris:Gluttony"]},{"damage_healed":0,"gold_gain":99,"player_choice":"Stole From Cult","damage_taken":0,"max_hp_gain":0,"max_hp_loss":0,"event_name":"Nest","floor":31,"gold_loss":0}],"is_beta":false,"boss_relics":[{"not_picked":["Abe\u0027s Treasure","aspiration:RunicSpoon"],"picked":"Tiny House"},{"not_picked":["HolyWater","vexMod:BigBerry"],"picked":"Busted Crown"}],"items_purged_floors":[0,20,30,37,47],"is_endless":false,"potions_floor_spawned":[1,3,16,18,19,22,29,33,39,46,48],"ascension_level":1}}