{"host":"q5vpntglr38zhb0c","time":1608042603,"event":{"mods":["BaseMod","Colored Map","DeckTracker","Keyboard Shortcuts","Minty Spire (QoL Compilation)","Permanent Neow","StSLib","SuperFastMode","everything is the same but u backflip on backflip"],"gold_per_floor":[118,118,98,113,124,149,160,175,201,227,73,73,85,118,118,195,195,209,479,493,510,523,523,536,562,562,562,403,403,432,432,432,432,432],"floor_reached":33,"playtime":818,"items_purged":[],"score":643,"play_id":"2854f56c-224e-4245-8cad-e2d57013a0e6","local_time":"20201215233003","is_ascension_mode":true,"campfire_choices":[{"data":"Perfected Strike","floor":12.0,"key":"SMITH"},{"data":"Armaments","floor":15.0,"key":"SMITH"},{"floor":23,"key":"REST"},{"floor":29,"key":"REST"},{"floor":32,"key":"REST"}],"circlet_count":0,"master_deck":["AscendersBane","Strike_R+1","Strike_R+1","Strike_R+1","Strike_R+1","Strike_R+1","Defend_R+1","Defend_R+1","Defend_R+1","Defend_R+1","Bash","Twin Strike","Perfected Strike+1","Twin Strike","Twin Strike","Twin Strike","Shrug It Off","Corruption","Armaments+1","Battle Trance","Shrug It Off","Wild Strike","Shrug It Off","Feel No Pain","Shockwave"],"relics":["Burning Blood","NeowsBlessing","Self Forming Clay","Bag of Marbles","Omamori","Ancient Tea Set","Velvet Choker","Akabeko","Singing Bowl","Centennial Puzzle"],"acts_visited":["Exordium","TheCity"],"potions_floor_usage":[30,31],"damage_taken":[{"damage":0.0,"enemies":"2 Louse","floor":1.0,"turns":1.0},{"damage":0.0,"enemies":"Jaw Worm","floor":4.0,"turns":1.0},{"damage":0.0,"enemies":"Cultist","floor":5.0,"turns":1.0},{"damage":8.0,"enemies":"Gremlin Nob","floor":6.0,"turns":3.0},{"damage":15.0,"enemies":"Lots of Slimes","floor":7.0,"turns":4.0},{"damage":6.0,"enemies":"Exordium Thugs","floor":8.0,"turns":3.0},{"damage":27.0,"enemies":"Lagavulin","floor":10.0,"turns":5.0},{"damage":16.0,"enemies":"Gremlin Gang","floor":13.0,"turns":4.0},{"damage":23.0,"enemies":"3 Sentries","floor":14.0,"turns":7.0},{"damage":17.0,"enemies":"Slime Boss","floor":16.0,"turns":5.0},{"damage":3.0,"enemies":"Shell Parasite","floor":18.0,"turns":2.0},{"damage":0.0,"enemies":"Chosen","floor":20.0,"turns":3.0},{"damage":29.0,"enemies":"Snake Plant","floor":21.0,"turns":3.0},{"damage":26,"enemies":"3 Cultists","floor":22,"turns":6},{"damage":3,"enemies":"Chosen and Byrds","floor":24,"turns":6},{"damage":30,"enemies":"Book of Stabbing","floor":25,"turns":5},{"damage":32,"enemies":"Slavers","floor":30,"turns":5},{"damage":0,"enemies":"Shelled Parasite and Fungi","floor":31,"turns":1},{"damage":72,"enemies":"Champ","floor":33,"turns":10}],"seed_played":"6607673745088096030","potions_obtained":[{"floor":1.0,"key":"AttackPotion"},{"floor":3.0,"key":"FearPotion"},{"floor":6.0,"key":"Energy Potion"},{"floor":7.0,"key":"Strength Potion"},{"floor":18.0,"key":"SpeedPotion"},{"floor":20.0,"key":"BloodPotion"},{"floor":25,"key":"Energy Potion"},{"floor":30,"key":"SmokeBomb"}],"is_trial":false,"path_per_floor":["M","?","?","M","M","E","M","M","T","E","$","R","M","E","R","B",null,"M","?","M","M","M","R","M","E","T","?","$","R","E","M","R","B"],"character_chosen":"IRONCLAD","items_purchased":["Corruption","Feel No Pain","Shockwave"],"campfire_rested":3,"item_purchase_floors":[11,28,28],"current_hp_per_floor":[74,79,79,80,80,78,69,69,69,48,48,48,38,21,21,10,63,66,39,45,38,18,42,45,21,21,21,21,45,21,27,51,0,0],"gold":432,"neow_bonus":"THREE_ENEMY_KILL","is_daily":false,"chose_seed":false,"campfire_upgraded":2,"win_rate":0.0,"timestamp":1608042603,"path_taken":["M","?","?","M","?","E","?","M","T","E","$","R","M","E","R","BOSS","M","?","M","M","M","R","?","E","T","?","$","R","E","M","R","BOSS"],"items_purchased_type":["Card","Card","Card"],"build_version":"2020-12-13","purchased_purges":0,"victory":false,"max_hp_per_floor":[75,80,80,80,80,80,80,80,80,80,80,80,80,80,80,80,80,80,80,80,80,80,80,80,80,80,80,80,80,82,82,82,82,82],"card_choices":[{"not_picked":["Second Wind","Anger"],"picked":"Twin Strike","floor":1.0},{"not_picked":["Havoc","Flex"],"picked":"Perfected Strike","floor":4.0},{"not_picked":["Flex","Dropkick"],"picked":"Twin Strike","floor":5.0},{"not_picked":["Seeing Red","Intimidate"],"picked":"Twin Strike","floor":6.0},{"not_picked":["Clothesline","Combust"],"picked":"Twin Strike","floor":7.0},{"not_picked":["Cleave","Sever Soul","Warcry"],"picked":"SKIP","floor":8.0},{"not_picked":["Iron Wave","Havoc"],"picked":"Shrug It Off","floor":10.0},{"not_picked":["Iron Wave","Intimidate"],"picked":"Armaments","floor":13.0},{"not_picked":["Intimidate","Searing Blow"],"picked":"Battle Trance","floor":14.0},{"not_picked":["Sword Boomerang+1","Cleave","Rupture"],"picked":"SKIP","floor":18.0},{"not_picked":["Sword Boomerang","Sentinel"],"picked":"Shrug It Off","floor":20.0},{"not_picked":["Sentinel","Havoc"],"picked":"Wild Strike","floor":21},{"not_picked":["Reckless Charge+1","Body Slam"],"picked":"Shrug It Off","floor":22},{"not_picked":["Cleave","Inflame","Fire Breathing"],"picked":"SKIP","floor":24},{"not_picked":["Reaper","Second Wind","Flex"],"picked":"SKIP","floor":25},{"not_picked":["Body Slam","Clash","Cleave+1"],"picked":"Singing Bowl","floor":30}],"player_experience":1290627,"relics_obtained":[{"floor":6.0,"key":"Self Forming Clay"},{"floor":9.0,"key":"Bag of Marbles"},{"floor":10.0,"key":"Omamori"},{"floor":14.0,"key":"Ancient Tea Set"},{"floor":25,"key":"Akabeko"},{"floor":26,"key":"Singing Bowl"},{"floor":30,"key":"Centennial Puzzle"}],"event_choices":[{"damage_healed":0.0,"max_hp_gain":5.0,"max_hp_loss":0.0,"gold_gain":0.0,"event_name":"Big Fish","player_choice":"Donut","floor":2.0,"gold_loss":0.0,"damage_taken":0.0},{"damage_healed":0.0,"max_hp_gain":0.0,"max_hp_loss":0.0,"gold_gain":0.0,"event_name":"The Woman in Blue","player_choice":"Bought 1 Potion","floor":3.0,"gold_loss":0.0,"damage_taken":0.0},{"damage_healed":0.0,"max_hp_gain":0.0,"max_hp_loss":0.0,"gold_gain":270.0,"event_name":"Knowing Skull","player_choice":"GOLD GOLD GOLD ","floor":19.0,"potions_obtained":[],"gold_loss":0.0,"damage_taken":27.0,"cards_obtained":[]},{"damage_healed":0,"gold_gain":0,"player_choice":"Simplicity","damage_taken":0,"max_hp_gain":0,"max_hp_loss":0,"event_name":"Back to Basics","floor":27,"gold_loss":0,"cards_upgraded":["Strike_R","Strike_R","Strike_R","Strike_R","Strike_R","Defend_R","Defend_R","Defend_R","Defend_R"]}],"is_beta":false,"boss_relics":[{"not_picked":["Empty Cage","Astrolabe"],"picked":"Velvet Choker"}],"items_purged_floors":[],"is_endless":false,"potions_floor_spawned":[1,6,7,8,14,18,20,25,30,31],"killed_by":"Champ","ascension_level":20}}