{"host":"f5n4tidiz2n5sooh","time":1608026182,"event":{"mods":["BaseMod","Colored Map","Minty Spire (QoL Compilation)","Relic Stats","StSLib"],"gold_per_floor":[118,135,146,165,180,212,212,246,246,246,266,42,42,42,42,42,42],"floor_reached":16,"playtime":514,"items_purged":["Strike_B"],"score":224,"play_id":"b555cee4-5f81-402b-9882-f9d6bbc0bd2b","local_time":"20201215035622","is_ascension_mode":true,"campfire_choices":[{"floor":7,"key":"REST"},{"floor":10,"key":"REST"},{"floor":15,"key":"REST"}],"circlet_count":0,"master_deck":["AscendersBane","Strike_B","Strike_B","Defend_B","Defend_B","Defend_B","Defend_B","Zap","Dualcast","Core Surge","Undo","Static Discharge","Ball Lightning","Coolheaded","Core Surge+1"],"relics":["Cracked Core","Strawberry","InkBottle","Molten Egg 2"],"acts_visited":["Exordium"],"potions_floor_usage":[5,8,8],"damage_taken":[{"damage":2,"enemies":"Cultist","floor":1,"turns":4},{"damage":2,"enemies":"Jaw Worm","floor":2,"turns":3},{"damage":2,"enemies":"2 Louse","floor":3,"turns":3},{"damage":4,"enemies":"Red Slaver","floor":4,"turns":4},{"damage":0,"enemies":"Looter","floor":5,"turns":2},{"damage":32,"enemies":"Lagavulin","floor":6,"turns":6},{"damage":33,"enemies":"Gremlin Nob","floor":8,"turns":4},{"damage":5,"enemies":"3 Louse","floor":11,"turns":4},{"damage":74,"enemies":"The Guardian","floor":16,"turns":13}],"seed_played":"3795796068500238597","potions_obtained":[{"floor":2,"key":"Swift Potion"},{"floor":3,"key":"Swift Potion"},{"floor":6,"key":"FocusPotion"}],"is_trial":false,"path_per_floor":["M","M","M","M","M","E","R","E","T","R","M","$","?","?","R","B"],"character_chosen":"DEFECT","items_purchased":["Core Surge+1"],"campfire_rested":3,"item_purchase_floors":[12],"current_hp_per_floor":[44,42,40,36,36,11,34,1,1,24,19,19,19,19,42,0,0],"gold":42,"neow_bonus":"THREE_RARE_CARDS","is_daily":false,"chose_seed":false,"campfire_upgraded":0,"win_rate":0.0,"timestamp":1608026182,"path_taken":["M","M","M","?","M","E","R","E","T","R","M","$","?","?","R","BOSS"],"items_purchased_type":["Card"],"build_version":"2020-12-13","purchased_purges":1,"victory":false,"max_hp_per_floor":[71,71,71,71,71,78,78,78,78,78,78,78,78,78,78,78,78],"relic_stats":{"counters":[9,43],"obtain_stats":[{"Strawberry":6,"Molten Egg 2":9,"Cracked Core":0,"InkBottle":8},{"Strawberry":6,"Molten Egg 2":7,"Cracked Core":0,"InkBottle":7},{"Strawberry":22,"Molten Egg 2":26,"Cracked Core":0,"InkBottle":26}],"InkBottle":[2]},"card_choices":[{"not_picked":["Fission","Seek"],"picked":"Core Surge","floor":0},{"not_picked":["Turbo","Hello World"],"picked":"Undo","floor":1},{"not_picked":["Barrage","Rebound"],"picked":"Static Discharge","floor":2},{"not_picked":["Heatsinks","White Noise","Steam"],"picked":"SKIP","floor":3},{"not_picked":["Steam","Recycle"],"picked":"Ball Lightning","floor":4},{"not_picked":["Hello World","Blizzard","Barrage"],"picked":"SKIP","floor":5},{"not_picked":["Double Energy","Gash"],"picked":"Coolheaded","floor":6},{"not_picked":["Hologram","Heatsinks","Recycle"],"picked":"SKIP","floor":8},{"not_picked":["Streamline+1","Rebound+1","Tempest"],"picked":"SKIP","floor":11}],"player_experience":1891109,"relics_obtained":[{"floor":6,"key":"Strawberry"},{"floor":8,"key":"InkBottle"},{"floor":9,"key":"Molten Egg 2"}],"event_choices":[{"damage_healed":0,"gold_gain":0,"player_choice":"Fled","damage_taken":0,"max_hp_gain":0,"max_hp_loss":0,"event_name":"Scrap Ooze","floor":13,"gold_loss":0},{"cards_removed":["Strike_B"],"damage_healed":0,"gold_gain":0,"player_choice":"Card Removal","damage_taken":0,"max_hp_gain":0,"max_hp_loss":0,"event_name":"Wheel of Change","floor":14,"gold_loss":0}],"is_beta":false,"boss_relics":[],"items_purged_floors":[12],"is_endless":false,"potions_floor_spawned":[2,3,6],"killed_by":"The Guardian","ascension_level":20}}