{"host":"Jedit","time":1608075697,"event":{"mods":["BaseMod","Downfall","Minty Spire (QoL Compilation)","Relic Stats","StSLib"],"gold_per_floor":[113,63,63,138,33,61,61,89,137,169,169,169,180,180,180,281,281,296,296,76,90,12,12,12],"floor_reached":23,"playtime":979,"items_purged":["Parasite"],"score":244,"play_id":"815a552f-7f84-41cc-b2de-b58ac70a9eee","local_time":"20201215234137","is_ascension_mode":true,"campfire_choices":[{"floor":7,"key":"REST"},{"data":"hexamod:SkipABeat","floor":11,"key":"SMITH"},{"data":"hexamod:InspiringFlames","floor":15,"key":"SMITH"}],"circlet_count":0,"master_deck":["hexamod:Strike","hexamod:Defend","hexamod:Defend+1","hexamod:Defend+1","hexamod:Sear","hexamod:Float","hexamod:GhostflameInferno","hexamod:SkipABeat+1","hexamod:InspiringFlames+1","hexamod:PhantomFireball+1","hexamod:AdvancingGuard","hexamod:EmpoweredFlame","hexamod:SixthSeal","hexamod:ThirdSeal","hexamod:FifthSeal","hexamod:VolcanoVisage","hexamod:FirstSeal","hexamod:PowerFromBeyond+1","hexamod:FifthSeal","hexamod:SecondSeal","hexamod:RecurringNightmare+1","hexamod:FourthSeal","hexamod:FirstSeal","hexamod:TimeWarp","hexamod:EmpoweredFlame"],"relics":["hexamod:SpiritBrand","Pantograph","Gremlin Horn","hexamod:BolsterEngine","Boot","Snecko Eye","Oddly Smooth Stone"],"acts_visited":["Exordium","TheCity"],"potions_floor_usage":[10,21,23],"damage_taken":[{"damage":2,"enemies":"Small Slimes","floor":1,"turns":3},{"damage":26,"enemies":"Gremlin Nob","floor":6,"turns":4},{"damage":27,"enemies":"Lagavulin","floor":8,"turns":6},{"damage":4,"enemies":"3 Sentries","floor":10,"turns":7},{"damage":0,"enemies":"2 Louse","floor":13,"turns":2},{"damage":40,"enemies":"Slime Boss","floor":16,"turns":11},{"damage":12,"enemies":"Spheric Guardian","floor":18,"turns":5},{"damage":31,"enemies":"3 Byrds","floor":21,"turns":5},{"damage":0,"enemies":"Snake Plant","floor":23,"turns":1}],"seed_played":"-1713609008699399918","potions_obtained":[{"floor":1,"key":"Fire Potion"},{"floor":10,"key":"Fire Potion"},{"floor":16,"key":"Swift Potion"},{"floor":18,"key":"Energy Potion"}],"is_trial":false,"path_per_floor":["M","?","?","?","$","E","R","E","T","E","R","?","M","?","R","B",null,"M","?","$","M","$","M"],"character_chosen":"THE_SPIRIT","items_purchased":["hexamod:InspiringFlames","hexamod:PhantomFireball","Oddly Smooth Stone","hexamod:EmpoweredFlame"],"campfire_rested":1,"item_purchase_floors":[5,5,20,22],"current_hp_per_floor":[68,68,61,50,50,24,45,18,18,14,14,31,31,36,36,21,75,63,63,63,39,39,39,39],"gold":12,"neow_bonus":"ONE_RANDOM_RARE_CARD","is_daily":false,"chose_seed":false,"campfire_upgraded":2,"win_rate":0.0,"timestamp":1608075697,"path_taken":["M","?","?","?","$","E","R","E","T","E","R","?","M","?","R","BOSS","M","?","$","M","$","M"],"items_purchased_type":["Card","Card","Relic","Card"],"build_version":"2020-12-07","purchased_purges":1,"victory":false,"max_hp_per_floor":[70,70,70,70,70,70,70,70,70,70,70,70,70,75,75,75,75,75,75,72,72,72,72,72],"relic_stats":{"Gremlin Horn":[7,7],"counters":[9,44],"Pantograph":25,"Snecko Eye":[27,16,23,14],"Boot":[8],"obtain_stats":[{"Gremlin Horn":8,"Pantograph":6,"Snecko Eye":17,"Oddly Smooth Stone":20,"hexamod:BolsterEngine":9,"Boot":10,"hexamod:SpiritBrand":0},{"Gremlin Horn":3,"Pantograph":2,"Snecko Eye":6,"Oddly Smooth Stone":7,"hexamod:BolsterEngine":3,"Boot":4,"hexamod:SpiritBrand":0},{"Gremlin Horn":13,"Pantograph":7,"Snecko Eye":33,"Oddly Smooth Stone":38,"hexamod:BolsterEngine":13,"Boot":20,"hexamod:SpiritBrand":0}]},"card_choices":[{"not_picked":["hexamod:BurningTouch","hexamod:Incineration"],"picked":"hexamod:SkipABeat","floor":1},{"not_picked":["hexamod:SwordOfDarkness","hexamod:GhostOfSpirePast"],"picked":"hexamod:AdvancingGuard","floor":6},{"not_picked":["hexamod:SpectralSpark","hexamod:GhostOfSpireFuture"],"picked":"hexamod:EmpoweredFlame","floor":8},{"not_picked":["hexamod:Incineration","hexamod:HauntingEcho"],"picked":"hexamod:SixthSeal","floor":10},{"not_picked":["hexamod:NightmareStrike","hexamod:RecurringNightmare"],"picked":"hexamod:ThirdSeal","floor":13},{"not_picked":["hexamod:Toasty","hexamod:UnlimitedPower"],"picked":"hexamod:FifthSeal","floor":16},{"not_picked":["hexamod:GiftsFromTheDead","hexamod:EmpoweringStance"],"picked":"hexamod:VolcanoVisage","floor":16},{"not_picked":["hexamod:ThirdSeal","hexamod:FourthSeal"],"picked":"hexamod:FirstSeal","floor":18},{"not_picked":["hexamod:Firestarter+1","hexamod:SwordOfDarkness+1"],"picked":"hexamod:PowerFromBeyond+1","floor":18},{"not_picked":["hexamod:SwordOfDarkness","hexamod:PowerFromBeyond"],"picked":"hexamod:RecurringNightmare+1","floor":21},{"not_picked":["hexamod:SecondSeal","hexamod:ThirdSeal"],"picked":"hexamod:FourthSeal","floor":21},{"not_picked":["hexamod:ThirdSeal","hexamod:FourthSeal"],"picked":"hexamod:FirstSeal","floor":21},{"not_picked":["hexamod:GhostOfSpireFuture","hexamod:BacktrackSmack+1"],"picked":"hexamod:TimeWarp","floor":21}],"player_experience":3582752,"relics_obtained":[{"floor":6,"key":"Pantograph"},{"floor":8,"key":"Gremlin Horn"},{"floor":9,"key":"hexamod:BolsterEngine"},{"floor":10,"key":"Boot"}],"event_choices":[{"cards_removed":["hexamod:Defend"],"damage_healed":0,"gold_gain":0,"player_choice":"Card Removal","damage_taken":0,"max_hp_gain":0,"max_hp_loss":0,"event_name":"The Cleric","floor":2,"gold_loss":50},{"cards_removed":["hexamod:Strike"],"damage_healed":0,"gold_gain":0,"player_choice":"Card Removal","damage_taken":7,"max_hp_gain":0,"max_hp_loss":0,"event_name":"Golden Wing","floor":3,"gold_loss":0},{"damage_healed":0,"gold_gain":75,"player_choice":"Gather Gold","damage_taken":11,"max_hp_gain":0,"max_hp_loss":0,"event_name":"World of Goop","floor":4,"gold_loss":0},{"damage_healed":17,"gold_gain":0,"player_choice":"Healed and dodged fight","damage_taken":0,"max_hp_gain":0,"max_hp_loss":0,"event_name":"Mushrooms","floor":12,"gold_loss":0,"cards_obtained":["Parasite"]},{"damage_healed":0,"gold_gain":0,"player_choice":"Donut","damage_taken":0,"max_hp_gain":5,"max_hp_loss":0,"event_name":"Big Fish","floor":14,"gold_loss":0},{"damage_healed":0,"gold_gain":0,"cards_transformed":["hexamod:Strike","hexamod:Strike"],"player_choice":"Became Test Subject","damage_taken":0,"max_hp_gain":0,"max_hp_loss":0,"event_name":"Drug Dealer","floor":19,"gold_loss":0,"cards_obtained":["hexamod:FifthSeal","hexamod:SecondSeal"]}],"is_beta":true,"boss_relics":[{"not_picked":["SacredBark","Empty Cage"],"picked":"Snecko Eye"}],"items_purged_floors":[20],"is_endless":false,"potions_floor_spawned":[1,10,16,18],"killed_by":"Snake Plant","ascension_level":4}}