{"host":"egyxg9lnjq7g2hmw","time":1608076095,"event":{"mods":["AchievementEnabler","BaseMod","Block Reminder","Colored Map","Colored Powertips","Highlight Path","Minty Spire (QoL Compilation)","Rare Cards Sparkle","StSLib"],"gold_per_floor":[19,19,19,31,47,73,73,73,73,100,118,118,118,136,136,210,210,224,240,240,21,21,54,1,26,26,61,77,77,27,46,46,118,118,128,153,171,183,203,229,229,243,322,322,371,371,391,419,419,419,419],"floor_reached":50,"playtime":3755,"items_purged":["Strike_G","Defend_G"],"score":1166,"play_id":"c536c245-2301-43ea-88f9-686c1c25301b","local_time":"20201215154815","is_ascension_mode":true,"campfire_choices":[{"data":"Concentrate","floor":7.0,"key":"SMITH"},{"data":"Acrobatics","floor":13.0,"key":"SMITH"},{"data":"Acrobatics","floor":15.0,"key":"SMITH"},{"data":"Grand Finale","floor":29.0,"key":"SMITH"},{"data":"Calculated Gamble","floor":32.0,"key":"SMITH"},{"floor":41.0,"key":"RECALL"},{"floor":46.0,"key":"REST"},{"floor":49.0,"key":"REST"}],"circlet_count":0,"master_deck":["AscendersBane","Defend_G","Defend_G","Defend_G","Defend_G","Survivor","Neutralize","Underhanded Strike","Grand Finale+1","Escape Plan","Dash","Acrobatics+1","Concentrate+1","Escape Plan","Acrobatics+1","Underhanded Strike","Burst","Underhanded Strike","Eviscerate","Backstab+1","Calculated Gamble+1","Deflect","Night Terror","Deflect+1","Slice+1","Concentrate+1","Underhanded Strike"],"relics":["Ring of the Snake","Mango","Ornamental Fan","Incense Burner","Frozen Egg 2","Runic Pyramid","Membership Card","Boot","Pear","HornCleat","Bottled Lightning","Vajra","Philosopher\u0027s Stone","Gambling Chip","Snake Skull","The Specimen","Sundial"],"acts_visited":["Exordium","TheCity","TheBeyond"],"potions_floor_usage":[],"damage_taken":[{"damage":2.0,"enemies":"Jaw Worm","floor":1.0,"turns":5.0},{"damage":0.0,"enemies":"2 Louse","floor":4.0,"turns":3.0},{"damage":0.0,"enemies":"Small Slimes","floor":5.0,"turns":3.0},{"damage":12.0,"enemies":"Lagavulin","floor":6.0,"turns":6.0},{"damage":0.0,"enemies":"3 Sentries","floor":10.0,"turns":2.0},{"damage":0.0,"enemies":"2 Fungi Beasts","floor":11.0,"turns":4.0},{"damage":0.0,"enemies":"Exordium Wildlife","floor":14.0,"turns":4.0},{"damage":5.0,"enemies":"The Guardian","floor":16.0,"turns":10.0},{"damage":9.0,"enemies":"2 Thieves","floor":18.0,"turns":4.0},{"damage":0.0,"enemies":"Spheric Guardian","floor":19.0,"turns":1.0},{"damage":11.0,"enemies":"Slavers","floor":23.0,"turns":5.0},{"damage":4.0,"enemies":"Book of Stabbing","floor":25.0,"turns":4.0},{"damage":0.0,"enemies":"Gremlin Leader","floor":27.0,"turns":4.0},{"damage":0.0,"enemies":"3 Cultists","floor":28.0,"turns":3.0},{"damage":0.0,"enemies":"Centurion and Healer","floor":31.0,"turns":3.0},{"damage":6.0,"enemies":"Automaton","floor":33.0,"turns":6.0},{"damage":4.0,"enemies":"Orb Walker","floor":35.0,"turns":4.0},{"damage":0.0,"enemies":"Mind Bloom Boss Battle","floor":36.0,"turns":3.0},{"damage":1.0,"enemies":"3 Darklings","floor":37.0,"turns":3.0},{"damage":35.0,"enemies":"Transient","floor":38.0,"turns":5.0},{"damage":0.0,"enemies":"Spire Growth","floor":39.0,"turns":3.0},{"damage":1.0,"enemies":"Reptomancer","floor":40.0,"turns":5.0},{"damage":14.0,"enemies":"3 Darklings","floor":42.0,"turns":3.0},{"damage":7.0,"enemies":"2 Orb Walkers","floor":45.0,"turns":4.0},{"damage":1.0,"enemies":"Jaw Worm Horde","floor":47.0,"turns":3.0},{"damage":4.0,"enemies":"Nemesis","floor":48.0,"turns":5.0},{"damage":78,"enemies":"Awakened One","floor":50,"turns":4}],"seed_played":"1527186771328114281","potions_obtained":[{"floor":1.0,"key":"Energy Potion"},{"floor":10.0,"key":"Regen Potion"},{"floor":18.0,"key":"Weak Potion"},{"floor":25.0,"key":"SkillPotion"},{"floor":27.0,"key":"DistilledChaos"},{"floor":36.0,"key":"AttackPotion"},{"floor":40.0,"key":"LiquidBronze"},{"floor":42.0,"key":"Explosive Potion"},{"floor":47.0,"key":"EssenceOfSteel"}],"is_trial":false,"path_per_floor":["M","?","?","M","M","E","R","?","T","E","M","?","R","M","R","B",null,"M","M","?","$","?","E","?","E","T","E","M","R","$","M","R","B",null,"M","?","M","M","M","E","R","M","T","?","?","R","M","E","R","B"],"character_chosen":"THE_SILENT","items_purchased":["Membership Card","Underhanded Strike"],"campfire_rested":2,"item_purchase_floors":[21,21],"current_hp_per_floor":[57,57,66,66,66,54,54,54,54,54,54,54,54,54,54,64,76,67,67,67,67,67,56,66,62,62,62,62,62,62,62,62,56,82,78,78,77,42,42,41,41,27,27,27,20,47,46,42,69,0,0],"gold":419,"neow_bonus":"TRANSFORM_TWO_CARDS","is_daily":false,"chose_seed":false,"campfire_upgraded":5,"win_rate":0.0,"timestamp":1608076095,"path_taken":["M","?","?","M","M","E","R","?","T","E","?","?","R","M","R","BOSS","M","M","?","$","?","E","?","E","T","E","?","R","?","M","R","BOSS","M","?","M","M","M","E","R","M","T","?","?","R","M","E","R","BOSS"],"items_purchased_type":["Relic","Card"],"build_version":"2020-12-13","purchased_purges":2,"victory":false,"max_hp_per_floor":[66,66,80,80,80,80,80,80,80,80,80,80,80,80,80,80,80,80,80,80,80,80,80,90,90,90,90,90,90,90,90,90,90,90,90,90,90,90,90,90,90,90,90,90,90,90,90,90,90,90,90],"card_choices":[{"not_picked":["Leg Sweep","Slice"],"picked":"Escape Plan","floor":1.0},{"not_picked":["Dodge and Roll","Deadly Poison"],"picked":"Dash","floor":4.0},{"not_picked":["Infinite Blades","Outmaneuver"],"picked":"Acrobatics","floor":5.0},{"not_picked":["Concentrate","Dagger Spray","Dodge and Roll"],"picked":"SKIP","floor":6.0},{"not_picked":["Dagger Spray","Dodge and Roll"],"picked":"Concentrate","floor":6.0},{"not_picked":["Predator","Concentrate"],"picked":"Escape Plan","floor":10.0},{"not_picked":["Leg Sweep","Deflect"],"picked":"Acrobatics","floor":11.0},{"not_picked":["Dagger Spray","Choke"],"picked":"Underhanded Strike","floor":14.0},{"not_picked":["Die Die Die","Venomology"],"picked":"Burst","floor":16.0},{"not_picked":["Blade Dance","PiercingWail","Caltrops+1"],"picked":"SKIP","floor":18.0},{"not_picked":["Heel Hook","Crippling Poison","Acrobatics"],"picked":"SKIP","floor":19.0},{"not_picked":["All Out Attack","Catalyst","Expertise"],"picked":"SKIP","floor":23.0},{"not_picked":["Tools of the Trade+1","Endless Agony","Dodge and Roll+1"],"picked":"SKIP","floor":25.0},{"not_picked":["Acrobatics","Prepared+1"],"picked":"Backstab+1","floor":27.0},{"not_picked":["Choke","Setup"],"picked":"Calculated Gamble","floor":28.0},{"not_picked":["Prepared","Backflip"],"picked":"Deflect","floor":31.0},{"not_picked":["Malaise","Die Die Die"],"picked":"Night Terror","floor":33.0},{"not_picked":["Bane","Quick Slash+1"],"picked":"Deflect+1","floor":35.0},{"not_picked":["Poisoned Stab","Accuracy+1","Slice"],"picked":"SKIP","floor":37.0},{"not_picked":["Leg Sweep","PiercingWail","Deflect"],"picked":"SKIP","floor":38.0},{"not_picked":["Leg Sweep","Expertise"],"picked":"Slice+1","floor":39.0},{"not_picked":["Quick Slash","Terror+1","Cloak And Dagger+1"],"picked":"SKIP","floor":40.0},{"not_picked":["Flying Knee","Heel Hook","Envenom+1"],"picked":"SKIP","floor":42.0},{"not_picked":["Crippling Poison","Outmaneuver"],"picked":"Concentrate+1","floor":45.0},{"not_picked":["Accuracy+1","Dagger Spray+1"],"picked":"Underhanded Strike","floor":47.0},{"not_picked":["Acrobatics","Sucker Punch","All Out Attack"],"picked":"SKIP","floor":48.0}],"player_experience":461947,"relics_obtained":[{"floor":6.0,"key":"Ornamental Fan"},{"floor":9.0,"key":"Incense Burner"},{"floor":10.0,"key":"Frozen Egg 2"},{"floor":23.0,"key":"Boot"},{"floor":25.0,"key":"HornCleat"},{"floor":26.0,"key":"Bottled Lightning"},{"floor":27.0,"key":"Vajra"},{"floor":36.0,"key":"Gambling Chip"},{"floor":40.0,"key":"Snake Skull"},{"floor":45.0,"key":"The Specimen"},{"floor":48.0,"key":"Sundial"}],"event_choices":[{"damage_healed":0.0,"max_hp_gain":0.0,"max_hp_loss":0.0,"gold_gain":0.0,"cards_transformed":["Strike_G"],"event_name":"Living Wall","player_choice":"Change","floor":2.0,"gold_loss":0.0,"damage_taken":0.0,"cards_obtained":["Envenom"]},{"damage_healed":0.0,"max_hp_gain":0.0,"max_hp_loss":0.0,"gold_gain":0.0,"event_name":"Scrap Ooze","player_choice":"Success","floor":3.0,"gold_loss":0.0,"damage_taken":5.0,"relics_obtained":["Mango"]},{"cards_removed":["Strike_G"],"damage_healed":0.0,"max_hp_gain":0.0,"max_hp_loss":0.0,"gold_gain":0.0,"event_name":"Wheel of Change","player_choice":"Card Removal","floor":8.0,"gold_loss":0.0,"damage_taken":0.0},{"damage_healed":0.0,"max_hp_gain":0.0,"max_hp_loss":0.0,"gold_gain":0.0,"event_name":"Liars Game","player_choice":"Ignored","floor":12.0,"gold_loss":0.0,"damage_taken":0.0},{"damage_healed":0.0,"max_hp_gain":0.0,"max_hp_loss":0.0,"gold_gain":0.0,"event_name":"Ghosts","player_choice":"Ignored","floor":20.0,"gold_loss":0.0,"damage_taken":0.0},{"damage_healed":0.0,"max_hp_gain":0.0,"max_hp_loss":0.0,"gold_gain":0.0,"event_name":"The Library","player_choice":"Read","floor":22.0,"gold_loss":0.0,"damage_taken":0.0,"cards_obtained":["Eviscerate"]},{"damage_healed":0.0,"max_hp_gain":0.0,"max_hp_loss":0.0,"gold_gain":0.0,"event_name":"WeMeetAgain","player_choice":"Paid Gold","floor":24.0,"gold_loss":53.0,"damage_taken":0.0,"relics_obtained":["Pear"]},{"damage_healed":0.0,"max_hp_gain":0.0,"max_hp_loss":0.0,"gold_gain":0.0,"event_name":"MindBloom","player_choice":"Fight","floor":36.0,"gold_loss":0.0,"damage_taken":0.0},{"cards_removed":["Envenom"],"damage_healed":0.0,"max_hp_gain":0.0,"max_hp_loss":0.0,"gold_gain":0.0,"event_name":"Falling","player_choice":"Removed Power","floor":44.0,"gold_loss":0.0,"damage_taken":0.0},{"damage_healed":0.0,"max_hp_gain":0.0,"max_hp_loss":0.0,"gold_gain":0.0,"event_name":"Mysterious Sphere","player_choice":"Fight","floor":45.0,"gold_loss":0.0,"damage_taken":0.0}],"is_beta":false,"boss_relics":[{"not_picked":["Ectoplasm","Pandora\u0027s Box"],"picked":"Runic Pyramid"},{"not_picked":["Tiny House","Empty Cage"],"picked":"Philosopher\u0027s Stone"}],"items_purged_floors":[21,30],"is_endless":false,"potions_floor_spawned":[1,10,11,18,25,27,36,37,40,42,47],"killed_by":"Awakened One","ascension_level":16}}