{"host":"hfxp6ue4pvwo3fit","time":1608065086,"event":{"mods":["AchievementEnabler","BaseMod","Colored Map","Colored Powertips","Highlight Path","Minty Spire (QoL Compilation)","StSLib","SuperFastMode"],"gold_per_floor":[112,9,9,28,41,41,73,73,73,73,84,84,84,122,122,122,122],"floor_reached":16,"playtime":346,"items_purged":[],"score":216,"play_id":"6c54d327-fa6a-41c0-8716-c7271da8a5dd","local_time":"20201215144446","is_ascension_mode":true,"campfire_choices":[{"data":"Bash","floor":6,"key":"SMITH"},{"data":"Warcry","floor":8,"key":"SMITH"},{"data":"Spot Weakness","floor":10,"key":"SMITH"},{"data":"True Grit","floor":15,"key":"SMITH"}],"circlet_count":0,"master_deck":["AscendersBane","Strike_R","Strike_R","Strike_R","Strike_R","Strike_R","Defend_R","Defend_R","Defend_R","Defend_R","Bash+1","Twin Strike","Feel No Pain","Armaments","Anger","Warcry+1","Spot Weakness+1","Flame Barrier","True Grit+1"],"relics":["Burning Blood","NeowsBlessing","Ice Cream","Blue Candle","Golden Idol","Kunai"],"acts_visited":["Exordium"],"potions_floor_usage":[7],"damage_taken":[{"damage":0,"enemies":"2 Louse","floor":1,"turns":1},{"damage":0,"enemies":"Cultist","floor":4,"turns":1},{"damage":0,"enemies":"Small Slimes","floor":5,"turns":1},{"damage":34,"enemies":"Gremlin Nob","floor":7,"turns":4},{"damage":8,"enemies":"Exordium Wildlife","floor":11,"turns":5},{"damage":17,"enemies":"Lagavulin","floor":14,"turns":6},{"damage":38,"enemies":"Hexaghost","floor":16,"turns":9}],"seed_played":"22311777277441252","potions_obtained":[{"floor":4,"key":"PowerPotion"},{"floor":7,"key":"Explosive Potion"}],"is_trial":false,"path_per_floor":["M","$","?","M","M","R","E","R","T","R","M","?","$","E","R","B"],"character_chosen":"IRONCLAD","items_purchased":["Feel No Pain","Armaments"],"campfire_rested":0,"item_purchase_floors":[2,2],"current_hp_per_floor":[74,74,74,75,75,75,47,47,47,47,45,45,45,34,34,0,0],"gold":122,"neow_bonus":"THREE_ENEMY_KILL","is_daily":false,"chose_seed":false,"campfire_upgraded":4,"win_rate":0.0,"timestamp":1608065086,"path_taken":["M","$","?","?","M","R","E","R","T","R","M","?","?","E","R","BOSS"],"items_purchased_type":["Card","Card"],"build_version":"2020-12-13","purchased_purges":0,"victory":false,"max_hp_per_floor":[75,75,75,75,75,75,75,75,75,75,75,68,68,68,68,68,68],"card_choices":[{"not_picked":["Iron Wave","Clash"],"picked":"Twin Strike","floor":1},{"not_picked":["Second Wind","Twin Strike"],"picked":"Anger","floor":4},{"not_picked":["Havoc","Sever Soul"],"picked":"Warcry","floor":5},{"not_picked":["Fire Breathing","Reckless Charge"],"picked":"Spot Weakness","floor":7},{"not_picked":["Headbutt","Combust"],"picked":"Flame Barrier","floor":11},{"not_picked":["Clothesline","Rupture"],"picked":"True Grit","floor":14}],"player_experience":375620,"relics_obtained":[{"floor":7,"key":"Ice Cream"},{"floor":9,"key":"Blue Candle"},{"floor":14,"key":"Kunai"}],"event_choices":[{"damage_healed":0,"gold_gain":0,"player_choice":"Ignored","damage_taken":0,"max_hp_gain":0,"max_hp_loss":0,"event_name":"Purifier","floor":3,"gold_loss":0},{"damage_healed":0,"gold_gain":0,"player_choice":"Lose Max HP","damage_taken":0,"relics_obtained":["Golden Idol"],"max_hp_gain":0,"max_hp_loss":7,"event_name":"Golden Idol","floor":12,"gold_loss":0}],"is_beta":false,"boss_relics":[],"items_purged_floors":[],"is_endless":false,"potions_floor_spawned":[4,7],"killed_by":"Hexaghost","ascension_level":20}}