{"host":"sxnl403xm2xmiyj1","time":1608000587,"event":{"mods":["AchievementEnabler","BaseMod","Colored Map","Keyboard Shortcuts","Minty Spire (QoL Compilation)","Quick Restart","StSLib","SuperFastMode"],"gold_per_floor":[111,91,109,121,134,165,165,177,177,2,2,18,49,65,65,65,65],"floor_reached":16,"playtime":318,"items_purged":[],"score":228,"play_id":"4fc7b4a1-f13e-41db-bcd8-da620e436fae","local_time":"20201215114947","is_ascension_mode":true,"campfire_choices":[{"data":"Neutralize","floor":7.0,"key":"SMITH"},{"floor":11.0,"key":"REST"},{"data":"Accuracy","floor":15.0,"key":"SMITH"}],"circlet_count":0,"master_deck":["AscendersBane","Strike_G","Strike_G","Strike_G","Strike_G","Strike_G","Defend_G","Defend_G","Defend_G","Defend_G","Defend_G","Survivor","Neutralize+1","Dodge and Roll","Quick Slash","PiercingWail","Poisoned Stab","Terror","Bandage Up","Infinite Blades","Wraith Form v2","Accuracy+1"],"relics":["Ring of the Snake","NeowsBlessing","Bag of Marbles","Juzu Bracelet","Lantern"],"acts_visited":["Exordium"],"potions_floor_usage":[16],"damage_taken":[{"damage":0.0,"enemies":"Jaw Worm","floor":1.0,"turns":1.0},{"damage":0.0,"enemies":"Cultist","floor":3.0,"turns":1.0},{"damage":0.0,"enemies":"Small Slimes","floor":4.0,"turns":1.0},{"damage":11.0,"enemies":"Exordium Wildlife","floor":5.0,"turns":6.0},{"damage":70.0,"enemies":"Gremlin Nob","floor":6.0,"turns":6.0},{"damage":10.0,"enemies":"Gremlin Gang","floor":8.0,"turns":9.0},{"damage":0.0,"enemies":"Blue Slaver","floor":12.0,"turns":3.0},{"damage":22.0,"enemies":"3 Sentries","floor":13.0,"turns":7.0},{"damage":0.0,"enemies":"Exordium Wildlife","floor":14.0,"turns":3.0},{"damage":16,"enemies":"Hexaghost","floor":16,"turns":11}],"seed_played":"2988178935255521536","potions_obtained":[{"floor":2.0,"key":"FairyPotion"},{"floor":3.0,"key":"Explosive Potion"},{"floor":8.0,"key":"BlessingOfTheForge"},{"floor":12.0,"key":"AttackPotion"},{"floor":13.0,"key":"GamblersBrew"}],"is_trial":false,"path_per_floor":["M","?","M","M","M","E","R","M","T","$","R","M","E","M","R","B"],"character_chosen":"THE_SILENT","items_purchased":["Terror","Bandage Up"],"campfire_rested":1,"item_purchase_floors":[10,10],"current_hp_per_floor":[59,59,59,59,48,13,13,3,3,3,22,26,8,12,12,0,0],"gold":65,"neow_bonus":"THREE_ENEMY_KILL","is_daily":false,"chose_seed":false,"campfire_upgraded":2,"win_rate":0.0,"timestamp":1608000587,"path_taken":["M","?","M","M","M","E","R","M","T","?","R","M","E","M","R","BOSS"],"items_purchased_type":["Card","Card"],"build_version":"2020-12-13","purchased_purges":0,"victory":false,"max_hp_per_floor":[66,66,66,66,66,66,66,66,66,66,66,66,66,66,66,66,66],"card_choices":[{"not_picked":["Deadly Poison","Concentrate","Quick Slash"],"picked":"SKIP","floor":1.0},{"not_picked":["Heel Hook","Underhanded Strike"],"picked":"Dodge and Roll","floor":3.0},{"not_picked":["Outmaneuver","Sucker Punch"],"picked":"Quick Slash","floor":4.0},{"not_picked":["Flying Knee","Calculated Gamble"],"picked":"PiercingWail","floor":5.0},{"not_picked":["Deflect","All Out Attack","Corpse Explosion"],"picked":"SKIP","floor":6.0},{"not_picked":["Prepared","Accuracy"],"picked":"Poisoned Stab","floor":8.0},{"not_picked":["Deflect","Cloak And Dagger"],"picked":"Infinite Blades","floor":12.0},{"not_picked":["Distraction","Dagger Spray"],"picked":"Wraith Form v2","floor":13.0},{"not_picked":["Blur","Prepared"],"picked":"Accuracy","floor":14.0}],"player_experience":201835,"relics_obtained":[{"floor":6.0,"key":"Bag of Marbles"},{"floor":9.0,"key":"Juzu Bracelet"},{"floor":13.0,"key":"Lantern"}],"event_choices":[{"damage_healed":0.0,"max_hp_gain":0.0,"max_hp_loss":0.0,"gold_gain":0.0,"event_name":"The Woman in Blue","player_choice":"Bought 1 Potion","floor":2.0,"gold_loss":0.0,"damage_taken":0.0}],"is_beta":false,"boss_relics":[],"items_purged_floors":[],"is_endless":false,"potions_floor_spawned":[3,4,8,12,13],"killed_by":"Hexaghost","ascension_level":20}}