{"host":"zsm7bdfo51n66z45","time":1608069944,"event":{"mods":["AchievementEnabler","BaseMod","Better Skull","Better Third Choice","Colored Powertips","Halation","Infinite Spire","Minty Spire (QoL Compilation)","Relic Stats","Replay The Spire","Spicy Shops","StSLib","Waifu the Spire"],"gold_per_floor":[109,109,127,1,0,27,27,43,68,78,78,111,137,157,157,253,253,267,267,286,20,31,31,49,49,72,83,83,83,101,134,134,242,242,273,373,410,454,454,454,498,498,498,498,546,591,591,591],"floor_reached":47,"playtime":2378,"items_purged":[],"score":634,"play_id":"4e410630-1d88-450a-8448-191f03ba76c6","local_time":"20201215160544","is_ascension_mode":false,"campfire_choices":[{"data":"Searing Blow+1","floor":7,"key":"SMITH"},{"data":"Dual Wield","floor":15,"key":"SMITH"},{"data":"infinitespire:OneForAll","floor":23,"key":"SMITH"},{"floor":28,"key":"REST"},{"floor":32,"key":"REST"},{"floor":40,"key":"REST"},{"floor":42,"key":"REST"}],"circlet_count":0,"master_deck":["Strike_R","Strike_R","Strike_R","Strike_R","Strike_R","Defend_R+1","Defend_R","Defend_R","Defend_R+1","Bash","Shrug It Off+1","Dual Wield+1","Searing Blow+2","Headbutt","infinitespire:OneForAll+1","Iron Wave","Armaments","Pommel Strike","Pummel","Thunderclap","Thunderclap","Bludgeon","Warcry+1","Clothesline+1","Replay:Undeath\u0027s Touch","Headbutt+1","Perfected Strike","Thunderclap+1"],"relics":["Burning Blood","infinitespire:Beetle Shell","betterThird:SlimedRelic","ReplayTheSpireMod:TigerMarble","Omamori","infinitespire:Lucky Rock","War Paint","Lee\u0027s Waffle","Oddly Smooth Stone","MutagenicStrength","Bronze Scales","infinitespire:CheckeredPen","infinitespire:EvilPickle","Replay:Grab Bag","Mark of Pain","Sozu","halation:PinkAlligatorPlush","halation:Yufonium","infinitespire:Eraser"],"acts_visited":["Exordium","TheCity","TheBeyond"],"potions_floor_usage":[6,10,12,22,22,24,30,30,33],"damage_taken":[{"damage":0,"enemies":"2 Louse","floor":1,"turns":4},{"damage":1,"enemies":"Jaw Worm","floor":3,"turns":5},{"damage":7,"enemies":"Replay:BlueRogue","floor":6,"turns":8},{"damage":6,"enemies":"Cultist","floor":8,"turns":1},{"damage":12,"enemies":"Lots of Slimes","floor":10,"turns":3},{"damage":22,"enemies":"3 Sentries","floor":12,"turns":5},{"damage":0,"enemies":"Blue Slaver","floor":14,"turns":3},{"damage":35,"enemies":"Hexaghost","floor":16,"turns":15},{"damage":46,"enemies":"2 Thieves","floor":18,"turns":4},{"damage":10,"enemies":"Spheric Guardian","floor":20,"turns":4},{"damage":22,"enemies":"Cultist and Chosen","floor":22,"turns":10},{"damage":19,"enemies":"Shelled Parasite and Fungi","floor":24,"turns":10},{"damage":28,"enemies":"Snake Plant","floor":27,"turns":5},{"damage":32,"enemies":"Sentry and Sphere","floor":30,"turns":6},{"damage":29,"enemies":"Book of Stabbing","floor":31,"turns":4},{"damage":36,"enemies":"Pondfish","floor":33,"turns":10},{"damage":13,"enemies":"Orb Walker","floor":35,"turns":3},{"damage":0,"enemies":"3 Shapes","floor":37,"turns":4},{"damage":37,"enemies":"Writhing Mass","floor":38,"turns":7},{"damage":53,"enemies":"Transient","floor":41,"turns":5},{"damage":19,"enemies":"Maw","floor":45,"turns":8},{"damage":45,"enemies":"Sphere and 2 Shapes","floor":46,"turns":4},{"damage":32,"enemies":"Transient","floor":47,"turns":5}],"seed_played":"-8646174246635332651","potions_obtained":[{"floor":1,"key":"Languid Potion"},{"floor":6,"key":"Regen Potion"},{"floor":8,"key":"PowerPotion"},{"floor":12,"key":"Weak Potion"},{"floor":18,"key":"DistilledChaos"},{"floor":22,"key":"Languid Potion"},{"floor":27,"key":"Block Potion"},{"floor":30,"key":"Block Potion"},{"floor":33,"key":"Strength Potion"}],"is_trial":false,"path_per_floor":["M","?","M","$","?","E","R","M","T","M","$","E","T","M","R","B",null,"M","?","M","$","M","R","M","?","T","M","R","?","M","E","R","B",null,"M","?","M","M","?","R","M","R","T","AVR","M","M","M"],"character_chosen":"IRONCLAD","items_purchased":["infinitespire:Beetle Shell","Searing Blow+1","Lee\u0027s Waffle","Oddly Smooth Stone","Elixir"],"campfire_rested":4,"item_purchase_floors":[4,4,21,21,21],"current_hp_per_floor":[88,88,88,88,77,76,76,76,76,79,79,63,63,69,69,40,88,48,98,94,105,89,89,76,76,76,54,85,85,59,36,67,37,105,98,98,104,73,73,104,57,88,88,88,75,36,7,7],"gold":591,"neow_bonus":"TEN_PERCENT_HP_BONUS","is_daily":false,"chose_seed":false,"campfire_upgraded":3,"win_rate":0.0,"timestamp":1608069944,"path_taken":["M","?","M","$","?","E","R","M","T","M","$","E","?","M","R","BOSS","M","?","M","?","?","R","M","?","T","M","R","?","?","E","R","BOSS","M","?","?","M","?","R","?","R","T","AVR","M","?","M"],"items_purchased_type":["Relic","Card","Relic","Relic","Potion"],"build_version":"2020-12-13","purchased_purges":0,"victory":false,"max_hp_per_floor":[88,88,88,88,88,88,88,88,88,88,88,88,88,88,88,88,88,88,98,98,105,105,105,105,105,105,105,105,105,105,105,105,105,105,105,105,105,105,105,105,105,105,105,105,105,105,105,105],"relic_stats":{"Sozu":2,"Lee\u0027s Waffle":11,"counters":[23,133],"Bronze Scales":[215],"War Paint":["Shrug It Off","Defend_R"],"obtain_stats":[{"Lee\u0027s Waffle":21,"Replay:Grab Bag":34,"halation:Yufonium":34,"Oddly Smooth Stone":21,"infinitespire:Beetle Shell":4,"Omamori":9,"infinitespire:Lucky Rock":12,"infinitespire:CheckeredPen":31,"War Paint":13,"Burning Blood":0,"infinitespire:EvilPickle":33,"Sozu":34,"betterThird:SlimedRelic":5,"MutagenicStrength":25,"Bronze Scales":26,"Mark of Pain":34,"ReplayTheSpireMod:TigerMarble":6,"halation:PinkAlligatorPlush":34,"infinitespire:Eraser":43},{"Lee\u0027s Waffle":10,"Replay:Grab Bag":16,"halation:Yufonium":16,"Oddly Smooth Stone":10,"infinitespire:Beetle Shell":2,"Omamori":4,"infinitespire:Lucky Rock":6,"infinitespire:CheckeredPen":15,"War Paint":6,"Burning Blood":0,"infinitespire:EvilPickle":16,"Sozu":16,"betterThird:SlimedRelic":2,"MutagenicStrength":12,"Bronze Scales":12,"Mark of Pain":16,"ReplayTheSpireMod:TigerMarble":3,"halation:PinkAlligatorPlush":16,"infinitespire:Eraser":20},{"Lee\u0027s Waffle":52,"Replay:Grab Bag":97,"halation:Yufonium":97,"Oddly Smooth Stone":52,"infinitespire:Beetle Shell":9,"Omamori":18,"infinitespire:Lucky Rock":26,"infinitespire:CheckeredPen":87,"War Paint":26,"Burning Blood":0,"infinitespire:EvilPickle":97,"Sozu":97,"betterThird:SlimedRelic":9,"MutagenicStrength":72,"Bronze Scales":72,"Mark of Pain":97,"ReplayTheSpireMod:TigerMarble":17,"halation:PinkAlligatorPlush":97,"infinitespire:Eraser":116}],"Burning Blood":121},"card_choices":[{"not_picked":["ReplayReversal","Warcry"],"picked":"Shrug It Off","floor":1},{"not_picked":["Ghostly Armor","ReplayTheSpireMod:Strike From Hell"],"picked":"Dual Wield","floor":3},{"not_picked":["Rampage","Run Through"],"picked":"Headbutt","floor":6},{"not_picked":["Sword Boomerang","Life Link"],"picked":"infinitespire:OneForAll","floor":8},{"not_picked":["Wild Strike","Run Through","Flex"],"picked":"SKIP","floor":10},{"not_picked":["Massacre","ReplayTheSpireMod:Stacked"],"picked":"Iron Wave","floor":12},{"not_picked":["Disarm","Sword Boomerang"],"picked":"Armaments","floor":14},{"not_picked":["Barricade","Feed"],"picked":"Berserk","floor":16},{"not_picked":["Dual Wield+1","Heavy Blade+1"],"picked":"Pommel Strike","floor":18},{"not_picked":["Evolve","Havoc","Bloodletting+1"],"picked":"SKIP","floor":20},{"not_picked":["Perfected Strike+1","Wild Strike"],"picked":"Pummel","floor":22},{"not_picked":["Spot Weakness","Havoc+1","ReplayReversal+1"],"picked":"SKIP","floor":24},{"not_picked":["Infernal Blade","True Grit"],"picked":"Thunderclap","floor":27},{"not_picked":["Sentinel","Perfected Strike"],"picked":"Thunderclap","floor":30},{"not_picked":["Iron Wave","Evolve"],"picked":"True Grit+1","floor":31},{"not_picked":["Limit Break","Reaper"],"picked":"Bludgeon","floor":33},{"not_picked":["ReplayTheSpireMod:Strike From Hell+1","Armaments","Wild Strike"],"picked":"SKIP","floor":35},{"not_picked":["Wild Strike+1","Clash"],"picked":"Warcry+1","floor":37},{"not_picked":["Anger","Abandon"],"picked":"Clothesline+1","floor":38},{"not_picked":["Pummel+1","Run Through"],"picked":"Headbutt+1","floor":41},{"not_picked":["Hemokinesis+1","Run Through"],"picked":"Perfected Strike","floor":45},{"not_picked":["Body Slam","Wild Strike"],"picked":"Thunderclap+1","floor":46}],"player_experience":145035,"relics_obtained":[{"floor":6,"key":"ReplayTheSpireMod:TigerMarble"},{"floor":9,"key":"Omamori"},{"floor":12,"key":"infinitespire:Lucky Rock"},{"floor":13,"key":"War Paint"},{"floor":26,"key":"Bronze Scales"},{"floor":31,"key":"infinitespire:CheckeredPen"},{"floor":43,"key":"infinitespire:Eraser"}],"event_choices":[{"damage_healed":0,"gold_gain":0,"player_choice":"Slimed","damage_taken":11,"max_hp_gain":0,"max_hp_loss":0,"event_name":"betterThird:BetterGoop","floor":5,"gold_loss":1},{"cards_removed":["Berserk"],"damage_healed":40,"gold_gain":0,"player_choice":"Offered Rare","damage_taken":0,"max_hp_gain":10,"max_hp_loss":0,"event_name":"Bonfire Elementals","floor":19,"gold_loss":0},{"damage_healed":0,"gold_gain":0,"player_choice":"Inject Mutagens","damage_taken":0,"relics_obtained":["MutagenicStrength"],"max_hp_gain":0,"max_hp_loss":0,"event_name":"Drug Dealer","floor":25,"gold_loss":0},{"damage_healed":0,"gold_gain":0,"player_choice":"Ignored","damage_taken":0,"max_hp_gain":0,"max_hp_loss":0,"event_name":"Transmorgrifier","floor":29,"gold_loss":0},{"damage_healed":0,"gold_gain":100,"player_choice":"Pray","damage_taken":0,"max_hp_gain":0,"max_hp_loss":0,"event_name":"Golden Shrine","floor":36,"gold_loss":0},{"damage_healed":0,"gold_gain":0,"cards_transformed":["True Grit"],"player_choice":"Transformed","damage_taken":0,"max_hp_gain":0,"max_hp_loss":0,"event_name":"Transmorgrifier","floor":39,"gold_loss":0,"cards_obtained":["Replay:Undeath\u0027s Touch"]}],"is_beta":false,"boss_relics":[{"not_picked":["halation:Risk","Empty Cage","halation:Prosthetics"]},{"not_picked":["ReplayTheSpireMod:SealedPack","halation:ForbiddenBikini"],"picked":"Replay:Grab Bag"},{"not_picked":["Replay:Wanted Poster","Runic Dome"],"picked":"Mark of Pain"},{"not_picked":["Coffee Dripper","ChewingGum"],"picked":"Sozu"},{"not_picked":["Snecko Eye","SacredBark"],"picked":"halation:PinkAlligatorPlush"},{"not_picked":["Kintsugi","halation:PlatinumPhoenix"],"picked":"halation:Yufonium"}],"items_purged_floors":[],"is_endless":false,"potions_floor_spawned":[1,6,8,12,18,22,27,30,33,45,46],"killed_by":"Transient","ascension_level":0}}