{"host":"wghdsg8ym2wc7ov9","time":1608006147,"event":{"mods":["AchievementEnabler","BaseMod","Better Altar","Better Note","Colored Map","Hermit","Highlight Path","Jorbs\u0027s Wanderer Trilogy","Minty Spire (QoL Compilation)","Random Character Button","Relic Stats","Shop Mod","StSLib","The Bug Knight","The Cursed","The Hierophant","The Senshi","The Servant 0.9.4"],"gold_per_floor":[114,129,144,219,394,394,424,424,424,424,424,439,17,32,32,132,132,147,162,165,165,165],"floor_reached":21,"playtime":3098,"items_purged":[],"score":254,"play_id":"15b71e02-b527-461e-9c94-3dd31d154fbf","local_time":"20201214202227","daily_mods":["Allstar","Hoarder","Night Terrors"],"is_ascension_mode":false,"campfire_choices":[{"floor":6,"key":"REST"},{"data":"Discovery","floor":8,"key":"SMITH"},{"data":"Discovery","floor":11,"key":"SMITH"},{"data":"TheCursedMod:ReleasedKnowledge","floor":15,"key":"SMITH"}],"circlet_count":0,"master_deck":["TheCursedMod:Strike_TheCursed","TheCursedMod:Strike_TheCursed","TheCursedMod:Strike_TheCursed","TheCursedMod:Strike_TheCursed","TheCursedMod:Defend_TheCursed","TheCursedMod:Defend_TheCursed","TheCursedMod:Defend_TheCursed","TheCursedMod:Defend_TheCursed","TheCursedMod:CursedWand","TheCursedMod:CleanUpWorkshop","TheCursedMod:Dregs","Discovery+1","Discovery","Discovery+1","Dramatic Entrance","Dramatic Entrance","Dramatic Entrance","Forethought","Forethought","Jack Of All Trades","Jack Of All Trades","Jack Of All Trades","Forethought","Forethought","Forethought","TheCursedMod:SpreadPlague","TheCursedMod:SpreadPlague","TheCursedMod:SpreadPlague","TheCursedMod:WearCloak","TheCursedMod:WearCloak","TheCursedMod:WearCloak","TheCursedMod:LuckyCharm","TheCursedMod:LuckyCharm","TheCursedMod:LuckyCharm","Doubt","Doubt","Doubt","TheCursedMod:FuryStrike","TheCursedMod:FuryStrike","TheCursedMod:FuryStrike","Swift Strike","Swift Strike","Swift Strike","TheCursedMod:Torture","TheCursedMod:Torture","TheCursedMod:Torture","TheCursedMod:ManaBullet","TheCursedMod:ManaBullet","TheCursedMod:ManaBullet","TheCursedMod:TacticalStrike","TheCursedMod:TacticalStrike","TheCursedMod:TacticalStrike","TheCursedMod:ReleasedKnowledge+1","TheCursedMod:ReleasedKnowledge","TheCursedMod:ReleasedKnowledge","TheCursedMod:Grudge","TheCursedMod:Grudge","TheCursedMod:Grudge","TheCursedMod:AntiAging","TheCursedMod:AntiAging","TheCursedMod:AntiAging","TheCursedMod:CursedArmor","TheCursedMod:CursedArmor","TheCursedMod:CursedArmor","TheCursedMod:CursedBlade","TheCursedMod:CursedBlade","TheCursedMod:CursedBlade","TheCursedMod:SaltUponWound","TheCursedMod:SaltUponWound","TheCursedMod:SaltUponWound"],"relics":["TheCursedMod:BlackMagic101","HornCleat","Eternal Feather","Question Card","Sozu","Red Mask"],"acts_visited":["Exordium","TheCity"],"potions_floor_usage":[16,16],"damage_taken":[{"damage":0,"enemies":"Small Slimes","floor":1,"turns":1},{"damage":13,"enemies":"Jaw Worm","floor":2,"turns":2},{"damage":0,"enemies":"2 Louse","floor":3,"turns":1},{"damage":10,"enemies":"Lagavulin","floor":7,"turns":9},{"damage":2,"enemies":"Looter","floor":12,"turns":2},{"damage":0,"enemies":"2 Fungi Beasts","floor":14,"turns":1},{"damage":26,"enemies":"Slime Boss","floor":16,"turns":10},{"damage":17,"enemies":"Spheric Guardian","floor":18,"turns":4},{"damage":29,"enemies":"Chosen","floor":19,"turns":6},{"damage":5,"enemies":"Masked Bandits","floor":20,"turns":2},{"damage":23,"enemies":"Shelled Parasite and Fungi","floor":21,"turns":4}],"seed_played":"8833210206598683822","potions_obtained":[{"floor":2,"key":"ColorlessPotion"},{"floor":14,"key":"DistilledChaos"},{"floor":16,"key":"Explosive Potion"}],"is_trial":false,"path_per_floor":["M","M","M","?","?","R","E","R","T","?","R","M","$","M","R","B",null,"M","M","?","M"],"character_chosen":"THE_CURSED","items_purchased":["Question Card","TheCursedMod:ManaBullet","TheCursedMod:TacticalStrike","TheCursedMod:ReleasedKnowledge"],"campfire_rested":1,"item_purchase_floors":[13,13,13,13],"current_hp_per_floor":[75,62,62,51,51,70,60,60,60,60,70,68,68,68,70,44,70,53,26,23,0,0],"gold":165,"neow_bonus":"","is_daily":true,"chose_seed":false,"campfire_upgraded":3,"win_rate":0.0,"timestamp":1608006147,"path_taken":["M","M","M","?","?","R","E","R","T","?","R","M","$","M","R","BOSS","M","M","?","M"],"items_purchased_type":["Relic","Card","Card","Card"],"build_version":"2020-12-13","purchased_purges":0,"victory":false,"max_hp_per_floor":[75,75,75,75,75,70,70,70,70,70,70,70,70,70,70,70,70,70,72,74,74,74],"relic_stats":{"Sozu":0,"counters":[11,42],"Eternal Feather":12,"Question Card":5,"obtain_stats":[{"Sozu":17,"TheCursedMod:BlackMagic101":0,"HornCleat":7,"Eternal Feather":9,"Red Mask":20,"Question Card":13},{"Sozu":7,"TheCursedMod:BlackMagic101":0,"HornCleat":4,"Eternal Feather":4,"Red Mask":10,"Question Card":5},{"Sozu":26,"TheCursedMod:BlackMagic101":0,"HornCleat":13,"Eternal Feather":13,"Red Mask":38,"Question Card":15}]},"card_choices":[{"not_picked":["TheCursedMod:Wield","TheCursedMod:CursedShiv"],"picked":"TheCursedMod:SpreadPlague","floor":1},{"not_picked":["TheCursedMod:CircleOfAmplification","TheCursedMod:TacticalStrike"],"picked":"TheCursedMod:WearCloak","floor":2},{"not_picked":["TheCursedMod:WearCloak","TheCursedMod:RapidMovement"],"picked":"TheCursedMod:LuckyCharm","floor":3},{"not_picked":["TheCursedMod:Stigma","TheCursedMod:CircleOfCorruption"],"picked":"TheCursedMod:FuryStrike","floor":7},{"not_picked":["TheCursedMod:DoubleShield","TheCursedMod:RavingStaff"],"picked":"TheCursedMod:Torture","floor":12},{"not_picked":["TheCursedMod:CursedAmulet","TheCursedMod:SmokeScreen","TheCursedMod:CircleOfCorruption"],"picked":"TheCursedMod:Grudge","floor":14},{"not_picked":["TheCursedMod:CollectTribute","TheCursedMod:OutForBlood","TheCursedMod:UltimatePain"],"picked":"TheCursedMod:AntiAging","floor":16},{"not_picked":["TheCursedMod:TacticalStrike+1","TheCursedMod:Grudge","TheCursedMod:HellfireBreathing"],"picked":"TheCursedMod:CursedArmor","floor":18},{"not_picked":["TheCursedMod:Wield","TheCursedMod:SoulCrush","TheCursedMod:RavingStaff"],"picked":"TheCursedMod:CursedBlade","floor":19},{"not_picked":["TheCursedMod:BlessingInDisguise","TheCursedMod:Obscuration","TheCursedMod:HellfireBreathing"],"picked":"TheCursedMod:SaltUponWound","floor":20}],"player_experience":405627,"relics_obtained":[{"floor":7,"key":"HornCleat"},{"floor":9,"key":"Eternal Feather"},{"floor":20,"key":"Red Mask"}],"event_choices":[{"damage_healed":0,"gold_gain":75,"player_choice":"Gather Gold","damage_taken":11,"max_hp_gain":0,"max_hp_loss":0,"event_name":"World of Goop","floor":4,"gold_loss":0},{"damage_healed":0,"gold_gain":175,"player_choice":"AGREE","damage_taken":0,"max_hp_gain":0,"max_hp_loss":0,"event_name":"Liars Game","floor":5,"gold_loss":0,"cards_obtained":["Doubt"]},{"damage_healed":0,"gold_gain":0,"cards_transformed":["Forethought"],"player_choice":"Change","damage_taken":0,"max_hp_gain":0,"max_hp_loss":0,"event_name":"Living Wall","floor":10,"gold_loss":0,"cards_obtained":["Swift Strike"]},{"damage_healed":0,"gold_gain":0,"player_choice":"Fought Bandits","damage_taken":0,"max_hp_gain":0,"max_hp_loss":0,"event_name":"Masked Bandits","floor":20,"gold_loss":0}],"is_beta":false,"boss_relics":[{"not_picked":["Runic Dome","Velvet Choker"],"picked":"Sozu"}],"items_purged_floors":[],"is_endless":false,"potions_floor_spawned":[2,14,16],"killed_by":"Shelled Parasite and Fungi","ascension_level":0}}