{"host":"xsfbp1yx1f2ea5z7","time":1608035185,"event":{"mods":["AchievementEnabler","Act Like it!","Aspiration","Bard","BaseMod","Beaked The Cultist","Better Altar","Better Match","Better Note","Better Sensory Stone","Better Skull","Better Third Choice","BetterRewards","Block Reminder","ChefMod","Colored Map","Colored Powertips","Conspire","DeckTracker","Downfall","Gensokyo","GifTheSpireLib","GungeonMod","Halation","Hermit","Hubris","Infinite Spire","Jedi Mod","Jorbs\u0027s Wanderer Trilogy","Mimic Mod","Minty Spire (QoL Compilation)","Rare Cards Sparkle","Replay The Spire","Shade Mod","Somnambulant","Spicy Shops","StSLib","Stuff the Spire","The Blackbeard","The Bug Knight","The Cursed","The Hayseed","The Hierophant","The Judge","The Jungle","The Mystic","The Problem Sleuth","The Runesmith","TheBandit","TheSwordswoman","TheVelvet","Unceasing Turn Reminder","Wandering Minibosses","everything is the same but u backflip on backflip","vexMod"],"gold_per_floor":[99,99,114,114,127,127,151,169,185,219,237,250,250,263,279,279,279],"floor_reached":16,"playtime":728,"items_purged":[],"score":106,"play_id":"4fd4c931-d283-43c8-9829-b0b0a9f46475","local_time":"20201215202625","is_ascension_mode":false,"campfire_choices":[{"floor":1,"key":"DIG"},{"data":"champ:Taunt","floor":4,"key":"SMITH"},{"data":"champ:TornadoPunch","floor":6,"key":"SMITH"}],"circlet_count":0,"master_deck":["champ:Strike","champ:Strike","champ:Strike","champ:Strike","champ:Defend+1","champ:Defend","champ:Defend","champ:Defend","champ:Execute","champ:Taunt+1","champ:DefensiveShout","champ:TornadoPunch+1","champ:FocusedDefense","champ:CrookedStrike","champ:Lariat","champ:PerfectedStrike","champ:Duel"],"relics":["aspiration:WatcherSkillbook","Potion Belt","halation:BottledLove","halation:StarCompass"],"acts_visited":["Exordium"],"potions_floor_usage":[9,10,12],"damage_taken":[{"damage":12,"enemies":"Small Slimes","floor":3,"turns":5},{"damage":11,"enemies":"Cultist","floor":5,"turns":4},{"damage":10,"enemies":"Jaw Worm","floor":8,"turns":4},{"damage":10,"enemies":"Gremlin Gang","floor":9,"turns":4},{"damage":31,"enemies":"Lagavulin","floor":10,"turns":6},{"damage":2,"enemies":"Exordium Thugs","floor":11,"turns":4},{"damage":5,"enemies":"Blue Slaver","floor":12,"turns":3},{"damage":0,"enemies":"2 Fungi Beasts","floor":14,"turns":3},{"damage":8,"enemies":"Red Slaver","floor":15,"turns":4},{"damage":34,"enemies":"downfall:Ironclad","floor":16,"turns":6}],"seed_played":"-5962270320219765203","potions_obtained":[{"floor":8,"key":"Block Potion"},{"floor":9,"key":"champ:CounterPotion"},{"floor":11,"key":"GamblersBrew"},{"floor":12,"key":"SmokeBomb"}],"is_trial":false,"path_per_floor":["R_BF","?","M","R","M","R","T","M","M","E","M","M","?","M","M","B"],"character_chosen":"THE_CHAMP","items_purchased":[],"campfire_rested":0,"item_purchase_floors":[],"current_hp_per_floor":[90,90,88,88,82,82,82,77,67,41,39,34,34,34,26,0,0],"gold":279,"neow_bonus":"BOSS_RELIC","is_daily":false,"chose_seed":false,"campfire_upgraded":2,"win_rate":0.0,"timestamp":1608035185,"path_taken":["R_BF","?","M","R","M","R","T","M","?","E","?","?","?","M","M","BOSS"],"items_purchased_type":[],"build_version":"2020-12-13","purchased_purges":0,"victory":false,"max_hp_per_floor":[90,90,90,90,90,90,90,90,90,90,90,90,90,90,90,90,90],"card_choices":[{"not_picked":["ClearTheMind","champ:EnGarde","champ:GladiatorsShout"],"picked":"champ:DefensiveShout","floor":3},{"not_picked":["champ:Circumvent","EmptyFist","Halt"],"picked":"champ:TornadoPunch","floor":5},{"not_picked":["champ:EnGarde","EmptyFist","Replay:AtTheReady"],"picked":"champ:FocusedDefense","floor":8},{"not_picked":["Evaluate","JustLucky","SashWhip"],"picked":"champ:CrookedStrike","floor":9},{"not_picked":["Nirvana","Worship","champ:FocusedDefense"],"picked":"champ:Lariat","floor":10},{"not_picked":["Replay:Hum","champ:Backstep","Pray","champ:BerserkersShout"],"picked":"SKIP","floor":11},{"not_picked":["champ:CrookedStrike","FearNoEvil","InnerPeace"],"picked":"champ:PerfectedStrike","floor":12},{"not_picked":["Consecrate","champ:StanceDance","champ:EndlessRage"],"picked":"champ:Duel","floor":14},{"not_picked":["Collect","champ:FightOn","champ:GladiatorsShout","PathToVictory"],"picked":"SKIP","floor":15}],"player_experience":103332,"relics_obtained":[{"floor":1,"key":"Potion Belt"},{"floor":10,"key":"halation:BottledLove"}],"event_choices":[],"is_beta":false,"boss_relics":[],"items_purged_floors":[],"is_endless":false,"potions_floor_spawned":[8,9,11,12],"killed_by":"downfall:Ironclad","ascension_level":0}}