{"host":"7skpg3w6spfq7de9","time":1608018360,"event":{"mods":["AchievementEnabler","BaseMod","Bestiary","Better Third Choice","Block Reminder","Colored Powertips","DeckTracker","Downfall","Duelist Mod","Highlight Path","JesterMod","Marisa????????","Minty Spire (QoL Compilation)","Permanent Neow","Relic Stats","StSLib","The Blue Laboratory","The Bug Knight","The Necromancer"],"gold_per_floor":[99,99,117,133,159,159,211,236,236,263,263,98,128,146,163,258,258,258,286,386,138,158,175,175,175,187,187,187],"floor_reached":27,"playtime":3181,"items_purged":[],"score":299,"play_id":"8ed971b5-4011-49f7-9efc-8d96cff2214f","local_time":"20201214234600","is_ascension_mode":false,"campfire_choices":[{"data":"jesterMod:Dodge","floor":1.0,"key":"SMITH"},{"data":"jesterMod:Precipitation","floor":6.0,"key":"SMITH"},{"data":"jesterMod:HitAndRun","floor":9.0,"key":"SMITH"},{"data":"jesterMod:Momentum","floor":18.0,"key":"SMITH"}],"circlet_count":0,"master_deck":["jesterMod:Strike","jesterMod:Strike","jesterMod:Strike","jesterMod:Sickle","jesterMod:Defend","jesterMod:Defend","jesterMod:Defend","jesterMod:Defend","jesterMod:Dodge+1","jesterMod:QuickStrike","jesterMod:HitAndRun+1","jesterMod:Precipitation+1","jesterMod:DanceOfChaos","jesterMod:OblivionStrike","jesterMod:ButterKnife","jesterMod:Hide+1","jesterMod:Momentum+1","jesterMod:Schizophrenia","jesterMod:Dilapidation","jesterMod:OblivionStrike","jesterMod:SelfMockery+1","jesterMod:ButterKnife","jesterMod:BouncingKnife"],"relics":["jesterMod:JesterCap","HollowMod:PaleOreRelic","Sundial","Strawberry","Pantograph","Gremlin Horn","Lee\u0027s Waffle","Toxic Egg 2","Runic Dome","jesterMod:JesterMask","Juzu Bracelet","Shuriken"],"acts_visited":["Exordium","TheCity"],"potions_floor_usage":[26,26,26],"damage_taken":[{"damage":0.0,"enemies":"Small Slimes","floor":3.0,"turns":3.0},{"damage":0.0,"enemies":"Cultist","floor":4.0,"turns":3.0},{"damage":6.0,"enemies":"Gremlin Nob","floor":5.0,"turns":4.0},{"damage":0.0,"enemies":"HollowMod:MossKnight","floor":8.0,"turns":4.0},{"damage":19.0,"enemies":"Gremlin Nob","floor":10.0,"turns":4.0},{"damage":0.0,"enemies":"downfall:FleeingMerchant","floor":12.0,"turns":4.0},{"damage":0.0,"enemies":"Jaw Worm","floor":14.0,"turns":2.0},{"damage":12.0,"enemies":"Exordium Thugs","floor":15.0,"turns":3.0},{"damage":38.0,"enemies":"downfall:Ironclad","floor":16.0,"turns":10.0},{"damage":37.0,"enemies":"Slavers","floor":19.0,"turns":5.0},{"damage":15.0,"enemies":"downfall:FleeingMerchant","floor":21.0,"turns":4.0},{"damage":34.0,"enemies":"Chosen","floor":22.0,"turns":5.0},{"damage":2,"enemies":"3 Cultists","floor":23,"turns":6},{"damage":1,"enemies":"Chosen and Byrds","floor":26,"turns":6},{"damage":15,"enemies":"HollowMod:Nosk","floor":27,"turns":5}],"seed_played":"-5872691373064357327","potions_obtained":[{"floor":4.0,"key":"Ancient Potion"},{"floor":5.0,"key":"DuplicationPotion"},{"floor":8.0,"key":"SneckoOil"},{"floor":10.0,"key":"Energy Potion"},{"floor":16.0,"key":"blueLaboratory:BottleOfVodka"},{"floor":19.0,"key":"DistilledChaos"}],"is_trial":false,"path_per_floor":["R","?","M","M","E","R","T","E","R","E","?","$","?","M","M","B",null,"R","E","?","$","M","M","T","?","M","E"],"character_chosen":"THE_JESTER","items_purchased":["Lee\u0027s Waffle","jesterMod:Dilapidation","jesterMod:OblivionStrike","Juzu Bracelet"],"campfire_rested":0,"item_purchase_floors":[12,21,21,21],"current_hp_per_floor":[70,70,70,70,64,64,71,71,71,52,57,89,89,89,77,51,89,89,52,52,38,5,5,5,5,6,0,0],"gold":187,"neow_bonus":"RANDOM_COMMON_RELIC","is_daily":false,"chose_seed":false,"campfire_upgraded":4,"win_rate":0.0,"timestamp":1608018360,"path_taken":["R","?","?","M","E","R","T","E","R","E","?","$","?","M","M","BOSS","R","E","?","$","M","M","T","?","M","E"],"items_purchased_type":["Relic","Card","Card","Relic"],"build_version":"2020-12-13","purchased_purges":0,"victory":false,"max_hp_per_floor":[70,70,70,70,70,70,77,77,77,77,82,89,89,89,89,89,89,89,89,89,89,89,89,89,89,89,89,89],"relic_stats":{"Lee\u0027s Waffle":32,"Gremlin Horn":[6,6],"counters":[15,68],"Sundial":[14],"Shuriken":[5],"Pantograph":12,"Juzu Bracelet":0,"obtain_stats":[{"Runic Dome":17,"Lee\u0027s Waffle":12,"Gremlin Horn":10,"Sundial":5,"Shuriken":24,"Strawberry":7,"Pantograph":8,"jesterMod:JesterMask":19,"jesterMod:JesterCap":0,"Juzu Bracelet":21,"HollowMod:PaleOreRelic":0,"Toxic Egg 2":13},{"Runic Dome":9,"Lee\u0027s Waffle":6,"Gremlin Horn":5,"Sundial":3,"Shuriken":13,"Strawberry":3,"Pantograph":4,"jesterMod:JesterMask":10,"jesterMod:JesterCap":0,"Juzu Bracelet":11,"HollowMod:PaleOreRelic":0,"Toxic Egg 2":6},{"Runic Dome":37,"Lee\u0027s Waffle":22,"Gremlin Horn":18,"Sundial":10,"Shuriken":57,"Strawberry":10,"Pantograph":14,"jesterMod:JesterMask":42,"jesterMod:JesterCap":0,"Juzu Bracelet":46,"HollowMod:PaleOreRelic":0,"Toxic Egg 2":22}]},"card_choices":[{"not_picked":["jesterMod:TrickyDodge","jesterMod:FlameDance"],"picked":"jesterMod:QuickStrike","floor":3.0},{"not_picked":["jesterMod:OblivionStrike","jesterMod:Anticipation"],"picked":"jesterMod:HitAndRun","floor":4.0},{"not_picked":["jesterMod:Dilapidation","jesterMod:Frenzy"],"picked":"jesterMod:Precipitation","floor":5.0},{"not_picked":["jesterMod:JugglerBlade","jesterMod:Pause","jesterMod:DesperateStrike"],"picked":"SKIP","floor":8.0},{"not_picked":["jesterMod:Arrythmia","jesterMod:Tinker"],"picked":"jesterMod:DanceOfChaos","floor":10.0},{"not_picked":["jesterMod:Mending","jesterMod:Contradiction"],"picked":"jesterMod:OblivionStrike","floor":12.0},{"not_picked":["jesterMod:FlameDance+1","jesterMod:Twirl"],"picked":"jesterMod:ButterKnife","floor":14.0},{"not_picked":["jesterMod:Swiftness","jesterMod:Unleash+1"],"picked":"jesterMod:Hide+1","floor":15.0},{"not_picked":["jesterMod:Placebo+1","jesterMod:Trance"],"picked":"jesterMod:Momentum","floor":16.0},{"not_picked":["jesterMod:ButterKnife","jesterMod:BouncingKnife+1"],"picked":"jesterMod:Schizophrenia","floor":19.0},{"not_picked":["jesterMod:JackInTheBox+1","jesterMod:SmokeScreen+1","jesterMod:Frenzy"],"picked":"SKIP","floor":21.0},{"not_picked":["jesterMod:JugglerBlade","jesterMod:ButterKnife"],"picked":"jesterMod:SelfMockery+1","floor":22},{"not_picked":["jesterMod:Rebuff","jesterMod:SmokeScreen+1"],"picked":"jesterMod:ButterKnife","floor":23},{"not_picked":["jesterMod:Rebuff","jesterMod:Illness+1"],"picked":"jesterMod:BouncingKnife","floor":26}],"player_experience":56451,"relics_obtained":[{"floor":5.0,"key":"Sundial"},{"floor":7.0,"key":"Strawberry"},{"floor":8.0,"key":"Pantograph"},{"floor":10.0,"key":"Gremlin Horn"},{"floor":19.0,"key":"jesterMod:JesterMask"},{"floor":24,"key":"Shuriken"}],"event_choices":[{"cards_removed":["jesterMod:Strike"],"damage_healed":0.0,"max_hp_gain":0.0,"max_hp_loss":0.0,"gold_gain":0.0,"event_name":"Purifier","player_choice":"Purged","floor":2.0,"gold_loss":0.0,"damage_taken":0.0},{"damage_healed":0.0,"max_hp_gain":5.0,"max_hp_loss":0.0,"gold_gain":0.0,"event_name":"Big Fish","player_choice":"Donut","floor":11.0,"gold_loss":0.0,"damage_taken":0.0}],"is_beta":false,"boss_relics":[{"not_picked":["Runic Pyramid","Empty Cage"],"picked":"Runic Dome"}],"items_purged_floors":[],"is_endless":false,"potions_floor_spawned":[4,5,8,10,16,19],"killed_by":"HollowMod:Nosk","ascension_level":0}}