{"host":"d6jq5n191gimxfx1","time":1608053244,"event":{"mods":["AchievementEnabler","BaseMod","DeckTracker","Hermit","Minty Spire (QoL Compilation)","Random Character Button","Rare Cards Sparkle","StSLib"],"gold_per_floor":[111,111,128,208,220,255,255,281,336,92,92,109,129,147,147,147,147],"floor_reached":16,"playtime":741,"items_purged":["Strike_G"],"score":157,"play_id":"ee12cb67-1112-4598-8352-fd867c7c0616","local_time":"20201215182724","is_ascension_mode":true,"campfire_choices":[{"floor":7,"key":"REST"},{"data":"Neutralize","floor":11,"key":"SMITH"},{"floor":15,"key":"REST"}],"circlet_count":0,"master_deck":["Strike_G","Strike_G","Strike_G","Strike_G","Defend_G","Defend_G","Defend_G","Defend_G","Defend_G","Survivor","Neutralize+1","Cloak And Dagger","Neutralize+1","Backflip","Infinite Blades","Backstab","Secret Technique","PiercingWail"],"relics":["Ring of the Snake","White Beast Statue","Mango","Anchor","Snake Skull"],"acts_visited":["Exordium"],"potions_floor_usage":[6,8,13,16,16,16],"damage_taken":[{"damage":1,"enemies":"2 Louse","floor":1,"turns":4},{"damage":2,"enemies":"Cultist","floor":3,"turns":5},{"damage":0,"enemies":"Small Slimes","floor":5,"turns":4},{"damage":37,"enemies":"Gremlin Nob","floor":6,"turns":6},{"damage":27,"enemies":"3 Sentries","floor":8,"turns":9},{"damage":0,"enemies":"3 Louse","floor":12,"turns":5},{"damage":0,"enemies":"Exordium Thugs","floor":13,"turns":4},{"damage":0,"enemies":"Large Slime","floor":14,"turns":7},{"damage":63,"enemies":"Hexaghost","floor":16,"turns":17}],"seed_played":"6779777739130134264","potions_obtained":[{"floor":5,"key":"PowerPotion"},{"floor":6,"key":"Poison Potion"},{"floor":8,"key":"ColorlessPotion"},{"floor":12,"key":"AttackPotion"},{"floor":13,"key":"DistilledChaos"},{"floor":14,"key":"GamblersBrew"}],"is_trial":false,"path_per_floor":["M","?","M","T","M","E","R","E","T","$","R","M","M","M","R","B"],"character_chosen":"THE_SILENT","items_purchased":["Secret Technique"],"campfire_rested":2,"item_purchase_floors":[10],"current_hp_per_floor":[62,62,60,60,60,37,62,35,35,35,35,35,35,35,60,0,0],"gold":147,"neow_bonus":"UPGRADE_CARD","is_daily":false,"chose_seed":false,"campfire_upgraded":1,"win_rate":0.0,"timestamp":1608053244,"path_taken":["M","?","?","?","M","E","R","E","T","$","R","M","M","M","R","BOSS"],"items_purchased_type":["Card"],"build_version":"2020-12-13","purchased_purges":1,"victory":false,"max_hp_per_floor":[70,70,70,70,70,84,84,84,84,84,84,84,84,84,84,84,84],"card_choices":[{"not_picked":["Underhanded Strike","Finisher"],"picked":"Cloak And Dagger","floor":1},{"not_picked":["Dagger Spray","PiercingWail"],"picked":"Backflip","floor":3},{"not_picked":["Poisoned Stab","Expertise","Dash"],"picked":"SKIP","floor":5},{"not_picked":["Expertise","A Thousand Cuts"],"picked":"Infinite Blades","floor":6},{"not_picked":["Dagger Throw","Blade Dance"],"picked":"Backstab","floor":8},{"not_picked":["Deflect","Catalyst"],"picked":"PiercingWail","floor":12},{"not_picked":["Distraction","Backflip","Choke"],"picked":"SKIP","floor":13},{"not_picked":["Quick Slash","Backflip","Acrobatics"],"picked":"SKIP","floor":14}],"player_experience":574686,"relics_obtained":[{"floor":4,"key":"White Beast Statue"},{"floor":6,"key":"Mango"},{"floor":8,"key":"Anchor"},{"floor":9,"key":"Snake Skull"}],"event_choices":[{"damage_healed":0,"gold_gain":0,"player_choice":"1 cards matched","damage_taken":0,"max_hp_gain":0,"max_hp_loss":0,"event_name":"Match and Keep!","floor":2,"gold_loss":0,"cards_obtained":["Neutralize"]}],"is_beta":false,"boss_relics":[],"items_purged_floors":[10],"is_endless":false,"potions_floor_spawned":[5,6,8,12,13,14],"killed_by":"Hexaghost","ascension_level":8}}