{"host":"4np54w3ai1r5lqo1","time":1608003925,"event":{"mods":["BaseMod","Colored Map","Minty Spire (QoL Compilation)","Quick Restart"],"gold_per_floor":[118,45,59,75,75,75,101,114,114,127,160,178,189,207,207,305,305,321,354,106,125,125,125,160,171,171,271,271,286,286,286],"floor_reached":30,"playtime":1610,"items_purged":[],"score":383,"play_id":"20986458-2052-47ea-a667-203b722a1a25","local_time":"20201215014525","is_ascension_mode":true,"campfire_choices":[{"data":"Neutralize","floor":6.0,"key":"SMITH"},{"floor":15.0,"key":"REST"},{"floor":23,"key":"REST"}],"circlet_count":0,"master_deck":["Strike_G","Strike_G","Strike_G","Strike_G","Strike_G","Defend_G","Defend_G","Defend_G","Defend_G","Defend_G","Survivor","Neutralize+1","Blade Dance","Infinite Blades","Backstab","Dodge and Roll+1","Blade Dance","Envenom","Crippling Poison","Dash","PiercingWail","Finisher","Blade Dance","Corpse Explosion","Finisher","Deadly Poison+1","Sadistic Nature","After Image","Noxious Fumes","Decay","PiercingWail+1","Accuracy","Cloak And Dagger"],"relics":["Ring of the Snake","Paper Crane","Mummified Hand","HornCleat","Sozu","Red Mask","Pantograph","Pen Nib","Turnip","Ninja Scroll"],"acts_visited":["Exordium","TheCity"],"potions_floor_usage":[21],"damage_taken":[{"damage":2.0,"enemies":"Cultist","floor":1.0,"turns":4.0},{"damage":0.0,"enemies":"2 Louse","floor":3.0,"turns":2.0},{"damage":3.0,"enemies":"Jaw Worm","floor":4.0,"turns":3.0},{"damage":22.0,"enemies":"Gremlin Nob","floor":7.0,"turns":5.0},{"damage":3.0,"enemies":"Blue Slaver","floor":8.0,"turns":4.0},{"damage":4.0,"enemies":"Large Slime","floor":10.0,"turns":5.0},{"damage":19.0,"enemies":"Lagavulin","floor":11.0,"turns":5.0},{"damage":10.0,"enemies":"3 Louse","floor":12.0,"turns":3.0},{"damage":0.0,"enemies":"Gremlin Gang","floor":13.0,"turns":3.0},{"damage":2.0,"enemies":"Exordium Thugs","floor":14.0,"turns":4.0},{"damage":9.0,"enemies":"Hexaghost","floor":16.0,"turns":8.0},{"damage":17.0,"enemies":"Shell Parasite","floor":18.0,"turns":5.0},{"damage":4.0,"enemies":"Masked Bandits","floor":19.0,"turns":4.0},{"damage":6,"enemies":"2 Thieves","floor":21,"turns":2},{"damage":13,"enemies":"Book of Stabbing","floor":24,"turns":6},{"damage":18,"enemies":"Snecko","floor":25,"turns":4},{"damage":6,"enemies":"Colosseum Slavers","floor":27,"turns":4},{"damage":6,"enemies":"Colosseum Nobs","floor":27,"turns":3},{"damage":13,"enemies":"Sentry and Sphere","floor":29,"turns":5},{"damage":3,"enemies":"Snake Plant","floor":30,"turns":1}],"seed_played":"-2261964959569727714","potions_obtained":[{"floor":3.0,"key":"Ancient Potion"},{"floor":4.0,"key":"Swift Potion"},{"floor":10.0,"key":"FearPotion"},{"floor":13.0,"key":"LiquidBronze"}],"is_trial":false,"path_per_floor":["M","$","M","M","?","R","E","M","T","M","E","M","M","M","R","B",null,"M","?","$","M","?","R","E","M","T","?","?","M","M"],"character_chosen":"THE_SILENT","items_purchased":["Infinite Blades","Sadistic Nature","After Image"],"campfire_rested":2,"item_purchase_floors":[2,20,20],"current_hp_per_floor":[68,68,68,65,65,65,43,40,40,36,17,7,7,5,28,19,63,46,42,42,36,36,59,46,28,28,16,16,3,0,0],"gold":286,"neow_bonus":"TEN_PERCENT_HP_BONUS","is_daily":false,"chose_seed":false,"campfire_upgraded":1,"win_rate":0.0,"timestamp":1608003925,"path_taken":["M","?","M","M","?","R","E","M","T","?","E","M","M","M","R","BOSS","M","?","$","M","?","R","E","M","T","?","?","M","?"],"items_purchased_type":["Card","Card","Card"],"build_version":"2020-12-13","purchased_purges":0,"victory":false,"max_hp_per_floor":[77,77,77,77,77,77,77,77,77,77,77,77,77,77,77,77,77,77,77,77,77,77,77,77,77,77,77,77,77,77,77],"card_choices":[{"not_picked":["Cloak And Dagger","Prepared"],"picked":"Blade Dance","floor":1.0},{"not_picked":["Prepared","Sucker Punch"],"picked":"Backstab","floor":3.0},{"not_picked":["Poisoned Stab","Dagger Throw"],"picked":"Dodge and Roll","floor":4.0},{"not_picked":["Noxious Fumes","Dodge and Roll"],"picked":"Blade Dance","floor":7.0},{"not_picked":["Noxious Fumes","Leg Sweep"],"picked":"Envenom","floor":8.0},{"not_picked":["Caltrops","Infinite Blades"],"picked":"Crippling Poison","floor":10.0},{"not_picked":["Flechettes","Cloak And Dagger"],"picked":"Dash","floor":11.0},{"not_picked":["Poisoned Stab","Infinite Blades"],"picked":"PiercingWail","floor":12.0},{"not_picked":["Backstab","Poisoned Stab"],"picked":"Finisher","floor":13.0},{"not_picked":["Backstab","Prepared"],"picked":"Blade Dance","floor":14.0},{"not_picked":["Storm of Steel","Grand Finale"],"picked":"Corpse Explosion","floor":16.0},{"not_picked":["Blur","Bouncing Flask"],"picked":"Finisher","floor":18.0},{"not_picked":["Sucker Punch","Prepared"],"picked":"Deadly Poison+1","floor":19.0},{"not_picked":["Acrobatics","Deflect"],"picked":"Noxious Fumes","floor":21},{"not_picked":["Deflect+1","All Out Attack"],"picked":"PiercingWail+1","floor":24},{"not_picked":["Endless Agony","Well Laid Plans+1"],"picked":"Accuracy","floor":25},{"not_picked":["Slice","Masterful Stab+1"],"picked":"Cloak And Dagger","floor":27},{"not_picked":["Slice","Masterful Stab+1","Finisher"],"picked":"SKIP","floor":29}],"player_experience":459403,"relics_obtained":[{"floor":7.0,"key":"Paper Crane"},{"floor":9.0,"key":"Mummified Hand"},{"floor":11.0,"key":"HornCleat"},{"floor":19.0,"key":"Red Mask"},{"floor":24,"key":"Pantograph"},{"floor":26,"key":"Pen Nib"},{"floor":27,"key":"Turnip"},{"floor":27,"key":"Ninja Scroll"}],"event_choices":[{"damage_healed":0.0,"max_hp_gain":0.0,"max_hp_loss":0.0,"gold_gain":0.0,"event_name":"Accursed Blacksmith","player_choice":"Forge","floor":5.0,"gold_loss":0.0,"damage_taken":0.0,"cards_upgraded":["Dodge and Roll"]},{"damage_healed":0.0,"max_hp_gain":0.0,"max_hp_loss":0.0,"gold_gain":0.0,"event_name":"Masked Bandits","player_choice":"Fought Bandits","floor":19.0,"gold_loss":0.0,"damage_taken":0.0},{"damage_healed":0,"gold_gain":0,"player_choice":"Smashed Altar","damage_taken":0,"max_hp_gain":0,"max_hp_loss":0,"event_name":"Forgotten Altar","floor":22,"gold_loss":0,"cards_obtained":["Decay"]},{"damage_healed":0,"gold_gain":0,"player_choice":"Fight","damage_taken":0,"max_hp_gain":0,"max_hp_loss":0,"event_name":"Colosseum","floor":27,"gold_loss":0},{"damage_healed":0,"gold_gain":0,"player_choice":"Fought Nobs","damage_taken":0,"max_hp_gain":0,"max_hp_loss":0,"event_name":"Colosseum","floor":27,"gold_loss":0},{"damage_healed":0,"gold_gain":0,"player_choice":"Got Potions","damage_taken":0,"max_hp_gain":0,"max_hp_loss":0,"event_name":"Lab","floor":28,"gold_loss":0}],"is_beta":false,"boss_relics":[{"not_picked":["Philosopher\u0027s Stone","Pandora\u0027s Box"],"picked":"Sozu"}],"items_purged_floors":[],"is_endless":false,"potions_floor_spawned":[3,4,10,13,14,21,27],"killed_by":"Snake Plant","ascension_level":9}}