{"host":"i41n6wh529970c2c","time":1608051468,"event":{"mods":["Act Like it!","BaseMod","BetterRewards","Friendly Minions","Gold Saver","Hermit","Minty Spire (QoL Compilation)","Replay The Spire","Shop Mod","StSLib"],"gold_per_floor":[114,132,132,149,149,149,477,477,477,510,510,510,510],"floor_reached":12,"playtime":569,"items_purged":["Strike_R"],"score":129,"play_id":"d98d048b-7a0e-4f25-b78b-640e5149a57d","local_time":"20201215115748","is_ascension_mode":true,"campfire_choices":[{"data":"Flex","floor":6,"key":"SMITH"},{"floor":8,"key":"REST"},{"data":"Heavy Blade","floor":11,"key":"SMITH"}],"circlet_count":0,"master_deck":["AscendersBane","Strike_R","Strike_R","Strike_R","Strike_R","Defend_R+1","Defend_R","Defend_R","Bash","Flex+1","Headbutt","Infernal Blade+1","Havoc","Heavy Blade+1"],"relics":["Burning Blood","Du-Vu Doll","Strange Spoon","Bird Faced Urn","Old Coin","Blue Candle","Letter Opener"],"acts_visited":["Exordium"],"potions_floor_usage":[4,12,12,12,12],"damage_taken":[{"damage":7,"enemies":"Small Slimes","floor":1,"turns":3},{"damage":1,"enemies":"Cultist","floor":2,"turns":3},{"damage":2,"enemies":"2 Louse","floor":4,"turns":2},{"damage":27,"enemies":"Lagavulin","floor":7,"turns":4},{"damage":9,"enemies":"Gremlin Nob","floor":10,"turns":3},{"damage":37,"enemies":"Lagavulin","floor":12,"turns":5}],"seed_played":"6108094520189730498","potions_obtained":[{"floor":1,"key":"AttackPotion"},{"floor":10,"key":"EntropicBrew"}],"is_trial":false,"path_per_floor":["M","M","?","M","?","R","E","R","T","E","R","E"],"character_chosen":"IRONCLAD","items_purchased":["Du-Vu Doll","Strange Spoon","Flex"],"campfire_rested":1,"item_purchase_floors":[0,0,0],"current_hp_per_floor":[28,33,33,37,37,37,16,38,38,35,35,0,0],"gold":510,"neow_bonus":"","is_daily":false,"chose_seed":false,"campfire_upgraded":2,"win_rate":0.0,"timestamp":1608051468,"path_taken":["M","M","?","M","?","R","E","R","T","E","R","E"],"items_purchased_type":["Relic","Relic","Card"],"build_version":"2020-12-13","purchased_purges":1,"victory":false,"max_hp_per_floor":[75,75,75,75,75,75,75,75,75,75,75,75,75],"card_choices":[{"not_picked":["Searing Blow","Headbutt"],"picked":"Infernal Blade","floor":1},{"not_picked":["Flame Barrier","Replay:Undeath\u0027s Touch"],"picked":"Havoc","floor":2},{"not_picked":["ReplayTheSpireMod:Strike From Hell","Intimidate"],"picked":"Heavy Blade","floor":4},{"not_picked":["Havoc","Fire Breathing","Blood for Blood"],"picked":"SKIP","floor":7},{"not_picked":["Uppercut","Defy Death","ReplayReversal"],"picked":"SKIP","floor":10}],"player_experience":751915,"relics_obtained":[{"floor":7,"key":"Old Coin"},{"floor":9,"key":"Blue Candle"},{"floor":10,"key":"Letter Opener"}],"event_choices":[{"damage_healed":0,"gold_gain":0,"player_choice":"Forge","damage_taken":0,"max_hp_gain":0,"max_hp_loss":0,"event_name":"Accursed Blacksmith","floor":5,"gold_loss":0,"cards_upgraded":["Infernal Blade"]}],"is_beta":false,"boss_relics":[],"items_purged_floors":[0],"is_endless":false,"potions_floor_spawned":[1,10],"killed_by":"Lagavulin","ascension_level":10}}