{"host":"iphsb0ccnjx0pfn6","time":1608009303,"event":{"mods":["2.2 Compatiblity","AchievementEnabler","BaseMod","Colored Map","DeckTracker","Keyboard Shortcuts","Minty Spire (QoL Compilation)","Permanent Neow","Quick Restart","Relic Stats","StSLib","SuperFastMode","Uncapped","everything is the same but u backflip on backflip"],"gold_per_floor":[17,17,40,5,5,36,36,61,129,149,149,167,186,211,211,211,211],"floor_reached":16,"playtime":382,"items_purged":[],"score":208,"play_id":"72b9390c-910c-441c-a3d8-c410ad2115c7","local_time":"20201215141503","is_ascension_mode":true,"campfire_choices":[{"floor":11,"key":"REST"},{"floor":15,"key":"REST"}],"circlet_count":0,"master_deck":["AscendersBane","Strike_G","Strike_G","Strike_G","Strike_G","Defend_G","Defend_G","Defend_G","Defend_G","Defend_G","Survivor","Neutralize","Night Terror","Acrobatics","Eviscerate","Prepared","Tactician","Acrobatics","Terror","Reflex","Masterful Stab"],"relics":["Ring of the Snake","Golden Idol","Lantern","InkBottle"],"acts_visited":["Exordium"],"potions_floor_usage":[6,10,12],"damage_taken":[{"damage":0.0,"enemies":"2 Louse","floor":1.0,"turns":3.0},{"damage":11.0,"enemies":"Small Slimes","floor":3.0,"turns":4.0},{"damage":60,"enemies":"Gremlin Nob","floor":6,"turns":6},{"damage":0,"enemies":"Jaw Worm","floor":8,"turns":4},{"damage":0,"enemies":"Looter","floor":10,"turns":5},{"damage":14,"enemies":"Gremlin Gang","floor":12,"turns":7},{"damage":7,"enemies":"Large Slime","floor":13,"turns":5},{"damage":0,"enemies":"Blue Slaver","floor":14,"turns":4},{"damage":22,"enemies":"The Guardian","floor":16,"turns":5}],"seed_played":"511839964578441660","potions_obtained":[{"floor":1.0,"key":"Strength Potion"},{"floor":3.0,"key":"SpeedPotion"},{"floor":8,"key":"Energy Potion"},{"floor":13,"key":"FearPotion"}],"is_trial":false,"path_per_floor":["M","?","M","?","?","E","?","M","T","M","R","M","M","M","R","B"],"character_chosen":"THE_SILENT","items_purchased":[],"campfire_rested":2,"item_purchase_floors":[],"current_hp_per_floor":[59,59,48,60,65,5,5,5,5,5,24,10,3,3,22,0,0],"gold":211,"neow_bonus":"THREE_RARE_CARDS","is_daily":false,"chose_seed":false,"campfire_upgraded":0,"win_rate":0.0,"timestamp":1608009303,"path_taken":["M","?","M","?","?","E","?","?","T","M","R","M","M","M","R","BOSS"],"items_purchased_type":[],"build_version":"2020-12-13","purchased_purges":0,"victory":false,"max_hp_per_floor":[66,60,60,60,65,65,65,65,65,65,65,65,65,65,65,65,65],"relic_stats":{"counters":[9,43],"Golden Idol":33,"obtain_stats":[{"Lantern":6,"Golden Idol":2,"InkBottle":9,"Ring of the Snake":0},{"Lantern":3,"Golden Idol":1,"InkBottle":4,"Ring of the Snake":0},{"Lantern":13,"Golden Idol":3,"InkBottle":17,"Ring of the Snake":0}],"InkBottle":[8],"Ring of the Snake":[18]},"card_choices":[{"not_picked":["Bullet Time","Malaise"],"picked":"Night Terror","floor":0.0},{"not_picked":["Setup","Outmaneuver"],"picked":"Acrobatics","floor":1.0},{"not_picked":["Catalyst","Slice"],"picked":"Eviscerate","floor":3.0},{"not_picked":["Outmaneuver","Calculated Gamble"],"picked":"Prepared","floor":6},{"not_picked":["Terror","A Thousand Cuts"],"picked":"Tactician","floor":8},{"not_picked":["Flechettes","Quick Slash"],"picked":"Acrobatics","floor":10},{"not_picked":["Quick Slash","Backflip"],"picked":"Terror","floor":12},{"not_picked":["Outmaneuver","Dodge and Roll"],"picked":"Reflex","floor":13},{"not_picked":["Cloak And Dagger","Envenom"],"picked":"Masterful Stab","floor":14}],"player_experience":1164446,"relics_obtained":[{"floor":6,"key":"Lantern"},{"floor":9,"key":"InkBottle"}],"event_choices":[{"damage_healed":0.0,"max_hp_gain":0.0,"max_hp_loss":6.0,"gold_gain":0.0,"event_name":"Golden Idol","player_choice":"Lose Max HP","floor":2.0,"gold_loss":0.0,"damage_taken":0.0,"relics_obtained":["Golden Idol"]},{"damage_healed":15.0,"max_hp_gain":0.0,"max_hp_loss":0.0,"gold_gain":0.0,"event_name":"The Cleric","player_choice":"Healed","floor":4.0,"gold_loss":35.0,"damage_taken":0.0},{"damage_healed":0.0,"max_hp_gain":5.0,"max_hp_loss":0.0,"gold_gain":0.0,"event_name":"Big Fish","player_choice":"Donut","floor":5.0,"gold_loss":0.0,"damage_taken":0.0},{"cards_removed":["Strike_G"],"damage_healed":0,"gold_gain":0,"player_choice":"Forget","damage_taken":0,"max_hp_gain":0,"max_hp_loss":0,"event_name":"Living Wall","floor":7,"gold_loss":0}],"is_beta":false,"boss_relics":[],"items_purged_floors":[],"is_endless":false,"potions_floor_spawned":[1,3,8,13],"killed_by":"The Guardian","ascension_level":20}}