{"host":"8a3g9edf69u3epoz","time":1608017328,"event":{"mods":["BaseMod","Minty Spire (QoL Compilation)","MostiFishMod","Relic Stats","Remilia（蕾米莉亚）","StSLib","TestMod","UnlockEverythingMod","WarShipGirlsR/战舰少女R mod"],"gold_per_floor":[109,109,56,74,89,89,123,142,142,173,223,237,237,271,271,349,349,360,370,370,190,240,266,282,293,293,311,345,361,393,410,410,485,485,496,83,137,154,779,807,819,819,867,867,881,915,915,1529,1529,1529,1529,1529,1529,1151,1780,1780],"floor_reached":57,"playtime":4357,"items_purged":["Pride","Defend_B"],"score":3688,"play_id":"71fccc9d-3ace-4c3f-8039-abc864537324","local_time":"20201215152848","is_ascension_mode":true,"campfire_choices":[{"data":"MostiFishMod:Tomorrow","floor":6.0,"key":"SMITH"},{"data":"Loop","floor":13,"key":"SMITH"},{"data":"Storm","floor":15,"key":"SMITH"},{"data":"MostiFishMod:GoodWordForIt","floor":32,"key":"SMITH"},{"floor":42,"key":"RECALL"},{"data":"Zap","floor":44,"key":"SMITH"},{"data":"Capacitor","floor":49,"key":"SMITH"},{"floor":53,"key":"REST"}],"circlet_count":0,"master_deck":["AscendersBane","Strike_B","Strike_B","Strike_B","Strike_B","Defend_B","Defend_B","Defend_B","Zap+1","Dualcast","MostiFishMod:Tomorrow+1","Loop+1","Coolheaded","Storm+1","MostiFishMod:GoodWordForIt+1","MostiFishMod:DeathFromBelow+1","MostiFishMod:InterfaceCompatibility+1","MostiFishMod:STOP+1","Capacitor+1","Creative AI+1","Capacitor+1","MostiFishMod:ReadyAimFire+1","Reboot+1"],"relics":["DaveBox","testmod-TestBox","Civilization","testmod-ChristmasGift","OneHitWonderSystem","Question Card","Gremlin Horn","Happy Flower","Smiling Mask","ImportantClient","xbg","GreatHeart","BrkXgEgg","Tiny Chest","Kunai","Cables","Blue Candle","GuanYuAspect","testmod-BlackFramedGlasses","OrangePellets","testmod-ConstraintPeriapt","testmod-RealStoneCalender","testmod-Justice","Lantern","Dream Catcher","DataDisk","Dodecahedron","Nunchaku"],"acts_visited":["Exordium","TheCity","TheBeyond","TheEnding"],"potions_floor_usage":[24,37,37,56,56],"damage_taken":[{"damage":0.0,"enemies":"Cultist","floor":1.0,"turns":4.0},{"damage":0.0,"enemies":"2 Louse","floor":4.0,"turns":3.0},{"damage":0.0,"enemies":"Small Slimes","floor":5.0,"turns":2.0},{"damage":0.0,"enemies":"Lagavulin","floor":7.0,"turns":3.0},{"damage":0.0,"enemies":"Gremlin Gang","floor":8.0,"turns":3.0},{"damage":0.0,"enemies":"3 Sentries","floor":10.0,"turns":4.0},{"damage":0,"enemies":"Blue Slaver","floor":12,"turns":2},{"damage":0,"enemies":"Gremlin Nob","floor":14,"turns":2},{"damage":0,"enemies":"Hexaghost","floor":16,"turns":5},{"damage":0,"enemies":"3 Byrds","floor":18,"turns":3},{"damage":0,"enemies":"Spheric Guardian","floor":19,"turns":1},{"damage":0,"enemies":"Book of Stabbing","floor":23,"turns":2},{"damage":0,"enemies":"Shelled Parasite and Fungi","floor":24,"turns":2},{"damage":0,"enemies":"Centurion and Healer","floor":25,"turns":3},{"damage":0,"enemies":"Snake Plant","floor":27,"turns":2},{"damage":0,"enemies":"Slavers","floor":28,"turns":3},{"damage":0,"enemies":"Sentry and Sphere","floor":29,"turns":2},{"damage":0,"enemies":"Book of Stabbing","floor":30,"turns":3},{"damage":0,"enemies":"Centurion and Healer","floor":31,"turns":2},{"damage":0,"enemies":"Champ","floor":33,"turns":3},{"damage":0,"enemies":"3 Shapes","floor":35,"turns":1},{"damage":0,"enemies":"2 Orb Walkers","floor":37,"turns":2},{"damage":0,"enemies":"Orb Walker","floor":38,"turns":1},{"damage":0,"enemies":"Mind Bloom Boss Battle","floor":39,"turns":2},{"damage":0,"enemies":"Giant Head","floor":40,"turns":3},{"damage":0,"enemies":"Transient","floor":41,"turns":4},{"damage":0,"enemies":"Jaw Worm Horde","floor":45,"turns":2},{"damage":0,"enemies":"Nemesis","floor":46,"turns":4},{"damage":0,"enemies":"Maw","floor":48,"turns":2},{"damage":0,"enemies":"Donu and Deca","floor":50,"turns":2},{"damage":0,"enemies":"Awakened One","floor":51,"turns":4},{"damage":0,"enemies":"Shield and Spear","floor":55,"turns":2},{"damage":0,"enemies":"The Heart","floor":56,"turns":4}],"seed_played":"53673553159900689","potions_obtained":[{"floor":5.0,"key":"LiquidMemories"},{"floor":37,"key":"PotionOfCapacity"}],"is_trial":false,"path_per_floor":["M","$","?","M","M","R","E","M","T","E","?","M","R","E","R","B",null,"M","M","?","$","?","E","M","M","T","M","E","M","E","M","R","B",null,"M","$","?","M","?","E","M","R","T","R","M","E","?","M","R","B","B",null,"R","$","E","B",null],"character_chosen":"DEFECT","items_purchased":["BrkXgEgg","testmod-BlackFramedGlasses","OrangePellets","DataDisk","MostiFishMod:ReadyAimFire+1","Dodecahedron"],"campfire_rested":1,"item_purchase_floors":[21,36,36,54,54,54],"current_hp_per_floor":[2,1,1,4,6,1,7,11,1,14,1,15,1,16,1,17,1,20,21,1,1,1,22,24,26,1,27,30,32,33,35,1,36,1,20,1,21,22,22,23,23,1,1,1,25,25,1,26,1,27,29,1,1,1,30,31],"gold":1780,"neow_bonus":"BOSS_RELIC","is_daily":false,"chose_seed":false,"campfire_upgraded":6,"win_rate":0.0,"timestamp":1608017328,"path_taken":["M","?","?","M","M","R","E","M","T","E","?","M","R","E","R","BOSS","M","?","?","$","?","E","M","M","T","M","E","M","E","M","R","BOSS","M","$","?","M","?","E","M","R","T","R","M","E","?","M","R","BOSS","BOSS","R","$","E","BOSS"],"items_purchased_type":["Relic","Relic","Relic","Relic","Card","Relic"],"build_version":"2020-12-13","purchased_purges":2,"victory":true,"max_hp_per_floor":[2,1,1,4,6,1,7,11,1,14,1,15,1,16,1,17,1,20,21,1,1,1,22,24,26,1,27,30,32,33,35,1,36,1,39,1,41,42,43,44,45,1,1,1,48,49,1,50,1,52,57,1,1,1,59,60],"relic_stats":{"Gremlin Horn":[22,22],"Happy Flower":[22],"counters":[33,86],"Blue Candle":[3],"Question Card":30,"Smiling Mask":75,"Cables":[23,18,5,0,0],"OrangePellets":[4],"Dream Catcher":1,"Nunchaku":[0],"Tiny Chest":0,"Kunai":[3],"obtain_stats":[{"Lantern":43,"DaveBox":0,"Gremlin Horn":7,"Smiling Mask":14,"testmod-BlackFramedGlasses":36,"Civilization":0,"Dream Catcher":46,"Nunchaku":55,"GuanYuAspect":34,"Tiny Chest":23,"GreatHeart":20,"OneHitWonderSystem":0,"Kunai":26,"Cracked Core":0,"testmod-ChristmasGift":0,"ImportantClient":16,"testmod-TestBox":0,"Happy Flower":10,"Dodecahedron":54,"Blue Candle":30,"BrkXgEgg":21,"testmod-ConstraintPeriapt":37,"testmod-Justice":40,"Question Card":1,"Cables":28,"OrangePellets":36,"testmod-RealStoneCalender":39,"DataDisk":54,"xbg":17},{"Lantern":26,"DaveBox":0,"Gremlin Horn":4,"Smiling Mask":8,"testmod-BlackFramedGlasses":21,"Civilization":0,"Dream Catcher":28,"Nunchaku":32,"GuanYuAspect":20,"Tiny Chest":12,"GreatHeart":11,"OneHitWonderSystem":0,"Kunai":14,"Cracked Core":0,"testmod-ChristmasGift":0,"ImportantClient":9,"testmod-TestBox":0,"Happy Flower":6,"Dodecahedron":31,"Blue Candle":18,"BrkXgEgg":11,"testmod-ConstraintPeriapt":22,"testmod-Justice":25,"Question Card":1,"Cables":16,"OrangePellets":21,"testmod-RealStoneCalender":24,"DataDisk":31,"xbg":9},{"Lantern":66,"DaveBox":0,"Gremlin Horn":12,"Smiling Mask":23,"testmod-BlackFramedGlasses":55,"Civilization":0,"Dream Catcher":72,"Nunchaku":82,"GuanYuAspect":54,"Tiny Chest":34,"GreatHeart":32,"OneHitWonderSystem":0,"Kunai":39,"Cracked Core":0,"testmod-ChristmasGift":0,"ImportantClient":28,"testmod-TestBox":0,"Happy Flower":19,"Dodecahedron":80,"Blue Candle":49,"BrkXgEgg":32,"testmod-ConstraintPeriapt":57,"testmod-Justice":62,"Question Card":4,"Cables":44,"OrangePellets":55,"testmod-RealStoneCalender":60,"DataDisk":80,"xbg":28}]},"card_choices":[{"not_picked":["Compile Driver","Beam Cell","Sweeping Beam"],"picked":"SKIP","floor":1.0},{"not_picked":["MostiFishMod:ReprogramOld","Rebound","Melter"],"picked":"MostiFishMod:Tomorrow","floor":4.0},{"not_picked":["Hello World","Reinforced Body","Go for the Eyes","Darkness"],"picked":"SKIP","floor":5.0},{"not_picked":["Compile Driver","Consume","Beam Cell","Conserve Battery"],"picked":"SKIP","floor":7.0},{"not_picked":["Blizzard","Tempest","Auto Shields","Turbo"],"picked":"SKIP","floor":8.0},{"not_picked":["Go for the Eyes","Leap","Tempest"],"picked":"Loop","floor":10.0},{"not_picked":["Redo","Stack","Beam Cell"],"picked":"Coolheaded","floor":12},{"not_picked":["BootSequence","Go for the Eyes","Glacier"],"picked":"Storm","floor":14},{"not_picked":["MostiFishMod:Nova","MostiFishMod:Tomorrow","Rainbow"],"picked":"MostiFishMod:GoodWordForIt","floor":16},{"not_picked":["Gash","Barrage","Genetic Algorithm","Go for the Eyes"],"picked":"SKIP","floor":18},{"not_picked":["Reprogram","Consume","Rebound","Leap"],"picked":"SKIP","floor":19},{"not_picked":["Melter","Skim+1","Turbo"],"picked":"MostiFishMod:DeathFromBelow+1","floor":23},{"not_picked":["Cold Snap","Aggregate","Force Field","Barrage+1"],"picked":"SKIP","floor":24},{"not_picked":["Ball Lightning","Storm","Go for the Eyes","Compile Driver"],"picked":"SKIP","floor":25},{"not_picked":["Leap","Turbo","Streamline","Conserve Battery"],"picked":"SKIP","floor":27},{"not_picked":["Doom and Gloom","Reinforced Body","Heatsinks+1"],"picked":"MostiFishMod:InterfaceCompatibility+1","floor":28},{"not_picked":["Leap","Barrage+1","Go for the Eyes","Stack"],"picked":"SKIP","floor":29},{"not_picked":["Redo","Storm","Steam","Chaos"],"picked":"SKIP","floor":30},{"not_picked":["Coolheaded","Streamline+1","Self Repair","MostiFishMod:ReprogramOld"],"picked":"SKIP","floor":31},{"not_picked":["Biased Cognition+1","MostiFishMod:Hijack+1","MostiFishMod:PushDownKick+1"],"picked":"MostiFishMod:STOP+1","floor":33},{"not_picked":["Rip and Tear+1","Scrape+1","Compile Driver+1","Hologram+1"],"picked":"SKIP","floor":35},{"not_picked":["Streamline","Blizzard","Reprogram","Auto Shields+1"],"picked":"SKIP","floor":38},{"not_picked":["Recycle","Leap","Beam Cell"],"picked":"Capacitor+1","floor":39},{"not_picked":["Self Repair","Reprogram","Recycle+1","Redo"],"picked":"SKIP","floor":40},{"not_picked":["Gash","Stack","Cold Snap","MostiFishMod:ReprogramOld"],"picked":"SKIP","floor":41},{"not_picked":["Gash","Aggregate","Undo+1","Go for the Eyes"],"picked":"SKIP","floor":45},{"not_picked":["Reprogram","MostiFishMod:InterfaceCompatibility+1","Go for the Eyes"],"picked":"Creative AI+1","floor":46},{"not_picked":["Leap","Static Discharge","Stack+1"],"picked":"Capacitor","floor":48},{"not_picked":["Sweeping Beam","Self Repair+1","Machine Learning+1"],"picked":"Reboot+1","floor":55}],"player_experience":61373,"relics_obtained":[{"floor":1.0,"key":"Question Card"},{"floor":7.0,"key":"Gremlin Horn"},{"floor":10.0,"key":"Happy Flower"},{"floor":14,"key":"Smiling Mask"},{"floor":16,"key":"ImportantClient"},{"floor":23,"key":"Tiny Chest"},{"floor":26,"key":"Kunai"},{"floor":28,"key":"Cables"},{"floor":30,"key":"Blue Candle"},{"floor":37,"key":"testmod-ConstraintPeriapt"},{"floor":39,"key":"testmod-RealStoneCalender"},{"floor":40,"key":"testmod-Justice"},{"floor":43,"key":"Lantern"},{"floor":46,"key":"Dream Catcher"},{"floor":55,"key":"Nunchaku"}],"event_choices":[{"damage_healed":0.0,"max_hp_gain":0.0,"max_hp_loss":0.0,"gold_gain":0.0,"event_name":"World of Goop","player_choice":"Left Gold","floor":3.0,"gold_loss":53.0,"damage_taken":0.0},{"damage_healed":0,"gold_gain":50,"player_choice":"Pray","damage_taken":0,"max_hp_gain":0,"max_hp_loss":0,"event_name":"Golden Shrine","floor":11,"gold_loss":0},{"damage_healed":0,"gold_gain":50,"player_choice":"Stole From Cult","damage_taken":0,"max_hp_gain":0,"max_hp_loss":0,"event_name":"Nest","floor":22,"gold_loss":0},{"damage_healed":0,"gold_gain":0,"player_choice":"Fight","damage_taken":0,"max_hp_gain":0,"max_hp_loss":0,"event_name":"Mysterious Sphere","floor":37,"gold_loss":0},{"damage_healed":0,"gold_gain":0,"player_choice":"Fight","damage_taken":0,"max_hp_gain":0,"max_hp_loss":0,"event_name":"MindBloom","floor":39,"gold_loss":0},{"damage_healed":0,"gold_gain":0,"player_choice":"Ignored","damage_taken":0,"max_hp_gain":0,"max_hp_loss":0,"event_name":"Tomb of Lord Red Mask","floor":47,"gold_loss":0}],"is_beta":false,"boss_relics":[{"not_picked":["Empty Cage","Calling Bell"],"picked":"xbg"},{"not_picked":["SlaversCollar","Philosopher\u0027s Stone"],"picked":"GuanYuAspect"}],"items_purged_floors":[21,54],"is_endless":false,"potions_floor_spawned":[5,10,14,18,23,24,28,37,39,41,48],"ascension_level":20}}