{"host":"auv68s8i97pkmhwr","time":1608023747,"event":{"mods":["AchievementEnabler","BaseMod","Best Route Mod","Bestiary","Better Altar","Better Match","Better Note","Better Sensory Stone","Better Skull","Better Third Choice","Better Vampires","BetterRewards","Block Reminder","Colored Map","Colored Powertips","Displayed Cursed Tome","Minty Spire (QoL Compilation)","StSLib","SuperFastMode","Uncapped","Unceasing Turn Reminder"],"gold_per_floor":[113,132,143,93,107,123,156,156,232,265,265,279,313,333,333,428,428,444,444,463,103,28,57,57,86,111,111,129,129,146,48,48,143,143,160,171,183,202,5,5,32,57,105,138,138,138,138,150,150,150,150],"floor_reached":50,"playtime":1590,"items_purged":["Strike_B","Strike_B","Strike_B","Strike_B","Defend_B"],"score":1113,"play_id":"02f7413c-c43c-49d3-8735-6537032fdfeb","local_time":"20201215171547","is_ascension_mode":true,"campfire_choices":[{"data":"Defragment","floor":8.0,"key":"SMITH"},{"floor":15.0,"key":"REST"},{"data":"Creative AI","floor":24,"key":"SMITH"},{"floor":27,"key":"REST"},{"data":"Capacitor","floor":29,"key":"SMITH"},{"data":"Dualcast","floor":32,"key":"SMITH"},{"floor":40,"key":"REST"},{"floor":49,"key":"RECALL"}],"circlet_count":0,"master_deck":["AscendersBane","Defend_B","Zap","Dualcast+1","Capacitor+1","Ball Lightning","Defragment+1","Leap","Ball Lightning","Creative AI+1","Genetic Algorithm","Electrodynamics","BootSequence+1","Lockon+1","Writhe"],"relics":["Cracked Core","Medical Kit","Lizard Tail","Torii","Ice Cream","StoneCalendar","OrangePellets","Bag of Preparation","WingedGreaves","Regal Pillow","Bottled Tornado","Calipers","Smiling Mask","Busted Crown","Lee\u0027s Waffle","Nunchaku","MealTicket","SlaversCollar","HandDrill","Meat on the Bone","Singing Bowl","Juzu Bracelet","Eternal Feather"],"acts_visited":["Exordium","TheCity","TheBeyond"],"potions_floor_usage":[25,33,41,44,44,50],"damage_taken":[{"damage":1.0,"enemies":"2 Louse","floor":1.0,"turns":3.0},{"damage":0.0,"enemies":"Small Slimes","floor":2.0,"turns":2.0},{"damage":1.0,"enemies":"Jaw Worm","floor":3.0,"turns":3.0},{"damage":2.0,"enemies":"Looter","floor":5.0,"turns":3.0},{"damage":14.0,"enemies":"Exordium Thugs","floor":6.0,"turns":4.0},{"damage":8.0,"enemies":"Gremlin Nob","floor":7.0,"turns":4.0},{"damage":16.0,"enemies":"Lagavulin","floor":10.0,"turns":6.0},{"damage":2.0,"enemies":"Large Slime","floor":12.0,"turns":5.0},{"damage":1.0,"enemies":"Gremlin Nob","floor":13.0,"turns":3.0},{"damage":2.0,"enemies":"Looter","floor":14.0,"turns":4.0},{"damage":15.0,"enemies":"Hexaghost","floor":16.0,"turns":8.0},{"damage":21.0,"enemies":"2 Thieves","floor":18.0,"turns":4.0},{"damage":23.0,"enemies":"Shell Parasite","floor":20.0,"turns":5.0},{"damage":35,"enemies":"Book of Stabbing","floor":23,"turns":5},{"damage":16,"enemies":"Gremlin Leader","floor":25,"turns":5},{"damage":21,"enemies":"Shelled Parasite and Fungi","floor":28,"turns":6},{"damage":0,"enemies":"Cultist and Chosen","floor":30,"turns":4},{"damage":22,"enemies":"Collector","floor":33,"turns":8},{"damage":0,"enemies":"3 Shapes","floor":35,"turns":4},{"damage":25,"enemies":"3 Darklings","floor":36,"turns":3},{"damage":0,"enemies":"Sphere and 2 Shapes","floor":37,"turns":3},{"damage":23,"enemies":"Transient","floor":38,"turns":5},{"damage":22,"enemies":"Reptomancer","floor":41,"turns":6},{"damage":44,"enemies":"Nemesis","floor":42,"turns":5},{"damage":23,"enemies":"Reptomancer","floor":44,"turns":4},{"damage":9,"enemies":"Spire Growth","floor":48,"turns":5},{"damage":91,"enemies":"Awakened One","floor":50,"turns":5}],"seed_played":"-8348574327858762071","potions_obtained":[{"floor":3.0,"key":"SpeedPotion"},{"floor":7.0,"key":"DistilledChaos"},{"floor":12.0,"key":"Block Potion"},{"floor":13.0,"key":"ColorlessPotion"},{"floor":18.0,"key":"PowerPotion"},{"floor":23,"key":"GamblersBrew"},{"floor":30,"key":"AttackPotion"},{"floor":33,"key":"AttackPotion"},{"floor":35,"key":"Energy Potion"},{"floor":42,"key":"SkillPotion"},{"floor":44,"key":"FearPotion"}],"is_trial":false,"path_per_floor":["M","M","M","?","M","M","E","R","T","E","?","M","E","M","R","B",null,"M","?","M","$","?","E","R","E","T","R","M","R","M","$","R","B",null,"M","M","M","M","$","R","E","E","T","E","?","?","?","M","R","B"],"character_chosen":"DEFECT","items_purchased":["Medical Kit","Capacitor","Torii","Ball Lightning","OrangePellets","Defragment","Bag of Preparation","FocusPotion","Block Potion","Lee\u0027s Waffle","Electrodynamics","SkillPotion","HandDrill","PowerPotion"],"campfire_rested":3,"item_purchase_floors":[0,0,0,0,0,0,0,0,0,21,21,31,39,39],"current_hp_per_floor":[67,67,66,66,64,50,42,42,42,26,26,24,23,21,58,43,67,46,46,23,82,82,47,47,31,31,70,49,49,49,64,64,42,72,72,47,47,24,39,78,56,26,26,17,39,39,31,36,45,0,0],"gold":150,"neow_bonus":"","is_daily":false,"chose_seed":false,"campfire_upgraded":4,"win_rate":0.0,"timestamp":1608023747,"path_taken":["M","M","M","?","M","M","E","R","T","E","?","M","E","M","R","BOSS","M","?","M","$","?","E","R","E","T","R","M","R","M","$","R","BOSS","M","M","M","M","$","R","E","E","T","E","?","?","?","M","R","BOSS"],"items_purchased_type":["Relic","Card","Relic","Card","Relic","Card","Relic","Potion","Potion","Relic","Card","Potion","Relic","Potion"],"build_version":"2020-12-13","purchased_purges":5,"victory":false,"max_hp_per_floor":[75,75,75,75,75,75,75,75,75,75,75,75,75,75,75,75,75,75,75,75,82,82,82,82,82,82,82,82,82,82,82,82,82,82,82,82,82,82,82,82,82,84,84,86,86,86,86,88,88,88,88],"card_choices":[{"not_picked":["Cold Snap","Rebound","Leap"],"picked":"SKIP","floor":1.0},{"not_picked":["Rebound","Barrage","Gash"],"picked":"SKIP","floor":2.0},{"not_picked":["Reinforced Body","Gash"],"picked":"Leap","floor":3.0},{"not_picked":["Turbo","Rebound"],"picked":"Ball Lightning","floor":5.0},{"not_picked":["Gash","Rebound","Go for the Eyes"],"picked":"SKIP","floor":6.0},{"not_picked":["Hello World","Static Discharge"],"picked":"Creative AI","floor":7.0},{"not_picked":["Force Field","Melter","Core Surge"],"picked":"SKIP","floor":10.0},{"not_picked":["Sweeping Beam","Hologram","Ball Lightning"],"picked":"SKIP","floor":12.0},{"not_picked":["Darkness","FTL"],"picked":"Genetic Algorithm","floor":13.0},{"not_picked":["Barrage","Undo","Compile Driver"],"picked":"SKIP","floor":14.0},{"not_picked":["Streamline"],"picked":"SKIP","floor":18.0},{"not_picked":["Undo+1"],"picked":"SKIP","floor":20.0},{"not_picked":[],"picked":"BootSequence+1","floor":22},{"not_picked":["Darkness"],"picked":"SKIP","floor":23},{"not_picked":["Go for the Eyes"],"picked":"SKIP","floor":25},{"not_picked":["Ball Lightning"],"picked":"SKIP","floor":28},{"not_picked":["Hologram"],"picked":"SKIP","floor":30},{"not_picked":["Reprogram"],"picked":"SKIP","floor":35},{"not_picked":["Reprogram"],"picked":"SKIP","floor":35},{"not_picked":["Skim"],"picked":"SKIP","floor":36},{"not_picked":["Stack"],"picked":"SKIP","floor":37},{"not_picked":["Sunder+1"],"picked":"SKIP","floor":38},{"not_picked":[],"picked":"Lockon+1","floor":41},{"not_picked":["Core Surge"],"picked":"Singing Bowl","floor":42},{"not_picked":["Turbo"],"picked":"Singing Bowl","floor":44},{"not_picked":["Ball Lightning+1"],"picked":"Singing Bowl","floor":48}],"player_experience":1227115,"relics_obtained":[{"floor":7.0,"key":"Regal Pillow"},{"floor":9.0,"key":"Bottled Tornado"},{"floor":10.0,"key":"Calipers"},{"floor":13.0,"key":"Smiling Mask"},{"floor":23,"key":"Nunchaku"},{"floor":25,"key":"MealTicket"},{"floor":41,"key":"Meat on the Bone"},{"floor":42,"key":"Singing Bowl"},{"floor":43,"key":"Juzu Bracelet"},{"floor":44,"key":"Eternal Feather"}],"event_choices":[{"cards_removed":["Defend_B"],"damage_healed":0.0,"max_hp_gain":0.0,"max_hp_loss":0.0,"gold_gain":0.0,"event_name":"The Cleric","player_choice":"Card Removal","floor":4.0,"gold_loss":50.0,"damage_taken":0.0},{"damage_healed":0.0,"max_hp_gain":1.0,"max_hp_loss":0.0,"gold_gain":0.0,"event_name":"betterThird:BetterGoop","player_choice":"Left","floor":11.0,"gold_loss":0.0,"damage_taken":0.0},{"damage_healed":0.0,"max_hp_gain":0.0,"max_hp_loss":0.0,"gold_gain":0.0,"event_name":"betterNote:BetterNote","player_choice":"Ignored","floor":19.0,"gold_loss":0.0,"damage_taken":0.0,"cards_obtained":["Ball Lightning"]},{"damage_healed":0,"gold_gain":0,"player_choice":"2","damage_taken":0,"max_hp_gain":0,"max_hp_loss":0,"event_name":"betterMatch:BetterMatch","floor":22,"gold_loss":0,"cards_obtained":["betterMatch:UncommonCard","betterMatch:UncommonCard","betterMatch:RareCard"]},{"damage_healed":22,"gold_gain":0,"player_choice":"Writhe","damage_taken":0,"max_hp_gain":0,"max_hp_loss":0,"event_name":"Winding Halls","floor":45,"gold_loss":0,"cards_obtained":["Writhe"]},{"cards_removed":["Defend_B"],"damage_healed":0,"gold_gain":0,"player_choice":"Removed Skill","damage_taken":0,"max_hp_gain":0,"max_hp_loss":0,"event_name":"Falling","floor":46,"gold_loss":0},{"damage_healed":0,"gold_gain":0,"player_choice":"Damaged","damage_taken":8,"max_hp_gain":0,"max_hp_loss":0,"event_name":"Wheel of Change","floor":47,"gold_loss":0}],"is_beta":false,"boss_relics":[{"not_picked":["Calling Bell","SacredBark"],"picked":"Busted Crown"},{"not_picked":["Nuclear Battery","Coffee Dripper"],"picked":"SlaversCollar"}],"items_purged_floors":[0,0,0,21,31],"is_endless":false,"potions_floor_spawned":[3,5,7,12,13,18,23,30,33,35,38,42,44],"killed_by":"Awakened One","ascension_level":10}}