{"host":"nn0usk9aafse27ii","time":1608068522,"event":{"mods":["Act Like it!","BaseMod","Colored Map","Highlight Path","Minty Spire (QoL Compilation)","Replay The Spire","Shop Mod","StSLib"],"gold_per_floor":[369,385,113,163,17,32,32,32,32,18,18,18,18,18,87,112,112,218,218,244,272,24,46,84,84,183,183,183,204,222,261,44,81,81,182,182,204,204,479,502,535,535,565,1,1,26,77,77,11,22,22,22,22,22,22,54,54],"floor_reached":58,"playtime":7186,"items_purged":["Strike_R","Regret","Voices"],"score":1477,"play_id":"0e4714af-2fed-43af-abf1-d955a315f8b8","local_time":"20201215134202","is_ascension_mode":false,"campfire_choices":[{"data":"ReplayTheSpireMod:Brewmster","floor":7,"key":"SMITH"},{"data":"Seeing Red","floor":11,"key":"SMITH"},{"data":"Combust","floor":14,"key":"SMITH"},{"data":"Replay:Hysterical Blindness","floor":17,"key":"PURGE"},{"data":"ReplayReversal","floor":25,"key":"SMITH"},{"data":"Power Through","floor":34,"key":"SMITH"},{"data":"Exhume","floor":42,"key":"SMITH"},{"floor":48,"key":"RECALL"},{"data":"Whirlwind","floor":51,"key":"SMITH"},{"data":"ReplayTheSpireMod:Limb From Limb","floor":54,"key":"SMITH"}],"circlet_count":0,"master_deck":["Strike_R","Defend_R","Defend_R","Defend_R","Defend_R","Bash","Defend_B","Bash","Cleave","Clothesline","ReplayTheSpireMod:Brewmster+1","Combust+1","Combust","Seeing Red+1","Body Slam+1","Thunderclap","Feed","Exhume+1","Life Link+1","Blood for Blood+1","Bandage Up","Spot Weakness","ReplayReversal+1","Shame","ReplayTheSpireMod:Limb From Limb+1","Feel No Pain","Shrug It Off","Body Slam+1","Metallicize","Power Through+1","Shame","Juggernaut","Madness","Madness","Regret","Overencumbered","Whirlwind+1","Rupture+1","Doubt","Double Tap","Enlightenment","Spreading Infection","Decay","Parasite","Impervious"],"relics":["Burning Blood","Membership Card","Ring of Greed","ReplayTheSpireMod:Ring of Collecting","The Courier","Bottled Tornado","ReplayTheSpireMod:Ring of Exchange","Toy Ornithopter","Anchor","HornCleat","White Beast Statue","Ring of Fury","Ice Cream","Gremlin Horn","Cursed Key","Mummified Hand","Toolbox","Bottled Lightning","Snack Pack","Singing Bowl","MerchantsRug","Lee\u0027s Waffle","Bag of Marbles","Happy Flower","TungstenRod","Mango"],"acts_visited":["Exordium","TheCity","TheBeyond","TheEnding"],"potions_floor_usage":[6,6,15,15,15,15,15,16,16,18,18,18,18,18,20,20,20,20,21,21,23,24,24,29,29,29,30,30,30,30,31,31,31,31,33,33,33,33,35,35,35,35,35,35,35,35,35,35,35,35,35,37,37,40,40,40,40,41,41,41,43,43,43,46,46,47,47,47,50,50,50,52,52,52,52,52,52,56,56,56,56,56,56,56,56,57,57,57,57,57,57,57,57,57,57,57,57],"damage_taken":[{"damage":10.0,"enemies":"Jaw Worm","floor":1.0,"turns":5.0},{"damage":0.0,"enemies":"Small Slimes","floor":2.0,"turns":4.0},{"damage":14,"enemies":"Cultist","floor":6,"turns":5},{"damage":35,"enemies":"3 Sentries","floor":15,"turns":5},{"damage":11,"enemies":"3 Louse","floor":16,"turns":3},{"damage":21,"enemies":"Slime Boss","floor":18,"turns":5},{"damage":21,"enemies":"Spheric Guardian","floor":20,"turns":4},{"damage":30,"enemies":"3 Byrds","floor":21,"turns":3},{"damage":13,"enemies":"Snake Plant","floor":23,"turns":3},{"damage":24,"enemies":"3 Cultists","floor":24,"turns":4},{"damage":13,"enemies":"Centurion and Healer","floor":29,"turns":4},{"damage":11,"enemies":"Snake Plant","floor":30,"turns":5},{"damage":2,"enemies":"Replay:Snechameleon","floor":31,"turns":4},{"damage":53,"enemies":"Slavers","floor":33,"turns":5},{"damage":38,"enemies":"Champ","floor":35,"turns":12},{"damage":2,"enemies":"Orb Walker","floor":37,"turns":3},{"damage":2,"enemies":"3 Shapes","floor":40,"turns":4},{"damage":16,"enemies":"3 Darklings","floor":41,"turns":3},{"damage":1,"enemies":"Sphere and 2 Shapes","floor":43,"turns":4},{"damage":0,"enemies":"Spire Growth","floor":46,"turns":3},{"damage":3,"enemies":"R_Hoarder","floor":47,"turns":5},{"damage":9,"enemies":"Writhing Mass","floor":50,"turns":3},{"damage":116,"enemies":"Donu and Deca","floor":52,"turns":8},{"damage":102,"enemies":"Shield and Spear","floor":56,"turns":8},{"damage":126,"enemies":"The Heart","floor":57,"turns":13}],"seed_played":"-4163503749535611093","potions_obtained":[{"floor":2.0,"key":"Fruit Juice"},{"floor":6,"key":"Elixir"},{"floor":8,"key":"PowerPotion"},{"floor":8,"key":"BloodPotion"},{"floor":24,"key":"ColorlessPotion"},{"floor":29,"key":"Venom Potion"},{"floor":30,"key":"AttackPotion"},{"floor":31,"key":"Dexterity Potion"},{"floor":33,"key":"SteroidPotion"},{"floor":35,"key":"Cursed Concoction"},{"floor":37,"key":"Energy Potion"},{"floor":40,"key":"BloodPotion"},{"floor":41,"key":"Explosive Potion"},{"floor":43,"key":"BloodPotion"},{"floor":46,"key":"Block Potion"},{"floor":47,"key":"AttackPotion"},{"floor":50,"key":"Ancient Potion"},{"floor":56,"key":"Weak Potion"}],"is_trial":false,"path_per_floor":["M","M","$","?","$","M","R","?","T","$","R","PTL","PTL","R","E","M","R_BF","B",null,"M","M","$","M","M","R","?","?","T","M","M","E","$","E","R","B",null,"M","?","?","M","M","R","M","$","T","M","E","R","$","M","R","B",null,"R","$","E","B",null],"character_chosen":"IRONCLAD","items_purchased":["Membership Card","ReplayTheSpireMod:Brewmster","Bottled Tornado","Combust","Seeing Red","Body Slam+1","Anchor","HornCleat","Bandage Up","Ice Cream","Gremlin Horn","Mummified Hand","Toolbox","Bottled Lightning","Sundial","Snack Pack","Enlightenment","MerchantsRug","Lee\u0027s Waffle","Bag of Marbles","Happy Flower","TungstenRod"],"campfire_rested":0,"item_purchase_floors":[3,3,5,5,5,10,22,22,22,32,32,44,44,44,44,44,44,49,49,49,49,49],"current_hp_per_floor":[76,85,85,85,85,77,77,77,77,77,77,77,77,77,65,70,70,80,85,89,75,75,73,69,69,69,69,69,85,85,89,89,74,74,89,89,89,78,78,92,88,88,92,92,92,94,96,96,103,105,105,49,105,105,105,70,67],"gold":54,"neow_bonus":"TWO_FIFTY_GOLD","is_daily":false,"chose_seed":false,"campfire_upgraded":8,"win_rate":0.0,"timestamp":1608068522,"path_taken":["M","M","$","?","?","M","R","?","T","$","R","PTL","PTL","R","E","M","R_BF","BOSS","M","M","$","?","M","R","?","?","T","M","M","E","?","E","R","BOSS","M","?","?","?","M","R","M","?","T","M","E","R","$","M","R","BOSS","R","$","E","BOSS"],"items_purchased_type":["Relic","Card","Relic","Card","Card","Card","Relic","Relic","Card","Relic","Relic","Relic","Relic","Relic","Relic","Relic","Card","Relic","Relic","Relic","Relic","Relic"],"build_version":"2020-12-13","purchased_purges":3,"victory":true,"max_hp_per_floor":[80,85,85,85,85,85,85,85,85,85,85,85,85,85,85,85,85,85,85,89,89,89,89,89,89,89,89,89,89,89,89,89,89,89,89,89,89,89,89,92,92,92,92,92,92,94,96,96,103,105,105,105,105,105,105,122,122],"card_choices":[{"not_picked":["Clash","Sword Boomerang"],"picked":"Cleave","floor":1.0},{"not_picked":["Anger","Headbutt"],"picked":"Clothesline","floor":2.0},{"not_picked":["Run Through","Havoc","Dropkick"],"picked":"SKIP","floor":6},{"not_picked":["Combust","Wild Strike"],"picked":"Thunderclap","floor":15},{"not_picked":["Anger","Heavy Blade"],"picked":"Feed","floor":16},{"not_picked":["Immolate","Offering"],"picked":"Exhume","floor":18},{"not_picked":["Pummel","Run Through"],"picked":"Life Link+1","floor":20},{"not_picked":["Clash","Uppercut"],"picked":"Blood for Blood+1","floor":21},{"not_picked":["Headbutt","ReplayTheSpireMod:Limb From Limb+1"],"picked":"Spot Weakness","floor":23},{"not_picked":["True Grit","ReplayTheSpireMod:Stacked"],"picked":"ReplayReversal","floor":24},{"not_picked":["Fire Breathing","Sword Boomerang"],"picked":"Shrug It Off","floor":29},{"not_picked":["Inflame","Evolve"],"picked":"Body Slam+1","floor":30},{"not_picked":["Battle Trance","Burning Pact+1"],"picked":"Metallicize","floor":31},{"not_picked":["Twin Strike","Reckless Charge"],"picked":"Power Through","floor":33},{"not_picked":["Limit Break","Fiend Fire"],"picked":"Juggernaut","floor":35},{"not_picked":["Thunderclap","Searing Blow+1","Body Slam"],"picked":"SKIP","floor":37},{"not_picked":["Cleave+1","Thunderclap+1"],"picked":"Whirlwind","floor":40},{"not_picked":["Warcry+1","Headbutt"],"picked":"Rupture+1","floor":41},{"not_picked":["Perfected Strike+1","Cleave"],"picked":"Double Tap","floor":43},{"not_picked":["Anger+1","Spot Weakness+1","Pummel+1"],"picked":"Singing Bowl","floor":46},{"not_picked":["Whirlwind","Rupture","Flex"],"picked":"Singing Bowl","floor":47},{"not_picked":["Heavy Blade","Perfected Strike+1","Wild Strike"],"picked":"Singing Bowl","floor":50},{"not_picked":["Thunderclap","Clothesline+1"],"picked":"Impervious","floor":56}],"player_experience":274892,"relics_obtained":[{"floor":4,"key":"Ring of Greed"},{"floor":4,"key":"ReplayTheSpireMod:Ring of Collecting"},{"floor":4,"key":"Replay:Bandana"},{"floor":4,"key":"The Courier"},{"floor":9,"key":"ReplayTheSpireMod:Ring of Exchange"},{"floor":15,"key":"Toy Ornithopter"},{"floor":28,"key":"White Beast Statue"},{"floor":28,"key":"Ring of Fury"},{"floor":31,"key":"Replay:Mystery Machine"},{"floor":33,"key":"Another Sword"},{"floor":45,"key":"Singing Bowl"},{"floor":47,"key":"Art of War"},{"floor":56,"key":"Mango"}],"event_choices":[{"damage_healed":0,"gold_gain":0,"player_choice":"Got Potions","damage_taken":0,"max_hp_gain":0,"max_hp_loss":0,"event_name":"Lab","floor":8,"gold_loss":0},{"damage_healed":0,"gold_gain":99,"player_choice":"Stole From Cult","damage_taken":0,"max_hp_gain":0,"max_hp_loss":0,"event_name":"Nest","floor":26,"gold_loss":0},{"damage_healed":0,"gold_gain":0,"cards_transformed":["Strike_R","Strike_R"],"player_choice":"Became Test Subject","damage_taken":0,"max_hp_gain":0,"max_hp_loss":0,"event_name":"Drug Dealer","floor":27,"gold_loss":0,"cards_obtained":["ReplayTheSpireMod:Limb From Limb","Feel No Pain"]},{"damage_healed":0,"gold_gain":0,"player_choice":"Embrace Madness","damage_taken":11,"max_hp_gain":0,"max_hp_loss":0,"event_name":"Winding Halls","floor":38,"gold_loss":0,"cards_obtained":["Madness","Madness"]},{"damage_healed":0,"gold_gain":275,"player_choice":"Desecrate","damage_taken":0,"max_hp_gain":0,"max_hp_loss":0,"event_name":"Golden Shrine","floor":39,"gold_loss":0,"cards_obtained":["Regret"]}],"is_beta":false,"boss_relics":[{"not_picked":["Brimstone","PrismaticShard"],"picked":"Empty Cage"},{"not_picked":["Runic Dome","SlaversCollar"],"picked":"Cursed Key"}],"items_purged_floors":[3,22,44],"is_endless":false,"potions_floor_spawned":[2,6,24,29,30,31,33,35,37,40,41,43,46,47,50,56],"ascension_level":0}}