{"host":"sav7uxregyirlf69","time":1608039580,"event":{"mods":["AchievementEnabler","BaseMod","Colored Map","DeckTracker","Keyboard Shortcuts","Minty Spire (QoL Compilation)","READ ME - Guardian Mod","StSLib","SuperFastMode"],"gold_per_floor":[114,189,204,204,204,204,234,234,234,234,234,249,129,144,144,253,253,268,277,277,277,301,331,331,346,346,361,361,361,376,406,406,506,506,521,521,545,105,120,150,150,165,165,165,180,180,195,18,18,18],"floor_reached":51,"playtime":923,"items_purged":[],"score":890,"play_id":"3da306a3-1d77-4f6d-be70-78bd2cd32ec0","local_time":"20201215223940","daily_mods":["Allstar","Hoarder","Night Terrors"],"is_ascension_mode":false,"campfire_choices":[{"data":"Dramatic Entrance","floor":6,"key":"SMITH"},{"floor":8,"key":"REST"},{"data":"Dramatic Entrance","floor":11,"key":"SMITH"},{"data":"Zap","floor":15,"key":"SMITH"},{"floor":29,"key":"REST"},{"floor":32,"key":"REST"},{"data":"Discovery","floor":41,"key":"SMITH"},{"data":"Dramatic Entrance","floor":46,"key":"SMITH"},{"data":"Discovery","floor":49,"key":"SMITH"}],"circlet_count":0,"master_deck":["Strike_B","Strike_B","Strike_B","Defend_B+1","Defend_B","Defend_B","Defend_B","Zap+1","Dualcast","Discovery+1","Discovery+1","Discovery","Dramatic Entrance+1","Dramatic Entrance+1","Dramatic Entrance+1","Forethought+1","Forethought","Jack Of All Trades","Jack Of All Trades","Jack Of All Trades+1","Forethought","Forethought","Forethought+1","Cold Snap","Cold Snap","Cold Snap","Gash","Gash","Gash","Gash","Gash","Gash","All For One","All For One","All For One","Gash","Gash","Gash","Stack+1","Stack+1","Stack+1","Steam Power+1","Steam Power+1","Steam Power+1","Flash of Steel","Flash of Steel","Flash of Steel","Hologram+1","Hologram+1","Hologram+1","Steam+1","Steam+1","Steam+1","Violence+1","Violence+1","Violence+1","Chill+1","Chill+1","Chill+1"],"relics":["Cracked Core","Shuriken","The Courier","CeramicFish","SlaversCollar","Singing Bowl","Toxic Egg 2","War Paint","Busted Crown","Toolbox","Eternal Feather","Ancient Tea Set","White Beast Statue"],"acts_visited":["Exordium","TheCity","TheBeyond"],"potions_floor_usage":[16,16,23,23,23,31,50,50,50,50,50],"damage_taken":[{"damage":0,"enemies":"Small Slimes","floor":1,"turns":1},{"damage":11,"enemies":"Jaw Worm","floor":3,"turns":2},{"damage":22,"enemies":"Lagavulin","floor":7,"turns":4},{"damage":0,"enemies":"2 Louse","floor":12,"turns":1},{"damage":0,"enemies":"Large Slime","floor":14,"turns":2},{"damage":26,"enemies":"Hexaghost","floor":16,"turns":5},{"damage":5,"enemies":"Shell Parasite","floor":18,"turns":3},{"damage":8,"enemies":"Spheric Guardian","floor":22,"turns":3},{"damage":20,"enemies":"Book of Stabbing","floor":23,"turns":4},{"damage":10,"enemies":"Chosen and Byrds","floor":25,"turns":4},{"damage":15,"enemies":"Snecko","floor":27,"turns":4},{"damage":30,"enemies":"Centurion and Healer","floor":30,"turns":5},{"damage":19,"enemies":"Slavers","floor":31,"turns":4},{"damage":23,"enemies":"Champ","floor":33,"turns":6},{"damage":25,"enemies":"3 Darklings","floor":35,"turns":4},{"damage":5,"enemies":"3 Shapes","floor":37,"turns":3},{"damage":17,"enemies":"Jaw Worm Horde","floor":39,"turns":3},{"damage":0,"enemies":"Reptomancer","floor":40,"turns":2},{"damage":4,"enemies":"3 Darklings","floor":42,"turns":2},{"damage":0,"enemies":"4 Shapes","floor":45,"turns":2},{"damage":0,"enemies":"Transient","floor":47,"turns":5},{"damage":15,"enemies":"Awakened One","floor":50,"turns":8}],"seed_played":"8833210206598683822","potions_obtained":[{"floor":3,"key":"SpeedPotion"},{"floor":12,"key":"Block Potion"},{"floor":14,"key":"ColorlessPotion"},{"floor":18,"key":"EntropicBrew"},{"floor":25,"key":"PotionOfCapacity"},{"floor":37,"key":"SmokeBomb"},{"floor":42,"key":"Strength Potion"},{"floor":45,"key":"EntropicBrew"},{"floor":47,"key":"LiquidMemories"}],"is_trial":false,"path_per_floor":["M","?","M","?","?","R","E","R","T","?","R","M","$","M","R","B",null,"M","?","?","?","M","E","?","M","T","M","?","R","M","E","R","B",null,"M","?","M","$","M","E","R","M","T","?","M","R","M","$","R","B",null],"character_chosen":"DEFECT","items_purchased":["CeramicFish","Flash of Steel","Hologram+1","Steam+1","Toolbox","Eternal Feather","Violence+1","Chill+1"],"campfire_rested":3,"item_purchase_floors":[13,38,38,38,38,38,48,48],"current_hp_per_floor":[75,64,53,53,38,38,16,70,70,70,70,70,70,70,70,44,70,65,65,65,65,57,48,48,40,40,27,27,71,43,26,70,49,72,49,49,44,44,29,31,61,59,59,55,57,87,89,89,90,75],"gold":18,"neow_bonus":"","is_daily":true,"chose_seed":false,"campfire_upgraded":6,"win_rate":0.0,"timestamp":1608039580,"path_taken":["M","?","M","?","?","R","E","R","T","?","R","M","$","M","R","BOSS","M","?","?","?","M","E","?","M","T","M","?","R","?","E","R","BOSS","M","?","M","$","M","E","R","M","T","?","M","R","M","$","R","BOSS"],"items_purchased_type":["Relic","Card","Card","Card","Relic","Relic","Card","Card"],"build_version":"2020-12-13","purchased_purges":0,"victory":true,"max_hp_per_floor":[75,75,75,75,75,75,75,70,70,70,70,70,70,70,70,70,70,70,70,70,70,70,72,72,74,74,76,76,71,73,75,70,72,72,74,74,74,74,76,78,78,80,80,86,88,88,90,90,90,90],"card_choices":[{"not_picked":["Stack","Reinforced Body"],"picked":"Cold Snap","floor":1},{"not_picked":["Leap","Consume","Redo"],"picked":"SKIP","floor":3},{"not_picked":["Rebound","Chill"],"picked":"Gash","floor":7},{"not_picked":["Redo","Rebound"],"picked":"Gash","floor":12},{"not_picked":["Sunder","Leap","Undo"],"picked":"SKIP","floor":14},{"not_picked":["Meteor Strike","Reboot"],"picked":"All For One","floor":16},{"not_picked":["Barrage+1","Chaos","Capacitor+1"],"picked":"SKIP","floor":18},{"not_picked":["Stack+1","Cold Snap","Compile Driver"],"picked":"SKIP","floor":22},{"not_picked":["Cold Snap","Compile Driver"],"picked":"Stack+1","floor":22},{"not_picked":["Seek","Double Energy+1","Tempest"],"picked":"Singing Bowl","floor":23},{"not_picked":["Chill","Turbo","Go for the Eyes"],"picked":"Singing Bowl","floor":25},{"not_picked":["Leap+1","Compile Driver","Ball Lightning"],"picked":"Singing Bowl","floor":27},{"not_picked":["Capacitor","Rebound","Steam+1"],"picked":"Singing Bowl","floor":30},{"not_picked":["Barrage","Buffer","Chill+1"],"picked":"Singing Bowl","floor":31},{"not_picked":["Core Surge","Electrodynamics","Multi-Cast+1"],"picked":"Singing Bowl","floor":33},{"not_picked":["Streamline"],"picked":"Singing Bowl","floor":35},{"not_picked":[],"picked":"Steam Power+1","floor":37},{"not_picked":["Leap+1"],"picked":"Singing Bowl","floor":39},{"not_picked":["Reprogram+1"],"picked":"Singing Bowl","floor":40},{"not_picked":["Ball Lightning"],"picked":"Singing Bowl","floor":42},{"not_picked":["Secret Technique+1"],"picked":"Singing Bowl","floor":44},{"not_picked":["Enlightenment+1"],"picked":"Singing Bowl","floor":44},{"not_picked":["Trip+1"],"picked":"Singing Bowl","floor":44},{"not_picked":["Melter+1"],"picked":"Singing Bowl","floor":45},{"not_picked":["Lockon"],"picked":"Singing Bowl","floor":47}],"player_experience":914482,"relics_obtained":[{"floor":7,"key":"Shuriken"},{"floor":9,"key":"The Courier"},{"floor":23,"key":"Singing Bowl"},{"floor":26,"key":"Toxic Egg 2"},{"floor":28,"key":"War Paint"},{"floor":40,"key":"Ancient Tea Set"},{"floor":43,"key":"White Beast Statue"}],"event_choices":[{"damage_healed":0,"gold_gain":75,"player_choice":"Gather Gold","damage_taken":11,"max_hp_gain":0,"max_hp_loss":0,"event_name":"World of Goop","floor":2,"gold_loss":0},{"damage_healed":0,"gold_gain":0,"player_choice":"Ignored","damage_taken":0,"max_hp_gain":0,"max_hp_loss":0,"event_name":"Liars Game","floor":4,"gold_loss":0},{"damage_healed":0,"gold_gain":0,"player_choice":"Entered Light","damage_taken":15,"max_hp_gain":0,"max_hp_loss":0,"event_name":"Shining Light","floor":5,"gold_loss":0,"cards_upgraded":["Defend_B","Forethought"]},{"cards_removed":["Forethought"],"damage_healed":0,"gold_gain":0,"player_choice":"Forget","damage_taken":0,"max_hp_gain":0,"max_hp_loss":0,"event_name":"Living Wall","floor":10,"gold_loss":0},{"damage_healed":0,"gold_gain":0,"player_choice":"Read","damage_taken":0,"max_hp_gain":0,"max_hp_loss":0,"event_name":"The Library","floor":19,"gold_loss":0,"cards_obtained":["Gash"]},{"damage_healed":0,"gold_gain":0,"player_choice":"Ignored","damage_taken":0,"max_hp_gain":0,"max_hp_loss":0,"event_name":"The Mausoleum","floor":20,"gold_loss":0},{"cards_removed":["Strike_B"],"damage_healed":0,"gold_gain":0,"player_choice":"Elegance","damage_taken":0,"max_hp_gain":0,"max_hp_loss":0,"event_name":"Back to Basics","floor":21,"gold_loss":0},{"damage_healed":0,"gold_gain":0,"player_choice":"Ignored","damage_taken":0,"max_hp_gain":0,"max_hp_loss":0,"event_name":"Ghosts","floor":24,"gold_loss":0},{"damage_healed":0,"gold_gain":0,"player_choice":"Relic","damage_taken":0,"max_hp_gain":0,"max_hp_loss":0,"event_name":"Wheel of Change","floor":28,"gold_loss":0},{"damage_healed":0,"gold_gain":0,"player_choice":"Ignored","damage_taken":0,"max_hp_gain":0,"max_hp_loss":0,"event_name":"Tomb of Lord Red Mask","floor":36,"gold_loss":0},{"damage_healed":0,"gold_gain":0,"player_choice":"Memory 3","damage_taken":10,"max_hp_gain":0,"max_hp_loss":0,"event_name":"SensoryStone","floor":44,"gold_loss":0}],"is_beta":false,"boss_relics":[{"not_picked":["Inserter","Runic Dome"],"picked":"SlaversCollar"},{"not_picked":["SacredBark","Philosopher\u0027s Stone"],"picked":"Busted Crown"}],"items_purged_floors":[],"is_endless":false,"potions_floor_spawned":[3,12,14,18,25,37,42,45,47],"ascension_level":0}}