{"host":"0vd2boh2oi7jm085","time":1608028972,"event":{"mods":["BaseMod","Colored Map","Colored Powertips","Highlight Path","Minty Spire (QoL Compilation)","Quick Restart","StSLib","The IronCluck"],"gold_per_floor":[365,365,36,48,48,79,91,103,115,161,173,185,197,37,37,133,133,156,156,81,101,119,119,134,155,155,155,155,41,41,64,64,160,160,184,517,517,529,360,360,379,389,389,422,422,434,434,454,454,454],"floor_reached":51,"playtime":1033,"items_purged":["Injury"],"score":1317,"play_id":"800b2e7b-b8f7-4152-9b28-c5bc9e84dd3b","local_time":"20201215024252","is_ascension_mode":true,"campfire_choices":[{"floor":8.0,"key":"REST"},{"data":"Pummel","floor":11.0,"key":"SMITH"},{"data":"Cleave","floor":15.0,"key":"SMITH"},{"data":"Limit Break","floor":23.0,"key":"SMITH"},{"floor":27.0,"key":"REST"},{"data":"Heavy Blade","floor":32.0,"key":"SMITH"},{"data":"Bludgeon","floor":40.0,"key":"SMITH"},{"floor":45.0,"key":"REST"},{"data":"Bash","floor":47.0,"key":"SMITH"},{"data":"Defend_R","floor":49,"key":"SMITH"}],"circlet_count":0,"master_deck":["AscendersBane","Strike_R","Strike_R","Strike_R","Strike_R","Strike_R","Defend_R","Defend_R","Defend_R","Defend_R+1","Bash+1","Pummel+1","Cleave+1","Limit Break+1","Thunderclap+1","Heavy Blade+1","Bludgeon+1","Heavy Blade+1"],"relics":["Black Blood","Potion Belt","Sling","Incense Burner","MawBank","Bird Faced Urn","Singing Bowl","Vajra","Brimstone","Velvet Choker","MutagenicStrength","Ornamental Fan","HandDrill","Letter Opener","Nunchaku"],"acts_visited":["Exordium","TheCity","TheBeyond"],"potions_floor_usage":[50,50,50,50,50],"damage_taken":[{"damage":12.0,"enemies":"Small Slimes","floor":1.0,"turns":5.0},{"damage":12.0,"enemies":"2 Louse","floor":4.0,"turns":3.0},{"damage":16.0,"enemies":"Gremlin Nob","floor":6.0,"turns":3.0},{"damage":10.0,"enemies":"3 Sentries","floor":10.0,"turns":4.0},{"damage":1.0,"enemies":"Slime Boss","floor":16.0,"turns":7.0},{"damage":3.0,"enemies":"Spheric Guardian","floor":18.0,"turns":3.0},{"damage":0.0,"enemies":"2 Thieves","floor":21.0,"turns":2.0},{"damage":17.0,"enemies":"Snake Plant","floor":22.0,"turns":2.0},{"damage":15.0,"enemies":"Centurion and Healer","floor":24.0,"turns":2.0},{"damage":8.0,"enemies":"Sentry and Sphere","floor":25.0,"turns":3.0},{"damage":0.0,"enemies":"Snecko","floor":31.0,"turns":2.0},{"damage":12.0,"enemies":"Champ","floor":33.0,"turns":5.0},{"damage":0.0,"enemies":"3 Darklings","floor":35.0,"turns":2.0},{"damage":16.0,"enemies":"3 Shapes","floor":38.0,"turns":3.0},{"damage":29.0,"enemies":"3 Darklings","floor":41.0,"turns":3.0},{"damage":14.0,"enemies":"Writhing Mass","floor":42.0,"turns":3.0},{"damage":30.0,"enemies":"Nemesis","floor":44.0,"turns":3.0},{"damage":0.0,"enemies":"Transient","floor":46.0,"turns":6.0},{"damage":9,"enemies":"Sphere and 2 Shapes","floor":48,"turns":2},{"damage":86,"enemies":"Awakened One","floor":50,"turns":4}],"seed_played":"237751806613759486","potions_obtained":[{"floor":1.0,"key":"Explosive Potion"},{"floor":16.0,"key":"Fruit Juice"},{"floor":21.0,"key":"SneckoOil"},{"floor":25.0,"key":"SteroidPotion"},{"floor":38.0,"key":"AttackPotion"},{"floor":41.0,"key":"Fruit Juice"},{"floor":42.0,"key":"ColorlessPotion"},{"floor":48,"key":"EntropicBrew"}],"is_trial":false,"path_per_floor":["M","?","$","M","?","E","$","R","T","E","R","?","T","$","R","B",null,"M","?","$","M","M","R","M","M","T","R","?","$","$","M","R","B",null,"M","?","?","M","$","R","M","M","T","E","R","M","R","M","R","B",null],"character_chosen":"IRONCLAD","items_purchased":["Potion Belt","Sling","Brimstone","Energy Potion","Block Potion","HandDrill"],"campfire_rested":3,"item_purchase_floors":[3,3,14,29,29,39],"current_hp_per_floor":[62,67,67,61,56,46,46,67,67,65,65,65,65,65,65,75,79,82,82,82,84,75,75,66,66,66,88,88,88,88,90,90,84,89,90,90,92,90,90,90,80,80,80,64,95,107,107,109,109,35],"gold":454,"neow_bonus":"TWO_FIFTY_GOLD","is_daily":false,"chose_seed":false,"campfire_upgraded":7,"win_rate":0.0,"timestamp":1608028972,"path_taken":["M","?","$","M","?","E","$","R","T","E","R","?","?","$","R","BOSS","M","?","$","M","M","R","M","M","T","R","?","?","$","?","R","BOSS","M","?","?","M","$","R","M","M","T","E","R","M","R","M","R","BOSS"],"items_purchased_type":["Relic","Relic","Relic","Potion","Potion","Relic"],"build_version":"2020-12-13","purchased_purges":1,"victory":true,"max_hp_per_floor":[68,73,73,73,73,73,73,73,73,75,75,75,75,75,75,80,80,82,82,82,84,86,86,86,88,88,88,88,88,88,90,90,90,90,90,90,92,94,94,94,101,103,103,105,105,107,107,109,109,109],"card_choices":[{"not_picked":["Dark Embrace","Headbutt"],"picked":"Pummel","floor":1.0},{"not_picked":["Clash","Body Slam"],"picked":"Cleave","floor":4.0},{"not_picked":["Exhume","Dark Embrace","Clash"],"picked":"SKIP","floor":6.0},{"not_picked":["Metallicize","Cleave","Clothesline"],"picked":"Singing Bowl","floor":10.0},{"not_picked":["Barricade","Immolate"],"picked":"Limit Break","floor":16.0},{"not_picked":["Burning Pact","Havoc","Headbutt"],"picked":"Singing Bowl","floor":18.0},{"not_picked":["Burning Pact","Metallicize","Bloodletting"],"picked":"Singing Bowl","floor":21.0},{"not_picked":["Second Wind","Perfected Strike","Pommel Strike"],"picked":"Singing Bowl","floor":22.0},{"not_picked":["Cleave","Shockwave"],"picked":"Thunderclap+1","floor":24.0},{"not_picked":["Iron Wave","Clash","Thunderclap+1"],"picked":"Singing Bowl","floor":25.0},{"not_picked":["Wild Strike","Perfected Strike","Warcry"],"picked":"Singing Bowl","floor":31.0},{"not_picked":["Fiend Fire","Offering"],"picked":"Bludgeon","floor":33.0},{"not_picked":["Fire Breathing","Perfected Strike"],"picked":"Heavy Blade+1","floor":35.0},{"not_picked":["Secret Weapon","Forethought","Deep Breath"],"picked":"Singing Bowl","floor":37.0},{"not_picked":["Ghostly Armor+1","Pommel Strike","Blood for Blood"],"picked":"Singing Bowl","floor":38.0},{"not_picked":["Havoc+1","Evolve","Headbutt"],"picked":"Singing Bowl","floor":41.0},{"not_picked":["Flame Barrier+1","Uppercut","Pommel Strike"],"picked":"Singing Bowl","floor":42.0},{"not_picked":["Seeing Red","Flex","Clash"],"picked":"Singing Bowl","floor":44.0},{"not_picked":["Sword Boomerang","Entrench","Twin Strike+1"],"picked":"Singing Bowl","floor":46.0},{"not_picked":["Clothesline","Twin Strike","Disarm+1"],"picked":"Singing Bowl","floor":48}],"player_experience":88090,"relics_obtained":[{"floor":6.0,"key":"MawBank"},{"floor":9.0,"key":"Bird Faced Urn"},{"floor":10.0,"key":"Singing Bowl"},{"floor":13.0,"key":"Vajra"},{"floor":26.0,"key":"Ornamental Fan"},{"floor":43.0,"key":"Letter Opener"},{"floor":44.0,"key":"Nunchaku"}],"event_choices":[{"damage_healed":0.0,"max_hp_gain":5.0,"max_hp_loss":0.0,"gold_gain":0.0,"event_name":"Big Fish","player_choice":"Donut","floor":2.0,"gold_loss":0.0,"damage_taken":0.0},{"damage_healed":0.0,"max_hp_gain":0.0,"max_hp_loss":0.0,"gold_gain":0.0,"event_name":"Scrap Ooze","player_choice":"Success","floor":5.0,"gold_loss":0.0,"damage_taken":5.0,"relics_obtained":["Incense Burner"]},{"damage_healed":0.0,"max_hp_gain":0.0,"max_hp_loss":0.0,"gold_gain":0.0,"event_name":"Golden Idol","player_choice":"Take Wound","floor":12.0,"gold_loss":0.0,"damage_taken":0.0,"relics_obtained":["Golden Idol"],"cards_obtained":["Injury"]},{"damage_healed":0.0,"max_hp_gain":0.0,"max_hp_loss":0.0,"gold_gain":0.0,"event_name":"Drug Dealer","player_choice":"Inject Mutagens","floor":19.0,"gold_loss":0.0,"damage_taken":0.0,"relics_obtained":["MutagenicStrength"]},{"damage_healed":0.0,"max_hp_gain":0.0,"max_hp_loss":0.0,"gold_gain":0.0,"event_name":"The Library","player_choice":"Read","floor":28.0,"gold_loss":0.0,"damage_taken":0.0,"cards_obtained":["Heavy Blade"]},{"damage_healed":0.0,"max_hp_gain":0.0,"max_hp_loss":0.0,"gold_gain":333.0,"event_name":"The Moai Head","player_choice":"Gave Idol","floor":36.0,"relics_lost":["Golden Idol"],"gold_loss":0.0,"damage_taken":0.0},{"damage_healed":0.0,"max_hp_gain":0.0,"max_hp_loss":0.0,"gold_gain":0.0,"event_name":"SensoryStone","player_choice":"Memory 1","floor":37.0,"gold_loss":0.0,"damage_taken":0.0}],"is_beta":false,"boss_relics":[{"not_picked":["Empty Cage","Ectoplasm"],"picked":"Velvet Choker"},{"not_picked":["Philosopher\u0027s Stone","Runic Pyramid"],"picked":"Black Blood"}],"items_purged_floors":[20],"is_endless":false,"potions_floor_spawned":[1,16,21,25,38,41,42,48],"ascension_level":17}}