{"host":"5gc11emcm5chfr5t","time":1608073937,"event":{"mods":["2.2 Compatiblity","AchievementEnabler","BaseMod","Bestiary","Better Note","Colored Map","Colored Powertips","Downfall","Googly Eyes","Minty Spire (QoL Compilation)","Rare Cards Sparkle","StSLib"],"gold_per_floor":[99,111,111,126,137,165,211,136,121,150,170,170,187,187,204,204,204],"floor_reached":16,"playtime":722,"items_purged":[],"score":196,"play_id":"4c949db0-7af5-49a6-a096-ea61be010686","local_time":"20201215181217","is_ascension_mode":true,"campfire_choices":[{"floor":1,"key":"RECALL"},{"floor":8,"key":"REST"}],"circlet_count":0,"master_deck":["sneckomod:Strike","sneckomod:Defend","sneckomod:Defend","sneckomod:Defend","sneckomod:TailWhip+1","sneckomod:SnekBite","sneckomod:Unknown","sneckomod:Unknown+1","sneckomod:UnknownExhaust+1","sneckomod:SoulRoll","sneckomod:UnknownDexterity","Pain","sneckomod:UnknownVulnerable","sneckomod:UnknownClassHEXA_GHOST_PURPLE","sneckomod:UnknownRareSkill","sneckomod:Unknown2Cost","sneckomod:SnakeSap+1","sneckomod:MasterEye","sneckomod:UnknownStrength","Regret","sneckomod:TrashToTreasure"],"relics":["sneckomod:SneckoSoul","WarpedTongs","Pen Nib","Bronze Scales","downfall:HeartBlessingRed","Gambling Chip","Boot"],"acts_visited":["Exordium"],"potions_floor_usage":[6,10,10,10,16,16],"damage_taken":[{"damage":1,"enemies":"Cultist","floor":2,"turns":3},{"damage":10,"enemies":"Jaw Worm","floor":4,"turns":4},{"damage":15,"enemies":"Small Slimes","floor":5,"turns":3},{"damage":3,"enemies":"Gremlin Nob","floor":6,"turns":3},{"damage":12,"enemies":"downfall:FleeingMerchant","floor":9,"turns":4},{"damage":37,"enemies":"3 Sentries","floor":10,"turns":7},{"damage":8,"enemies":"Blue Slaver","floor":11,"turns":5},{"damage":8,"enemies":"Red Slaver","floor":13,"turns":4},{"damage":16,"enemies":"Lots of Slimes","floor":15,"turns":3},{"damage":17,"enemies":"downfall:Silent","floor":16,"turns":3}],"seed_played":"-8370525734276845194","potions_obtained":[{"floor":2,"key":"Fruit Juice"},{"floor":5,"key":"Explosive Potion"},{"floor":10,"key":"Fruit Juice"},{"floor":11,"key":"Strength Potion"},{"floor":15,"key":"sneckomod:MuddlingPotion"}],"is_trial":false,"path_per_floor":["R","M","?","M","M","E","T","R","$","E","M","?","M","?","M","B"],"character_chosen":"THE_SNECKO","items_purchased":[],"campfire_rested":1,"item_purchase_floors":[],"current_hp_per_floor":[64,64,64,55,41,44,44,74,75,43,35,35,28,28,12,0,0],"gold":204,"neow_bonus":"TRANSFORM_TWO_CARDS","is_daily":false,"chose_seed":false,"campfire_upgraded":0,"win_rate":0.0,"timestamp":1608073937,"path_taken":["R","M","?","M","M","E","T","R","$","E","?","?","M","?","M","BOSS"],"items_purchased_type":[],"build_version":"2020-12-13","purchased_purges":0,"victory":false,"max_hp_per_floor":[91,92,92,93,94,100,100,100,101,106,106,106,107,107,107,107,107],"card_choices":[{"not_picked":["sneckomod:SoulRoll","sneckomod:Unknown0Cost"],"picked":"sneckomod:UnknownDexterity","floor":2},{"not_picked":["sneckomod:QuickMove","sneckomod:Unknown1Cost"],"picked":"sneckomod:UnknownVulnerable","floor":4},{"not_picked":["sneckomod:UnknownCommonSkill","sneckomod:SoulRoll"],"picked":"sneckomod:UnknownClassHEXA_GHOST_PURPLE","floor":5},{"not_picked":["sneckomod:Unknown1Cost","sneckomod:WideSting"],"picked":"sneckomod:UnknownRareSkill","floor":6},{"not_picked":["sneckomod:DiceCrush","sneckomod:UnknownClassHEXA_GHOST_PURPLE"],"picked":"sneckomod:Unknown2Cost","floor":9},{"not_picked":["sneckomod:WideSting","sneckomod:UnknownWeak"],"picked":"sneckomod:SnakeSap","floor":10},{"not_picked":["sneckomod:QuickBite","sneckomod:SoulDraw"],"picked":"sneckomod:MasterEye","floor":11},{"not_picked":["sneckomod:IronFang","sneckomod:UnknownUncommonSkill"],"picked":"sneckomod:UnknownStrength","floor":13},{"not_picked":["sneckomod:UnknownBlock","sneckomod:Rotation"],"picked":"sneckomod:TrashToTreasure","floor":15}],"player_experience":382432,"relics_obtained":[{"floor":6,"key":"Pen Nib"},{"floor":7,"key":"Bronze Scales"},{"floor":10,"key":"Gambling Chip"}],"event_choices":[{"damage_healed":0,"gold_gain":0,"player_choice":"Rummage","damage_taken":0,"relics_obtained":["WarpedTongs"],"max_hp_gain":0,"max_hp_loss":0,"event_name":"Accursed Blacksmith","floor":3,"gold_loss":0,"cards_obtained":["Pain"]}],"is_beta":false,"boss_relics":[],"items_purged_floors":[],"is_endless":false,"potions_floor_spawned":[2,5,11,15],"killed_by":"downfall:Silent","ascension_level":5}}