{"host":"esx1hwjnbftf3eqj","time":1608064113,"event":{"mods":["BaseMod","Colored Map","Minty Spire (QoL Compilation)","StSLib","Wandering Minibosses"],"gold_per_floor":[114,114,39,39,62,98,121,154,207,240,253,0,0,24,24,150,150,175,75,96,121,39,73,73,73,73],"floor_reached":25,"playtime":5780,"items_purged":["Regret","Parasite"],"score":320,"play_id":"ba98db1a-4854-46a2-a7c6-a5746ac3cfff","local_time":"20201215122833","is_ascension_mode":true,"campfire_choices":[{"data":"Zap","floor":15.0,"key":"SMITH"},{"data":"Genetic Algorithm","floor":24,"key":"SMITH"}],"circlet_count":0,"master_deck":["Strike_B","Strike_B","Strike_B","Strike_B","Defend_B","Defend_B","Defend_B","Defend_B","Zap+1","Dualcast","Gash","Tempest","Ball Lightning+1","Streamline+1","Self Repair","Gash+1","Leap","White Noise","Thunder Strike+1","Leap+1","Ball Lightning+1","Steam+1","Genetic Algorithm+1","Ball Lightning+1"],"relics":["Cracked Core","TungstenRod","Molten Egg 2","Golden Idol","Potion Belt","Blue Candle","Anchor","Matryoshka","Mummified Hand","SlaversCollar","Omamori"],"acts_visited":["Exordium","TheCity"],"potions_floor_usage":[20,20,20,23],"damage_taken":[{"damage":1.0,"enemies":"Jaw Worm","floor":1.0,"turns":3.0},{"damage":0.0,"enemies":"Small Slimes","floor":5.0,"turns":2.0},{"damage":14.0,"enemies":"Lagavulin","floor":6.0,"turns":6.0},{"damage":5.0,"enemies":"2 Louse","floor":7.0,"turns":2.0},{"damage":7.0,"enemies":"Gremlin Nob","floor":8.0,"turns":3.0},{"damage":29.0,"enemies":"Lagavulin","floor":10.0,"turns":5.0},{"damage":13.0,"enemies":"Exordium Thugs","floor":11.0,"turns":6.0},{"damage":34.0,"enemies":"Gremlin Gang","floor":14.0,"turns":6.0},{"damage":0.0,"enemies":"Slime Boss","floor":16.0,"turns":7.0},{"damage":27,"enemies":"Shell Parasite","floor":18,"turns":5},{"damage":18,"enemies":"Chosen","floor":20,"turns":6},{"damage":27,"enemies":"Snake Plant","floor":21,"turns":4},{"damage":12,"enemies":"Book of Stabbing","floor":23,"turns":4},{"damage":29,"enemies":"Gremlin Leader","floor":25,"turns":4}],"seed_played":"-6171773789031568050","potions_obtained":[{"floor":1.0,"key":"Regen Potion"},{"floor":7.0,"key":"EntropicBrew"},{"floor":10.0,"key":"BlessingOfTheForge"},{"floor":16.0,"key":"DistilledChaos"},{"floor":20,"key":"DistilledChaos"},{"floor":23,"key":"Strength Potion"}],"is_trial":false,"path_per_floor":["M","?","$","?","M","E","M","E","T","E","M","$","$","M","R","B",null,"M","$","M","M","$","E","R","E"],"character_chosen":"DEFECT","items_purchased":["Mummified Hand","Genetic Algorithm"],"campfire_rested":0,"item_purchase_floors":[12,22],"current_hp_per_floor":[74,74,74,57,57,43,38,40,40,18,46,46,46,19,19,26,75,55,55,44,24,24,26,26,0,0],"gold":73,"neow_bonus":"ONE_RARE_RELIC","is_daily":false,"chose_seed":false,"campfire_upgraded":2,"win_rate":0.0,"timestamp":1608064113,"path_taken":["M","?","$","?","M","E","M","E","T","E","M","?","$","M","R","BOSS","M","$","M","M","$","E","R","E"],"items_purchased_type":["Relic","Card"],"build_version":"2020-12-13","purchased_purges":2,"victory":false,"max_hp_per_floor":[75,75,75,75,75,75,75,75,75,75,75,75,75,75,75,75,75,75,72,72,72,72,72,72,72,72],"card_choices":[{"not_picked":["Go for the Eyes","Hologram"],"picked":"Gash","floor":1.0},{"not_picked":["Consume","Hologram"],"picked":"Tempest","floor":5.0},{"not_picked":["Coolheaded","Conserve Battery"],"picked":"Ball Lightning+1","floor":6.0},{"not_picked":["Compile Driver+1","Heatsinks"],"picked":"Streamline+1","floor":7.0},{"not_picked":["Reprogram","Turbo"],"picked":"Self Repair","floor":8.0},{"not_picked":["FTL+1","Ball Lightning+1"],"picked":"Gash+1","floor":10.0},{"not_picked":["Streamline+1","Hello World"],"picked":"Leap","floor":11.0},{"not_picked":["Leap","Static Discharge"],"picked":"White Noise","floor":14.0},{"not_picked":["Machine Learning","Biased Cognition"],"picked":"Thunder Strike+1","floor":16.0},{"not_picked":["Scrape+1","Rebound+1"],"picked":"Leap+1","floor":18},{"not_picked":["Doom and Gloom+1","Cold Snap+1"],"picked":"Ball Lightning+1","floor":20},{"not_picked":["Cold Snap+1","Undo"],"picked":"Steam+1","floor":21},{"not_picked":["Streamline+1","Rainbow"],"picked":"Ball Lightning+1","floor":23}],"player_experience":311152,"relics_obtained":[{"floor":6.0,"key":"Potion Belt"},{"floor":8.0,"key":"Blue Candle"},{"floor":9.0,"key":"Anchor"},{"floor":10.0,"key":"Matryoshka"},{"floor":23,"key":"Omamori"}],"event_choices":[{"damage_healed":0.0,"max_hp_gain":0.0,"max_hp_loss":0.0,"gold_gain":0.0,"event_name":"Big Fish","player_choice":"Box","floor":2.0,"gold_loss":0.0,"damage_taken":0.0,"relics_obtained":["Molten Egg 2"],"cards_obtained":["Regret"]},{"damage_healed":0.0,"max_hp_gain":0.0,"max_hp_loss":0.0,"gold_gain":0.0,"event_name":"Golden Idol","player_choice":"Take Damage","floor":4.0,"gold_loss":0.0,"damage_taken":18.0,"relics_obtained":["Golden Idol"]}],"is_beta":false,"boss_relics":[{"not_picked":["Tiny House","Empty Cage"],"picked":"SlaversCollar"}],"items_purged_floors":[3,19],"is_endless":false,"potions_floor_spawned":[1,7,10,16,20,23],"killed_by":"Gremlin Leader","ascension_level":2}}