{"host":"fq53p46eudtfn1d2","time":1608050164,"event":{"mods":["BaseMod","Better Sensory Stone","Card Forge","Colored Powertips","Energized Spire","Minty Spire (QoL Compilation)","Permanent Neow","Quick Restart","StSLib"],"gold_per_floor":[359,359,374,436,436,470,470,505,532,550,589,608,608,629,629,758,758,781,825,825,850,865,865,865,905,905,905,905],"floor_reached":27,"playtime":2248,"items_purged":[],"score":404,"play_id":"a91e47d8-ff12-42c4-85f6-9dc9af1ba392","local_time":"20201215113604","is_ascension_mode":true,"campfire_choices":[{"floor":7.0,"key":"RECALL"},{"floor":13.0,"key":"REST"},{"data":"Berserk","floor":15.0,"key":"SMITH"},{"floor":23.0,"key":"REST"}],"circlet_count":0,"master_deck":["Strike_R+1","Strike_R+1","Defend_R+1","Defend_R+1","Defend_R+1","Defend_R+1","Bash+1","Wild Strike+1","Barricade+1","Wild Strike+1","Fire Breathing+1","Entrench+1","Blood for Blood+1","Rupture+1","Blood for Blood+1","Berserk+1","Wild Strike+1","Brutality+1","Body Slam+1","Heavy Blade+1","Evolve+1","Necronomicurse","Rupture+1","Battle Trance+1","Combust+1","Evolve+1","Blind+1","Demon Form+1","Feel No Pain+1","Bludgeon+1"],"relics":["Burning Blood","Hammer of Thor","Seething Fire","Anvil of the Gods","Golden Idol","Orichalcum","Bottled Tornado","Prayer Wheel","energizedSpire:CursedPentagram","Red Mask","Necronomicon","Sundial","Pen Nib"],"acts_visited":["Exordium","TheCity"],"potions_floor_usage":[25,25],"damage_taken":[{"damage":0.0,"enemies":"Small Slimes","floor":1.0,"turns":3.0},{"damage":0.0,"enemies":"2 Louse","floor":3.0,"turns":2.0},{"damage":30.0,"enemies":"3 Sentries","floor":6.0,"turns":8.0},{"damage":0.0,"enemies":"Lagavulin","floor":8.0,"turns":7.0},{"damage":4.0,"enemies":"Jaw Worm","floor":10.0,"turns":5.0},{"damage":0.0,"enemies":"Gremlin Nob","floor":11.0,"turns":5.0},{"damage":3.0,"enemies":"Looter","floor":12.0,"turns":2.0},{"damage":4.0,"enemies":"Large Slime","floor":14.0,"turns":4.0},{"damage":0.0,"enemies":"The Guardian","floor":16.0,"turns":8.0},{"damage":12.0,"enemies":"3 Byrds","floor":18.0,"turns":5.0},{"damage":60.0,"enemies":"Masked Bandits","floor":19.0,"turns":5.0},{"damage":0.0,"enemies":"Spheric Guardian","floor":21.0,"turns":5.0},{"damage":0.0,"enemies":"Snecko","floor":22.0,"turns":3.0},{"damage":33,"enemies":"Slavers","floor":25,"turns":6},{"damage":11,"enemies":"Shelled Parasite and Fungi","floor":27,"turns":2}],"seed_played":"-3359595784113756563","potions_obtained":[{"floor":1.0,"key":"LiquidBronze"},{"floor":3.0,"key":"ElixirPotion"},{"floor":8.0,"key":"PowerPotion"},{"floor":12.0,"key":"ColorlessPotion"},{"floor":14.0,"key":"CultistPotion"},{"floor":16.0,"key":"SteroidPotion"},{"floor":19.0,"key":"BlessingOfTheForge"},{"floor":22.0,"key":"DuplicationPotion"}],"is_trial":false,"path_per_floor":["M","?","M","?","?","E","R","E","T","M","E","M","R","M","R","B",null,"M","?","?","M","M","R","?","E","T","M"],"character_chosen":"IRONCLAD","items_purchased":[],"campfire_rested":2,"item_purchase_floors":[],"current_hp_per_floor":[77,77,77,77,77,53,53,59,59,61,67,70,77,77,77,77,77,71,17,1,7,13,36,36,9,9,0,0],"gold":905,"neow_bonus":"TWO_FIFTY_GOLD","is_daily":false,"chose_seed":false,"campfire_upgraded":1,"win_rate":0.0,"timestamp":1608050164,"path_taken":["M","?","M","?","?","E","R","E","T","?","E","M","R","M","R","BOSS","M","?","?","M","M","R","?","E","T","?"],"items_purchased_type":[],"build_version":"2020-12-13","purchased_purges":0,"victory":false,"max_hp_per_floor":[77,77,77,77,77,77,77,77,77,77,77,77,77,77,77,77,77,77,77,77,77,77,77,77,77,77,77,77],"card_choices":[{"not_picked":["True Grit","Warcry"],"picked":"Wild Strike","floor":1.0},{"not_picked":["Carnage","Pummel"],"picked":"Wild Strike","floor":3.0},{"not_picked":["Perfected Strike","Corruption"],"picked":"Fire Breathing","floor":6.0},{"not_picked":["Feel No Pain","Ghostly Armor"],"picked":"Entrench","floor":8.0},{"not_picked":["Disarm","Heavy Blade","Combust"],"picked":"SKIP","floor":10.0},{"not_picked":["Sword Boomerang","Anger"],"picked":"Blood for Blood","floor":11.0},{"not_picked":["Cleave","Armaments"],"picked":"Rupture","floor":12.0},{"not_picked":["Twin Strike","Sword Boomerang"],"picked":"Blood for Blood","floor":12.0},{"not_picked":["Combust","Headbutt"],"picked":"Berserk","floor":14.0},{"not_picked":["True Grit","Havoc"],"picked":"Wild Strike","floor":14.0},{"not_picked":["Bludgeon","Juggernaut"],"picked":"Brutality","floor":16.0},{"not_picked":["Warcry","Searing Blow"],"picked":"Body Slam","floor":18.0},{"not_picked":["Reckless Charge","Havoc"],"picked":"Heavy Blade","floor":18.0},{"not_picked":["Hemokinesis","Power Through"],"picked":"Evolve","floor":19.0},{"not_picked":["Warcry+1","Shrug It Off"],"picked":"Rupture","floor":21.0},{"not_picked":["Combust+1","Reckless Charge+1"],"picked":"Battle Trance+1","floor":21.0},{"not_picked":["Reckless Charge+1","Anger"],"picked":"Combust","floor":22.0},{"not_picked":["Heavy Blade","Anger"],"picked":"Evolve","floor":22.0},{"not_picked":["Blood for Blood+1","Clash"],"picked":"Bludgeon","floor":25}],"player_experience":321638,"relics_obtained":[{"floor":6.0,"key":"Orichalcum"},{"floor":8.0,"key":"Bottled Tornado"},{"floor":11.0,"key":"Prayer Wheel"},{"floor":19.0,"key":"Red Mask"},{"floor":20.0,"key":"Necronomicon"},{"floor":25,"key":"Sundial"},{"floor":26,"key":"Pen Nib"}],"event_choices":[{"damage_healed":0.0,"max_hp_gain":0.0,"max_hp_loss":0.0,"gold_gain":0.0,"cards_transformed":["Strike_R"],"event_name":"Living Wall","player_choice":"Change","floor":2.0,"gold_loss":0.0,"damage_taken":0.0,"cards_obtained":["Barricade"]},{"damage_healed":0.0,"max_hp_gain":0.0,"max_hp_loss":0.0,"gold_gain":62.0,"event_name":"Golden Wing","player_choice":"Gained Gold","floor":4.0,"gold_loss":0.0,"damage_taken":0.0},{"damage_healed":0.0,"max_hp_gain":0.0,"max_hp_loss":0.0,"gold_gain":0.0,"event_name":"Golden Idol","player_choice":"Take Wound","floor":5.0,"gold_loss":0.0,"damage_taken":0.0,"relics_obtained":["Golden Idol"],"cards_obtained":["Injury"]},{"damage_healed":0.0,"max_hp_gain":0.0,"max_hp_loss":0.0,"gold_gain":0.0,"event_name":"Masked Bandits","player_choice":"Fought Bandits","floor":19.0,"gold_loss":0.0,"damage_taken":0.0},{"damage_healed":0.0,"max_hp_gain":0.0,"max_hp_loss":0.0,"gold_gain":0.0,"event_name":"Cursed Tome","player_choice":"Obtained Book","floor":20.0,"gold_loss":0.0,"damage_taken":16.0},{"damage_healed":0,"gold_gain":0,"player_choice":"3 cards matched","damage_taken":0,"max_hp_gain":0,"max_hp_loss":0,"event_name":"Match and Keep!","floor":24,"gold_loss":0,"cards_obtained":["Blind","Demon Form","Feel No Pain"]}],"is_beta":false,"boss_relics":[{"not_picked":["Tiny House","Fusion Hammer"],"picked":"energizedSpire:CursedPentagram"}],"items_purged_floors":[],"is_endless":false,"potions_floor_spawned":[1,3,8,12,14,16,19,22],"killed_by":"Shelled Parasite and Fungi","ascension_level":3}}