{"host":"q7vkosjfkvfklbk2","time":1608029537,"event":{"mods":["Abigail Mod","AchievementEnabler","Act Like it!","Ascension Reborn","Astrologer","BaseMod","Better Third Choice","Conspire","Downfall","GungeonMod","Hallownest","Hubris","KinomotoSakuraMod(Ä¾Ö®±¾Ó£)","Koishi","KomeijiMod","Lobotomy","Minty Spire (QoL Compilation)","Quick Restart","Replay The Spire","Shop Mod","StSLib","The Bug Knight","The Cursed","The Kombatant","The Poker Player","The Servant 0.9.4","UnlockEverythingMod","[IsaacMod]ÒÔÈö¼âËþ","vexMod"],"gold_per_floor":[119,49,49,77,108,114,114],"floor_reached":6,"playtime":352,"items_purged":[],"score":38,"play_id":"796075e0-0655-4f5b-b36b-4c761bbf2d49","local_time":"20201215185217","is_ascension_mode":true,"campfire_choices":[],"circlet_count":0,"master_deck":["Koishi:BasicStrike","Koishi:BasicStrike","Koishi:BasicStrike","Koishi:BasicStrike","Koishi:BasicDefend","Koishi:BasicDefend","Koishi:BasicDefend","Koishi:BasicDefend","Koishi:Provoke","Koishi:HauntingSlash","OldLady","ShyLook","Koishi:JumpScare","VoidDream"],"relics":["Koishi:ImaginaryFriend","HushsDoor","BelialBook","CogitoBucket","Hallownest:StagBellRelic1","Replay:Bandana","The Courier"],"acts_visited":["Exordium"],"potions_floor_usage":[],"damage_taken":[{"damage":0,"enemies":"2_ Uuma","floor":1,"turns":8},{"damage":1,"enemies":"Hallownest:monsterHuskWarrior","floor":4,"turns":4},{"damage":20,"enemies":"Hallownest:monsterHuskGuard","floor":5,"turns":5},{"damage":0,"enemies":"Hallownest:eliteCrystalGuardian","floor":6,"turns":2}],"seed_played":"-5296291849654190370","potions_obtained":[{"floor":4,"key":"Swift Potion"}],"is_trial":false,"path_per_floor":["M","?","?","M","M","E"],"character_chosen":"KOISHI","items_purchased":[],"campfire_rested":0,"item_purchase_floors":[],"current_hp_per_floor":[60,60,32,32,16,16,16],"gold":114,"neow_bonus":"","is_daily":false,"chose_seed":false,"campfire_upgraded":0,"win_rate":0.0,"timestamp":1608029537,"path_taken":["M","?","?","M","M","E"],"items_purchased_type":[],"build_version":"2020-12-13","purchased_purges":0,"victory":false,"max_hp_per_floor":[60,60,60,60,60,60,60],"card_choices":[{"not_picked":["NakedNest","SpiderBud"],"picked":"OldLady","floor":1},{"not_picked":["Koishi:JumpScare","Koishi:UnconsciousUprising","Koishi:SpiritedAway"],"picked":"SKIP","floor":1},{"not_picked":["WallGazer","Bloodbath"],"picked":"ShyLook","floor":4},{"not_picked":["Koishi:TremblingHands","Koishi:CatchAndRose"],"picked":"Koishi:JumpScare","floor":4},{"not_picked":["UniverseFragment","CherryBlossoms","Yin"],"picked":"Singing Bowl","floor":5},{"not_picked":["SpiderBud","WallGazer"],"picked":"VoidDream","floor":5},{"not_picked":["Koishi:StingingMind","Koishi:Ego","Koishi:RorschachInDanmaku"],"picked":"SKIP","floor":5}],"player_experience":429542,"relics_obtained":[],"event_choices":[],"is_beta":false,"boss_relics":[],"items_purged_floors":[],"is_endless":false,"potions_floor_spawned":[4],"killed_by":"Hallownest:eliteCrystalGuardian","ascension_level":1}}