{"host":"cyh4fejqtcjbfr7k","time":1608014293,"event":{"mods":["2.2 Compatiblity","AchievementEnabler","BaseMod","Colored Map","Colored Powertips","DeckTracker","Downfall","Googly Eyes","Hubris","Infinite Spire","Minty Spire (QoL Compilation)","Replay The Spire","Shop Mod","StSLib","SuperFastMode","The Disciple","Unceasing Turn Reminder"],"gold_per_floor":[114,114,114,127,127,153,153,166,166,166,166,176,188,222,222,319,319,332,345,345,295,307,307,307,307],"floor_reached":24,"playtime":931,"items_purged":[],"score":231,"play_id":"ac310015-858d-488e-af04-edc140ff25b8","local_time":"20201214233813","is_ascension_mode":false,"campfire_choices":[{"data":"PathToVictory","floor":7,"key":"SMITH"},{"data":"WindmillStrike","floor":10,"key":"SMITH"},{"floor":15,"key":"REST"},{"floor":23,"key":"REST"}],"circlet_count":0,"master_deck":["Strike_P","Strike_P","Strike_P","Strike_P","Defend_P","Defend_P","Defend_P","Defend_P","Eruption","Vigilance","PathToVictory+1","Conclude","WindmillStrike+1","SandsOfTime","FlyingSleeves","Ragnarok","Alpha","CurseOfTheBell","Swivel","FlurryOfBlows+1","Protect"],"relics":["PureWater","NeowsBlessing","ReplayTheSpireMod:Lightbulb","Orichalcum","Calling Bell","Darkstone Periapt","Blue Doll","Replay:Purple Gloves"],"acts_visited":["Exordium","TheCity"],"potions_floor_usage":[14,16,24],"damage_taken":[{"damage":0,"enemies":"Jaw Worm","floor":1,"turns":1},{"damage":0,"enemies":"Cultist","floor":4,"turns":1},{"damage":0,"enemies":"3 Sentries","floor":6,"turns":2},{"damage":5,"enemies":"Small Slimes","floor":8,"turns":3},{"damage":2,"enemies":"2 Fungi Beasts","floor":12,"turns":4},{"damage":7,"enemies":"Large Slime","floor":13,"turns":5},{"damage":18,"enemies":"Lagavulin","floor":14,"turns":5},{"damage":30,"enemies":"The Guardian","floor":16,"turns":11},{"damage":30,"enemies":"Shell Parasite","floor":18,"turns":6},{"damage":14,"enemies":"Chosen","floor":19,"turns":6},{"damage":34,"enemies":"Centurion and Healer","floor":22,"turns":6},{"damage":39,"enemies":"Sentry and Sphere","floor":24,"turns":6}],"seed_played":"5119614277431545229","potions_obtained":[{"floor":1,"key":"GamblersBrew"},{"floor":4,"key":"Elixir"},{"floor":12,"key":"AttackPotion"},{"floor":19,"key":"PowerPotion"}],"is_trial":false,"path_per_floor":["M","$","?","M","$","E","R","M","T","R","?","M","M","E","R","B",null,"M","M","?","?","M","R","M"],"character_chosen":"WATCHER","items_purchased":[],"campfire_rested":2,"item_purchase_floors":[],"current_hp_per_floor":[72,72,72,72,72,72,72,67,67,67,67,65,58,40,61,31,72,42,28,52,52,18,39,0,0],"gold":307,"neow_bonus":"THREE_ENEMY_KILL","is_daily":false,"chose_seed":false,"campfire_upgraded":2,"win_rate":0.0,"timestamp":1608014293,"path_taken":["M","$","?","M","?","E","R","M","T","R","?","M","M","E","R","BOSS","M","M","?","?","M","R","M"],"items_purchased_type":[],"build_version":"2020-12-13","purchased_purges":0,"victory":false,"max_hp_per_floor":[72,72,72,72,72,72,72,72,72,72,72,72,72,72,72,72,72,72,72,72,72,72,72,72,72],"card_choices":[{"not_picked":["Meditate","Replay:AtTheReady"],"picked":"PathToVictory","floor":1},{"not_picked":["FlyingSleeves","Replay:Cycle","BowlingBash"],"picked":"SKIP","floor":4},{"not_picked":["Replay:AtTheReady","Vengeance"],"picked":"Conclude","floor":6},{"not_picked":["Evaluate","ThirdEye"],"picked":"WindmillStrike","floor":8},{"not_picked":["WindmillStrike","ConjureBlade"],"picked":"SandsOfTime","floor":12},{"not_picked":["CutThroughFate","FlurryOfBlows"],"picked":"FlyingSleeves","floor":13},{"not_picked":["Protect","Replay:AtTheReady"],"picked":"Ragnarok","floor":14},{"not_picked":["Wish","Brilliance"],"picked":"Alpha","floor":16},{"not_picked":["Wallop+1","CutThroughFate"],"picked":"Swivel","floor":18},{"not_picked":["WindmillStrike","Replay:Cycle"],"picked":"FlurryOfBlows+1","floor":19},{"not_picked":["Prostrate","Replay:Cycle"],"picked":"Protect","floor":22}],"player_experience":578068,"relics_obtained":[{"floor":6,"key":"ReplayTheSpireMod:Lightbulb"},{"floor":14,"key":"Orichalcum"},{"floor":17,"key":"Darkstone Periapt"},{"floor":17,"key":"Blue Doll"},{"floor":17,"key":"Replay:Purple Gloves"}],"event_choices":[{"damage_healed":0,"gold_gain":0,"player_choice":"Bought 0 Potions","damage_taken":0,"max_hp_gain":0,"max_hp_loss":0,"event_name":"The Woman in Blue","floor":3,"gold_loss":0},{"damage_healed":0,"gold_gain":0,"player_choice":"Leave","damage_taken":0,"max_hp_gain":0,"max_hp_loss":0,"event_name":"The Cleric","floor":11,"gold_loss":0},{"damage_healed":24,"gold_gain":0,"player_choice":"Heal","damage_taken":0,"max_hp_gain":0,"max_hp_loss":0,"event_name":"The Library","floor":20,"gold_loss":0},{"damage_healed":0,"gold_gain":0,"player_choice":"Bet on Owner","damage_taken":0,"max_hp_gain":0,"max_hp_loss":0,"event_name":"The Joust","floor":21,"gold_loss":50}],"is_beta":false,"boss_relics":[{"not_picked":["Cursed Key","SacredBark"],"picked":"Calling Bell"}],"items_purged_floors":[],"is_endless":false,"potions_floor_spawned":[1,4,12,19],"killed_by":"Sentry and Sphere","ascension_level":0}}