{"host":"kntpungskobv1jqb","time":1608042447,"event":{"mods":["BaseMod","Minty Spire (QoL Compilation)","Replay The Spire","StSLib","SuperFastMode"],"gold_per_floor":[110,110,129,140,90,90,117,117,144,156,3,62,9,9,9,83,133,144,4,4,21,32,32,32,32],"floor_reached":24,"playtime":509,"items_purged":[],"score":372,"play_id":"3b30eb36-e048-4157-8e00-e6250a1e35cc","local_time":"20201215222727","is_ascension_mode":true,"campfire_choices":[{"data":"Pommel Strike","floor":6,"key":"SMITH"},{"data":"Clothesline","floor":8,"key":"SMITH"},{"floor":15,"key":"REST"},{"floor":23,"key":"REST"}],"circlet_count":0,"master_deck":["AscendersBane","Strike_R","Strike_R","Strike_R","Strike_R","Strike_R","Defend_R","Defend_R+1","Defend_R","Bash","Second Wind","Clothesline+1","Pommel Strike+1","Replay:Undeath\u0027s Touch","Massacre","Whirlwind","ReplayTheSpireMod:Splinters","Demon Form","Twin Strike","Limit Break","Infernal Blade","Replay:Many Hands","Pain","Pummel"],"relics":["Burning Blood","FaceOfCleric","Toy Ornithopter","Bag of Marbles","Brimstone","Self Forming Clay","Tiny House","WarpedTongs"],"acts_visited":["Exordium","TheCity"],"potions_floor_usage":[24],"damage_taken":[{"damage":11,"enemies":"Cultist","floor":1,"turns":4},{"damage":0,"enemies":"Small Slimes","floor":3,"turns":3},{"damage":0,"enemies":"2 Louse","floor":4,"turns":2},{"damage":45,"enemies":"3 Sentries","floor":7,"turns":9},{"damage":5,"enemies":"Blue Slaver","floor":10,"turns":3},{"damage":2,"enemies":"Slime Boss","floor":16,"turns":6},{"damage":26,"enemies":"2 Thieves","floor":18,"turns":3},{"damage":24,"enemies":"3 Byrds","floor":21,"turns":3},{"damage":24,"enemies":"Sentry and Sphere","floor":22,"turns":3},{"damage":76,"enemies":"Slavers","floor":24,"turns":3}],"seed_played":"-8309199931498736430","potions_obtained":[{"floor":3,"key":"Regen Potion"},{"floor":4,"key":"Ancient Potion"},{"floor":7,"key":"Toxic Potion"},{"floor":16,"key":"Swift Potion"},{"floor":22,"key":"Block Potion"}],"is_trial":false,"path_per_floor":["M","?","M","M","?","R","E","R","T","M","$","?","$","$","R","B",null,"M","$","?","M","M","R","E"],"character_chosen":"IRONCLAD","items_purchased":["Brimstone","Twin Strike","Replay:Many Hands"],"campfire_rested":2,"item_purchase_floors":[11,13,19],"current_hp_per_floor":[63,63,70,77,77,77,39,39,39,41,41,41,41,41,64,69,82,63,63,63,46,29,55,0,0],"gold":32,"neow_bonus":"THREE_CARDS","is_daily":false,"chose_seed":false,"campfire_upgraded":2,"win_rate":0.0,"timestamp":1608042447,"path_taken":["M","?","?","M","?","R","E","R","T","M","$","?","?","$","R","BOSS","M","$","?","M","?","R","E"],"items_purchased_type":["Relic","Card","Card"],"build_version":"2020-12-13","purchased_purges":0,"victory":false,"max_hp_per_floor":[75,75,76,77,77,77,78,78,78,79,79,79,79,79,79,80,85,86,86,86,87,88,88,88,88],"card_choices":[{"not_picked":["True Grit","Wild Strike"],"picked":"Second Wind","floor":0},{"not_picked":["Havoc","Shrug It Off"],"picked":"Clothesline","floor":1},{"not_picked":["Wild Strike","Flex"],"picked":"Pommel Strike","floor":3},{"not_picked":["ReplayTheSpireMod:Stacked","Rage"],"picked":"Replay:Undeath\u0027s Touch","floor":4},{"not_picked":["ReplayReversal","Twin Strike"],"picked":"Massacre","floor":7},{"not_picked":["Clothesline","Wild Strike"],"picked":"Whirlwind","floor":10},{"not_picked":["Second Wind","Disarm"],"picked":"Demon Form","floor":12},{"not_picked":["Feed","Exhume"],"picked":"Limit Break","floor":16},{"not_picked":["Defy Death","Warcry"],"picked":"Infernal Blade","floor":18},{"not_picked":["Flex","ReplayTheSpireMod:Strike From Hell"],"picked":"Pummel","floor":21},{"not_picked":["ReplayTheSpireMod:Strike From Hell","Sentinel","Warcry"],"picked":"SKIP","floor":22}],"player_experience":463194,"relics_obtained":[{"floor":7,"key":"Toy Ornithopter"},{"floor":9,"key":"Bag of Marbles"},{"floor":12,"key":"Self Forming Clay"}],"event_choices":[{"damage_healed":0,"gold_gain":0,"player_choice":"Trade","damage_taken":0,"relics_obtained":["FaceOfCleric"],"max_hp_gain":0,"max_hp_loss":0,"event_name":"FaceTrader","floor":2,"gold_loss":0},{"cards_removed":["Defend_R"],"damage_healed":0,"gold_gain":0,"player_choice":"Card Removal","damage_taken":0,"max_hp_gain":0,"max_hp_loss":0,"event_name":"The Cleric","floor":5,"gold_loss":50},{"damage_healed":0,"gold_gain":0,"player_choice":"Rummage","damage_taken":0,"relics_obtained":["WarpedTongs"],"max_hp_gain":0,"max_hp_loss":0,"event_name":"Accursed Blacksmith","floor":20,"gold_loss":0,"cards_obtained":["Pain"]}],"is_beta":false,"boss_relics":[{"not_picked":["Runic Pyramid","Fusion Hammer"],"picked":"Tiny House"}],"items_purged_floors":[],"is_endless":false,"potions_floor_spawned":[3,4,7,16,22],"killed_by":"Slavers","ascension_level":14}}