{"host":"wha9hktbkslqvblg","time":1608038727,"event":{"mods":["BaseMod","Colored Map","Minty Spire (QoL Compilation)","Relic Stats","SuperFastMode","everything is the same but u backflip on backflip"],"gold_per_floor":[110,126,126,126,126,126,166,166,166,166,166,189,114,133,133,227,227,251,301,322,322,345,345,379,394,394,429,429,443,443,467,467,557,557,580,166,189,213,213,213,232,232,232,276,66,66,85,105,105,105,105],"floor_reached":52,"playtime":1510,"items_purged":["Strike_R","Strike_R","Sword Boomerang+1"],"score":1994,"play_id":"941bafc7-56b0-4bf9-b996-33f9b7209878","local_time":"20201215222527","is_ascension_mode":true,"campfire_choices":[{"data":"Power Through","floor":6.0,"key":"SMITH"},{"data":"Sword Boomerang","floor":8.0,"key":"SMITH"},{"data":"Shockwave","floor":10.0,"key":"SMITH"},{"data":"Spot Weakness","floor":15.0,"key":"SMITH"},{"floor":23.0,"key":"REST"},{"data":"Body Slam","floor":32.0,"key":"SMITH"},{"data":"Fire Breathing","floor":40.0,"key":"SMITH"},{"floor":42.0,"key":"REST"},{"data":"Evolve","floor":49,"key":"SMITH"}],"circlet_count":0,"master_deck":["AscendersBane","Defend_R","Defend_R","Defend_R","Bash","Power Through+1","Shockwave+1","Spot Weakness+1","Limit Break","Second Wind","Body Slam+1","Flex+1","Burning Pact+1","Doubt","Bloodletting","Fire Breathing+1","Parasite","Feel No Pain","Evolve+1","Battle Trance"],"relics":["Burning Blood","NeowsBlessing","Golden Idol","Bag of Preparation","Meat on the Bone","Cursed Key","Happy Flower","Bronze Scales","SacredBark","Medical Kit"],"acts_visited":["Exordium","TheCity","TheBeyond"],"potions_floor_usage":[],"damage_taken":[{"damage":0.0,"enemies":"Small Slimes","floor":1.0,"turns":1.0},{"damage":0.0,"enemies":"Jaw Worm","floor":2.0,"turns":1.0},{"damage":0.0,"enemies":"Lagavulin","floor":7.0,"turns":1.0},{"damage":3.0,"enemies":"2 Louse","floor":12.0,"turns":4.0},{"damage":0.0,"enemies":"Gremlin Gang","floor":14.0,"turns":3.0},{"damage":6.0,"enemies":"The Guardian","floor":16.0,"turns":7.0},{"damage":18.0,"enemies":"2 Thieves","floor":18.0,"turns":4.0},{"damage":23.0,"enemies":"Spheric Guardian","floor":20.0,"turns":5.0},{"damage":51.0,"enemies":"Cultist and Chosen","floor":22.0,"turns":10.0},{"damage":24.0,"enemies":"Book of Stabbing","floor":24.0,"turns":5.0},{"damage":16.0,"enemies":"Chosen and Byrds","floor":25.0,"turns":4.0},{"damage":37.0,"enemies":"Gremlin Leader","floor":27.0,"turns":10.0},{"damage":18.0,"enemies":"Shelled Parasite and Fungi","floor":29.0,"turns":5.0},{"damage":10.0,"enemies":"Centurion and Healer","floor":31.0,"turns":4.0},{"damage":28.0,"enemies":"Champ","floor":33.0,"turns":8.0},{"damage":19.0,"enemies":"Orb Walker","floor":35.0,"turns":4.0},{"damage":36.0,"enemies":"3 Darklings","floor":37.0,"turns":7.0},{"damage":3.0,"enemies":"Writhing Mass","floor":38.0,"turns":6.0},{"damage":49.0,"enemies":"Transient","floor":41.0,"turns":6.0},{"damage":23,"enemies":"Giant Head","floor":44,"turns":7},{"damage":12,"enemies":"Sphere and 2 Shapes","floor":47,"turns":5},{"damage":8,"enemies":"Writhing Mass","floor":48,"turns":6},{"damage":29,"enemies":"Awakened One","floor":50,"turns":10},{"damage":55,"enemies":"Donu and Deca","floor":51,"turns":8}],"seed_played":"-5146384822060126044","potions_obtained":[{"floor":1.0,"key":"Regen Potion"},{"floor":2.0,"key":"BlessingOfTheForge"},{"floor":12.0,"key":"SteroidPotion"},{"floor":20.0,"key":"SteroidPotion"},{"floor":29.0,"key":"ColorlessPotion"},{"floor":31.0,"key":"Regen Potion"},{"floor":33.0,"key":"Fruit Juice"},{"floor":47,"key":"FearPotion"}],"is_trial":false,"path_per_floor":["M","M","?","?","?","R","E","R","T","R","?","M","$","M","R","B",null,"M","?","M","?","M","R","E","M","T","E","?","M","?","M","R","B",null,"M","$","M","M","?","R","M","R","T","E","$","T","M","M","R","B","B",null],"character_chosen":"IRONCLAD","items_purchased":["Fire Breathing","Medical Kit","FairyPotion","Evolve"],"campfire_rested":2,"item_purchase_floors":[36,36,36,45],"current_hp_per_floor":[74,75,75,68,42,42,48,48,48,48,48,51,51,57,57,57,71,59,59,54,54,21,43,37,44,44,25,25,25,25,33,33,23,62,49,49,31,46,46,46,25,50,50,45,45,45,51,49,49,38,57],"gold":105,"neow_bonus":"THREE_ENEMY_KILL","is_daily":false,"chose_seed":false,"campfire_upgraded":7,"win_rate":0.0,"timestamp":1608038727,"path_taken":["M","M","?","?","?","R","E","R","T","R","?","?","$","M","R","BOSS","M","?","?","?","M","R","E","M","T","E","?","M","?","M","R","BOSS","M","$","M","M","?","R","M","R","T","E","$","?","M","?","R","BOSS","BOSS"],"items_purchased_type":["Card","Relic","Potion","Card"],"build_version":"2020-12-13","purchased_purges":3,"victory":true,"max_hp_per_floor":[75,75,75,75,75,75,75,75,75,75,75,75,75,75,75,75,75,75,75,75,75,75,75,75,75,75,75,75,75,75,75,75,75,75,75,75,75,75,75,75,85,85,85,85,85,85,85,85,85,85,85],"relic_stats":{"Happy Flower":[30],"counters":[24,131],"Golden Idol":166,"Bronze Scales":[204],"Bag of Preparation":[42],"Cursed Key":1,"Medical Kit":[32],"obtain_stats":[{"NeowsBlessing":0,"Happy Flower":24,"Golden Idol":5,"Bronze Scales":27,"SacredBark":34,"Bag of Preparation":7,"Cursed Key":17,"Medical Kit":36,"Burning Blood":0,"Meat on the Bone":9},{"NeowsBlessing":0,"Happy Flower":10,"Golden Idol":2,"Bronze Scales":12,"SacredBark":15,"Bag of Preparation":3,"Cursed Key":6,"Medical Kit":16,"Burning Blood":0,"Meat on the Bone":3},{"NeowsBlessing":0,"Happy Flower":41,"Golden Idol":2,"Bronze Scales":55,"SacredBark":72,"Bag of Preparation":3,"Cursed Key":17,"Medical Kit":76,"Burning Blood":0,"Meat on the Bone":3}],"Burning Blood":139,"Meat on the Bone":168},"card_choices":[{"not_picked":["Sword Boomerang","Flex"],"picked":"Power Through","floor":1.0},{"not_picked":["Sword Boomerang","Heavy Blade"],"picked":"Shockwave","floor":2.0},{"not_picked":["Corruption","Iron Wave"],"picked":"Sword Boomerang","floor":7.0},{"not_picked":["Hemokinesis","Flex"],"picked":"Spot Weakness","floor":12.0},{"not_picked":["Shrug It Off","Sentinel","Cleave"],"picked":"SKIP","floor":14.0},{"not_picked":["Impervious","Immolate"],"picked":"Limit Break","floor":16.0},{"not_picked":["Body Slam","Warcry"],"picked":"Second Wind","floor":18.0},{"not_picked":["Sever Soul+1","Combust"],"picked":"Body Slam","floor":20.0},{"not_picked":["Heavy Blade","Carnage"],"picked":"Flex+1","floor":22.0},{"not_picked":["Warcry","Body Slam","Power Through"],"picked":"SKIP","floor":24.0},{"not_picked":["Spot Weakness+1","Iron Wave"],"picked":"Burning Pact","floor":25.0},{"not_picked":["Body Slam","Combust"],"picked":"Bloodletting","floor":27.0},{"not_picked":["Fiend Fire","Flex","Power Through+1"],"picked":"SKIP","floor":29.0},{"not_picked":["Twin Strike","Shrug It Off","Perfected Strike"],"picked":"SKIP","floor":31.0},{"not_picked":["Blood for Blood+1","Havoc","Pommel Strike"],"picked":"SKIP","floor":35.0},{"not_picked":["Disarm","Bloodletting+1","Havoc"],"picked":"SKIP","floor":37.0},{"not_picked":["Flex","Headbutt","Sever Soul"],"picked":"SKIP","floor":38.0},{"not_picked":["Shockwave","Warcry"],"picked":"Feel No Pain","floor":41.0},{"not_picked":["Rampage+1","Clothesline","Shrug It Off"],"picked":"SKIP","floor":44},{"not_picked":["Headbutt","Anger+1","Iron Wave"],"picked":"SKIP","floor":47},{"not_picked":["Inflame","Second Wind"],"picked":"Battle Trance","floor":48}],"player_experience":846573,"relics_obtained":[{"floor":7.0,"key":"Bag of Preparation"},{"floor":9.0,"key":"Meat on the Bone"},{"floor":24.0,"key":"Happy Flower"},{"floor":27.0,"key":"Bronze Scales"}],"event_choices":[{"damage_healed":0.0,"max_hp_gain":0.0,"max_hp_loss":0.0,"gold_gain":0.0,"event_name":"Liars Game","player_choice":"Ignored","floor":3.0,"gold_loss":0.0,"damage_taken":0.0},{"cards_removed":["Defend_R"],"damage_healed":0.0,"max_hp_gain":0.0,"max_hp_loss":0.0,"gold_gain":0.0,"event_name":"Golden Wing","player_choice":"Card Removal","floor":4.0,"gold_loss":0.0,"damage_taken":7.0},{"damage_healed":0.0,"max_hp_gain":0.0,"max_hp_loss":0.0,"gold_gain":0.0,"event_name":"Golden Idol","player_choice":"Take Damage","floor":5.0,"gold_loss":0.0,"damage_taken":26.0,"relics_obtained":["Golden Idol"]},{"cards_removed":["Strike_R"],"damage_healed":0.0,"max_hp_gain":0.0,"max_hp_loss":0.0,"gold_gain":0.0,"event_name":"Bonfire Elementals","player_choice":"Offered Basic","floor":11.0,"gold_loss":0.0,"damage_taken":0.0},{"damage_healed":0.0,"max_hp_gain":0.0,"max_hp_loss":0.0,"gold_gain":100.0,"event_name":"The Joust","player_choice":"Bet on Murderer","floor":19.0,"gold_loss":50.0,"damage_taken":0.0},{"cards_removed":["Strike_R"],"damage_healed":0.0,"max_hp_gain":0.0,"max_hp_loss":0.0,"gold_gain":0.0,"event_name":"Back to Basics","player_choice":"Elegance","floor":21.0,"gold_loss":0.0,"damage_taken":0.0},{"damage_healed":0.0,"max_hp_gain":0.0,"max_hp_loss":0.0,"gold_gain":0.0,"event_name":"Vampires","player_choice":"Ignored","floor":28.0,"gold_loss":0.0,"damage_taken":0.0},{"cards_removed":["Strike_R"],"damage_healed":0.0,"max_hp_gain":0.0,"max_hp_loss":0.0,"gold_gain":0.0,"event_name":"Purifier","player_choice":"Purged","floor":30.0,"gold_loss":0.0,"damage_taken":0.0},{"damage_healed":0.0,"max_hp_gain":0.0,"max_hp_loss":0.0,"gold_gain":0.0,"event_name":"Upgrade Shrine","player_choice":"Upgraded","floor":39.0,"gold_loss":0.0,"damage_taken":0.0,"cards_upgraded":["Burning Pact"]}],"is_beta":false,"boss_relics":[{"not_picked":["Tiny House","Ectoplasm"],"picked":"Cursed Key"},{"not_picked":["Velvet Choker","Busted Crown"],"picked":"SacredBark"}],"items_purged_floors":[13,36,45],"is_endless":false,"potions_floor_spawned":[1,2,12,20,29,31,33,38,47],"ascension_level":20}}