{"host":"3asmp5aovk69ekg9","time":1608020275,"event":{"mods":["BaseMod","BetterRewards","Colored Powertips","Hermit","Koishi","Magitek Elite","Minty Spire (QoL Compilation)","Permanent Neow","Remove Card Discount Mod","Shade Mod","StSLib","The Alterego","The Cursed","The Death Knight","The Fake Hero","The IronCluck","The Senshi","The Wild Card"],"gold_per_floor":[115,125,200,0,0,29,42,42,42,42,42,71,71,102,102,199,199,219,318,330,330,349,681,698,724,724,504,504,504,517,542,542,639,639,652,702,362,376,376,403,417,452,452,452,452,467,497,511,511,511,511,511,225,253,253],"floor_reached":56,"playtime":6049,"items_purged":["Shade:Defend_Shade","Shade:Strike_Shade","Shade:Defend_Shade","Shade:Strike_Shade","Shade:Strike_Shade","Shade:Strike_Shade","Shade:Defend_Shade","Shade:Defend_Shade","Shade:TouchOfTheGrave","Shade:CarefulCut","Shade:FleshToFlesh","Shade:FuneraryArmor","Shade:FingerOfDeath","Shade:ClawBack","Shade:FleshToFlesh","Shade:FleshToFlesh","Shade:Excise","Shade:Excise","Shade:Bonestorm","Decay"],"score":2169,"play_id":"3370497d-3f84-48cc-9186-ffc55a91320f","local_time":"20201215001755","is_ascension_mode":true,"campfire_choices":[{"floor":15.0,"key":"RECALL"},{"data":"Shade:Brains","floor":32.0,"key":"SMITH"},{"data":"Shade:LichForm","floor":44,"key":"SMITH"},{"floor":49,"key":"REST"},{"data":"Shade:Carnophage","floor":52,"key":"SMITH"}],"circlet_count":0,"master_deck":["Shade:AnimateDead","Shade:FingerOfDeath+1","Apotheosis+1","Panacea","Shade:AblativeArmor","Shade:PressTheAttack","Shade:AblativeArmor","Shade:FreshBones","Shade:Trample","Shade:LyeBath","Shade:Brains+1","Shade:Coordination","Shade:Bonestorm","Shade:GraveStillness+1","Shade:Brains","Shade:OpenGraves+1","Shade:LichForm+1","Shade:Carnophage+1","Shade:FreshBones","Shade:Carnophage+1","Shade:PoundOfFlesh+1","Shade:RavenousHorde","Shade:StitchTogether"],"relics":["Shade:YorickSkull","Pear","Shade:Thing","Genji_Glove","Gremlin Horn","theSenshi:FeatherClipsRelic","Mango","DollysMirror","Pantograph","Bag of Marbles","theSenshi:SailorFukuRelic","Black Star","Old Coin","Lizard Tail","theSenshi:SuperSailorFukuRelic","Bag of Preparation","Singing Bowl","Medical Kit","MealTicket","Matryoshka","Busted Crown","StoneCalendar","Question Card","Sundial","Centennial Puzzle","Akabeko","Art of War","Mercury Hourglass","Tintinnabulum","Boot","StrikeDummy","Orrery","Thread and Needle","Letter Opener"],"acts_visited":["Exordium","TheCity","TheBeyond","TheEnding"],"potions_floor_usage":[55,55,55],"damage_taken":[{"damage":0.0,"enemies":"2 Louse","floor":1.0,"turns":3.0},{"damage":0.0,"enemies":"Small Slimes","floor":2.0,"turns":2.0},{"damage":0.0,"enemies":"Lagavulin","floor":6.0,"turns":7.0},{"damage":0.0,"enemies":"Cultist","floor":7.0,"turns":3.0},{"damage":4.0,"enemies":"3 Sentries","floor":12.0,"turns":8.0},{"damage":0.0,"enemies":"Lagavulin","floor":14.0,"turns":6.0},{"damage":0.0,"enemies":"Slime Boss","floor":16.0,"turns":4.0},{"damage":11.0,"enemies":"Spheric Guardian","floor":18.0,"turns":6.0},{"damage":0.0,"enemies":"Chosen","floor":20.0,"turns":4.0},{"damage":0.0,"enemies":"Snecko","floor":22.0,"turns":4.0},{"damage":25.0,"enemies":"Book of Stabbing","floor":23.0,"turns":5.0},{"damage":0.0,"enemies":"Centurion and Healer","floor":24.0,"turns":4.0},{"damage":0.0,"enemies":"Gremlin Leader","floor":25.0,"turns":4.0},{"damage":0.0,"enemies":"Cultist and Chosen","floor":30.0,"turns":3.0},{"damage":21.0,"enemies":"Book of Stabbing","floor":31.0,"turns":6.0},{"damage":7.0,"enemies":"Collector","floor":33.0,"turns":7.0},{"damage":3.0,"enemies":"3 Shapes","floor":35.0,"turns":3.0},{"damage":0,"enemies":"Mind Bloom Boss Battle","floor":36,"turns":3},{"damage":0,"enemies":"3 Darklings","floor":38,"turns":2},{"damage":58,"enemies":"Nemesis","floor":40,"turns":5},{"damage":0,"enemies":"Sphere and 2 Shapes","floor":41,"turns":2},{"damage":5,"enemies":"Giant Head","floor":42,"turns":6},{"damage":17,"enemies":"4 Shapes","floor":46,"turns":2},{"damage":26,"enemies":"Nemesis","floor":47,"turns":6},{"damage":0,"enemies":"Writhing Mass","floor":48,"turns":4},{"damage":78,"enemies":"Time Eater","floor":50,"turns":9},{"damage":12,"enemies":"Shield and Spear","floor":54,"turns":5},{"damage":58,"enemies":"The Heart","floor":55,"turns":8}],"seed_played":"-2701501302386770549","potions_obtained":[{"floor":2.0,"key":"FearPotion"},{"floor":7.0,"key":"Ancient Potion"},{"floor":12.0,"key":"Fire Potion"},{"floor":14.0,"key":"PowerPotion"},{"floor":18.0,"key":"Energy Potion"},{"floor":24.0,"key":"BlessingOfTheForge"},{"floor":35.0,"key":"Ancient Potion"},{"floor":36,"key":"Ancient Potion"},{"floor":47,"key":"GamblersBrew"},{"floor":54,"key":"DuplicationPotion"}],"is_trial":false,"path_per_floor":["M","M","?","$","?","E","M","?","T","$","?","E","$","E","R","B",null,"M","?","M","?","M","E","M","E","T","$","?","?","M","E","R","B",null,"M","?","$","M","?","E","M","E","T","R","?","M","E","M","R","B",null,"R","$","E","B",null],"character_chosen":"SHADE","items_purchased":["Pear","Shade:FleshToFlesh","Shade:FingerOfDeath","Shade:TouchOfTheGrave","Shade:Thing","Genji_Glove","Gremlin Horn","Apotheosis","Panacea","Shade:AblativeArmor","Shade:PressTheAttack","Shade:ClawBack","theSenshi:FeatherClipsRelic","Mango","Shade:FingerOfDeath","Shade:FleshToFlesh","DollysMirror","Shade:Trample","Medical Kit","Shade:Brains","Shade:Carnophage","Shade:FreshBones","Question Card","Orrery","Shade:RavenousHorde","Block Potion"],"campfire_rested":1,"item_purchase_floors":[0,0,0,0,0,0,0,0,0,0,0,0,0,0,0,0,4,4,27,27,37,37,37,53,53,53],"current_hp_per_floor":[48,54,43,43,43,49,55,55,55,55,37,39,39,45,45,76,86,81,81,87,87,89,70,76,82,82,82,82,87,91,76,76,90,91,93,95,95,97,97,45,53,56,56,57,58,50,33,42,75,29,88,89,113,108,63],"gold":253,"neow_bonus":"","is_daily":false,"chose_seed":false,"campfire_upgraded":3,"win_rate":0.0,"timestamp":1608020275,"path_taken":["M","M","?","$","?","E","?","?","T","?","?","E","$","E","R","BOSS","M","?","M","?","?","E","M","E","T","$","?","?","M","E","R","BOSS","M","?","$","M","?","E","?","E","T","R","?","M","E","M","R","BOSS","R","$","E","BOSS"],"items_purchased_type":["Relic","Card","Card","Card","Relic","Relic","Relic","Card","Card","Card","Card","Card","Relic","Relic","Card","Card","Relic","Card","Relic","Card","Card","Card","Relic","Relic","Card","Potion"],"build_version":"2020-12-13","purchased_purges":20,"victory":true,"max_hp_per_floor":[89,89,89,89,89,89,89,89,89,89,89,89,89,89,89,89,89,89,89,89,89,89,89,89,89,89,89,89,89,91,91,91,91,91,93,95,95,97,97,97,99,101,101,101,101,103,105,107,107,107,107,107,115,115,115],"card_choices":[{"not_picked":["Shade:CallWraith","Shade:Frenzy"],"picked":"Shade:AblativeArmor","floor":1.0},{"not_picked":["Shade:Trample","Shade:CoffinDance"],"picked":"Shade:FreshBones","floor":2.0},{"not_picked":["Shade:CloudOfShrapnel","Shade:FingerOfDeath"],"picked":"Shade:LyeBath","floor":6.0},{"not_picked":["Shade:AblativeArmor","Shade:GoDigging"],"picked":"Shade:FuneraryArmor","floor":7.0},{"not_picked":["Shade:CoffinDance","Shade:FuneraryArmor"],"picked":"Shade:Excise","floor":12.0},{"not_picked":["Shade:SpectralStrikes","Shade:Asphyxiate"],"picked":"Shade:Brains","floor":14.0},{"not_picked":["Shade:LastGasp","Shade:SoulPierce"],"picked":"Shade:Coordination","floor":16.0},{"not_picked":["Shade:GraveStillness+1","Shade:StitchTogether"],"picked":"Shade:Bonestorm","floor":18.0},{"not_picked":["Shade:Trample","Shade:SanguineRitual+1"],"picked":"Shade:Bonestorm","floor":20.0},{"not_picked":["Shade:CloudOfShrapnel","Shade:FingerOfDeath"],"picked":"Shade:Bonestorm","floor":22.0},{"not_picked":["Shade:BoneShards","Shade:SanguineRitual+1","Shade:UnbarTheGrave"],"picked":"SKIP","floor":23.0},{"not_picked":["Shade:SkeletonHug","Shade:FuneraryArmor","Shade:Premonition"],"picked":"SKIP","floor":24.0},{"not_picked":["Shade:AncientSpear+1","Shade:LastGasp"],"picked":"Shade:GraveStillness+1","floor":25.0},{"not_picked":["Shade:FleshToFlesh","Shade:SpectralStrikes+1","Shade:TouchOfTheGrave+1"],"picked":"Singing Bowl","floor":30.0},{"not_picked":["Shade:GoDigging","Shade:CoffinDance"],"picked":"Shade:OpenGraves+1","floor":31.0},{"not_picked":["Shade:GreaterAnimation","Shade:Putrefaction"],"picked":"Shade:LichForm","floor":33.0},{"not_picked":["Shade:WallOfFlesh+1"],"picked":"Singing Bowl","floor":35.0},{"not_picked":["Shade:BoneShards"],"picked":"Singing Bowl","floor":36},{"not_picked":["Shade:Doomsay+1","Shade:FuneraryArmor+1"],"picked":"Singing Bowl","floor":38},{"not_picked":["Shade:PressTheAttack"],"picked":"Shade:Carnophage+1","floor":40},{"not_picked":["Shade:AncientSpear+1","Shade:CoffinDance"],"picked":"Singing Bowl","floor":41},{"not_picked":["Shade:FreshBones+1","Shade:Trample+1"],"picked":"Singing Bowl","floor":42},{"not_picked":["Shade:GraveStillness+1","Shade:Frenzy"],"picked":"Singing Bowl","floor":46},{"not_picked":["Shade:RitualOffering+1","Shade:PressTheAttack+1"],"picked":"Singing Bowl","floor":47},{"not_picked":["Shade:CoffinDance+1","Shade:FingerOfDeath+1"],"picked":"Singing Bowl","floor":48},{"not_picked":["Shade:TouchOfTheGrave"],"picked":"Shade:PoundOfFlesh+1","floor":53},{"not_picked":["Shade:FeralStrike","Shade:PressTheAttack+1"],"picked":"Singing Bowl","floor":53},{"not_picked":["Shade:SanguineRitual+1","Shade:Asphyxiate+1"],"picked":"Singing Bowl","floor":53},{"not_picked":["Shade:WallOfFlesh+1","Shade:FuneraryArmor"],"picked":"Singing Bowl","floor":53},{"not_picked":["Shade:Asphyxiate+1","Shade:Frenzy+1"],"picked":"Singing Bowl","floor":53},{"not_picked":["Shade:SkeletonArmy"],"picked":"Shade:StitchTogether","floor":54}],"player_experience":1038408,"relics_obtained":[{"floor":6.0,"key":"Pantograph"},{"floor":12.0,"key":"Bag of Marbles"},{"floor":14.0,"key":"theSenshi:SailorFukuRelic"},{"floor":23.0,"key":"Old Coin"},{"floor":23.0,"key":"Lizard Tail"},{"floor":25.0,"key":"theSenshi:SuperSailorFukuRelic"},{"floor":25.0,"key":"Bag of Preparation"},{"floor":26.0,"key":"Singing Bowl"},{"floor":31.0,"key":"MealTicket"},{"floor":31.0,"key":"Matryoshka"},{"floor":36,"key":"StoneCalendar"},{"floor":40,"key":"Sundial"},{"floor":40,"key":"Centennial Puzzle"},{"floor":42,"key":"Akabeko"},{"floor":42,"key":"Art of War"},{"floor":43,"key":"Mercury Hourglass"},{"floor":43,"key":"Tintinnabulum"},{"floor":47,"key":"Boot"},{"floor":47,"key":"StrikeDummy"},{"floor":54,"key":"Thread and Needle"},{"floor":54,"key":"Letter Opener"}],"event_choices":[{"damage_healed":0.0,"max_hp_gain":0.0,"max_hp_loss":0.0,"gold_gain":75.0,"event_name":"World of Goop","player_choice":"Gather Gold","floor":3.0,"gold_loss":0.0,"damage_taken":11.0},{"damage_healed":0.0,"max_hp_gain":0.0,"max_hp_loss":0.0,"gold_gain":0.0,"event_name":"Purifier","player_choice":"Ignored","floor":5.0,"gold_loss":0.0,"damage_taken":0.0},{"damage_healed":0.0,"max_hp_gain":0.0,"max_hp_loss":0.0,"gold_gain":0.0,"event_name":"Transmorgrifier","player_choice":"Ignored","floor":8.0,"gold_loss":0.0,"damage_taken":0.0},{"damage_healed":0.0,"max_hp_gain":0.0,"max_hp_loss":0.0,"gold_gain":0.0,"event_name":"Shining Light","player_choice":"Entered Light","floor":11.0,"gold_loss":0.0,"damage_taken":18.0,"cards_upgraded":["Shade:FingerOfDeath","Apotheosis"]},{"damage_healed":0.0,"max_hp_gain":0.0,"max_hp_loss":0.0,"gold_gain":99.0,"event_name":"Nest","player_choice":"Stole From Cult","floor":19.0,"gold_loss":0.0,"damage_taken":0.0},{"damage_healed":0.0,"max_hp_gain":0.0,"max_hp_loss":0.0,"gold_gain":0.0,"event_name":"Duplicator","player_choice":"Copied","floor":21.0,"gold_loss":0.0,"damage_taken":0.0,"cards_obtained":["Shade:Excise"]},{"damage_healed":0.0,"max_hp_gain":0.0,"max_hp_loss":0.0,"gold_gain":0.0,"event_name":"Back to Basics","player_choice":"Simplicity","floor":28.0,"gold_loss":0.0,"damage_taken":0.0,"cards_upgraded":[]},{"cards_removed":["Shade:Bonestorm"],"damage_healed":5.0,"max_hp_gain":0.0,"max_hp_loss":0.0,"gold_gain":0.0,"event_name":"Bonfire Elementals","player_choice":"Offered Common","floor":29.0,"gold_loss":0.0,"damage_taken":0.0},{"cards_removed":["Shade:Bonestorm"],"damage_healed":5.0,"max_hp_gain":0.0,"max_hp_loss":0.0,"gold_gain":0.0,"event_name":"Bonfire Elementals","player_choice":"Offered Special","floor":29.0,"gold_loss":0.0,"damage_taken":0.0},{"damage_healed":0,"gold_gain":0,"player_choice":"Fight","damage_taken":0,"max_hp_gain":0,"max_hp_loss":0,"event_name":"MindBloom","floor":36,"gold_loss":0},{"damage_healed":0,"gold_gain":0,"player_choice":"Cursed","damage_taken":0,"max_hp_gain":0,"max_hp_loss":0,"event_name":"Wheel of Change","floor":39,"gold_loss":0,"cards_obtained":["Decay"]}],"is_beta":false,"boss_relics":[{"not_picked":["Empty Cage","Velvet Choker"],"picked":"Black Star"},{"not_picked":["Runic Pyramid","SacredBark"],"picked":"Busted Crown"}],"items_purged_floors":[0,0,0,0,0,0,0,4,27,27,27,27,27,27,27,27,27,27,37,53],"is_endless":false,"potions_floor_spawned":[2,7,12,14,16,18,20,24,35,36,47,48,54],"ascension_level":6}}