{"host":"d9y8kmho6kxyqoyd","time":1608014045,"event":{"mods":["BaseMod","Defuse TimeMaze Blight","StSLib","TestMod","vexMod","【遗物Mod】简单游戏","Downfall","【功能Mod】混沌之环修复补丁","CapriCore","Red Circlet Mod","10 clothes from DAL","Chinese 32Bit Patch","【功能Mod】Neow奖励","RumiaBox-露米娅的神秘盒子","MostiFishMod","UnlockEverythingMod","easy-game-mod","【遗物Mod】死灵法师NEW","【遗物卡牌】REMEMod","Marisa（F雨　魔理沙）","Minty Spire (QoL Compilation)","The Immortal","noobMod"],"gold_per_floor":[118,118,118,118,134,134,134],"floor_reached":6,"playtime":557,"items_purged":[],"score":168,"play_id":"16a51f3c-ab4a-4dd4-9329-4fa0c89d0b8b","local_time":"20201215143405","daily_mods":["Vintage","Heirloom","Time Dilation","Flight","DeadlyEvents","Elite Swarm","Lethality"],"is_ascension_mode":true,"campfire_choices":[],"circlet_count":0,"master_deck":["AscendersBane","Strike_W","Strike_W","Strike_W","Strike_W","Defend_W","Defend_W","Defend_W","Negative_Energy_Arrows","Bone_Wall","testmod-RepeatForm","Strike_from_Beyond"],"relics":["Vampire_Amulet","testmod-TestBox","EasyRelic","DaveBox","EasyCustomRelic","REME_ComplimentaryCards","ice","ChaoDraw","EGODaCapo","testmod-Antiphasic","Question Card","PrismaticShard","Golden Idol","Pen Nib"],"acts_visited":["Exordium"],"potions_floor_usage":[],"damage_taken":[{"damage":0,"enemies":"Small Slimes","floor":1,"turns":2},{"damage":0,"enemies":"Jaw Worm","floor":5,"turns":2},{"damage":8,"enemies":"Lagavulin","floor":6,"turns":13}],"seed_played":"-4808015688638221381","potions_obtained":[{"floor":5,"key":"SkillPotion"}],"is_trial":true,"path_per_floor":["M","?","?","?","M","E"],"character_chosen":"NECROMANCER","items_purchased":[],"campfire_rested":0,"item_purchase_floors":[],"current_hp_per_floor":[61,39,44,44,47,69,69],"gold":134,"neow_bonus":"","is_daily":false,"chose_seed":false,"campfire_upgraded":0,"win_rate":0,"timestamp":1608014045,"path_taken":["M","?","?","?","?","E"],"build_version":"2020-12-13","purchased_purges":0,"victory":false,"max_hp_per_floor":[65,65,70,70,70,70,70],"card_choices":[],"player_experience":131557,"relics_obtained":[{"floor":1,"key":"testmod-Antiphasic"},{"floor":1,"key":"Question Card"},{"floor":1,"key":"PrismaticShard"},{"floor":5,"key":"Pen Nib"}],"event_choices":[{"damage_healed":0,"gold_gain":0,"player_choice":"Take Damage","damage_taken":22,"relics_obtained":["Golden Idol"],"max_hp_gain":0,"max_hp_loss":0,"event_name":"Golden Idol","floor":2,"gold_loss":0},{"damage_healed":0,"gold_gain":0,"player_choice":"Donut","damage_taken":0,"max_hp_gain":5,"max_hp_loss":0,"event_name":"Big Fish","floor":3,"gold_loss":0},{"damage_healed":0,"gold_gain":0,"cards_transformed":["Defend_W"],"player_choice":"Transformed","damage_taken":0,"max_hp_gain":0,"max_hp_loss":0,"event_name":"Transmorgrifier","floor":4,"gold_loss":0,"cards_obtained":["Strike_from_Beyond"]}],"is_beta":false,"boss_relics":[],"items_purged_floors":[],"is_endless":true,"potions_floor_spawned":[5],"killed_by":"Lagavulin","ascension_level":20}}