{"host":"49c2zf0lajbcs427","time":1608018408,"event":{"mods":["AchievementEnabler","BaseMod","Colored Map","Colored Powertips","Highlight Path","Minty Spire (QoL Compilation)","Relic Stats","StSLib"],"gold_per_floor":[119,119,131,149,62,88,88,123,123,123,123,139,139,177,177,273,273,296,296,319,319,31,74,74,115,115,130,150,181,181,195,195,286,286,299,323,90,103,103,103,103,103,130,146,161,200,533,558,558,558],"floor_reached":51,"playtime":2595,"items_purged":["Halt"],"score":1768,"play_id":"9d0e3455-5cbe-4ab3-b1e8-53fce8dd8edb","local_time":"20201215204648","is_ascension_mode":true,"campfire_choices":[{"data":"Meditate","floor":7,"key":"SMITH"},{"floor":11,"key":"REST"},{"data":"WheelKick","floor":13,"key":"SMITH"},{"data":"SandsOfTime","floor":15,"key":"SMITH"},{"data":"Bite","floor":24,"key":"SMITH"},{"data":"Bite","floor":30,"key":"SMITH"},{"data":"Vigilance","floor":32,"key":"SMITH"},{"data":"Ragnarok","floor":40,"key":"SMITH"},{"data":"Tantrum","floor":49,"key":"SMITH"}],"circlet_count":0,"master_deck":["AscendersBane","Eruption","Vigilance+1","EmptyFist","Omniscience","Meditate+1","WheelKick+1","SandsOfTime+1","Vault+1","WheelKick+1","Bite+1","Bite+1","Bite","Bite","Bite+1","FearNoEvil","Necronomicurse","DeusExMachina","LessonLearned+1","Ragnarok+1","Vault","WheelKick+1","Tantrum+1","SpiritShield+1","Swivel"],"relics":["Snecko Eye","Gremlin Horn","HornCleat","Question Card","Letter Opener","Coffee Dripper","Necronomicon","Kunai","Centennial Puzzle","Ornamental Fan","Bottled Lightning","Potion Belt","Pandora\u0027s Box","Bag of Marbles","Frozen Egg 2","Pocketwatch"],"acts_visited":["Exordium","TheCity","TheBeyond"],"potions_floor_usage":[6,14],"damage_taken":[{"damage":4,"enemies":"2 Louse","floor":1,"turns":3},{"damage":0,"enemies":"Small Slimes","floor":3,"turns":2},{"damage":0,"enemies":"Jaw Worm","floor":4,"turns":4},{"damage":0,"enemies":"Lagavulin","floor":6,"turns":3},{"damage":10,"enemies":"3 Sentries","floor":8,"turns":5},{"damage":0,"enemies":"Looter","floor":12,"turns":2},{"damage":12,"enemies":"Lagavulin","floor":14,"turns":5},{"damage":0,"enemies":"Hexaghost","floor":16,"turns":5},{"damage":0,"enemies":"Spheric Guardian","floor":18,"turns":2},{"damage":0,"enemies":"2 Thieves","floor":20,"turns":3},{"damage":0,"enemies":"Gremlin Leader","floor":23,"turns":3},{"damage":0,"enemies":"Book of Stabbing","floor":25,"turns":2},{"damage":0,"enemies":"Cultist and Chosen","floor":27,"turns":3},{"damage":0,"enemies":"Shelled Parasite and Fungi","floor":28,"turns":2},{"damage":0,"enemies":"Slavers","floor":29,"turns":3},{"damage":0,"enemies":"Snecko","floor":31,"turns":1},{"damage":6,"enemies":"Champ","floor":33,"turns":4},{"damage":0,"enemies":"Orb Walker","floor":35,"turns":2},{"damage":0,"enemies":"3 Darklings","floor":36,"turns":2},{"damage":3,"enemies":"Sphere and 2 Shapes","floor":38,"turns":4},{"damage":0,"enemies":"Spire Growth","floor":44,"turns":2},{"damage":0,"enemies":"3 Darklings","floor":45,"turns":3},{"damage":0,"enemies":"Reptomancer","floor":46,"turns":3},{"damage":0,"enemies":"Mind Bloom Boss Battle","floor":48,"turns":2},{"damage":22,"enemies":"Awakened One","floor":50,"turns":5}],"seed_played":"-7408885912390323487","potions_obtained":[{"floor":3,"key":"AttackPotion"},{"floor":8,"key":"SpeedPotion"},{"floor":12,"key":"Strength Potion"},{"floor":25,"key":"FairyPotion"},{"floor":27,"key":"StancePotion"},{"floor":38,"key":"LiquidBronze"},{"floor":45,"key":"Regen Potion"},{"floor":48,"key":"FairyPotion"}],"is_trial":false,"path_per_floor":["M","?","M","M","$","E","R","E","T","?","R","M","R","E","R","B",null,"M","?","M","?","$","E","R","E","T","M","M","E","R","M","R","B",null,"M","M","$","M","?","R","?","?","T","M","M","E","?","?","R","B",null],"character_chosen":"WATCHER","items_purchased":["Omniscience","Kunai","SpiritShield"],"campfire_rested":1,"item_purchase_floors":[5,22,37],"current_hp_per_floor":[57,37,37,37,37,37,37,27,27,4,24,24,24,12,12,12,54,54,47,47,26,26,36,36,47,47,47,47,47,47,47,47,47,47,47,47,47,47,47,47,45,45,45,45,45,45,45,45,45,29],"gold":558,"neow_bonus":"BOSS_RELIC","is_daily":false,"chose_seed":false,"campfire_upgraded":8,"win_rate":0.0,"timestamp":1608018408,"path_taken":["M","?","M","M","$","E","R","E","T","?","R","M","R","E","R","BOSS","M","?","M","?","$","E","R","E","T","M","M","E","R","M","R","BOSS","M","M","$","M","?","R","?","?","T","?","M","E","?","?","R","BOSS"],"items_purchased_type":["Card","Relic","Card"],"build_version":"2020-12-13","purchased_purges":1,"victory":true,"max_hp_per_floor":[68,68,68,68,68,68,68,68,68,68,68,68,68,68,68,68,68,68,47,47,47,47,47,47,47,47,47,47,47,47,47,47,47,47,47,47,47,47,47,47,45,45,45,45,45,45,45,45,45,45],"relic_stats":{"Centennial Puzzle":[8],"Gremlin Horn":[22,21],"counters":[25,75],"Ornamental Fan":[140],"Snecko Eye":[146,160,147,117],"Pandora\u0027s Box":["Vault","WheelKick","Halt","Devotion"],"Necronomicon":[32],"Letter Opener":[30],"Kunai":[40],"Question Card":19,"obtain_stats":[{"Potion Belt":29,"Gremlin Horn":6,"Golden Idol":10,"Letter Opener":14,"Frozen Egg 2":46,"Question Card":9,"Centennial Puzzle":23,"HornCleat":8,"Ornamental Fan":25,"Snecko Eye":0,"Pandora\u0027s Box":34,"Coffee Dripper":17,"Necronomicon":21,"Bag of Marbles":43,"Kunai":22,"Bottled Lightning":26,"PureWater":0,"Pocketwatch":48},{"Potion Belt":15,"Gremlin Horn":4,"Golden Idol":5,"Letter Opener":7,"Frozen Egg 2":23,"Question Card":5,"Centennial Puzzle":11,"HornCleat":5,"Ornamental Fan":12,"Snecko Eye":0,"Pandora\u0027s Box":17,"Coffee Dripper":8,"Necronomicon":10,"Bag of Marbles":20,"Kunai":10,"Bottled Lightning":12,"PureWater":0,"Pocketwatch":24},{"Potion Belt":47,"Gremlin Horn":12,"Golden Idol":17,"Letter Opener":24,"Frozen Egg 2":68,"Question Card":17,"Centennial Puzzle":37,"HornCleat":17,"Ornamental Fan":39,"Snecko Eye":0,"Pandora\u0027s Box":52,"Coffee Dripper":29,"Necronomicon":34,"Bag of Marbles":60,"Kunai":34,"Bottled Lightning":39,"PureWater":0,"Pocketwatch":70}],"Pocketwatch":[0]},"card_choices":[{"not_picked":["Crescendo","CrushJoints","FlurryOfBlows"],"picked":"SKIP","floor":1},{"not_picked":["ClearTheMind","PathToVictory","Halt"],"picked":"SKIP","floor":3},{"not_picked":["DeceiveReality","ReachHeaven"],"picked":"EmptyFist","floor":4},{"not_picked":["Weave","Adaptation"],"picked":"Meditate","floor":6},{"not_picked":["FollowUp","BowlingBash"],"picked":"WheelKick","floor":8},{"not_picked":["Prostrate","JustLucky","Crescendo"],"picked":"SandsOfTime","floor":12},{"not_picked":["ClearTheMind","CutThroughFate","ConjureBlade","FlurryOfBlows"],"picked":"SKIP","floor":14},{"not_picked":["Brilliance","LessonLearned","Devotion"],"picked":"Vault","floor":16},{"not_picked":["JustLucky","EmptyMind+1","ClearTheMind"],"picked":"WheelKick","floor":18},{"not_picked":["ClearTheMind","SashWhip","FollowUp"],"picked":"FearNoEvil","floor":20},{"not_picked":["EmptyMind","WaveOfTheHand","JustLucky","Conclude"],"picked":"SKIP","floor":23},{"not_picked":["SashWhip","PathToVictory","ClearTheMind"],"picked":"DeusExMachina","floor":25},{"not_picked":["ForeignInfluence+1","MentalFortress","EmptyBody","Halt"],"picked":"SKIP","floor":27},{"not_picked":["Conclude","FollowUp","WreathOfFlame","InnerPeace"],"picked":"SKIP","floor":28},{"not_picked":["FlurryOfBlows","ThirdEye","FlyingSleeves"],"picked":"LessonLearned","floor":29},{"not_picked":["ClearTheMind","ThirdEye","Consecrate","WaveOfTheHand"],"picked":"SKIP","floor":31},{"not_picked":["Devotion","Judgement","Scrawl"],"picked":"Ragnarok","floor":33},{"not_picked":["Swivel","CutThroughFate","Conclude+1"],"picked":"Tantrum","floor":35},{"not_picked":["Evaluate","BowlingBash+1","Halt","Crescendo"],"picked":"SKIP","floor":36},{"not_picked":["Crescendo","DeceiveReality+1","EmptyMind"],"picked":"Swivel","floor":38},{"not_picked":["ClearTheMind","SashWhip","Perseverance","CutThroughFate"],"picked":"SKIP","floor":44},{"not_picked":["SignatureMove","Prostrate+1","Vengeance","Collect+1"],"picked":"SKIP","floor":45},{"not_picked":["FlurryOfBlows+1","Brilliance","BowlingBash","Evaluate"],"picked":"SKIP","floor":46}],"player_experience":2094416,"relics_obtained":[{"floor":6,"key":"Gremlin Horn"},{"floor":8,"key":"HornCleat"},{"floor":9,"key":"Question Card"},{"floor":14,"key":"Letter Opener"},{"floor":21,"key":"Necronomicon"},{"floor":23,"key":"Centennial Puzzle"},{"floor":25,"key":"Ornamental Fan"},{"floor":26,"key":"Bottled Lightning"},{"floor":29,"key":"Potion Belt"},{"floor":43,"key":"Bag of Marbles"},{"floor":46,"key":"Frozen Egg 2"},{"floor":48,"key":"Pocketwatch"}],"event_choices":[{"damage_healed":0,"gold_gain":0,"player_choice":"Entered Light","damage_taken":20,"max_hp_gain":0,"max_hp_loss":0,"event_name":"Shining Light","floor":2,"gold_loss":0,"cards_upgraded":["Strike_P","Strike_P"]},{"damage_healed":0,"gold_gain":0,"player_choice":"Take Damage","damage_taken":23,"relics_obtained":["Golden Idol"],"max_hp_gain":0,"max_hp_loss":0,"event_name":"Golden Idol","floor":10,"gold_loss":0},{"damage_healed":0,"gold_gain":0,"player_choice":"Became a vampire","damage_taken":0,"max_hp_gain":0,"max_hp_loss":21,"event_name":"Vampires","floor":19,"gold_loss":0,"cards_obtained":["Bite","Bite","Bite","Bite","Bite"]},{"damage_healed":0,"gold_gain":0,"player_choice":"Obtained Book","damage_taken":21,"max_hp_gain":0,"max_hp_loss":0,"event_name":"Cursed Tome","floor":21,"gold_loss":0},{"cards_removed":["Devotion"],"damage_healed":0,"gold_gain":0,"player_choice":"Removed Power","damage_taken":0,"max_hp_gain":0,"max_hp_loss":0,"event_name":"Falling","floor":39,"gold_loss":0},{"damage_healed":0,"gold_gain":0,"player_choice":"Max HP","damage_taken":0,"max_hp_gain":0,"max_hp_loss":2,"event_name":"Winding Halls","floor":41,"gold_loss":0},{"damage_healed":0,"gold_gain":0,"player_choice":"Forge","damage_taken":0,"max_hp_gain":0,"max_hp_loss":0,"event_name":"Accursed Blacksmith","floor":42,"gold_loss":0,"cards_upgraded":["WheelKick"]},{"damage_healed":0,"gold_gain":333,"player_choice":"Gave Idol","damage_taken":0,"max_hp_gain":0,"max_hp_loss":0,"event_name":"The Moai Head","floor":47,"relics_lost":["Golden Idol"],"gold_loss":0},{"damage_healed":0,"gold_gain":0,"player_choice":"Fight","damage_taken":0,"max_hp_gain":0,"max_hp_loss":0,"event_name":"MindBloom","floor":48,"gold_loss":0}],"is_beta":false,"boss_relics":[{"not_picked":["Runic Dome","Ectoplasm"],"picked":"Coffee Dripper"},{"not_picked":["Runic Pyramid","Calling Bell"],"picked":"Pandora\u0027s Box"}],"items_purged_floors":[37],"is_endless":false,"potions_floor_spawned":[3,8,12,25,27,28,38,45,48],"ascension_level":18}}