{"host":"ea1gz0s8chhg5p89","time":1608019729,"event":{"mods":["Act Like it!","BaseMod","Gensokyo","Marisa£®ÏF”Í°°ƒß¿Ì…≥£©","Minty Spire (QoL Compilation)","Pale of the Ancients","Remilia£®¿Ÿ√◊¿Ú—«£©","Replay The Spire","StSLib"],"gold_per_floor":[114,114,114,128,17,45,45,70,96,129,29,2,36,66,66,191,191,203,0,360,360,360,360,360],"floor_reached":23,"playtime":934,"items_purged":["Regret","Strike_RM"],"score":465,"play_id":"b01c13de-8a84-4e97-9d67-6bac726f0eca","local_time":"20201215160849","is_ascension_mode":true,"campfire_choices":[{"data":"TwelveNightmare","floor":7.0,"key":"SMITH"},{"data":"UnderTheZenith","floor":15.0,"key":"SMITH"}],"circlet_count":0,"master_deck":["Strike_RM","Strike_RM","Strike_RM","Defend_RM","Defend_RM","Defend_RM","RedMoon","ScarletShoot","MillenniumVampire","DiffusionOfMisfortune","BloodHunter","BloodHunter","TwelveNightmare+1","ScarletSymphony+1","ForbiddenFruit","UnderTheZenith+1","ScarletDevil+1","DiffusionOfMisfortune+1","DemonKingCradle","ScarletNetherworld","CurseOfVladTepes","UnstableMagic","FitfulNightmare","Writhe","TricksterDevil","Forethought"],"relics":["ScarletHat","NeowsBlessing","ReplayFunnel","Replay:Baseball","Strawberry","Juzu Bracelet","WingedGreaves","Molten Egg 2","Pet Ghost","ScarletEmblem","Nilry\u0027s Codex"],"acts_visited":["Exordium","TheCity"],"potions_floor_usage":[23],"damage_taken":[{"damage":0.0,"enemies":"Jaw Worm","floor":1.0,"turns":1.0},{"damage":0.0,"enemies":"2 Louse","floor":4.0,"turns":1.0},{"damage":0.0,"enemies":"Lagavulin","floor":6.0,"turns":1.0},{"damage":18.0,"enemies":"Gremlin Nob","floor":8.0,"turns":4.0},{"damage":0.0,"enemies":"Lagavulin","floor":10.0,"turns":8.0},{"damage":10.0,"enemies":"3 Sentries","floor":13.0,"turns":7.0},{"damage":14.0,"enemies":"Gremlin Nob","floor":14.0,"turns":3.0},{"damage":20.0,"enemies":"Hexaghost","floor":16.0,"turns":8.0},{"damage":6.0,"enemies":"2 Thieves","floor":18.0,"turns":3.0},{"damage":21,"enemies":"Slavers","floor":23,"turns":2}],"seed_played":"874532601657449220","potions_obtained":[{"floor":1.0,"key":"Explosive Potion"},{"floor":10.0,"key":"Energy Potion"},{"floor":13.0,"key":"Swift Potion"},{"floor":18.0,"key":"Ancient Potion"}],"is_trial":false,"path_per_floor":["M","?","?","M","$","E","R","E","T","E","$","$","E","E","R","B",null,"M","$","?","?","?","E"],"character_chosen":"REMILIA","items_purchased":["BloodHunter","UnderTheZenith","CurseOfVladTepes","UnstableMagic"],"campfire_rested":0,"item_purchase_floors":[5,12,19,19],"current_hp_per_floor":[68,68,68,68,68,68,68,64,64,69,69,69,62,53,53,43,72,67,67,25,25,9,0,0],"gold":360,"neow_bonus":"THREE_ENEMY_KILL","is_daily":false,"chose_seed":false,"campfire_upgraded":2,"win_rate":0.0,"timestamp":1608019729,"path_taken":["M","?","?","M","$","E","R","E","T","E","$","?","E","E","R","BOSS","M","$","?","?","?","E"],"items_purchased_type":["Card","Card","Card","Card"],"build_version":"2020-12-13","purchased_purges":2,"victory":false,"max_hp_per_floor":[75,75,75,75,75,75,75,82,82,82,82,82,82,82,82,82,82,82,82,82,82,82,82,82],"card_choices":[{"not_picked":["ForbiddenFruit","Stigmanizer"],"picked":"MillenniumVampire","floor":1.0},{"not_picked":["EndlessAdversity","ScarletDevil"],"picked":"DiffusionOfMisfortune","floor":4.0},{"not_picked":["MastersStateliness","ScarletDream"],"picked":"TwelveNightmare","floor":6.0},{"not_picked":["UnderTheZenith","VampireSweep"],"picked":"ScarletSymphony","floor":8.0},{"not_picked":["BloodHunter","UltimateOffering"],"picked":"ForbiddenFruit","floor":10.0},{"not_picked":["BadLadyScramble","BloodyHallows"],"picked":"ScarletDevil+1","floor":13.0},{"not_picked":["NightDance+1","BloodyTrap"],"picked":"DiffusionOfMisfortune+1","floor":14.0},{"not_picked":["BloodySeventeenLaser+1","BloodyCatastrophe"],"picked":"DemonKingCradle","floor":16.0},{"not_picked":["StarOfDavid+1","BlasphemousPunishment+1"],"picked":"ScarletNetherworld","floor":18.0}],"player_experience":380541,"relics_obtained":[{"floor":6.0,"key":"Replay:Baseball"},{"floor":8.0,"key":"Strawberry"},{"floor":9.0,"key":"Juzu Bracelet"},{"floor":10.0,"key":"WingedGreaves"},{"floor":13.0,"key":"Molten Egg 2"},{"floor":14.0,"key":"Pet Ghost"},{"floor":22,"key":"Nilry\u0027s Codex"}],"event_choices":[{"damage_healed":0.0,"max_hp_gain":0.0,"max_hp_loss":0.0,"gold_gain":0.0,"event_name":"Big Fish","player_choice":"Box","floor":2.0,"gold_loss":0.0,"damage_taken":0.0,"relics_obtained":["ReplayFunnel"],"cards_obtained":["Regret"]},{"damage_healed":0.0,"max_hp_gain":0.0,"max_hp_loss":0.0,"gold_gain":360.0,"event_name":"Knowing Skull","player_choice":"GOLD POTION GOLD GOLD GOLD ","floor":20.0,"potions_obtained":["Adrenaline Potion"],"gold_loss":0.0,"damage_taken":42.0,"cards_obtained":[]},{"damage_healed":0,"gold_gain":0,"player_choice":"4 cards matched","damage_taken":0,"max_hp_gain":0,"max_hp_loss":0,"event_name":"Match and Keep!","floor":21,"gold_loss":0,"cards_obtained":["FitfulNightmare","Writhe","TricksterDevil","Forethought"]},{"damage_healed":0,"gold_gain":0,"player_choice":"Obtained Book","damage_taken":16,"max_hp_gain":0,"max_hp_loss":0,"event_name":"Cursed Tome","floor":22,"gold_loss":0}],"is_beta":false,"boss_relics":[{"not_picked":["Runic Pyramid","Replay:Wanted Poster"],"picked":"ScarletEmblem"}],"items_purged_floors":[5,11],"is_endless":false,"potions_floor_spawned":[1,10,13,18],"killed_by":"Slavers","ascension_level":9}}