{"host":"oc5h2hqz0xgb0igf","time":1608023793,"event":{"mods":["AchievementEnabler","BaseMod","Colored Map","Colored Powertips","Minty Spire (QoL Compilation)","Rare Cards Sparkle"],"gold_per_floor":[116,135,154,169,169,194,213,243,243,318,346,346,346,361,361,465,465,476,496,506,533,553,584,603,39,65,80,80,92,122,132,132,232,232,244,244,20,30,50,81,81,106,106,116,136,136,150,150,150,150],"floor_reached":51,"playtime":2644,"items_purged":["Strike_B"],"score":775,"play_id":"bbbbe680-8a9b-4bbb-9d14-8d1bad09bfbd","local_time":"20201215011633","is_ascension_mode":false,"campfire_choices":[{"floor":15,"key":"REST"},{"data":"Apotheosis","floor":28,"key":"SMITH"},{"floor":32,"key":"REST"},{"data":"Self Repair","floor":41,"key":"SMITH"},{"data":"Amplify","floor":46,"key":"SMITH"},{"floor":49,"key":"REST"}],"circlet_count":0,"master_deck":["Strike_B","Strike_B","Strike_B","Defend_B","Defend_B","Defend_B","Defend_B","Zap","Dualcast","Cold Snap","Defragment","Chill","Coolheaded","Go for the Eyes","Ball Lightning","Streamline+1","Self Repair+1","Electrodynamics","Static Discharge+1","Storm","Coolheaded","Consume+1","Loop","Apotheosis+1","Amplify+1","Buffer","Apotheosis+1","Glacier","Defragment+1","Defragment+1","Coolheaded+1","Seek","All For One+1"],"relics":["Cracked Core","NeowsBlessing","Sundial","Blood Vial","Tiny Chest","Molten Egg 2","Girya","Velvet Choker","Nunchaku","Bag of Marbles","Calipers","Strawberry","MealTicket","Nuclear Battery","DollysMirror","Darkstone Periapt","HornCleat","Kunai"],"acts_visited":["Exordium","TheCity","TheBeyond"],"potions_floor_usage":[6,8,16,16,22,23,33,33,42,47],"damage_taken":[{"damage":0,"enemies":"2 Louse","floor":1,"turns":1},{"damage":0,"enemies":"Cultist","floor":2,"turns":1},{"damage":0,"enemies":"Small Slimes","floor":3,"turns":1},{"damage":9,"enemies":"2 Fungi Beasts","floor":4,"turns":4},{"damage":11,"enemies":"Lagavulin","floor":6,"turns":10},{"damage":0,"enemies":"Red Slaver","floor":7,"turns":4},{"damage":4,"enemies":"3 Sentries","floor":8,"turns":10},{"damage":16,"enemies":"Lagavulin","floor":11,"turns":7},{"damage":10,"enemies":"3 Louse","floor":14,"turns":3},{"damage":22,"enemies":"Hexaghost","floor":16,"turns":9},{"damage":10,"enemies":"Chosen","floor":18,"turns":4},{"damage":0,"enemies":"3 Byrds","floor":19,"turns":2},{"damage":0,"enemies":"3 Cultists","floor":20,"turns":2},{"damage":22,"enemies":"Shelled Parasite and Fungi","floor":22,"turns":3},{"damage":34,"enemies":"Slavers","floor":23,"turns":3},{"damage":2,"enemies":"Chosen and Byrds","floor":24,"turns":5},{"damage":19,"enemies":"Sentry and Sphere","floor":27,"turns":4},{"damage":12,"enemies":"Centurion and Healer","floor":29,"turns":3},{"damage":3,"enemies":"Gremlin Leader","floor":30,"turns":6},{"damage":21,"enemies":"Snake Plant","floor":31,"turns":1},{"damage":21,"enemies":"Collector","floor":33,"turns":7},{"damage":18,"enemies":"3 Shapes","floor":35,"turns":4},{"damage":29,"enemies":"3 Darklings","floor":38,"turns":3},{"damage":0,"enemies":"4 Shapes","floor":39,"turns":4},{"damage":10,"enemies":"Nemesis","floor":40,"turns":9},{"damage":22,"enemies":"Reptomancer","floor":42,"turns":5},{"damage":7,"enemies":"Maw","floor":44,"turns":6},{"damage":5,"enemies":"Jaw Worm Horde","floor":45,"turns":2},{"damage":14,"enemies":"Spire Growth","floor":47,"turns":5},{"damage":53,"enemies":"Time Eater","floor":50,"turns":13}],"seed_played":"-5121150763831818106","potions_obtained":[{"floor":2,"key":"SteroidPotion"},{"floor":6,"key":"Block Potion"},{"floor":7,"key":"Weak Potion"},{"floor":11,"key":"SkillPotion"},{"floor":16,"key":"GamblersBrew"},{"floor":18,"key":"Explosive Potion"},{"floor":23,"key":"Swift Potion"},{"floor":27,"key":"SmokeBomb"},{"floor":30,"key":"Energy Potion"},{"floor":40,"key":"SneckoOil"},{"floor":45,"key":"Swift Potion"},{"floor":47,"key":"SteroidPotion"}],"is_trial":false,"path_per_floor":["M","M","M","M","?","E","M","E","T","?","E","?","?","M","R","B",null,"M","M","M","T","M","E","M","$","T","M","R","M","E","M","R","B",null,"M","?","$","M","M","E","R","E","T","M","M","R","M","?","R","B",null],"character_chosen":"DEFECT","items_purchased":["Apotheosis","Calipers","DollysMirror","Glacier"],"campfire_rested":3,"item_purchase_floors":[25,25,37,37],"current_hp_per_floor":[75,75,75,66,54,43,45,43,43,32,18,23,23,15,39,26,80,77,79,80,80,65,40,40,40,47,40,40,30,39,20,46,27,87,69,69,84,67,69,68,68,58,58,53,50,50,48,48,74,33],"gold":150,"neow_bonus":"THREE_ENEMY_KILL","is_daily":false,"chose_seed":false,"campfire_upgraded":3,"win_rate":0.0,"timestamp":1608023793,"path_taken":["M","M","M","M","?","E","M","E","T","?","E","?","?","M","R","BOSS","M","M","M","?","M","E","M","$","T","M","R","M","E","M","R","BOSS","M","?","$","M","M","E","R","E","T","M","M","R","M","?","R","BOSS"],"items_purchased_type":["Card","Relic","Relic","Card"],"build_version":"2020-12-13","purchased_purges":1,"victory":true,"max_hp_per_floor":[75,75,75,75,75,75,75,75,75,75,75,80,80,80,80,80,80,80,80,80,80,80,80,80,80,87,87,87,87,87,87,87,87,87,87,87,87,87,87,87,87,87,87,87,87,87,87,87,87,87],"card_choices":[{"not_picked":["Conserve Battery","BootSequence"],"picked":"Cold Snap","floor":1},{"not_picked":["Compile Driver","Gash"],"picked":"Defragment","floor":2},{"not_picked":["Darkness","Steam Power"],"picked":"Chill","floor":3},{"not_picked":["Auto Shields","Beam Cell"],"picked":"Coolheaded","floor":4},{"not_picked":["Sunder","Steam Power"],"picked":"Go for the Eyes","floor":6},{"not_picked":["Go for the Eyes","Leap","Lockon"],"picked":"SKIP","floor":7},{"not_picked":["Skim","Steam"],"picked":"Ball Lightning","floor":8},{"not_picked":["Conserve Battery","Coolheaded"],"picked":"Streamline+1","floor":11},{"not_picked":["Doom and Gloom+1","Steam Power"],"picked":"Self Repair","floor":14},{"not_picked":["Multi-Cast","Thunder Strike+1"],"picked":"Electrodynamics","floor":16},{"not_picked":["Beam Cell+1","Self Repair"],"picked":"Static Discharge+1","floor":18},{"not_picked":["Blizzard+1","Barrage+1"],"picked":"Storm","floor":19},{"not_picked":["Ball Lightning+1","Sweeping Beam+1"],"picked":"Coolheaded","floor":20},{"not_picked":["Hello World","Leap+1"],"picked":"Consume+1","floor":22},{"not_picked":["Lockon+1","Compile Driver+1"],"picked":"Loop","floor":23},{"not_picked":["Stack+1","All For One+1","Redo"],"picked":"SKIP","floor":24},{"not_picked":["Static Discharge","Compile Driver+1","Go for the Eyes+1"],"picked":"SKIP","floor":27},{"not_picked":["Sunder+1","Barrage+1","Go for the Eyes+1"],"picked":"SKIP","floor":29},{"not_picked":["Force Field","Sunder+1"],"picked":"Amplify","floor":30},{"not_picked":["Reinforced Body+1","Rebound+1","Tempest"],"picked":"SKIP","floor":31},{"not_picked":["Thunder Strike+1","Amplify"],"picked":"Buffer","floor":33},{"not_picked":["Ball Lightning+1","Blizzard+1","Beam Cell+1"],"picked":"SKIP","floor":35},{"not_picked":["Sweeping Beam+1","Turbo+1"],"picked":"Defragment+1","floor":38},{"not_picked":["Steam Power","Barrage+1","Scrape+1"],"picked":"SKIP","floor":39},{"not_picked":["Hologram+1","Doom and Gloom+1"],"picked":"Defragment+1","floor":40},{"not_picked":["Skim+1","Doom and Gloom+1"],"picked":"Coolheaded+1","floor":42},{"not_picked":["Ball Lightning+1","Cold Snap+1","Tempest+1"],"picked":"SKIP","floor":44},{"not_picked":["Conserve Battery","Undo","Leap+1"],"picked":"SKIP","floor":45},{"not_picked":["Rebound+1","Beam Cell+1"],"picked":"Seek","floor":47}],"player_experience":71529,"relics_obtained":[{"floor":6,"key":"Blood Vial"},{"floor":8,"key":"Tiny Chest"},{"floor":9,"key":"Molten Egg 2"},{"floor":11,"key":"Girya"},{"floor":21,"key":"Nunchaku"},{"floor":23,"key":"Bag of Marbles"},{"floor":26,"key":"Strawberry"},{"floor":30,"key":"MealTicket"},{"floor":40,"key":"Darkstone Periapt"},{"floor":42,"key":"HornCleat"},{"floor":43,"key":"Kunai"}],"event_choices":[{"damage_healed":0,"gold_gain":0,"player_choice":"Success","damage_taken":12,"relics_obtained":["Sundial"],"max_hp_gain":0,"max_hp_loss":0,"event_name":"Scrap Ooze","floor":5,"gold_loss":0},{"damage_healed":0,"gold_gain":75,"player_choice":"Gather Gold","damage_taken":11,"max_hp_gain":0,"max_hp_loss":0,"event_name":"World of Goop","floor":10,"gold_loss":0},{"damage_healed":0,"gold_gain":0,"player_choice":"Donut","damage_taken":0,"max_hp_gain":5,"max_hp_loss":0,"event_name":"Big Fish","floor":12,"gold_loss":0},{"damage_healed":0,"gold_gain":0,"player_choice":"1 cards matched","damage_taken":0,"max_hp_gain":0,"max_hp_loss":0,"event_name":"Match and Keep!","floor":13,"gold_loss":0,"cards_obtained":["Consume"]},{"damage_healed":0,"gold_gain":0,"player_choice":"Ignored","damage_taken":0,"max_hp_gain":0,"max_hp_loss":0,"event_name":"Tomb of Lord Red Mask","floor":36,"gold_loss":0},{"damage_healed":0,"gold_gain":0,"cards_transformed":["Consume"],"player_choice":"Transformed","damage_taken":0,"max_hp_gain":0,"max_hp_loss":0,"event_name":"Transmorgrifier","floor":48,"gold_loss":0,"cards_obtained":["All For One"]}],"is_beta":false,"boss_relics":[{"not_picked":["SacredBark","Coffee Dripper"],"picked":"Velvet Choker"},{"not_picked":["Snecko Eye","Cursed Key"],"picked":"Nuclear Battery"}],"items_purged_floors":[25],"is_endless":false,"potions_floor_spawned":[2,6,7,11,16,18,23,27,30,40,45,47],"ascension_level":0}}