{"host":"jksa5rawk3m4gilz","time":1608060573,"event":{"mods":["BaseMod","Colored Map","Highlight Path","Minty Spire (QoL Compilation)","Quick Restart"],"gold_per_floor":[111,111,127,227,239,239,266,266,293,303,303,323,342,376,376,476,476,495,507,507,520,435,435,435,435,435,453,17,32,50,77,77,178,178,196,206,206,206,106,140,140,168,168,43,43,73,88,113,113,113],"floor_reached":51,"playtime":2159,"items_purged":["Strike_P+1","Vigilance","Defend_P+1"],"score":1424,"play_id":"514d2698-73a8-4b51-8ab5-0285db98ada4","local_time":"20201215202933","is_ascension_mode":true,"campfire_choices":[{"data":"Eruption","floor":6,"key":"SMITH"},{"floor":8,"key":"REST"},{"data":"FlurryOfBlows","floor":11,"key":"SMITH"},{"floor":15,"key":"REST"},{"floor":23,"key":"REST"},{"data":"Alpha","floor":25,"key":"SMITH"},{"data":"Vault","floor":32,"key":"SMITH"},{"data":"Defend_P+1","floor":41,"key":"PURGE"},{"data":"Defend_P+1","floor":45,"key":"PURGE"},{"data":"Defend_P+1","floor":49,"key":"PURGE"}],"circlet_count":0,"master_deck":["AscendersBane","Strike_P+1","Strike_P+1","Eruption+1","JustLucky","Prostrate","FlurryOfBlows+1","Weave","Wallop","Alpha+1","Vault+1","CurseOfTheBell","EmptyBody+1","Ghostly","Ghostly","Ghostly","Ghostly","Ghostly","DeceiveReality","Scrawl","Devotion","Vault","Study","Sanctity+1","Wireheading+1"],"relics":["PureWater","NeowsBlessing","Blood Vial","Orichalcum","Potion Belt","Calling Bell","PreservedInsect","Yang","Incense Burner","Pear","MealTicket","Strawberry","Lee\u0027s Waffle","Pantograph","Fusion Hammer","Peace Pipe","Smiling Mask","Kunai","Mercury Hourglass","Blue Candle"],"acts_visited":["Exordium","TheCity","TheBeyond"],"potions_floor_usage":[7,18,27,46],"damage_taken":[{"damage":0,"enemies":"2 Louse","floor":1,"turns":2},{"damage":0,"enemies":"Cultist","floor":3,"turns":1},{"damage":0,"enemies":"Jaw Worm","floor":5,"turns":1},{"damage":36,"enemies":"3 Sentries","floor":7,"turns":6},{"damage":0,"enemies":"Large Slime","floor":10,"turns":5},{"damage":2,"enemies":"3 Louse","floor":12,"turns":3},{"damage":4,"enemies":"Exordium Thugs","floor":13,"turns":3},{"damage":32,"enemies":"Lagavulin","floor":14,"turns":6},{"damage":28,"enemies":"Slime Boss","floor":16,"turns":7},{"damage":10,"enemies":"3 Byrds","floor":18,"turns":5},{"damage":14,"enemies":"Shell Parasite","floor":19,"turns":6},{"damage":36,"enemies":"Cultist and Chosen","floor":21,"turns":7},{"damage":0,"enemies":"Centurion and Healer","floor":27,"turns":6},{"damage":15,"enemies":"Shelled Parasite and Fungi","floor":29,"turns":6},{"damage":0,"enemies":"Snake Plant","floor":30,"turns":5},{"damage":1,"enemies":"Gremlin Leader","floor":31,"turns":7},{"damage":3,"enemies":"Automaton","floor":33,"turns":10},{"damage":0,"enemies":"3 Darklings","floor":35,"turns":6},{"damage":0,"enemies":"3 Shapes","floor":36,"turns":3},{"damage":0,"enemies":"Giant Head","floor":40,"turns":8},{"damage":2,"enemies":"Reptomancer","floor":42,"turns":5},{"damage":0,"enemies":"Nemesis","floor":46,"turns":7},{"damage":0,"enemies":"3 Darklings","floor":47,"turns":6},{"damage":0,"enemies":"Reptomancer","floor":48,"turns":5},{"damage":0,"enemies":"Donu and Deca","floor":50,"turns":8}],"seed_played":"-4640499483538641411","potions_obtained":[{"floor":2,"key":"Explosive Potion"},{"floor":2,"key":"DuplicationPotion"},{"floor":12,"key":"Block Potion"},{"floor":13,"key":"Regen Potion"},{"floor":21,"key":"GamblersBrew"},{"floor":27,"key":"Fruit Juice"},{"floor":29,"key":"ColorlessPotion"},{"floor":33,"key":"Swift Potion"},{"floor":46,"key":"StancePotion"}],"is_trial":false,"path_per_floor":["M","?","M","?","M","R","E","R","T","M","R","M","M","E","R","B",null,"M","M","?","M","?","R","?","R","T","M","$","M","M","E","R","B",null,"M","M","?","?","$","E","R","E","T","$","R","E","M","E","R","B",null],"character_chosen":"WATCHER","items_purchased":["Strawberry","DeceiveReality","Lee\u0027s Waffle","Study"],"campfire_rested":3,"item_purchase_floors":[28,28,28,44],"current_hp_per_floor":[65,65,65,65,65,65,29,50,50,52,52,52,50,20,41,15,58,50,38,38,4,14,38,38,38,38,40,55,40,42,43,43,52,54,55,55,55,55,55,55,55,53,53,55,55,60,60,60,60,60],"gold":113,"neow_bonus":"THREE_ENEMY_KILL","is_daily":false,"chose_seed":false,"campfire_upgraded":4,"win_rate":0.0,"timestamp":1608060573,"path_taken":["M","?","?","?","M","R","E","R","T","M","R","M","M","E","R","BOSS","M","?","?","M","?","R","?","R","T","M","$","M","?","E","R","BOSS","M","M","?","?","$","E","R","E","T","?","R","E","M","E","R","BOSS"],"items_purchased_type":["Relic","Card","Relic","Card"],"build_version":"2020-12-13","purchased_purges":3,"victory":true,"max_hp_per_floor":[72,72,72,72,72,72,72,72,72,72,72,72,72,72,72,72,72,72,72,72,72,82,82,41,41,41,41,55,55,55,55,55,55,55,55,55,55,55,55,55,55,55,55,55,55,60,60,60,60,60],"card_choices":[{"not_picked":["ThirdEye","Sanctity"],"picked":"JustLucky","floor":1},{"not_picked":["BowlingBash","FlurryOfBlows"],"picked":"Prostrate","floor":3},{"not_picked":["ClearTheMind","BowlingBash"],"picked":"FlurryOfBlows","floor":5},{"not_picked":["Vengeance","ForeignInfluence"],"picked":"Weave","floor":7},{"not_picked":["SignatureMove","Evaluate","FollowUp"],"picked":"SKIP","floor":10},{"not_picked":["SignatureMove","EmptyFist","CutThroughFate"],"picked":"SKIP","floor":12},{"not_picked":["FlurryOfBlows","LikeWater"],"picked":"Wallop","floor":13},{"not_picked":["BowlingBash","Crescendo"],"picked":"Alpha","floor":14},{"not_picked":["Scrawl","Alpha"],"picked":"Vault","floor":16},{"not_picked":["ForeignInfluence","EmptyBody","Consecrate"],"picked":"SKIP","floor":18},{"not_picked":["FlyingSleeves","SandsOfTime"],"picked":"EmptyBody+1","floor":19},{"not_picked":["CutThroughFate","Crescendo","EmptyBody"],"picked":"SKIP","floor":21},{"not_picked":["Adaptation","Blasphemy","Evaluate"],"picked":"SKIP","floor":27},{"not_picked":["CutThroughFate","ThirdEye","WreathOfFlame"],"picked":"SKIP","floor":29},{"not_picked":["BowlingBash","ClearTheMind+1","EmptyBody+1"],"picked":"SKIP","floor":30},{"not_picked":["Protect","CutThroughFate"],"picked":"Scrawl","floor":31},{"not_picked":["Wish","ConjureBlade"],"picked":"Devotion","floor":33},{"not_picked":["SashWhip","Consecrate+1","Halt+1"],"picked":"SKIP","floor":35},{"not_picked":["ClearTheMind+1","Adaptation+1","CrushJoints"],"picked":"SKIP","floor":36},{"not_picked":["Establishment","BowlingBash+1"],"picked":"Vault","floor":40},{"not_picked":["WheelKick+1","ReachHeaven","Indignation"],"picked":"SKIP","floor":42},{"not_picked":["CutThroughFate","Consecrate"],"picked":"Sanctity+1","floor":46},{"not_picked":["CrushJoints","Adaptation","FlyingSleeves"],"picked":"SKIP","floor":47},{"not_picked":["FollowUp","BowlingBash"],"picked":"Wireheading+1","floor":48}],"player_experience":2031306,"relics_obtained":[{"floor":7,"key":"Blood Vial"},{"floor":9,"key":"Orichalcum"},{"floor":14,"key":"Potion Belt"},{"floor":17,"key":"PreservedInsect"},{"floor":17,"key":"Yang"},{"floor":17,"key":"Incense Burner"},{"floor":26,"key":"MealTicket"},{"floor":31,"key":"Pantograph"},{"floor":40,"key":"Peace Pipe"},{"floor":42,"key":"Smiling Mask"},{"floor":43,"key":"Kunai"},{"floor":46,"key":"Mercury Hourglass"},{"floor":48,"key":"Blue Candle"}],"event_choices":[{"damage_healed":0,"gold_gain":0,"player_choice":"Got Potions","damage_taken":0,"max_hp_gain":0,"max_hp_loss":0,"event_name":"Lab","floor":2,"gold_loss":0},{"damage_healed":0,"gold_gain":100,"player_choice":"Gold","damage_taken":0,"max_hp_gain":0,"max_hp_loss":0,"event_name":"Wheel of Change","floor":4,"gold_loss":0},{"damage_healed":0,"gold_gain":0,"player_choice":"Simplicity","damage_taken":0,"max_hp_gain":0,"max_hp_loss":0,"event_name":"Back to Basics","floor":20,"gold_loss":0,"cards_upgraded":["Strike_P","Strike_P","Strike_P","Strike_P","Defend_P","Defend_P","Defend_P","Defend_P"]},{"damage_healed":0,"gold_gain":0,"player_choice":"Obtained Relic","damage_taken":0,"relics_obtained":["Pear"],"max_hp_gain":0,"max_hp_loss":0,"event_name":"Addict","floor":22,"gold_loss":85},{"damage_healed":0,"gold_gain":0,"player_choice":"Became a Ghost","damage_taken":0,"max_hp_gain":0,"max_hp_loss":41,"event_name":"Ghosts","floor":24,"gold_loss":0,"cards_obtained":["Ghostly","Ghostly","Ghostly","Ghostly","Ghostly"]},{"cards_removed":["Strike_P"],"damage_healed":0,"gold_gain":0,"player_choice":"Removed Attack","damage_taken":0,"max_hp_gain":0,"max_hp_loss":0,"event_name":"Falling","floor":37,"gold_loss":0},{"damage_healed":0,"gold_gain":0,"player_choice":"Ignored","damage_taken":0,"max_hp_gain":0,"max_hp_loss":0,"event_name":"Tomb of Lord Red Mask","floor":38,"gold_loss":0}],"is_beta":false,"boss_relics":[{"not_picked":["VioletLotus","Tiny House"],"picked":"Calling Bell"},{"not_picked":["Sozu","Runic Pyramid"],"picked":"Fusion Hammer"}],"items_purged_floors":[28,39,44],"is_endless":false,"potions_floor_spawned":[3,12,13,21,27,29,33,46,48],"ascension_level":11}}