{"host":"07ljfmttuzqopd7f","time":1608064615,"event":{"mods":["2.2 Compatiblity","BaseMod","Bestiary","Block Reminder","Colored Map","Colored Powertips","Curses Come First","Hermit","Minty Spire (QoL Compilation)","Quick Restart","Random Character Button","Rare Cards Sparkle","Relic Stats","StSLib","The Cursed","UnlockEverythingMod"],"gold_per_floor":[364,364,418,25,125,125,27,56,79,89,109,120,153,170,170,268,268,283,21,21,32,32,32,49,49,49,14,14,46,58,85,85,85,85],"floor_reached":33,"playtime":1275,"items_purged":["Doubt"],"score":381,"play_id":"73b0c3e0-9c90-4ea1-83b4-aae41a96448b","local_time":"20201215153655","is_ascension_mode":true,"campfire_choices":[{"data":"hermit:Roulette","floor":6,"key":"SMITH"},{"floor":15,"key":"REST"},{"floor":23,"key":"REST"},{"data":"hermit:Combo","floor":28,"key":"SMITH"},{"data":"hermit:FromBeyond","floor":32,"key":"SMITH"}],"circlet_count":0,"master_deck":["hermit:Snapshot","hermit:Covet","hermit:Roulette+1","Regret","hermit:WideOpen","hermit:Dissolve","hermit:Vantage","hermit:EyeOfTheStorm","hermit:Dive","hermit:ShadowCloak","hermit:Feint","hermit:FromBeyond+1","hermit:Brawl","hermit:FatalDesire","hermit:Ricochet","hermit:Horror","hermit:Combo+1","hermit:Headshot","hermit:Horror","hermit:CalledShot","hermit:Malice","hermit:Gestalt","hermit:Enervate+1","hermit:Glare","hermit:Cheat","hermit:Deadeye","hermit:Adapt","hermit:NoHoldsBarred+1"],"relics":["hermit:Momento","Regal Pillow","Centennial Puzzle","Pantograph","ClockworkSouvenir","Happy Flower","Potion Belt","White Beast Statue","Pandora\u0027s Box","Bronze Scales","Letter Opener","Nilry\u0027s Codex","FossilizedHelix","Vajra","Juzu Bracelet"],"acts_visited":["Exordium","TheCity"],"potions_floor_usage":[14,14,16,18,21,29,30,33,33,33],"damage_taken":[{"damage":8,"enemies":"Jaw Worm","floor":1,"turns":4},{"damage":26,"enemies":"Gremlin Nob","floor":8,"turns":4},{"damage":7,"enemies":"Small Slimes","floor":10,"turns":2},{"damage":0,"enemies":"Cultist","floor":11,"turns":2},{"damage":2,"enemies":"3 Louse","floor":12,"turns":3},{"damage":17,"enemies":"Lagavulin","floor":13,"turns":5},{"damage":4,"enemies":"2 Fungi Beasts","floor":14,"turns":4},{"damage":40,"enemies":"The Guardian","floor":16,"turns":17},{"damage":14,"enemies":"3 Byrds","floor":18,"turns":5},{"damage":13,"enemies":"Spheric Guardian","floor":21,"turns":4},{"damage":10,"enemies":"Centurion and Healer","floor":24,"turns":4},{"damage":6,"enemies":"Book of Stabbing","floor":29,"turns":4},{"damage":1,"enemies":"Snake Plant","floor":30,"turns":4},{"damage":12,"enemies":"Gremlin Leader","floor":31,"turns":3},{"damage":53,"enemies":"Automaton","floor":33,"turns":8}],"seed_played":"-640724250076911786","potions_obtained":[{"floor":11,"key":"BlessingOfTheForge"},{"floor":12,"key":"PowerPotion"},{"floor":14,"key":"SteroidPotion"},{"floor":16,"key":"AttackPotion"},{"floor":18,"key":"GamblersBrew"},{"floor":21,"key":"SteroidPotion"},{"floor":24,"key":"Strength Potion"},{"floor":29,"key":"Swift Potion"},{"floor":30,"key":"Strength Potion"},{"floor":31,"key":"CultistPotion"}],"is_trial":false,"path_per_floor":["M","?","T","$","?","R","$","E","T","M","M","M","E","M","R","B",null,"M","$","T","M","?","R","M","?","T","$","R","E","M","E","R","B"],"character_chosen":"HERMIT","items_purchased":["Pantograph","ClockworkSouvenir","hermit:WideOpen","Bronze Scales","hermit:Malice","hermit:Gestalt","hermit:Deadeye"],"campfire_rested":2,"item_purchase_floors":[4,4,7,19,19,19,27],"current_hp_per_floor":[60,60,60,60,60,60,60,34,34,27,27,25,8,4,41,26,63,49,49,49,36,20,57,47,47,47,47,47,41,40,28,28,0,0],"gold":85,"neow_bonus":"TWO_FIFTY_GOLD","is_daily":false,"chose_seed":false,"campfire_upgraded":3,"win_rate":0.0,"timestamp":1608064615,"path_taken":["M","?","?","?","?","R","$","E","T","M","M","M","E","M","R","BOSS","M","$","?","M","?","R","M","?","T","$","R","E","M","E","R","BOSS"],"items_purchased_type":["Relic","Relic","Card","Relic","Card","Card","Card"],"build_version":"2020-12-13","purchased_purges":1,"victory":false,"max_hp_per_floor":[75,75,75,75,75,75,75,75,75,75,75,75,75,75,75,75,75,75,75,75,75,75,75,75,75,75,75,75,75,75,75,75,75,75],"relic_stats":{"Regal Pillow":30,"Centennial Puzzle":[39],"Happy Flower":[21],"counters":[15,73],"Pantograph":50,"Bronze Scales":[75],"Pandora\u0027s Box":["hermit:Brawl","hermit:FatalDesire","hermit:Ricochet","hermit:Horror","hermit:Combo","hermit:Headshot","hermit:Horror","hermit:Desperado"],"Juzu Bracelet":0,"Letter Opener":[70],"obtain_stats":[{"Potion Belt":9,"Regal Pillow":2,"Happy Flower":8,"Nilry\u0027s Codex":22,"Vajra":29,"Juzu Bracelet":31,"Letter Opener":20,"White Beast Statue":13,"ClockworkSouvenir":4,"Centennial Puzzle":3,"Pantograph":4,"Bronze Scales":19,"Pandora\u0027s Box":17,"hermit:Momento":0,"FossilizedHelix":26},{"Potion Belt":2,"Regal Pillow":1,"Happy Flower":2,"Nilry\u0027s Codex":10,"Vajra":12,"Juzu Bracelet":14,"Letter Opener":9,"White Beast Statue":6,"ClockworkSouvenir":1,"Centennial Puzzle":1,"Pantograph":1,"Bronze Scales":9,"Pandora\u0027s Box":8,"hermit:Momento":0,"FossilizedHelix":11},{"Potion Belt":8,"Regal Pillow":4,"Happy Flower":8,"Nilry\u0027s Codex":50,"Vajra":58,"Juzu Bracelet":65,"Letter Opener":46,"White Beast Statue":20,"ClockworkSouvenir":4,"Centennial Puzzle":4,"Pantograph":4,"Bronze Scales":46,"Pandora\u0027s Box":41,"hermit:Momento":0,"FossilizedHelix":54}]},"card_choices":[{"not_picked":["hermit:Quickdraw","hermit:Dive"],"picked":"hermit:Roulette","floor":1},{"not_picked":["hermit:Midnight","hermit:Cheat"],"picked":"hermit:Dissolve","floor":8},{"not_picked":["hermit:CursedWeapon","hermit:LowProfile"],"picked":"hermit:Vantage","floor":10},{"not_picked":["hermit:Manifest","hermit:LowProfile"],"picked":"hermit:EyeOfTheStorm","floor":11},{"not_picked":["hermit:Glare","hermit:Midnight"],"picked":"hermit:Dive","floor":12},{"not_picked":["hermit:Vantage","hermit:Feint"],"picked":"hermit:ShadowCloak","floor":13},{"not_picked":["hermit:Grudge","hermit:Horror"],"picked":"hermit:Feint","floor":14},{"not_picked":["hermit:DeadOrAlive","hermit:Magnum"],"picked":"hermit:FromBeyond","floor":16},{"not_picked":["hermit:Combo","hermit:Determination"],"picked":"hermit:CalledShot","floor":18},{"not_picked":["hermit:Roulette+1","hermit:HighCaliber"],"picked":"hermit:Enervate+1","floor":21},{"not_picked":["hermit:ItchyTrigger","hermit:Scavenge"],"picked":"hermit:Glare","floor":24},{"not_picked":["hermit:DeadMansHand","hermit:Midnight"],"picked":"hermit:Adapt","floor":29},{"not_picked":["hermit:HighCaliber","hermit:Vantage","hermit:LowProfile"],"picked":"SKIP","floor":30},{"not_picked":["hermit:Quickdraw+1","hermit:HighNoon"],"picked":"hermit:NoHoldsBarred+1","floor":31}],"player_experience":412411,"relics_obtained":[{"floor":3,"key":"Centennial Puzzle"},{"floor":8,"key":"Happy Flower"},{"floor":9,"key":"Potion Belt"},{"floor":13,"key":"White Beast Statue"},{"floor":20,"key":"Letter Opener"},{"floor":22,"key":"Nilry\u0027s Codex"},{"floor":26,"key":"FossilizedHelix"},{"floor":29,"key":"Vajra"},{"floor":31,"key":"Juzu Bracelet"}],"event_choices":[{"damage_healed":0,"gold_gain":0,"player_choice":"Box","damage_taken":0,"relics_obtained":["Regal Pillow"],"max_hp_gain":0,"max_hp_loss":0,"event_name":"Big Fish","floor":2,"gold_loss":0,"cards_obtained":["Regret"]},{"damage_healed":0,"gold_gain":100,"player_choice":"Gold","damage_taken":0,"max_hp_gain":0,"max_hp_loss":0,"event_name":"Wheel of Change","floor":5,"gold_loss":0},{"damage_healed":0,"gold_gain":0,"player_choice":"Obtained Book","damage_taken":16,"max_hp_gain":0,"max_hp_loss":0,"event_name":"Cursed Tome","floor":22,"gold_loss":0},{"damage_healed":0,"gold_gain":0,"cards_transformed":["hermit:Desperado"],"player_choice":"Transformed","damage_taken":0,"max_hp_gain":0,"max_hp_loss":0,"event_name":"Transmorgrifier","floor":25,"gold_loss":0,"cards_obtained":["hermit:Cheat"]}],"is_beta":false,"boss_relics":[{"not_picked":["hermit:ClaspedLocket","Runic Dome"],"picked":"Pandora\u0027s Box"}],"items_purged_floors":[7],"is_endless":false,"potions_floor_spawned":[11,12,14,16,18,21,24,29,30,31],"killed_by":"Automaton","ascension_level":6}}