{"host":"y89x8uui45kcjy42","time":1608006737,"event":{"mods":["2.2 Compatiblity","BaseMod","Colored Map","Colored Powertips","Friendly Minions","Highlight Path","Keyboard Shortcuts","Minty Spire (QoL Compilation)","StSLib","SuperFastMode","Waifu the Spire"],"gold_per_floor":[112,112,130,158,158,189,189,227,253,95,95,109,43,79,79,173,173,197,247,130,130,143,186,98,129,129,147,267,339,339,254,254,348,348,362,198,115,115,331,331,331,362,440,480,501,534,593,619,631,643,655,667,679,454,492,492],"floor_reached":57,"playtime":1527,"items_purged":["Defend_P","Strike_P","Strike_P","Defend_P","Strike_P+1","Defend_P","Adaptation+1"],"score":3501,"play_id":"4cdc2576-1b60-4365-b03d-81b8ce007032","local_time":"20201215133217","is_ascension_mode":true,"campfire_choices":[{"data":"Vigilance","floor":7,"key":"SMITH"},{"floor":15,"key":"RECALL"},{"data":"Eruption+1","floor":32,"key":"PURGE"},{"data":"Worship+1","floor":40,"key":"PURGE"},{"data":"DeceiveReality+1","floor":49,"key":"PURGE"},{"data":"Worship+1","floor":53,"key":"PURGE"}],"circlet_count":0,"master_deck":["AscendersBane","Vigilance+1","Master of Strategy+1","WheelKick+1","BattleHymn+1","TalkToTheHand+1","Scrawl+1","Fasting2+1","Prostrate+1","MasterReality+1","CrushJoints+1","Brilliance+1","TalkToTheHand+1","Finesse+1","Brilliance+1","Panacea+1"],"relics":["PureWater","Frozen Egg 2","Molten Egg 2","Toxic Egg 2","Membership Card","NeowsBlessing","Potion Belt","Whetstone","Golden Idol","Omamori","Yang","Singing Bowl","Damaru","Orrery","WarpedTongs","Ornamental Fan","Question Card","Coffee Dripper","Dream Catcher","Pocketwatch","Pear","HandDrill","Matryoshka","HornCleat","Bottled Flame","Peace Pipe","Coffee Dripper","WingedGreaves","Bag of Marbles","Sling","TeardropLocket","DollysMirror","Anchor","White Beast Statue","PreservedInsect","Eternal Feather","Shuriken","MawBank","Oddly Smooth Stone","Lantern","Cauldron","Gambling Chip"],"acts_visited":["Exordium","TheCity","TheBeyond","TheEnding"],"potions_floor_usage":[14,23,56,56,56,56],"damage_taken":[{"damage":0,"enemies":"2 Louse","floor":1,"turns":1},{"damage":0,"enemies":"Cultist","floor":3,"turns":1},{"damage":0,"enemies":"3 Sentries","floor":6,"turns":1},{"damage":14,"enemies":"Gremlin Nob","floor":8,"turns":3},{"damage":9,"enemies":"Small Slimes","floor":12,"turns":3},{"damage":0,"enemies":"Lagavulin","floor":14,"turns":3},{"damage":0,"enemies":"Slime Boss","floor":16,"turns":3},{"damage":0,"enemies":"Spheric Guardian","floor":18,"turns":2},{"damage":11,"enemies":"2 Thieves","floor":22,"turns":2},{"damage":0,"enemies":"Slavers","floor":23,"turns":4},{"damage":0,"enemies":"Book of Stabbing","floor":25,"turns":3},{"damage":6,"enemies":"Snake Plant","floor":27,"turns":3},{"damage":3,"enemies":"Champ","floor":33,"turns":3},{"damage":0,"enemies":"3 Shapes","floor":35,"turns":2},{"damage":0,"enemies":"Reptomancer","floor":42,"turns":2},{"damage":0,"enemies":"Giant Head","floor":44,"turns":3},{"damage":0,"enemies":"3 Darklings","floor":45,"turns":2},{"damage":0,"enemies":"Nemesis","floor":46,"turns":3},{"damage":0,"enemies":"Transient","floor":48,"turns":6},{"damage":9,"enemies":"Donu and Deca","floor":50,"turns":4},{"damage":0,"enemies":"Awakened One","floor":51,"turns":4},{"damage":94,"enemies":"Shield and Spear","floor":55,"turns":5},{"damage":42,"enemies":"The Heart","floor":56,"turns":7}],"seed_played":"1600622961454810685","potions_obtained":[{"floor":8,"key":"DistilledChaos"},{"floor":14,"key":"FearPotion"},{"floor":22,"key":"DistilledChaos"},{"floor":33,"key":"SkillPotion"},{"floor":44,"key":"DistilledChaos"},{"floor":46,"key":"CultistPotion"}],"is_trial":false,"path_per_floor":["M","?","M","$","?","E","R","E","T","$","?","M","$","E","R","B",null,"M","?","$","?","M","E","$","E","T","M","$","T","?","?","R","B",null,"M","$","$","?","$","R","?","E","T","E","M","E","T","M","R","B","B",null,"R","$","E","B",null],"character_chosen":"WATCHER","items_purchased":["Potion Belt","Whetstone","Adaptation+1","Master of Strategy+1","Dexterity Potion","Singing Bowl","Damaru","Orrery","Ornamental Fan","Fasting2+1","Prostrate+1","DuplicationPotion","CrushJoints+1","HandDrill","Matryoshka","HornCleat","Bag of Marbles","Sling","TeardropLocket","DollysMirror","Finesse+1","Anchor","PowerPotion","Lantern","Cauldron","Panacea+1"],"campfire_rested":0,"item_purchase_floors":[4,4,4,4,4,10,10,10,13,13,13,20,28,28,28,28,36,36,37,37,37,39,54,54,54,54],"current_hp_per_floor":[61,61,61,61,61,61,61,47,47,51,51,44,44,46,46,46,64,66,66,66,66,57,59,59,61,71,67,67,67,67,67,67,64,84,86,86,86,86,86,86,86,86,86,88,90,90,90,92,93,84,84,91,93,93,84,42],"gold":492,"neow_bonus":"THREE_ENEMY_KILL","is_daily":false,"chose_seed":false,"campfire_upgraded":1,"win_rate":0.0,"timestamp":1608006737,"path_taken":["M","?","M","?","?","E","R","E","T","$","?","?","$","E","R","BOSS","M","?","$","?","?","E","$","E","T","M","$","?","?","?","R","BOSS","M","$","$","?","$","R","?","E","T","E","?","E","?","M","R","BOSS","BOSS","R","$","E","BOSS"],"items_purchased_type":["Relic","Relic","Card","Card","Potion","Relic","Relic","Relic","Relic","Card","Card","Potion","Card","Relic","Relic","Relic","Relic","Relic","Relic","Relic","Card","Relic","Potion","Relic","Relic","Card"],"build_version":"2020-12-13","purchased_purges":7,"victory":true,"max_hp_per_floor":[68,68,68,68,62,62,62,62,62,66,66,68,68,70,70,70,70,72,72,72,72,74,76,76,78,88,90,90,90,90,90,90,90,90,92,92,92,87,87,87,87,87,87,89,91,91,91,93,93,93,93,93,93,93,95,95],"card_choices":[{"not_picked":["FlurryOfBlows+1","Pray+1"],"picked":"Worship+1","floor":1},{"not_picked":["PathToVictory+1","FollowUp+1","FlurryOfBlows+1"],"picked":"SKIP","floor":3},{"not_picked":["Conclude+1","WreathOfFlame+1"],"picked":"Worship+1","floor":6},{"not_picked":["EmptyFist+1","FollowUp+1"],"picked":"WheelKick+1","floor":8},{"not_picked":["WheelKick+1","Swivel+1","ThirdEye+1"],"picked":"Singing Bowl","floor":10},{"not_picked":["Alpha+1","Worship+1","Evaluate+1"],"picked":"Singing Bowl","floor":10},{"not_picked":["SandsOfTime+1","Crescendo+1"],"picked":"BattleHymn+1","floor":10},{"not_picked":["ThirdEye+1","Prostrate+1"],"picked":"TalkToTheHand+1","floor":10},{"not_picked":["SashWhip+1","Perseverance+1"],"picked":"Scrawl+1","floor":10},{"not_picked":["Nirvana+1","EmptyBody+1","Vengeance+1"],"picked":"Singing Bowl","floor":12},{"not_picked":["ThirdEye+1","SashWhip+1","PathToVictory+1"],"picked":"Singing Bowl","floor":14},{"not_picked":["Devotion+1","Wish+1","Establishment+1"],"picked":"MasterReality+1","floor":16},{"not_picked":["CutThroughFate+1","EmptyFist+1","FearNoEvil+1","CarveReality+1"],"picked":"Singing Bowl","floor":18},{"not_picked":["FlyingSleeves+1","Evaluate+1","InnerPeace+1","Consecrate+1"],"picked":"Singing Bowl","floor":22},{"not_picked":["LikeWater+1","FlyingSleeves+1","Collect+1","EmptyBody+1"],"picked":"Singing Bowl","floor":23},{"not_picked":["Sanctity+1","SandsOfTime+1","ConjureBlade+1","FlurryOfBlows+1"],"picked":"Singing Bowl","floor":25},{"not_picked":["Perseverance+1","BowlingBash+1","FearNoEvil+1","FollowUp+1"],"picked":"Singing Bowl","floor":27},{"not_picked":["SpiritShield+1","Blasphemy+1","Alpha+1"],"picked":"Brilliance+1","floor":33},{"not_picked":["Wireheading+1","Halt+1","Consecrate+1","Conclude+1"],"picked":"Singing Bowl","floor":35},{"not_picked":["EmptyFist+1","Vengeance+1","Weave+1"],"picked":"DeceiveReality+1","floor":42},{"not_picked":["WreathOfFlame+1","JustLucky+1","FlurryOfBlows+1","Nirvana+1"],"picked":"Singing Bowl","floor":44},{"not_picked":["EmptyFist+1","Indignation+1","InnerPeace+1","ThirdEye+1"],"picked":"Singing Bowl","floor":45},{"not_picked":["Weave+1","JustLucky+1","EmptyMind+1"],"picked":"Brilliance+1","floor":46},{"not_picked":["FlyingSleeves+1","SashWhip+1","Prostrate+1","LikeWater+1"],"picked":"Singing Bowl","floor":48},{"not_picked":["Conclude+1","Prostrate+1","EmptyBody+1","Study+1"],"picked":"Singing Bowl","floor":55}],"player_experience":488367,"relics_obtained":[{"floor":6,"key":"Omamori"},{"floor":8,"key":"Yang"},{"floor":14,"key":"Question Card"},{"floor":23,"key":"Dream Catcher"},{"floor":25,"key":"Pocketwatch"},{"floor":26,"key":"Pear"},{"floor":29,"key":"Bottled Flame"},{"floor":42,"key":"White Beast Statue"},{"floor":43,"key":"PreservedInsect"},{"floor":43,"key":"Eternal Feather"},{"floor":44,"key":"Shuriken"},{"floor":46,"key":"MawBank"},{"floor":47,"key":"Oddly Smooth Stone"},{"floor":55,"key":"Gambling Chip"}],"event_choices":[{"cards_removed":["Strike_P"],"damage_healed":0,"gold_gain":0,"player_choice":"Offered Basic","damage_taken":0,"max_hp_gain":0,"max_hp_loss":0,"event_name":"Bonfire Elementals","floor":2,"gold_loss":0},{"damage_healed":0,"gold_gain":0,"player_choice":"Lose Max HP","damage_taken":0,"relics_obtained":["Golden Idol"],"max_hp_gain":0,"max_hp_loss":6,"event_name":"Golden Idol","floor":5,"gold_loss":0},{"damage_healed":0,"gold_gain":0,"player_choice":"Rummage","damage_taken":0,"relics_obtained":["WarpedTongs"],"max_hp_gain":0,"max_hp_loss":0,"event_name":"Accursed Blacksmith","floor":11,"gold_loss":0,"cards_obtained":["Pain"]},{"damage_healed":0,"gold_gain":50,"player_choice":"Stole From Cult","damage_taken":0,"max_hp_gain":0,"max_hp_loss":0,"event_name":"Nest","floor":19,"gold_loss":0},{"cards_removed":["Defend_P"],"damage_healed":0,"gold_gain":0,"player_choice":"Purged","damage_taken":0,"max_hp_gain":0,"max_hp_loss":0,"event_name":"Purifier","floor":21,"gold_loss":0},{"damage_healed":0,"gold_gain":0,"player_choice":"Ignored","damage_taken":0,"max_hp_gain":0,"max_hp_loss":0,"event_name":"Ghosts","floor":30,"gold_loss":0},{"damage_healed":0,"gold_gain":0,"player_choice":"Obtained Relic","damage_taken":0,"relics_obtained":["Peace Pipe"],"max_hp_gain":0,"max_hp_loss":0,"event_name":"Addict","floor":31,"gold_loss":85},{"damage_healed":0,"gold_gain":0,"player_choice":"Max HP","damage_taken":0,"max_hp_gain":0,"max_hp_loss":5,"event_name":"Winding Halls","floor":38,"gold_loss":0},{"damage_healed":0,"gold_gain":0,"player_choice":"Ignored","damage_taken":0,"max_hp_gain":0,"max_hp_loss":0,"event_name":"Upgrade Shrine","floor":41,"gold_loss":0}],"is_beta":false,"boss_relics":[{"not_picked":["Velvet Choker","Sozu","Runic Dome"]},{"not_picked":["Busted Crown","Runic Pyramid","Astrolabe"]}],"items_purged_floors":[4,10,13,20,24,28,37],"is_endless":false,"potions_floor_spawned":[8,14,22,33,44,45,46,48,55],"ascension_level":20}}