{"host":"kh1j1cf337zr4nij","time":1608006324,"event":{"mods":["2.2 Compatiblity","AchievementEnabler","Act Like it!","Aspiration","BaseMod","Bestiary","CCEM","Colored Map","Colored Powertips","Conspire","Downfall","Energized Spire","Friendly Minions","GifTheSpireLib","Halation","Hermit","Highlight Path","Hubris","Minty Spire (QoL Compilation)","Quick Restart","Random Character Button","Relic Stats","Replay The Spire","StSLib","Stuff the Spire","SuperFastMode","Synergy Search","Trackpad"],"gold_per_floor":[99,126,126,153,169,94,120,120,132,145,157,26,26,26,36,140,140,140,140,140],"floor_reached":19,"playtime":696,"items_purged":[],"score":225,"play_id":"6c2307fa-2018-4d90-b428-79b959298261","local_time":"20201214232524","is_ascension_mode":false,"campfire_choices":[{"floor":1.0,"key":"RECALL"},{"data":"hermit:Determination","floor":6.0,"key":"SMITH"},{"data":"hermit:Snipe","floor":8.0,"key":"SMITH"},{"data":"hermit:Combo","floor":18,"key":"SMITH"}],"circlet_count":0,"master_deck":["hermit:Strike_Hermit","hermit:Defend_Hermit","hermit:Defend_Hermit","hermit:Defend_Hermit","hermit:Defend_Hermit","hermit:Snapshot","hermit:Covet","hermit:CursedWeapon","hermit:Snipe+1","hermit:OverwhelmingPower","hermit:Determination+1","hermit:Combo+1","hermit:Dive","hermit:Deadeye","hermit:TakeAim","hermit:BodyArmor"],"relics":["hermit:Momento","downfall:HeartsMalice","Sundial","CCEMRelics:CocoNut","downfall:HeartBlessingRed","halation:AfternoonTea","halation:EternalFortune","Replay:Drink Me"],"acts_visited":["Exordium","TheCity"],"potions_floor_usage":[16,16,19],"damage_taken":[{"damage":0.0,"enemies":"3 Sentries","floor":2.0,"turns":1.0},{"damage":0.0,"enemies":"Cultist","floor":3.0,"turns":1.0},{"damage":0.0,"enemies":"Gremlin Nob","floor":4.0,"turns":1.0},{"damage":4.0,"enemies":"2 Louse","floor":5.0,"turns":3.0},{"damage":2.0,"enemies":"Small Slimes","floor":9.0,"turns":3.0},{"damage":9.0,"enemies":"Blue Slaver","floor":10.0,"turns":3.0},{"damage":24.0,"enemies":"Large Slime","floor":11.0,"turns":4.0},{"damage":11.0,"enemies":"downfall:FleeingMerchant","floor":12.0,"turns":4.0},{"damage":9.0,"enemies":"Blue Slaver","floor":15.0,"turns":2.0},{"damage":7,"enemies":"downfall:Watcher","floor":16,"turns":5},{"damage":70,"enemies":"Slavers","floor":19,"turns":4}],"seed_played":"4252084404142111169","potions_obtained":[{"floor":2.0,"key":"Milkshake"},{"floor":5.0,"key":"Strength Potion"},{"floor":10.0,"key":"DistilledChaos"},{"floor":11.0,"key":"FearPotion"},{"floor":16,"key":"Adrenaline Potion"}],"is_trial":false,"path_per_floor":["R","E","M","E","M","R","T","R","M","M","M","$","?","?","M","B",null,"R","E"],"character_chosen":"HERMIT","items_purchased":["hermit:Deadeye","hermit:TakeAim"],"campfire_rested":0,"item_purchase_floors":[12,12],"current_hp_per_floor":[75,75,75,80,76,76,76,76,74,65,41,30,33,33,24,17,63,63,0,0],"gold":140,"neow_bonus":"THREE_ENEMY_KILL","is_daily":false,"chose_seed":false,"campfire_upgraded":3,"win_rate":0.0,"timestamp":1608006324,"path_taken":["R","E","M","E","M","R","T","R","M","M","M","?","?","?","M","BOSS","R","E"],"items_purchased_type":["Card","Card"],"build_version":"2020-12-13","purchased_purges":0,"victory":false,"max_hp_per_floor":[75,75,75,80,80,80,80,80,80,80,80,80,83,83,83,83,63,63,63,63],"relic_stats":{"counters":[11,28],"Sundial":[4],"obtain_stats":[{"downfall:HeartBlessingRed":6,"Sundial":2,"halation:EternalFortune":13,"downfall:HeartsMalice":0,"CCEMRelics:CocoNut":4,"halation:AfternoonTea":7,"Replay:Drink Me":17,"hermit:Momento":0},{"downfall:HeartBlessingRed":4,"Sundial":1,"halation:EternalFortune":8,"downfall:HeartsMalice":0,"CCEMRelics:CocoNut":3,"halation:AfternoonTea":4,"Replay:Drink Me":10,"hermit:Momento":0},{"downfall:HeartBlessingRed":3,"Sundial":0,"halation:EternalFortune":17,"downfall:HeartsMalice":0,"CCEMRelics:CocoNut":0,"halation:AfternoonTea":3,"Replay:Drink Me":24,"hermit:Momento":0}]},"card_choices":[{"not_picked":["hermit:Headshot","hermit:Deadeye"],"picked":"hermit:CursedWeapon","floor":2.0},{"not_picked":["hermit:Midnight","hermit:EyeOfTheStorm"],"picked":"hermit:Snipe","floor":3.0},{"not_picked":["hermit:Glare","hermit:FlashPowder"],"picked":"hermit:OverwhelmingPower","floor":4.0},{"not_picked":["hermit:NoHoldsBarred","hermit:HighCaliber"],"picked":"hermit:Determination","floor":5.0},{"not_picked":["hermit:TrackingShot","hermit:Maintenance","hermit:TakeCover"],"picked":"SKIP","floor":9.0},{"not_picked":["hermit:Roulette","hermit:Scavenge"],"picked":"hermit:Combo","floor":10.0},{"not_picked":["hermit:Combo","hermit:Virtue"],"picked":"hermit:Dive","floor":11.0},{"not_picked":["hermit:BodyArmor","hermit:HighCaliber","hermit:HoleUp"],"picked":"SKIP","floor":12.0},{"not_picked":["hermit:ShadowCloak","hermit:CursedWeapon"],"picked":"hermit:BodyArmor","floor":15.0}],"player_experience":11937,"relics_obtained":[{"floor":2.0,"key":"Sundial"},{"floor":4.0,"key":"CCEMRelics:CocoNut"},{"floor":7.0,"key":"halation:AfternoonTea"}],"event_choices":[{"damage_healed":0.0,"max_hp_gain":0.0,"max_hp_loss":0.0,"gold_gain":0.0,"event_name":"conspire:Investor","player_choice":"Leave","floor":14.0,"gold_loss":0.0,"damage_taken":0.0}],"is_beta":false,"boss_relics":[{"not_picked":["halation:CatFaceCupcake","hermit:BartenderGlass"],"picked":"Replay:Drink Me"}],"items_purged_floors":[],"is_endless":false,"potions_floor_spawned":[2,5,10,11,16],"killed_by":"Slavers","ascension_level":0}}