{"host":"0tg1gncob7yth7j0","time":1608064879,"event":{"mods":["BaseMod","Best Route Mod","Block Reminder","Disable Question Mark Monsters","Gold Saver","Minty Spire (QoL Compilation)","SacredBarkPlus","StSLib","Transform Curses"],"gold_per_floor":[132,132,132,31,44,119,119,119,119,149,149,164,183,193,193,265,265,285,61,61,61,73,73,73,73],"floor_reached":24,"playtime":942,"items_purged":[],"score":361,"play_id":"6a744112-a2d7-4eef-b898-d997135e75ab","local_time":"20201215154119","is_ascension_mode":true,"campfire_choices":[{"data":"Eruption","floor":7,"key":"SMITH"},{"data":"ClearTheMind","floor":15,"key":"SMITH"},{"data":"Adaptation","floor":23,"key":"SMITH"}],"circlet_count":0,"master_deck":["AscendersBane","Strike_P","Strike_P","Strike_P","Defend_P","Defend_P","Defend_P","Defend_P","Eruption+1","Vigilance","EmptyFist","ClearTheMind+1","SashWhip","TalkToTheHand","SashWhip","FearNoEvil","Judgement","Adaptation+1","Panache"],"relics":["PureWater","NeowsBlessing","Kunai","Vajra","SlaversCollar"],"acts_visited":["Exordium","TheCity"],"potions_floor_usage":[12,16,22,24],"damage_taken":[{"damage":0,"enemies":"Cultist","floor":1,"turns":1},{"damage":0,"enemies":"Small Slimes","floor":5,"turns":2},{"damage":0,"enemies":"Lagavulin","floor":10,"turns":1},{"damage":0,"enemies":"Jaw Worm","floor":12,"turns":4},{"damage":9,"enemies":"2 Fungi Beasts","floor":13,"turns":3},{"damage":0,"enemies":"Large Slime","floor":14,"turns":2},{"damage":15,"enemies":"Slime Boss","floor":16,"turns":9},{"damage":7,"enemies":"Chosen","floor":18,"turns":5},{"damage":6,"enemies":"Shell Parasite","floor":22,"turns":2},{"damage":53,"enemies":"Book of Stabbing","floor":24,"turns":5}],"seed_played":"-5245153813703503175","potions_obtained":[{"floor":1,"key":"LiquidBronze"},{"floor":5,"key":"BlessingOfTheForge"},{"floor":13,"key":"BottledMiracle"},{"floor":16,"key":"Strength Potion"},{"floor":22,"key":"Ancient Potion"}],"is_trial":false,"path_per_floor":["M","?","?","$","M","?","R","$","T","E","$","M","M","M","R","B",null,"M","$","?","?","M","R","E"],"character_chosen":"WATCHER","items_purchased":["ClearTheMind","SashWhip","Adaptation","Panache"],"campfire_rested":0,"item_purchase_floors":[4,4,19,19],"current_hp_per_floor":[65,65,72,72,72,61,61,61,61,61,61,61,52,52,52,37,63,56,56,56,56,50,50,0,0],"gold":73,"neow_bonus":"THREE_ENEMY_KILL","is_daily":false,"chose_seed":false,"campfire_upgraded":3,"win_rate":0.0,"timestamp":1608064879,"path_taken":["M","?","?","$","M","?","R","$","T","E","$","M","M","M","R","BOSS","M","$","?","?","M","R","E"],"items_purchased_type":["Card","Card","Card","Card"],"build_version":"2020-12-13","purchased_purges":0,"victory":false,"max_hp_per_floor":[72,72,72,72,72,72,72,72,72,72,72,72,72,72,72,72,72,72,72,72,72,72,72,72,72],"card_choices":[{"not_picked":["MentalFortress","CrushJoints"],"picked":"EmptyFist","floor":1},{"not_picked":["JustLucky","ThirdEye"],"picked":"TalkToTheHand","floor":5},{"not_picked":["TalkToTheHand","JustLucky"],"picked":"SashWhip","floor":10},{"not_picked":["Study","Devotion","FollowUp"],"picked":"SKIP","floor":12},{"not_picked":["Nirvana","WheelKick","TalkToTheHand"],"picked":"SKIP","floor":13},{"not_picked":["PathToVictory","FlurryOfBlows"],"picked":"FearNoEvil","floor":14},{"not_picked":["Wish","Blasphemy"],"picked":"Judgement","floor":16},{"not_picked":["FollowUp","MentalFortress","Study"],"picked":"SKIP","floor":18},{"not_picked":["Evaluate","EmptyFist","Adaptation"],"picked":"SKIP","floor":22}],"player_experience":3599493,"relics_obtained":[{"floor":9,"key":"Kunai"},{"floor":10,"key":"Vajra"}],"event_choices":[{"cards_removed":["Strike_P"],"damage_healed":0,"gold_gain":0,"player_choice":"Offered Basic","damage_taken":0,"max_hp_gain":0,"max_hp_loss":0,"event_name":"Bonfire Elementals","floor":2,"gold_loss":0},{"damage_healed":24,"gold_gain":0,"player_choice":"Banana","damage_taken":0,"max_hp_gain":0,"max_hp_loss":0,"event_name":"Big Fish","floor":3,"gold_loss":0},{"damage_healed":0,"gold_gain":75,"player_choice":"Gather Gold","damage_taken":11,"max_hp_gain":0,"max_hp_loss":0,"event_name":"World of Goop","floor":6,"gold_loss":0},{"damage_healed":0,"gold_gain":0,"player_choice":"Ignored","damage_taken":0,"max_hp_gain":0,"max_hp_loss":0,"event_name":"Ghosts","floor":20,"gold_loss":0},{"damage_healed":0,"gold_gain":0,"player_choice":"Ignored","damage_taken":0,"max_hp_gain":0,"max_hp_loss":0,"event_name":"Vampires","floor":21,"gold_loss":0}],"is_beta":false,"boss_relics":[{"not_picked":["Velvet Choker","Fusion Hammer"],"picked":"SlaversCollar"}],"items_purged_floors":[],"is_endless":false,"potions_floor_spawned":[1,5,13,16,18,22],"killed_by":"Book of Stabbing","ascension_level":13}}