{"host":"y89x8uui45kcjy42","time":1608028291,"event":{"mods":["2.2 Compatiblity","BaseMod","Colored Map","Colored Powertips","Custom Start","Friendly Minions","Highlight Path","Keyboard Shortcuts","Minty Spire (QoL Compilation)","Relic Stats","Slay the Relics Exporter","StSLib","SuperFastMode","Waifu the Spire"],"gold_per_floor":[113,113,113,113,124,124,137,137,163,197,197,272,299,318,318,393,393,410,427,437,202,402,435,435,450,477,491,26,41,41,51,51,128,128,145,145,163,179,179,179,196,209,209,209,42,56,68,68,68,68,68],"floor_reached":50,"playtime":1465,"items_purged":["Strike_G","Strike_G","Strike_G"],"score":1077,"play_id":"80f4fd0b-5320-4068-848d-18dc9d98fe5c","local_time":"20201215193131","is_ascension_mode":true,"campfire_choices":[{"data":"Neutralize","floor":6,"key":"SMITH"},{"data":"Crippling Poison","floor":8,"key":"SMITH"},{"data":"Bouncing Flask","floor":11,"key":"SMITH"},{"data":"Catalyst","floor":15,"key":"SMITH"},{"data":"Blade Dance","floor":24,"key":"SMITH"},{"data":"Acrobatics","floor":30,"key":"SMITH"},{"data":"After Image","floor":32,"key":"SMITH"},{"data":"Burst","floor":40,"key":"SMITH"},{"data":"Catalyst","floor":44,"key":"SMITH"},{"data":"Tactician","floor":49,"key":"SMITH"}],"circlet_count":0,"master_deck":["AscendersBane","Defend_G","Defend_G","Defend_G","Defend_G","Defend_G","Survivor","Neutralize+1","Quick Slash","Blade Dance+1","Crippling Poison+1","Bouncing Flask+1","Catalyst+1","After Image+1","Noxious Fumes+1","PiercingWail","Infinite Blades","Catalyst+1","Acrobatics+1","PiercingWail+1","Burst+1","Footwork+1","After Image+1","Tactician+1","Well Laid Plans+1","A Thousand Cuts+1"],"relics":["Ring of the Snake","MealTicket","Snake Skull","Mercury Hourglass","FossilizedHelix","Sozu","Bronze Scales","Vajra","Lantern","Pear","Coffee Dripper","Frozen Egg 2","Darkstone Periapt"],"acts_visited":["Exordium","TheCity","TheBeyond"],"potions_floor_usage":[10,10],"damage_taken":[{"damage":4,"enemies":"Small Slimes","floor":1,"turns":3},{"damage":0,"enemies":"2 Louse","floor":5,"turns":3},{"damage":0,"enemies":"Cultist","floor":7,"turns":3},{"damage":0,"enemies":"Gremlin Nob","floor":10,"turns":4},{"damage":12,"enemies":"Lagavulin","floor":13,"turns":5},{"damage":0,"enemies":"Looter","floor":14,"turns":2},{"damage":12,"enemies":"The Guardian","floor":16,"turns":5},{"damage":0,"enemies":"3 Byrds","floor":18,"turns":3},{"damage":8,"enemies":"2 Thieves","floor":19,"turns":4},{"damage":0,"enemies":"3 Cultists","floor":20,"turns":4},{"damage":18,"enemies":"Book of Stabbing","floor":23,"turns":4},{"damage":6,"enemies":"Centurion and Healer","floor":25,"turns":5},{"damage":0,"enemies":"Sentry and Sphere","floor":27,"turns":4},{"damage":0,"enemies":"Snecko","floor":29,"turns":2},{"damage":0,"enemies":"3 Cultists","floor":31,"turns":3},{"damage":25,"enemies":"Automaton","floor":33,"turns":7},{"damage":0,"enemies":"3 Shapes","floor":35,"turns":3},{"damage":0,"enemies":"3 Darklings","floor":37,"turns":3},{"damage":17,"enemies":"Sphere and 2 Shapes","floor":38,"turns":5},{"damage":0,"enemies":"Writhing Mass","floor":41,"turns":4},{"damage":0,"enemies":"Jaw Worm Horde","floor":42,"turns":4},{"damage":0,"enemies":"Sphere and 2 Shapes","floor":46,"turns":4},{"damage":0,"enemies":"Maw","floor":47,"turns":4},{"damage":82,"enemies":"Awakened One","floor":50,"turns":11}],"seed_played":"8830046919473243237","potions_obtained":[{"floor":1,"key":"GhostInAJar"},{"floor":5,"key":"EssenceOfSteel"},{"floor":7,"key":"Energy Potion"}],"is_trial":false,"path_per_floor":["M","?","?","?","M","R","M","R","T","E","R","?","E","M","R","B",null,"M","M","M","$","?","E","R","M","T","M","$","M","R","M","R","B",null,"M","T","M","M","?","R","M","M","T","R","$","M","M","?","R","B"],"character_chosen":"THE_SILENT","items_purchased":["Bronze Scales","Catalyst","Pear","Well Laid Plans+1"],"campfire_rested":0,"item_purchase_floors":[21,28,28,45],"current_hp_per_floor":[55,48,53,53,53,53,53,53,53,53,53,42,30,30,30,18,58,58,50,50,65,65,47,47,41,41,41,66,66,66,66,66,41,71,71,71,71,54,54,54,54,54,54,54,69,69,69,69,69,0,0],"gold":68,"neow_bonus":"RANDOM_COMMON_RELIC","is_daily":false,"chose_seed":false,"campfire_upgraded":10,"win_rate":0.0,"timestamp":1608028291,"path_taken":["M","?","?","?","?","R","M","R","T","E","R","?","E","M","R","BOSS","M","M","M","$","?","E","R","M","T","M","$","M","R","?","R","BOSS","M","?","M","M","?","R","M","?","T","R","$","M","M","?","R","BOSS"],"items_purchased_type":["Relic","Card","Relic","Card"],"build_version":"2020-12-13","purchased_purges":3,"victory":false,"max_hp_per_floor":[66,66,71,71,71,71,71,71,71,71,71,71,71,71,71,71,71,71,71,71,71,71,71,71,71,71,71,81,81,81,81,81,81,81,81,81,81,81,81,81,81,81,81,81,81,81,81,81,81,81,81],"relic_stats":{"Sozu":6,"Darkstone Periapt":0,"counters":[24,99],"Bronze Scales":[204],"MealTicket":45,"Snake Skull":[219],"obtain_stats":[{"Darkstone Periapt":43,"Lantern":26,"Pear":28,"Vajra":23,"Snake Skull":9,"Frozen Egg 2":36,"Mercury Hourglass":10,"Sozu":17,"Bronze Scales":21,"MealTicket":0,"Coffee Dripper":34,"FossilizedHelix":13,"Ring of the Snake":0},{"Darkstone Periapt":21,"Lantern":12,"Pear":13,"Vajra":11,"Snake Skull":3,"Frozen Egg 2":17,"Mercury Hourglass":4,"Sozu":7,"Bronze Scales":10,"MealTicket":0,"Coffee Dripper":16,"FossilizedHelix":5,"Ring of the Snake":0},{"Darkstone Periapt":80,"Lantern":45,"Pear":49,"Vajra":40,"Snake Skull":9,"Frozen Egg 2":64,"Mercury Hourglass":13,"Sozu":25,"Bronze Scales":36,"MealTicket":0,"Coffee Dripper":61,"FossilizedHelix":18,"Ring of the Snake":0}],"Ring of the Snake":[48],"Mercury Hourglass":[373]},"card_choices":[{"not_picked":["Calculated Gamble","Backstab"],"picked":"Quick Slash","floor":1},{"not_picked":["Underhanded Strike","Poisoned Stab"],"picked":"Blade Dance","floor":5},{"not_picked":["Concentrate","Prepared"],"picked":"Crippling Poison","floor":7},{"not_picked":["Prepared","Grand Finale"],"picked":"Bouncing Flask","floor":10},{"not_picked":["Flying Knee","Eviscerate","Quick Slash"],"picked":"SKIP","floor":13},{"not_picked":["Dodge and Roll","Endless Agony"],"picked":"Catalyst","floor":14},{"not_picked":["Night Terror","Burst"],"picked":"After Image","floor":16},{"not_picked":["Deadly Poison+1","Acrobatics"],"picked":"Noxious Fumes+1","floor":18},{"not_picked":["Slice","Choke","Riddle With Holes"],"picked":"SKIP","floor":19},{"not_picked":["Blade Dance","Poisoned Stab","Deadly Poison"],"picked":"SKIP","floor":20},{"not_picked":["Dagger Spray","Prepared","Deflect"],"picked":"SKIP","floor":23},{"not_picked":["Escape Plan","Bane+1"],"picked":"PiercingWail","floor":25},{"not_picked":["Sucker Punch","Distraction"],"picked":"Infinite Blades","floor":27},{"not_picked":["Endless Agony","Prepared"],"picked":"Acrobatics","floor":29},{"not_picked":["Deflect","Dagger Spray"],"picked":"PiercingWail+1","floor":31},{"not_picked":["Storm of Steel","Bullet Time"],"picked":"Burst","floor":33},{"not_picked":["Poisoned Stab","Finisher","Distraction+1"],"picked":"SKIP","floor":35},{"not_picked":["Quick Slash","Flying Knee","Deflect+1"],"picked":"SKIP","floor":37},{"not_picked":["Masterful Stab","Prepared"],"picked":"Footwork+1","floor":38},{"not_picked":["Deflect","Slice+1"],"picked":"Tactician","floor":41},{"not_picked":["Predator","Dagger Spray","Slice+1"],"picked":"SKIP","floor":42},{"not_picked":["Skewer","Deflect+1","Backflip"],"picked":"SKIP","floor":46},{"not_picked":["Corpse Explosion","Dagger Spray","Underhanded Strike"],"picked":"SKIP","floor":47}],"player_experience":491433,"relics_obtained":[{"floor":9,"key":"Snake Skull"},{"floor":10,"key":"Mercury Hourglass"},{"floor":13,"key":"FossilizedHelix"},{"floor":23,"key":"Vajra"},{"floor":26,"key":"Lantern"},{"floor":36,"key":"Frozen Egg 2"},{"floor":43,"key":"Darkstone Periapt"}],"event_choices":[{"cards_removed":["Strike_G"],"damage_healed":0,"gold_gain":0,"player_choice":"Card Removal","damage_taken":7,"max_hp_gain":0,"max_hp_loss":0,"event_name":"Golden Wing","floor":2,"gold_loss":0},{"damage_healed":0,"gold_gain":0,"player_choice":"Donut","damage_taken":0,"max_hp_gain":5,"max_hp_loss":0,"event_name":"Big Fish","floor":3,"gold_loss":0},{"cards_removed":["Strike_G"],"damage_healed":0,"gold_gain":0,"player_choice":"Purged","damage_taken":0,"max_hp_gain":0,"max_hp_loss":0,"event_name":"Purifier","floor":4,"gold_loss":0},{"damage_healed":0,"gold_gain":75,"player_choice":"Gather Gold","damage_taken":11,"max_hp_gain":0,"max_hp_loss":0,"event_name":"World of Goop","floor":12,"gold_loss":0},{"damage_healed":0,"gold_gain":250,"player_choice":"Bet on Owner","damage_taken":0,"max_hp_gain":0,"max_hp_loss":0,"event_name":"The Joust","floor":22,"gold_loss":50},{"damage_healed":0,"gold_gain":0,"player_choice":"Copied","damage_taken":0,"max_hp_gain":0,"max_hp_loss":0,"event_name":"Duplicator","floor":39,"gold_loss":0,"cards_obtained":["After Image"]},{"damage_healed":0,"gold_gain":0,"player_choice":"1 cards matched","damage_taken":0,"max_hp_gain":0,"max_hp_loss":0,"event_name":"Match and Keep!","floor":48,"gold_loss":0,"cards_obtained":["A Thousand Cuts"]}],"is_beta":false,"boss_relics":[{"not_picked":["Pandora\u0027s Box","Ectoplasm"],"picked":"Sozu"},{"not_picked":["Tiny House","Busted Crown"],"picked":"Coffee Dripper"}],"items_purged_floors":[21,28,45],"is_endless":false,"potions_floor_spawned":[1,5,7,18,23,29,35,46,47],"killed_by":"Awakened One","ascension_level":20}}