{"host":"pzqkpx9vzgz8he4w","time":1608061055,"event":{"mods":["2.2 Compatiblity","BaseMod","DeckTracker","Minty Spire (QoL Compilation)","StSLib","The Edgeheg"],"gold_per_floor":[179,140,315,390,402,402,402],"floor_reached":6,"playtime":702,"items_purged":[],"score":34,"play_id":"6b92a14f-b77c-4866-9626-5103a3e542cb","local_time":"20201215143735","is_ascension_mode":false,"campfire_choices":[],"circlet_count":0,"master_deck":["theEdgeheg:StarterShootAttack","theEdgeheg:StarterShootAttack","theEdgeheg:StarterShootAttack","theEdgeheg:StarterShootAttack","theEdgeheg:StarterDodgeSkill","theEdgeheg:StarterDodgeSkill","theEdgeheg:StarterDodgeSkill","theEdgeheg:BloodyKatana","theEdgeheg:ChaosControlSkill","theEdgeheg:GatherChaos","theEdgeheg:DrawBlade","theEdgeheg:RandomChaosCard","Doubt","theEdgeheg:PlayRandomCard"],"relics":["theEdgeheg:UltimateLifeformRelic","theEdgeheg:GreenEmeraldRelic"],"acts_visited":["Exordium"],"potions_floor_usage":[],"damage_taken":[{"damage":0,"enemies":"Small Slimes","floor":1,"turns":5},{"damage":1,"enemies":"2 Louse","floor":5,"turns":3},{"damage":1,"enemies":"Lagavulin","floor":6,"turns":26}],"seed_played":"-5897222255976951954","potions_obtained":[],"is_trial":false,"path_per_floor":["M","$","?","?","M","E"],"character_chosen":"THE_DEFAULT","items_purchased":["theEdgeheg:RandomChaosCard"],"campfire_rested":0,"item_purchase_floors":[2],"current_hp_per_floor":[5,5,5,4,4,3,3],"gold":402,"neow_bonus":"HUNDRED_GOLD","is_daily":false,"chose_seed":false,"campfire_upgraded":0,"win_rate":0.0,"timestamp":1608061055,"path_taken":["M","$","?","?","M","E"],"items_purchased_type":["Card"],"build_version":"2020-12-13","purchased_purges":0,"victory":false,"max_hp_per_floor":[5,5,5,5,5,5,5],"card_choices":[{"not_picked":["theEdgeheg:TimmyBackflip","theEdgeheg:RegularGun"],"picked":"theEdgeheg:DrawBlade","floor":1},{"not_picked":["theEdgeheg:Fastness","theEdgeheg:BlowCover"],"picked":"theEdgeheg:PlayRandomCard","floor":5}],"player_experience":134245,"relics_obtained":[],"event_choices":[{"damage_healed":0,"gold_gain":175,"player_choice":"AGREE","damage_taken":0,"max_hp_gain":0,"max_hp_loss":0,"event_name":"Liars Game","floor":3,"gold_loss":0,"cards_obtained":["Doubt"]},{"damage_healed":0,"gold_gain":75,"player_choice":"Gather Gold","damage_taken":11,"max_hp_gain":0,"max_hp_loss":0,"event_name":"World of Goop","floor":4,"gold_loss":0}],"is_beta":false,"boss_relics":[],"items_purged_floors":[],"is_endless":false,"potions_floor_spawned":[],"killed_by":"Lagavulin","ascension_level":0}}