{"host":"t7kvkl97w82750ny","time":1608053363,"event":{"mods":["2.2 Compatiblity","BaseMod","Bestiary","Minty Spire (QoL Compilation)","Permanent Neow","Relic Stats","StSLib"],"gold_per_floor":[111,131,131,146,146,146,174,188,242,274,290,312,312,341,341,413,413,455,35,48,85,110,110],"floor_reached":22,"playtime":1345,"items_purged":["Strike_P"],"score":462,"play_id":"04002ab5-9e55-496e-9645-e14dac4106b6","local_time":"20201215182923","is_ascension_mode":true,"campfire_choices":[{"data":"SandsOfTime","floor":6.0,"key":"SMITH"},{"data":"CrushJoints","floor":13.0,"key":"SMITH"},{"data":"Meditate","floor":15.0,"key":"SMITH"}],"circlet_count":0,"master_deck":["AscendersBane","Strike_P","Strike_P","Defend_P","Defend_P","Defend_P","Defend_P","Eruption+1","Vigilance","FearNoEvil","SandsOfTime+1","Meditate","Protect","CrushJoints+1","FlurryOfBlows","Consecrate","Meditate+1","Wish","Vengeance","ThirdEye+1"],"relics":["HolyWater","Matryoshka","Akabeko","Toy Ornithopter","Pen Nib","Odd Mushroom","Dream Catcher","Frozen Egg 2"],"acts_visited":["Exordium","TheCity"],"potions_floor_usage":[20],"damage_taken":[{"damage":0.0,"enemies":"Cultist","floor":1.0,"turns":3.0},{"damage":1.0,"enemies":"2 Louse","floor":2.0,"turns":3.0},{"damage":0.0,"enemies":"Small Slimes","floor":4.0,"turns":4.0},{"damage":27.0,"enemies":"3 Sentries","floor":7.0,"turns":6.0},{"damage":7.0,"enemies":"Exordium Wildlife","floor":8.0,"turns":4.0},{"damage":11.0,"enemies":"Gremlin Nob","floor":10.0,"turns":3.0},{"damage":4.0,"enemies":"2 Fungi Beasts","floor":11.0,"turns":3.0},{"damage":1.0,"enemies":"The Mushroom Lair","floor":12.0,"turns":2.0},{"damage":8.0,"enemies":"3 Sentries","floor":14.0,"turns":3.0},{"damage":2.0,"enemies":"Hexaghost","floor":16.0,"turns":7.0},{"damage":21.0,"enemies":"Shell Parasite","floor":18.0,"turns":3.0},{"damage":15,"enemies":"3 Byrds","floor":20,"turns":5},{"damage":9,"enemies":"Snecko","floor":21,"turns":4},{"damage":45,"enemies":"Cultist and Chosen","floor":22,"turns":5}],"seed_played":"3181323893336741048","potions_obtained":[{"floor":2.0,"key":"Block Potion"},{"floor":5.0,"key":"Block Potion"},{"floor":5.0,"key":"FairyPotion"},{"floor":7.0,"key":"BlessingOfTheForge"},{"floor":10.0,"key":"Strength Potion"},{"floor":11.0,"key":"DuplicationPotion"},{"floor":12.0,"key":"Regen Potion"},{"floor":16.0,"key":"Energy Potion"},{"floor":21,"key":"SpeedPotion"}],"is_trial":false,"path_per_floor":["M","M","?","M","?","R","E","M","T","E","M","?","R","E","R","B",null,"M","$","M","M","M"],"character_chosen":"WATCHER","items_purchased":["Frozen Egg 2","StancePotion"],"campfire_rested":0,"item_purchase_floors":[19,19],"current_hp_per_floor":[61,60,53,53,53,53,26,19,19,8,4,3,3,9,9,7,53,37,37,27,18,0,0],"gold":110,"neow_bonus":"UPGRADE_CARD","is_daily":false,"chose_seed":false,"campfire_upgraded":3,"win_rate":0.0,"timestamp":1608053363,"path_taken":["M","?","?","M","?","R","E","M","T","E","?","?","R","E","R","BOSS","M","$","M","M","M"],"items_purchased_type":["Relic","Potion"],"build_version":"2020-12-13","purchased_purges":1,"victory":false,"max_hp_per_floor":[68,68,68,68,68,68,68,68,68,68,68,68,68,68,68,68,68,68,68,68,68,68,68],"relic_stats":{"Dream Catcher":0,"counters":[14,55],"Pen Nib":[7],"obtain_stats":[{"Dream Catcher":14,"Matryoshka":7,"HolyWater":17,"Pen Nib":10,"PureWater":0,"Odd Mushroom":12,"Frozen Egg 2":19,"Akabeko":9,"Toy Ornithopter":9},{"Dream Catcher":9,"Matryoshka":4,"HolyWater":10,"Pen Nib":6,"PureWater":0,"Odd Mushroom":8,"Frozen Egg 2":11,"Akabeko":5,"Toy Ornithopter":5},{"Dream Catcher":31,"Matryoshka":16,"HolyWater":38,"Pen Nib":23,"PureWater":0,"Odd Mushroom":28,"Frozen Egg 2":41,"Akabeko":20,"Toy Ornithopter":20}],"Toy Ornithopter":15},"card_choices":[{"not_picked":["SashWhip","EmptyBody"],"picked":"FearNoEvil","floor":1.0},{"not_picked":["SashWhip","JustLucky"],"picked":"SandsOfTime","floor":2.0},{"not_picked":["Vengeance","FollowUp"],"picked":"Meditate","floor":4.0},{"not_picked":["Indignation","DeceiveReality"],"picked":"Protect","floor":7.0},{"not_picked":["ForeignInfluence","BowlingBash"],"picked":"CrushJoints","floor":8.0},{"not_picked":["EmptyBody","EmptyMind"],"picked":"FlurryOfBlows","floor":10.0},{"not_picked":["Swivel","ThirdEye"],"picked":"Consecrate","floor":11.0},{"not_picked":["JustLucky","CutThroughFate"],"picked":"Meditate","floor":14.0},{"not_picked":["Vault","MasterReality"],"picked":"Wish","floor":16.0},{"not_picked":["Consecrate","Protect"],"picked":"Vengeance","floor":18.0},{"not_picked":["Evaluate","JustLucky"],"picked":"ThirdEye+1","floor":20},{"not_picked":["JustLucky","Prostrate","BowlingBash"],"picked":"SKIP","floor":21}],"player_experience":1200685,"relics_obtained":[{"floor":7.0,"key":"Matryoshka"},{"floor":9.0,"key":"Akabeko"},{"floor":9.0,"key":"Toy Ornithopter"},{"floor":10.0,"key":"Pen Nib"},{"floor":12.0,"key":"Odd Mushroom"},{"floor":14.0,"key":"Dream Catcher"}],"event_choices":[{"cards_removed":["Strike_P"],"damage_healed":0.0,"max_hp_gain":0.0,"max_hp_loss":0.0,"gold_gain":0.0,"event_name":"Golden Wing","player_choice":"Card Removal","floor":3.0,"gold_loss":0.0,"damage_taken":7.0},{"damage_healed":0.0,"max_hp_gain":0.0,"max_hp_loss":0.0,"gold_gain":0.0,"event_name":"Lab","player_choice":"Got Potions","floor":5.0,"gold_loss":0.0,"damage_taken":0.0},{"damage_healed":0.0,"max_hp_gain":0.0,"max_hp_loss":0.0,"gold_gain":0.0,"event_name":"Mushrooms","player_choice":"Fought Mushrooms","floor":12.0,"gold_loss":0.0,"damage_taken":0.0}],"is_beta":false,"boss_relics":[{"not_picked":["Runic Dome","Astrolabe"],"picked":"HolyWater"}],"items_purged_floors":[19],"is_endless":false,"potions_floor_spawned":[2,7,10,11,12,16,21],"killed_by":"Cultist and Chosen","ascension_level":20}}