{"host":"ks12kfi5c4d9hdxy","time":1608021691,"event":{"mods":["BaseMod","Conspire","GifTheSpireLib","Koishi","LagranYue(拉格朗・月)","Marisa（F雨　魔理沙）","Minty Spire (QoL Compilation)","Reimu（博丽灵梦）","Remilia（蕾米莉亚）","Replay The Spire","RumiaBox-露米娅的神秘盒子","StSLib","SuperFastMode","The Administrix","The Servant 0.9.4","Youmu（魂魄妖梦）","Yuyuko","【功能Mod】混沌之环修复补丁","【功能Mod】聪明的最终Boss","篝火指南"],"gold_per_floor":[110,35,52,52,71,71,98,98,98,98,98],"floor_reached":10,"playtime":205,"items_purged":["Strike_MRS"],"score":125,"play_id":"6f833c76-bdd6-4c68-a68b-2b82bbf32ffb","local_time":"20201215164131","is_ascension_mode":true,"campfire_choices":[{"data":"UpSweep","floor":6.0,"key":"SMITH"}],"circlet_count":0,"master_deck":["AscendersBane","Strike_MRS","Strike_MRS","Strike_MRS","Defend_MRS","Defend_MRS","Defend_MRS","Defend_MRS","MasterSpark","UpSweep+1","Parasite","EarthLightRay","PropBag","SporeBomb"],"relics":["MiniHakkero","LagranYue:RandomDrawCardRelic","Philosopher\u0027s Stone","Kunai","Iron Hammer"],"acts_visited":["Exordium"],"potions_floor_usage":[7,7],"damage_taken":[{"damage":0.0,"enemies":"2 Louse","floor":1.0,"turns":3.0},{"damage":5.0,"enemies":"Small Slimes","floor":3.0,"turns":3.0},{"damage":0.0,"enemies":"Cultist","floor":5.0,"turns":3.0},{"damage":24,"enemies":"Lagavulin","floor":7,"turns":7},{"damage":67,"enemies":"Gremlin Nob","floor":10,"turns":4}],"seed_played":"6830514547405786451","potions_obtained":[{"floor":3.0,"key":"BlessingOfTheForge"},{"floor":5.0,"key":"StarNLove"}],"is_trial":false,"path_per_floor":["M","$","M","?","M","R","E","?","T","E"],"character_chosen":"MARISA","items_purchased":[],"campfire_rested":0,"item_purchase_floors":[],"current_hp_per_floor":[63,63,58,70,70,70,46,46,46,0,0],"gold":98,"neow_bonus":"CURSED_BOSS_RELIC","is_daily":false,"chose_seed":false,"campfire_upgraded":1,"win_rate":0.0,"timestamp":1608021691,"path_taken":["M","$","M","?","M","R","E","?","T","E"],"items_purchased_type":[],"build_version":"2020-12-13","purchased_purges":1,"victory":false,"max_hp_per_floor":[70,70,70,70,70,70,70,70,70,70,70],"card_choices":[{"not_picked":["6A","LuminesStrike","IllusionStar"],"picked":"SKIP","floor":1.0},{"not_picked":["DoubleSpark","LuminesStrike"],"picked":"EarthLightRay","floor":3.0},{"not_picked":["GrandCross","BigCrunch"],"picked":"PropBag","floor":5.0},{"not_picked":["OrrerysSun","MysteriousBeam"],"picked":"SporeBomb","floor":7}],"player_experience":500197,"relics_obtained":[{"floor":7,"key":"Kunai"},{"floor":9,"key":"Iron Hammer"}],"event_choices":[{"damage_healed":23.0,"max_hp_gain":0.0,"max_hp_loss":0.0,"gold_gain":0.0,"event_name":"Big Fish","player_choice":"Banana","floor":4.0,"gold_loss":0.0,"damage_taken":0.0},{"damage_healed":0,"gold_gain":0,"player_choice":"0 cards matched","damage_taken":0,"max_hp_gain":0,"max_hp_loss":0,"event_name":"Match and Keep!","floor":8,"gold_loss":0,"cards_obtained":[]}],"is_beta":false,"boss_relics":[],"items_purged_floors":[2],"is_endless":false,"potions_floor_spawned":[3,5],"killed_by":"Gremlin Nob","ascension_level":18}}