{"host":"7nopzcxpi7o4g3yx","time":1608071513,"event":{"mods":["AchievementEnabler","BaseMod","Colored Powertips","Hermit","Minty Spire (QoL Compilation)","Quick Restart","StSLib","The Servant 0.9.4"],"gold_per_floor":[110,110,110,86,96,131,131,143,195,263,263,438,466,498,498,498,498],"floor_reached":16,"playtime":837,"items_purged":[],"score":143,"play_id":"07c3c3bc-e91d-4147-83a7-af15d30b7b0f","local_time":"20201215233153","is_ascension_mode":false,"campfire_choices":[{"data":"hermit:DeadOrAlive","floor":7,"key":"SMITH"},{"data":"hermit:SprayPray","floor":11,"key":"SMITH"},{"floor":15,"key":"REST"}],"circlet_count":0,"master_deck":["hermit:Strike_Hermit","hermit:Strike_Hermit","hermit:Strike_Hermit","hermit:Strike_Hermit","hermit:Defend_Hermit","hermit:Defend_Hermit","hermit:Defend_Hermit","hermit:Defend_Hermit","hermit:Snapshot","hermit:Covet","hermit:WideOpen","Regret","hermit:TrackingShot","hermit:Headshot","hermit:DeadOrAlive+1","hermit:SprayPray+1","hermit:Grudge","Doubt","hermit:Showdown","hermit:Vantage"],"relics":["hermit:Momento","NeowsBlessing","Oddly Smooth Stone","Centennial Puzzle","Bronze Scales","Akabeko","Ornamental Fan"],"acts_visited":["Exordium"],"potions_floor_usage":[10,13,16],"damage_taken":[{"damage":0,"enemies":"Jaw Worm","floor":1,"turns":1},{"damage":0,"enemies":"2 Louse","floor":5,"turns":1},{"damage":0,"enemies":"Lagavulin","floor":6,"turns":1},{"damage":0,"enemies":"Small Slimes","floor":8,"turns":2},{"damage":24,"enemies":"3 Sentries","floor":10,"turns":6},{"damage":30,"enemies":"Lagavulin","floor":13,"turns":5},{"damage":0,"enemies":"2 Fungi Beasts","floor":14,"turns":1},{"damage":45,"enemies":"The Guardian","floor":16,"turns":9}],"seed_played":"-3725250435810289862","potions_obtained":[{"floor":5,"key":"GamblersBrew"},{"floor":8,"key":"SteroidPotion"},{"floor":13,"key":"hermit:Tonic"}],"is_trial":false,"path_per_floor":["M","?","?","$","M","E","R","M","T","E","R","?","E","M","R","B"],"character_chosen":"HERMIT","items_purchased":["hermit:TrackingShot"],"campfire_rested":1,"item_purchase_floors":[4],"current_hp_per_floor":[75,75,75,75,75,75,75,75,75,51,51,51,21,21,43,0,0],"gold":498,"neow_bonus":"THREE_ENEMY_KILL","is_daily":false,"chose_seed":false,"campfire_upgraded":2,"win_rate":0.0,"timestamp":1608071513,"path_taken":["M","?","?","?","M","E","R","?","T","E","R","?","E","M","R","BOSS"],"items_purchased_type":["Card"],"build_version":"2020-12-13","purchased_purges":0,"victory":false,"max_hp_per_floor":[75,75,75,75,75,75,75,75,75,75,75,75,75,75,75,75,75],"card_choices":[{"not_picked":["hermit:Manifest","hermit:TakeCover"],"picked":"hermit:WideOpen","floor":1},{"not_picked":["hermit:Virtue","hermit:Spite"],"picked":"hermit:Headshot","floor":5},{"not_picked":["hermit:HighCaliber","hermit:GhostlyPresence"],"picked":"hermit:DeadOrAlive","floor":6},{"not_picked":["hermit:Shortfuse","hermit:WideOpen"],"picked":"hermit:SprayPray","floor":8},{"not_picked":["hermit:SprayPray","hermit:Dive"],"picked":"hermit:Grudge","floor":10},{"not_picked":["hermit:BodyArmor","hermit:Magnum"],"picked":"hermit:Showdown","floor":13},{"not_picked":["hermit:CalledShot","hermit:HoleUp"],"picked":"hermit:Vantage","floor":14}],"player_experience":266653,"relics_obtained":[{"floor":6,"key":"Centennial Puzzle"},{"floor":9,"key":"Bronze Scales"},{"floor":10,"key":"Akabeko"},{"floor":13,"key":"Ornamental Fan"}],"event_choices":[{"damage_healed":0,"gold_gain":0,"player_choice":"Box","damage_taken":0,"relics_obtained":["Oddly Smooth Stone"],"max_hp_gain":0,"max_hp_loss":0,"event_name":"Big Fish","floor":2,"gold_loss":0,"cards_obtained":["Regret"]},{"damage_healed":0,"gold_gain":0,"player_choice":"Leave","damage_taken":0,"max_hp_gain":0,"max_hp_loss":0,"event_name":"The Cleric","floor":3,"gold_loss":0},{"damage_healed":0,"gold_gain":175,"player_choice":"AGREE","damage_taken":0,"max_hp_gain":0,"max_hp_loss":0,"event_name":"Liars Game","floor":12,"gold_loss":0,"cards_obtained":["Doubt"]}],"is_beta":false,"boss_relics":[],"items_purged_floors":[],"is_endless":false,"potions_floor_spawned":[5,8,13],"killed_by":"The Guardian","ascension_level":0}}