{"host":"6bsan6hkua32tfq7","time":1608006129,"event":{"mods":["BaseMod","Better Third Choice","Colored Map","Downfall","Highlight Path","Minty Spire (QoL Compilation)","StSLib"],"gold_per_floor":[114,94,104,104,104,104,138,153,153,185,185,200,200,71,71,146,146,159,159,80,80,92,92,111,111,156,173,190,190,190,205,205,282,282,295,305,322,119,144,144,176,176,203,234,234,234,251,122,122,122,122,122,122,26,26,26],"floor_reached":55,"playtime":1930,"items_purged":["FTL","Zap+1"],"score":1841,"play_id":"4b5820b1-cee2-4385-a3d2-044b8d003cb0","local_time":"20201215052209","is_ascension_mode":true,"campfire_choices":[{"data":"Dualcast","floor":6.0,"key":"SMITH"},{"data":"Zap","floor":11.0,"key":"SMITH"},{"data":"Consume","floor":13.0,"key":"SMITH"},{"data":"Steam","floor":15.0,"key":"SMITH"},{"floor":23.0,"key":"REST"},{"floor":25.0,"key":"REST"},{"floor":29.0,"key":"REST"},{"floor":32.0,"key":"REST"},{"floor":40.0,"key":"REST"},{"floor":42.0,"key":"REST"},{"floor":45.0,"key":"REST"},{"floor":49.0,"key":"RECALL"},{"data":"Hologram","floor":53,"key":"SMITH"}],"circlet_count":0,"master_deck":["AscendersBane","Leap","Steam+1","Machine Learning","Consume+1","Capacitor+1","Coolheaded","Electrodynamics+1","Defragment+1","Seek","Multi-Cast","Heatsinks+1","Storm+1","Fission","White Noise+1","Static Discharge+1","Thunder Strike+1","Capacitor+1","Hologram","Hologram+1","Coolheaded","Coolheaded","Coolheaded"],"relics":["Cracked Core","NeowsBlessing","Boot","Frozen Egg 2","WingedGreaves","Pandora\u0027s Box","Gremlin Horn","Ancient Tea Set","Astrolabe","Membership Card","StoneCalendar","Juzu Bracelet","Akabeko","DollysMirror","Art of War"],"acts_visited":["Exordium","TheCity","TheBeyond","TheEnding"],"potions_floor_usage":[51,51],"damage_taken":[{"damage":0.0,"enemies":"Jaw Worm","floor":1.0,"turns":1.0},{"damage":0.0,"enemies":"Cultist","floor":3.0,"turns":1.0},{"damage":0.0,"enemies":"Gremlin Nob","floor":7.0,"turns":1.0},{"damage":1.0,"enemies":"Small Slimes","floor":8.0,"turns":4.0},{"damage":21.0,"enemies":"3 Sentries","floor":10.0,"turns":7.0},{"damage":13.0,"enemies":"Exordium Thugs","floor":12.0,"turns":4.0},{"damage":3.0,"enemies":"Hexaghost","floor":16.0,"turns":10.0},{"damage":25.0,"enemies":"Shell Parasite","floor":18.0,"turns":5.0},{"damage":16.0,"enemies":"2 Thieves","floor":22.0,"turns":3.0},{"damage":22.0,"enemies":"Snake Plant","floor":24.0,"turns":4.0},{"damage":18.0,"enemies":"Cultist and Chosen","floor":27.0,"turns":3.0},{"damage":0.0,"enemies":"Centurion and Healer","floor":28.0,"turns":2.0},{"damage":14.0,"enemies":"Shelled Parasite and Fungi","floor":31.0,"turns":2.0},{"damage":25.0,"enemies":"Champ","floor":33.0,"turns":10.0},{"damage":0.0,"enemies":"3 Shapes","floor":35.0,"turns":1.0},{"damage":17.0,"enemies":"3 Darklings","floor":36.0,"turns":2.0},{"damage":0.0,"enemies":"Spire Growth","floor":37.0,"turns":4.0},{"damage":15.0,"enemies":"Mind Bloom Boss Battle","floor":39.0,"turns":3.0},{"damage":17.0,"enemies":"Nemesis","floor":41.0,"turns":5.0},{"damage":11.0,"enemies":"Giant Head","floor":44.0,"turns":8.0},{"damage":9.0,"enemies":"Jaw Worm Horde","floor":47.0,"turns":2.0},{"damage":17.0,"enemies":"Donu and Deca","floor":50.0,"turns":9.0},{"damage":29,"enemies":"Time Eater","floor":51,"turns":13},{"damage":57,"enemies":"Shield and Spear","floor":55,"turns":5}],"seed_played":"-6442151104242607494","potions_obtained":[{"floor":1.0,"key":"ColorlessPotion"},{"floor":2.0,"key":"Fire Potion"},{"floor":5.0,"key":"LiquidMemories"},{"floor":10.0,"key":"LiquidMemories"},{"floor":16.0,"key":"Swift Potion"},{"floor":27.0,"key":"SteroidPotion"},{"floor":31.0,"key":"Explosive Potion"},{"floor":33.0,"key":"DuplicationPotion"},{"floor":36.0,"key":"BlessingOfTheForge"},{"floor":39.0,"key":"FocusPotion"}],"is_trial":false,"path_per_floor":["M","?","M","?","?","R","E","M","T","E","R","M","R","$","R","B",null,"M","?","$","?","M","R","M","R","T","M","M","R","?","M","R","B",null,"M","M","M","$","?","R","E","R","T","E","R","?","M","$","R","B","B",null,"R","$","E"],"character_chosen":"DEFECT","items_purchased":["Capacitor+1","Coolheaded","DuplicationPotion","Membership Card","DollysMirror","Art of War","Coolheaded"],"campfire_rested":7,"item_purchase_floors":[14,14,20,38,48,54,54],"current_hp_per_floor":[64,64,64,57,57,57,57,56,56,35,35,22,22,22,22,19,58,33,33,33,33,17,38,16,37,37,19,19,40,40,26,47,22,59,59,42,42,42,27,48,31,52,52,41,62,62,53,53,53,36,7,55,55,55,0,0],"gold":26,"neow_bonus":"THREE_ENEMY_KILL","is_daily":false,"chose_seed":false,"campfire_upgraded":5,"win_rate":0.0,"timestamp":1608006129,"path_taken":["M","?","?","?","?","R","E","M","T","E","R","?","R","$","R","BOSS","M","?","$","?","?","R","?","R","T","M","M","R","?","M","R","BOSS","M","M","M","$","?","R","E","R","T","E","R","?","M","$","R","BOSS","BOSS","R","$","E"],"items_purchased_type":["Card","Card","Potion","Relic","Relic","Relic","Card"],"build_version":"2020-12-13","purchased_purges":2,"victory":false,"max_hp_per_floor":[71,71,71,71,71,71,71,71,71,71,71,71,71,71,71,71,71,71,71,71,71,71,71,71,71,71,71,71,71,71,71,71,71,71,71,71,71,71,71,71,71,71,71,71,71,71,71,71,71,71,71,71,71,71,71,71],"card_choices":[{"not_picked":["Auto Shields","Stack"],"picked":"Leap","floor":1.0},{"not_picked":["Capacitor","Hologram"],"picked":"Steam","floor":3.0},{"not_picked":["Sweeping Beam","Force Field"],"picked":"Machine Learning","floor":7.0},{"not_picked":["Auto Shields","Steam"],"picked":"Sweeping Beam","floor":8.0},{"not_picked":["Redo","Aggregate"],"picked":"Consume","floor":10.0},{"not_picked":["Leap","Tempest"],"picked":"Compile Driver","floor":12.0},{"not_picked":["Seek","Biased Cognition+1"],"picked":"Electrodynamics+1","floor":16.0},{"not_picked":["Beam Cell","Sweeping Beam","Static Discharge+1"],"picked":"SKIP","floor":18.0},{"not_picked":["Steam","Leap"],"picked":"Storm+1","floor":22.0},{"not_picked":["Reinforced Body","Gash","Undo"],"picked":"SKIP","floor":24.0},{"not_picked":["Undo","Streamline","Melter"],"picked":"SKIP","floor":27.0},{"not_picked":["Melter","Ball Lightning","Stack"],"picked":"SKIP","floor":28.0},{"not_picked":["Conserve Battery","Barrage+1","Tempest"],"picked":"SKIP","floor":31.0},{"not_picked":["Machine Learning+1","Electrodynamics+1"],"picked":"Fission","floor":33.0},{"not_picked":["Sweeping Beam","Compile Driver","Lockon"],"picked":"SKIP","floor":35.0},{"not_picked":["Redo+1","Ball Lightning"],"picked":"Capacitor+1","floor":36.0},{"not_picked":["Hologram","Steam","Go for the Eyes"],"picked":"SKIP","floor":37.0},{"not_picked":["Steam","Go for the Eyes"],"picked":"Hologram","floor":37.0},{"not_picked":["Steam","Heatsinks+1"],"picked":"Hologram","floor":41.0},{"not_picked":["White Noise","Gash","Machine Learning+1"],"picked":"SKIP","floor":44.0},{"not_picked":["Stack","Turbo"],"picked":"Coolheaded","floor":47.0}],"player_experience":5145264,"relics_obtained":[{"floor":7.0,"key":"Boot"},{"floor":9.0,"key":"Frozen Egg 2"},{"floor":10.0,"key":"WingedGreaves"},{"floor":26.0,"key":"Ancient Tea Set"},{"floor":39.0,"key":"StoneCalendar"},{"floor":41.0,"key":"Juzu Bracelet"},{"floor":44.0,"key":"Akabeko"}],"event_choices":[{"damage_healed":0.0,"max_hp_gain":0.0,"max_hp_loss":0.0,"gold_gain":0.0,"event_name":"The Woman in Blue","player_choice":"Bought 1 Potion","floor":2.0,"gold_loss":0.0,"damage_taken":0.0},{"cards_removed":["Defend_B"],"damage_healed":0.0,"max_hp_gain":0.0,"max_hp_loss":0.0,"gold_gain":0.0,"event_name":"Golden Wing","player_choice":"Card Removal","floor":4.0,"gold_loss":0.0,"damage_taken":7.0},{"damage_healed":0.0,"max_hp_gain":0.0,"max_hp_loss":0.0,"gold_gain":0.0,"event_name":"Lab","player_choice":"Got Potions","floor":5.0,"gold_loss":0.0,"damage_taken":0.0},{"damage_healed":0.0,"max_hp_gain":0.0,"max_hp_loss":0.0,"gold_gain":0.0,"cards_transformed":["Meteor Strike","Blizzard"],"event_name":"Drug Dealer","player_choice":"Became Test Subject","floor":19.0,"gold_loss":0.0,"damage_taken":0.0,"cards_obtained":["Heatsinks","Skim"]},{"cards_removed":["Skim"],"damage_healed":0.0,"max_hp_gain":0.0,"max_hp_loss":0.0,"gold_gain":0.0,"event_name":"WeMeetAgain","player_choice":"Gave Card","floor":21.0,"gold_loss":0.0,"damage_taken":0.0,"relics_obtained":["Gremlin Horn"]},{"damage_healed":0.0,"max_hp_gain":0.0,"max_hp_loss":0.0,"gold_gain":0.0,"event_name":"Vampires","player_choice":"Ignored","floor":30.0,"gold_loss":0.0,"damage_taken":0.0},{"damage_healed":0.0,"max_hp_gain":0.0,"max_hp_loss":0.0,"gold_gain":0.0,"event_name":"MindBloom","player_choice":"Fight","floor":39.0,"gold_loss":0.0,"damage_taken":0.0},{"cards_removed":["Dualcast"],"damage_healed":0.0,"max_hp_gain":0.0,"max_hp_loss":0.0,"gold_gain":0.0,"event_name":"Falling","player_choice":"Removed Skill","floor":46.0,"gold_loss":0.0,"damage_taken":0.0}],"is_beta":false,"boss_relics":[{"not_picked":["Empty Cage","Ectoplasm"],"picked":"Pandora\u0027s Box"},{"not_picked":["Runic Pyramid","Fusion Hammer"],"picked":"Astrolabe"}],"items_purged_floors":[38,48],"is_endless":false,"potions_floor_spawned":[1,7,10,16,24,27,31,33,36,39,41],"killed_by":"Shield and Spear","ascension_level":20}}