{"host":"v0n6ky7dmveherv3","time":1608052984,"event":{"mods":["BaseMod","Better Third Choice","Downfall","Minty Spire (QoL Compilation)","StSLib"],"gold_per_floor":[99,115,125,152,77,95,121,121,146,146,22,22,40,69,82,82,82],"floor_reached":16,"playtime":899,"items_purged":["champ:Defend"],"score":110,"play_id":"cc55f71e-5bb7-44b3-a983-c27545227563","local_time":"20201215102304","is_ascension_mode":false,"campfire_choices":[{"floor":1.0,"key":"RECALL"},{"data":"champ:RecklessLeap","floor":5,"key":"SMITH"},{"data":"champ:BerserkerStyle","floor":8,"key":"SMITH"},{"data":"champ:CalledShot","floor":10,"key":"SMITH"}],"circlet_count":0,"master_deck":["champ:Strike","champ:Strike","champ:Strike","champ:Strike+1","champ:Defend","champ:Defend+1","champ:Defend","champ:Execute","champ:Taunt","champ:BerserkerStyle+1","champ:EndlessRage","champ:RecklessLeap+1","champ:StanceDance","champ:CalledShot+1","champ:HeartStrike+1","champ:BerserkerStyle","Regret","champ:BerserkersShout","champ:BringItOn","champ:Encircle"],"relics":["champ:ChampionCrown","PreservedInsect","downfall:HeartBlessingRed","Blood Vial","Bronze Scales","Odd Mushroom"],"acts_visited":["Exordium"],"potions_floor_usage":[16],"damage_taken":[{"damage":16.0,"enemies":"Cultist","floor":2.0,"turns":4.0},{"damage":17.0,"enemies":"Jaw Worm","floor":3.0,"turns":5.0},{"damage":46,"enemies":"Gremlin Nob","floor":4,"turns":5},{"damage":20,"enemies":"Small Slimes","floor":6,"turns":2},{"damage":42,"enemies":"3 Sentries","floor":9,"turns":7},{"damage":40,"enemies":"downfall:FleeingMerchant","floor":11,"turns":4},{"damage":30,"enemies":"Blue Slaver","floor":13,"turns":4},{"damage":42,"enemies":"The Mushroom Lair","floor":14,"turns":4},{"damage":34,"enemies":"Exordium Thugs","floor":15,"turns":4},{"damage":45,"enemies":"downfall:Defect","floor":16,"turns":2}],"seed_played":"-7633697683895186737","potions_obtained":[{"floor":4,"key":"Ancient Potion"},{"floor":9,"key":"champ:CounterPotion"},{"floor":13,"key":"Fire Potion"},{"floor":15,"key":"Fire Potion"}],"is_trial":false,"path_per_floor":["R","M","M","E","R","M","T","R","E","R","$","?","M","?","M","B"],"character_chosen":"THE_CHAMP","items_purchased":["champ:BerserkerStyle"],"campfire_rested":0,"item_purchase_floors":[11],"current_hp_per_floor":[99,93,86,54,54,54,54,54,51,51,49,49,37,39,37,0,0],"gold":82,"neow_bonus":"TEN_PERCENT_HP_BONUS","is_daily":false,"chose_seed":false,"campfire_upgraded":3,"win_rate":0.0,"timestamp":1608052984,"path_taken":["R","M","?","E","R","M","T","R","E","R","?","?","M","?","M","BOSS"],"items_purchased_type":["Card"],"build_version":"2020-12-13","purchased_purges":1,"victory":false,"max_hp_per_floor":[99,99,99,99,99,99,99,99,99,99,99,99,99,99,99,99,99],"card_choices":[{"not_picked":["champ:ArenaPreparation","champ:EnGarde"],"picked":"champ:BerserkerStyle","floor":2.0},{"not_picked":["champ:RecklessLeap","champ:Circumvent"],"picked":"champ:EndlessRage","floor":3.0},{"not_picked":["champ:BladeFlurry","champ:Backstep"],"picked":"champ:RecklessLeap","floor":4},{"not_picked":["champ:SkillfulDodge","champ:TornadoPunch"],"picked":"champ:StanceDance","floor":6},{"not_picked":["champ:CrookedStrike","champ:Circumvent"],"picked":"champ:CalledShot","floor":9},{"not_picked":["champ:StrikeOfGenius","champ:AdrenalArmor"],"picked":"champ:HeartStrike","floor":11},{"not_picked":["champ:BladeFlurry","champ:Backstep"],"picked":"champ:BerserkersShout","floor":13},{"not_picked":["champ:PreciseThrust","champ:Haymaker"],"picked":"champ:BringItOn","floor":14},{"not_picked":["champ:FlashCut","champ:BladeFlurry"],"picked":"champ:Encircle","floor":15}],"player_experience":87244,"relics_obtained":[{"floor":4,"key":"PreservedInsect"},{"floor":7,"key":"Blood Vial"},{"floor":9,"key":"Bronze Scales"},{"floor":14,"key":"Odd Mushroom"}],"event_choices":[{"damage_healed":0,"gold_gain":0,"player_choice":"Fought Mushrooms","damage_taken":0,"max_hp_gain":0,"max_hp_loss":0,"event_name":"Mushrooms","floor":14,"gold_loss":0}],"is_beta":false,"boss_relics":[],"items_purged_floors":[11],"is_endless":false,"potions_floor_spawned":[4,9,13,15],"killed_by":"downfall:Defect","ascension_level":0}}