{"host":"is2s59edl8twrhoj","time":1608028322,"event":{"mods":["BaseMod","Colored Map","Colored Powertips","DeckTracker","Minty Spire (QoL Compilation)","StSLib"],"gold_per_floor":[118,136,136,65,75,75,107,182,207,207,238,251,25,25,25,99,99,117,117,137,92,106,106,106],"floor_reached":23,"playtime":935,"items_purged":["Strike_G"],"score":338,"play_id":"160b37fe-fa12-4cd0-a18b-fc22604f8c18","local_time":"20201215103202","is_ascension_mode":true,"campfire_choices":[{"data":"Deadly Poison","floor":6,"key":"SMITH"},{"floor":10,"key":"REST"},{"floor":15,"key":"REST"}],"circlet_count":0,"master_deck":["AscendersBane","Strike_G","Strike_G","Strike_G","Defend_G","Defend_G","Defend_G","Defend_G","Survivor","Neutralize","Die Die Die","Deadly Poison+1","Burst","Prepared","Envenom","Poisoned Stab","Flying Knee"],"relics":["Ring of the Snake","NeowsBlessing","Nunchaku","Snake Skull","Mummified Hand","ClockworkSouvenir","Empty Cage","Du-Vu Doll"],"acts_visited":["Exordium","TheCity"],"potions_floor_usage":[7,16,22],"damage_taken":[{"damage":0,"enemies":"Cultist","floor":1,"turns":1},{"damage":0,"enemies":"Jaw Worm","floor":2,"turns":1},{"damage":0,"enemies":"Small Slimes","floor":5,"turns":1},{"damage":30,"enemies":"3 Sentries","floor":7,"turns":11},{"damage":17,"enemies":"Lagavulin","floor":11,"turns":5},{"damage":0,"enemies":"Blue Slaver","floor":12,"turns":5},{"damage":25,"enemies":"The Guardian","floor":16,"turns":10},{"damage":23,"enemies":"3 Byrds","floor":18,"turns":7},{"damage":24,"enemies":"Spheric Guardian","floor":20,"turns":6},{"damage":9,"enemies":"Centurion and Healer","floor":22,"turns":6},{"damage":0,"enemies":"Shelled Parasite and Fungi","floor":23,"turns":1}],"seed_played":"6894177613803122755","potions_obtained":[{"floor":1,"key":"Poison Potion"},{"floor":2,"key":"Swift Potion"},{"floor":20,"key":"SpeedPotion"},{"floor":22,"key":"GamblersBrew"}],"is_trial":false,"path_per_floor":["M","M","?","$","M","R","E","?","T","R","E","M","$","?","R","B",null,"M","?","M","$","M","M"],"character_chosen":"THE_SILENT","items_purchased":["Die Die Die","ClockworkSouvenir","Flying Knee"],"campfire_rested":2,"item_purchase_floors":[4,13,21],"current_hp_per_floor":[59,59,64,64,64,64,34,23,23,44,27,27,27,27,48,23,59,36,36,12,12,3,3,3],"gold":106,"neow_bonus":"THREE_ENEMY_KILL","is_daily":false,"chose_seed":false,"campfire_upgraded":1,"win_rate":0.0,"timestamp":1608028322,"path_taken":["M","M","?","?","?","R","E","?","T","R","E","M","$","?","R","BOSS","M","?","M","$","M","M"],"items_purchased_type":["Card","Relic","Card"],"build_version":"2020-12-13","purchased_purges":1,"victory":false,"max_hp_per_floor":[66,66,71,71,71,71,71,71,71,71,71,71,71,71,71,71,71,71,71,71,71,71,71,71],"card_choices":[{"not_picked":["Infinite Blades","Quick Slash","Sucker Punch"],"picked":"SKIP","floor":1},{"not_picked":["Slice","Deflect","Outmaneuver"],"picked":"SKIP","floor":2},{"not_picked":["Catalyst","Dodge and Roll"],"picked":"Deadly Poison","floor":5},{"not_picked":["Dodge and Roll","Outmaneuver"],"picked":"Burst","floor":7},{"not_picked":["Dagger Spray","Dodge and Roll"],"picked":"Prepared","floor":11},{"not_picked":["Terror","Flying Knee","Dagger Spray"],"picked":"SKIP","floor":12},{"not_picked":["Grand Finale","Wraith Form v2"],"picked":"Envenom","floor":16},{"not_picked":["Dash","Quick Slash"],"picked":"Poisoned Stab","floor":18},{"not_picked":["Quick Slash","Concentrate","Blade Dance"],"picked":"SKIP","floor":20},{"not_picked":["Concentrate","Dagger Throw","Quick Slash+1"],"picked":"SKIP","floor":22}],"player_experience":618230,"relics_obtained":[{"floor":7,"key":"Nunchaku"},{"floor":9,"key":"Snake Skull"},{"floor":11,"key":"Mummified Hand"}],"event_choices":[{"damage_healed":0,"gold_gain":0,"player_choice":"Donut","damage_taken":0,"max_hp_gain":5,"max_hp_loss":0,"event_name":"Big Fish","floor":3,"gold_loss":0},{"damage_healed":0,"gold_gain":75,"player_choice":"Gather Gold","damage_taken":11,"max_hp_gain":0,"max_hp_loss":0,"event_name":"World of Goop","floor":8,"gold_loss":0},{"damage_healed":0,"gold_gain":0,"player_choice":"Ignored","damage_taken":0,"max_hp_gain":0,"max_hp_loss":0,"event_name":"Liars Game","floor":14,"gold_loss":0},{"damage_healed":0,"gold_gain":0,"player_choice":"Opened","damage_taken":0,"relics_obtained":["Du-Vu Doll"],"max_hp_gain":0,"max_hp_loss":0,"event_name":"The Mausoleum","floor":19,"gold_loss":0}],"is_beta":false,"boss_relics":[{"not_picked":["Pandora\u0027s Box","Tiny House"],"picked":"Empty Cage"}],"items_purged_floors":[13],"is_endless":false,"potions_floor_spawned":[1,2,20,22],"killed_by":"Shelled Parasite and Fungi","ascension_level":14}}