{"host":"4fu49kq4337n20nt","time":1608069578,"event":{"mods":["BaseMod","Better Third Choice","Minty Spire (QoL Compilation)","Relic Stats","StSLib","The Bug Knight","The Cursed","The Servant 0.9.4"],"gold_per_floor":[112,0,0,11,11,11,86,11,11,38,38,52,52,63,63,160,160,174,174,194,212,231,256,256,283,283,283,293,22,57,57,57],"floor_reached":31,"playtime":1535,"items_purged":["Strike_B"],"score":429,"play_id":"d23d3dbf-f621-4256-b08a-bb5341092d52","local_time":"20201215165938","is_ascension_mode":true,"campfire_choices":[{"data":"Mayhem","floor":6.0,"key":"SMITH"},{"data":"Enlightenment","floor":13.0,"key":"SMITH"},{"data":"Hello World","floor":15.0,"key":"SMITH"},{"data":"Zap","floor":24.0,"key":"SMITH"},{"data":"Dualcast","floor":27.0,"key":"SMITH"}],"circlet_count":0,"master_deck":["Strike_B","Strike_B","Strike_B","Defend_B","Defend_B","Defend_B","Defend_B","Zap+1","Dualcast+1","Mayhem+1","Sunder","Enlightenment+1","Rebound","Hello World+1","Conserve Battery","Creative AI","Storm","Hologram","Conserve Battery","Hologram","Storm+1","Sweeping Beam+1","Conserve Battery+1","Mayhem+1"],"relics":["Cracked Core","HollowMod:StagPassRelic","Matryoshka","Tiny Chest","Meat on the Bone","Coffee Dripper","Peace Pipe","StoneCalendar","HollowMod:PaleOreRelic","Toy Ornithopter","Letter Opener"],"acts_visited":["Exordium","TheCity"],"potions_floor_usage":[30],"damage_taken":[{"damage":5.0,"enemies":"Small Slimes","floor":1.0,"turns":3.0},{"damage":1.0,"enemies":"2 Louse","floor":4.0,"turns":3.0},{"damage":7.0,"enemies":"Gremlin Nob","floor":10.0,"turns":3.0},{"damage":7.0,"enemies":"Jaw Worm","floor":12.0,"turns":3.0},{"damage":2.0,"enemies":"Looter","floor":14.0,"turns":3.0},{"damage":33.0,"enemies":"Slime Boss","floor":16.0,"turns":12.0},{"damage":11.0,"enemies":"Shell Parasite","floor":18.0,"turns":6.0},{"damage":5.0,"enemies":"3 Byrds","floor":20.0,"turns":3.0},{"damage":6.0,"enemies":"Snecko","floor":21.0,"turns":5.0},{"damage":22.0,"enemies":"Snake Plant","floor":22.0,"turns":4.0},{"damage":0.0,"enemies":"Gremlin Leader","floor":23.0,"turns":5.0},{"damage":40.0,"enemies":"Slavers","floor":25.0,"turns":5.0},{"damage":14.0,"enemies":"Shelled Parasite and Fungi","floor":28.0,"turns":5.0},{"damage":22,"enemies":"Book of Stabbing","floor":30,"turns":5},{"damage":18,"enemies":"Centurion and Healer","floor":31,"turns":1}],"seed_played":"-7915829036855696018","potions_obtained":[{"floor":12.0,"key":"ColorlessPotion"},{"floor":16.0,"key":"Fire Potion"},{"floor":18.0,"key":"DistilledChaos"},{"floor":21.0,"key":"DistilledChaos"},{"floor":22.0,"key":"SkillPotion"}],"is_trial":false,"path_per_floor":["M","?","?","M","$","R","?","$","T","E","T","M","R","M","R","B",null,"M","?","M","M","M","E","R","E","T","R","M","$","E","M"],"character_chosen":"DEFECT","items_purchased":["Mayhem","GamblersBrew"],"campfire_rested":0,"item_purchase_floors":[29,29],"current_hp_per_floor":[45,51,56,55,55,55,44,44,44,37,37,42,42,52,52,31,72,61,61,56,50,40,52,52,24,24,24,22,22,17,0,0],"gold":57,"neow_bonus":"RANDOM_COLORLESS_2","is_daily":false,"chose_seed":false,"campfire_upgraded":5,"win_rate":0.0,"timestamp":1608069578,"path_taken":["M","?","?","M","$","R","?","?","T","E","?","M","R","M","R","BOSS","M","?","M","M","M","E","R","E","T","R","M","$","E","M"],"items_purchased_type":["Card","Potion"],"build_version":"2020-12-13","purchased_purges":1,"victory":false,"max_hp_per_floor":[75,81,86,86,86,86,86,86,86,86,86,86,86,86,86,86,86,86,86,86,86,86,86,86,86,86,86,86,86,86,86,86],"relic_stats":{"Peace Pipe":0,"counters":[15,66],"Tiny Chest":0,"StoneCalendar":[0],"Letter Opener":[0],"obtain_stats":[{"Peace Pipe":23,"Matryoshka":10,"Tiny Chest":11,"StoneCalendar":25,"Coffee Dripper":17,"HollowMod:PaleOreRelic":26,"Letter Opener":30,"Cracked Core":0,"HollowMod:StagPassRelic":9,"Toy Ornithopter":26,"Meat on the Bone":11},{"Peace Pipe":11,"Matryoshka":3,"Tiny Chest":3,"StoneCalendar":12,"Coffee Dripper":6,"HollowMod:PaleOreRelic":12,"Letter Opener":14,"Cracked Core":0,"HollowMod:StagPassRelic":2,"Toy Ornithopter":12,"Meat on the Bone":3},{"Peace Pipe":50,"Matryoshka":9,"Tiny Chest":9,"StoneCalendar":55,"Coffee Dripper":27,"HollowMod:PaleOreRelic":55,"Letter Opener":65,"Cracked Core":0,"HollowMod:StagPassRelic":6,"Toy Ornithopter":55,"Meat on the Bone":9}],"Toy Ornithopter":5,"Meat on the Bone":96},"card_choices":[{"not_picked":["Violence","Magnetism"],"picked":"Mayhem","floor":0.0},{"not_picked":["Ball Lightning","Compile Driver"],"picked":"Sunder","floor":1.0},{"not_picked":["Sweeping Beam","Chill"],"picked":"Rebound","floor":4.0},{"not_picked":["Cold Snap","Steam"],"picked":"Hello World","floor":10.0},{"not_picked":["BootSequence","Turbo"],"picked":"Conserve Battery","floor":12.0},{"not_picked":["Chill","Conserve Battery","Go for the Eyes"],"picked":"SKIP","floor":14.0},{"not_picked":["Echo Form","Electrodynamics"],"picked":"Creative AI","floor":16.0},{"not_picked":["Ball Lightning","BootSequence","Turbo"],"picked":"SKIP","floor":18.0},{"not_picked":["Aggregate","Compile Driver+1"],"picked":"Hologram","floor":20.0},{"not_picked":["Compile Driver","Sweeping Beam"],"picked":"Conserve Battery","floor":21.0},{"not_picked":["Leap","Barrage"],"picked":"Hologram","floor":22.0},{"not_picked":["Hyperbeam","Compile Driver"],"picked":"Storm+1","floor":23.0},{"not_picked":["Steam+1","Rip and Tear"],"picked":"Sweeping Beam+1","floor":25.0},{"not_picked":["Chill","Chaos"],"picked":"Conserve Battery+1","floor":28.0},{"not_picked":["Blizzard","Beam Cell+1","Cold Snap+1"],"picked":"SKIP","floor":30}],"player_experience":240401,"relics_obtained":[{"floor":9.0,"key":"HollowMod:StagPassRelic"},{"floor":10.0,"key":"Matryoshka"},{"floor":11.0,"key":"Tiny Chest"},{"floor":11.0,"key":"Meat on the Bone"},{"floor":23.0,"key":"Peace Pipe"},{"floor":25.0,"key":"StoneCalendar"},{"floor":26.0,"key":"HollowMod:PaleOreRelic"},{"floor":26.0,"key":"Toy Ornithopter"},{"floor":30,"key":"Letter Opener"}],"event_choices":[{"damage_healed":0.0,"max_hp_gain":0.0,"max_hp_loss":0.0,"gold_gain":0.0,"event_name":"betterThird:BetterSerpent","player_choice":"RENOUNCE","floor":2.0,"gold_loss":112.0,"damage_taken":112.0,"cards_obtained":["Enlightenment"]},{"damage_healed":0.0,"max_hp_gain":5.0,"max_hp_loss":0.0,"gold_gain":0.0,"event_name":"Big Fish","player_choice":"Donut","floor":3.0,"gold_loss":0.0,"damage_taken":0.0},{"damage_healed":0.0,"max_hp_gain":0.0,"max_hp_loss":0.0,"gold_gain":75.0,"event_name":"betterThird:BetterGoop","player_choice":"Gold","floor":7.0,"gold_loss":0.0,"damage_taken":11.0},{"damage_healed":0.0,"max_hp_gain":0.0,"max_hp_loss":0.0,"gold_gain":0.0,"event_name":"The Library","player_choice":"Read","floor":19.0,"gold_loss":0.0,"damage_taken":0.0,"cards_obtained":["Storm"]}],"is_beta":false,"boss_relics":[{"not_picked":["Runic Pyramid","Busted Crown"],"picked":"Coffee Dripper"}],"items_purged_floors":[8],"is_endless":false,"potions_floor_spawned":[12,16,18,21,22],"killed_by":"Centurion and Healer","ascension_level":7}}