{"host":"x5anfo2w8aotfuta","time":1608005599,"event":{"mods":["AchievementEnabler","BaseMod","Bestiary","Block Reminder","Colored Map","Colored Powertips","DeckTracker","Highlight Path","Minty Spire (QoL Compilation)","Quick Restart","Rare Cards Sparkle","Relic Stats","StSLib"],"gold_per_floor":[118,130,130,8,8,8,38,52,52,79,79,79,92,92,92,187,187,206,220,220,232,242,273,292,292,292,312,22,55,55,55,55,157,157,177,196,214,232,232,263,281,281,304,304,318,318,347,347,347,347,347],"floor_reached":50,"playtime":4130,"items_purged":["Strike_R"],"score":717,"play_id":"d350efe8-bf27-44a0-b8fa-8ffa14bf5ea0","local_time":"20201214201319","is_ascension_mode":true,"campfire_choices":[{"data":"Bash","floor":6,"key":"SMITH"},{"data":"Twin Strike","floor":12,"key":"SMITH"},{"data":"True Grit","floor":15,"key":"SMITH"},{"floor":25,"key":"REST"},{"floor":32,"key":"REST"},{"floor":44,"key":"RECALL"},{"floor":46,"key":"REST"},{"floor":49,"key":"REST"}],"circlet_count":0,"master_deck":["Strike_R+1","Strike_R","Strike_R","Defend_R","Defend_R","Defend_R","Defend_R","Bash+1","Iron Wave","Pummel+1","Clothesline+1","Cleave","Twin Strike+1","True Grit+1","Demon Form","Twin Strike","Metallicize","Anger+1","Reaper","Wild Strike+1","Seeing Red+1","Dual Wield+1","Juggernaut","Flame Barrier+1","Impervious","Shrug It Off+1","Immolate","Warcry+1","Impatience"],"relics":["Burning Blood","Gremlin Horn","Pear","StrikeDummy","Fusion Hammer","Tiny Chest","Question Card","Ornamental Fan","Kunai","Lizard Tail","SlaversCollar","Oddly Smooth Stone","Boot","Nunchaku"],"acts_visited":["Exordium","TheCity","TheBeyond"],"potions_floor_usage":[7,10,21,22,24,29,29,33,38,41,45,50],"damage_taken":[{"damage":1,"enemies":"Cultist","floor":1,"turns":3},{"damage":0,"enemies":"2 Louse","floor":2,"turns":3},{"damage":40,"enemies":"Lagavulin","floor":7,"turns":7},{"damage":4,"enemies":"Jaw Worm","floor":8,"turns":3},{"damage":0,"enemies":"3 Sentries","floor":10,"turns":5},{"damage":0,"enemies":"2 Fungi Beasts","floor":13,"turns":2},{"damage":34,"enemies":"Hexaghost","floor":16,"turns":9},{"damage":2,"enemies":"Spheric Guardian","floor":18,"turns":3},{"damage":10,"enemies":"Shell Parasite","floor":19,"turns":3},{"damage":31,"enemies":"Snake Plant","floor":21,"turns":5},{"damage":10,"enemies":"Shelled Parasite and Fungi","floor":22,"turns":3},{"damage":49,"enemies":"Book of Stabbing","floor":23,"turns":5},{"damage":20,"enemies":"Snecko","floor":24,"turns":4},{"damage":13,"enemies":"Cultist and Chosen","floor":27,"turns":5},{"damage":47,"enemies":"Slavers","floor":29,"turns":17},{"damage":27,"enemies":"Collector","floor":33,"turns":7},{"damage":16,"enemies":"Orb Walker","floor":35,"turns":4},{"damage":36,"enemies":"3 Darklings","floor":36,"turns":3},{"damage":40,"enemies":"Sphere and 2 Shapes","floor":37,"turns":10},{"damage":66,"enemies":"Spire Growth","floor":38,"turns":6},{"damage":29,"enemies":"Reptomancer","floor":40,"turns":8},{"damage":35,"enemies":"Jaw Worm Horde","floor":41,"turns":3},{"damage":32,"enemies":"Transient","floor":45,"turns":5},{"damage":62,"enemies":"Giant Head","floor":47,"turns":7},{"damage":77,"enemies":"Time Eater","floor":50,"turns":10}],"seed_played":"-591620968682130698","potions_obtained":[{"floor":2,"key":"Dexterity Potion"},{"floor":7,"key":"DistilledChaos"},{"floor":16,"key":"Explosive Potion"},{"floor":19,"key":"Weak Potion"},{"floor":23,"key":"ColorlessPotion"},{"floor":24,"key":"EssenceOfSteel"},{"floor":29,"key":"ColorlessPotion"},{"floor":36,"key":"SpeedPotion"},{"floor":38,"key":"PowerPotion"},{"floor":40,"key":"ColorlessPotion"},{"floor":41,"key":"LiquidMemories"}],"is_trial":false,"path_per_floor":["M","M","?","$","?","R","E","M","T","E","?","R","M","?","R","B",null,"M","M","?","M","M","E","M","R","T","M","$","E","?","?","R","B",null,"M","M","M","M","T","E","M","?","T","R","M","R","E","?","R","B"],"character_chosen":"IRONCLAD","items_purchased":["Clothesline","Ornamental Fan","BloodPotion"],"campfire_rested":4,"item_purchase_floors":[4,28,28],"current_hp_per_floor":[77,83,64,64,64,64,30,32,42,48,48,48,54,59,59,31,111,111,107,107,82,78,45,39,72,72,72,72,57,57,57,90,69,111,101,71,55,61,61,38,14,97,97,97,71,97,41,41,70,0,0],"gold":347,"neow_bonus":"TWENTY_PERCENT_HP_BONUS","is_daily":false,"chose_seed":false,"campfire_upgraded":3,"win_rate":0.0,"timestamp":1608005599,"path_taken":["M","M","?","$","?","R","E","?","T","E","?","R","M","?","R","BOSS","M","M","?","M","M","E","M","R","T","M","$","E","?","?","R","BOSS","M","M","?","M","?","E","M","?","T","R","M","R","E","?","R","BOSS"],"items_purchased_type":["Card","Relic","Potion"],"build_version":"2020-12-13","purchased_purges":1,"victory":false,"max_hp_per_floor":[96,96,96,96,96,96,96,96,106,106,106,106,106,111,111,111,111,111,111,111,111,111,111,111,111,111,111,111,111,111,111,111,111,111,111,111,111,111,111,111,111,97,97,97,97,97,97,97,97,97,97],"relic_stats":{"Lizard Tail":55,"Nunchaku":[2],"Gremlin Horn":[19,19],"counters":[25,140],"Ornamental Fan":[108],"Tiny Chest":1,"Kunai":[25],"Question Card":12,"Boot":[25],"obtain_stats":[{"Pear":9,"Gremlin Horn":7,"Oddly Smooth Stone":40,"Question Card":26,"Boot":43,"Burning Blood":0,"SlaversCollar":34,"Lizard Tail":30,"Nunchaku":47,"Ornamental Fan":28,"Tiny Chest":23,"Fusion Hammer":17,"Kunai":29,"StrikeDummy":10},{"Pear":4,"Gremlin Horn":3,"Oddly Smooth Stone":21,"Question Card":13,"Boot":22,"Burning Blood":0,"SlaversCollar":16,"Lizard Tail":15,"Nunchaku":24,"Ornamental Fan":14,"Tiny Chest":12,"Fusion Hammer":7,"Kunai":15,"StrikeDummy":5},{"Pear":16,"Gremlin Horn":13,"Oddly Smooth Stone":115,"Question Card":55,"Boot":118,"Burning Blood":0,"SlaversCollar":84,"Lizard Tail":77,"Nunchaku":130,"Ornamental Fan":60,"Tiny Chest":51,"Fusion Hammer":32,"Kunai":77,"StrikeDummy":21}],"Burning Blood":140},"card_choices":[{"not_picked":["Intimidate","Heavy Blade"],"picked":"Iron Wave","floor":1},{"not_picked":["Iron Wave","Heavy Blade"],"picked":"Pummel","floor":2},{"not_picked":["Iron Wave","Sentinel","Perfected Strike"],"picked":"SKIP","floor":7},{"not_picked":["Anger","True Grit"],"picked":"Cleave","floor":8},{"not_picked":["Heavy Blade","Havoc","Wild Strike"],"picked":"SKIP","floor":10},{"not_picked":["Intimidate","Corruption"],"picked":"True Grit","floor":13},{"not_picked":["Corruption","Brutality"],"picked":"Demon Form","floor":16},{"not_picked":["Iron Wave","Cleave"],"picked":"Twin Strike","floor":18},{"not_picked":["Havoc","Wild Strike"],"picked":"Metallicize","floor":19},{"not_picked":["Twin Strike","Warcry+1"],"picked":"Anger+1","floor":21},{"not_picked":["True Grit","Havoc"],"picked":"Reaper","floor":22},{"not_picked":["Combust+1","Carnage"],"picked":"Wild Strike+1","floor":23},{"not_picked":["Sword Boomerang","True Grit","Thunderclap"],"picked":"SKIP","floor":24},{"not_picked":["Dual Wield","Wild Strike+1","Thunderclap"],"picked":"Seeing Red+1","floor":27},{"not_picked":["Clothesline","Blood for Blood","Rage+1"],"picked":"Dual Wield+1","floor":29},{"not_picked":["Exhume","Fiend Fire","Limit Break"],"picked":"Juggernaut","floor":33},{"not_picked":["Dark Embrace+1","Anger+1","Warcry"],"picked":"Flame Barrier+1","floor":35},{"not_picked":["Iron Wave","Evolve+1","Heavy Blade+1","Clash"],"picked":"SKIP","floor":36},{"not_picked":["Body Slam+1","Headbutt+1","Perfected Strike"],"picked":"Impervious","floor":37},{"not_picked":["Headbutt","Rupture+1","Havoc+1","Anger"],"picked":"SKIP","floor":38},{"not_picked":["True Grit+1","Wild Strike+1","Havoc+1"],"picked":"Shrug It Off+1","floor":40},{"not_picked":["Twin Strike+1","Blood for Blood+1","Thunderclap","Dual Wield"],"picked":"SKIP","floor":41},{"not_picked":["Clothesline+1","Rage+1","Warcry"],"picked":"Immolate","floor":45},{"not_picked":["Spot Weakness","Armaments","Feed"],"picked":"Warcry+1","floor":47},{"not_picked":["Discovery","Finesse","Secret Weapon"],"picked":"Impatience","floor":48}],"player_experience":307763,"relics_obtained":[{"floor":7,"key":"Gremlin Horn"},{"floor":9,"key":"Pear"},{"floor":10,"key":"StrikeDummy"},{"floor":23,"key":"Tiny Chest"},{"floor":26,"key":"Question Card"},{"floor":29,"key":"Kunai"},{"floor":40,"key":"Oddly Smooth Stone"},{"floor":43,"key":"Boot"},{"floor":47,"key":"Nunchaku"}],"event_choices":[{"damage_healed":0,"gold_gain":0,"player_choice":"Entered Light","damage_taken":19,"max_hp_gain":0,"max_hp_loss":0,"event_name":"Shining Light","floor":3,"gold_loss":0,"cards_upgraded":["Pummel","Strike_R"]},{"damage_healed":0,"gold_gain":0,"player_choice":"Upgraded","damage_taken":0,"max_hp_gain":0,"max_hp_loss":0,"event_name":"Upgrade Shrine","floor":5,"gold_loss":0,"cards_upgraded":["Clothesline"]},{"damage_healed":0,"gold_gain":0,"cards_transformed":["Strike_R"],"player_choice":"Change","damage_taken":0,"max_hp_gain":0,"max_hp_loss":0,"event_name":"Living Wall","floor":11,"gold_loss":0,"cards_obtained":["Twin Strike"]},{"damage_healed":0,"gold_gain":0,"player_choice":"Donut","damage_taken":0,"max_hp_gain":5,"max_hp_loss":0,"event_name":"Big Fish","floor":14,"gold_loss":0},{"damage_healed":0,"gold_gain":0,"player_choice":"Ignored","damage_taken":0,"max_hp_gain":0,"max_hp_loss":0,"event_name":"Ghosts","floor":20,"gold_loss":0},{"damage_healed":0,"gold_gain":0,"player_choice":"Opened","damage_taken":0,"relics_obtained":["Lizard Tail"],"max_hp_gain":0,"max_hp_loss":0,"event_name":"The Mausoleum","floor":30,"gold_loss":0},{"damage_healed":0,"gold_gain":0,"player_choice":"0 cards matched","damage_taken":0,"max_hp_gain":0,"max_hp_loss":0,"event_name":"Match and Keep!","floor":31,"gold_loss":0,"cards_obtained":[]},{"damage_healed":97,"gold_gain":0,"player_choice":"Heal","damage_taken":0,"max_hp_gain":0,"max_hp_loss":14,"event_name":"The Moai Head","floor":42,"gold_loss":0},{"damage_healed":0,"gold_gain":0,"player_choice":"Memory 1","damage_taken":0,"max_hp_gain":0,"max_hp_loss":0,"event_name":"SensoryStone","floor":48,"gold_loss":0}],"is_beta":false,"boss_relics":[{"not_picked":["Runic Cube","Calling Bell"],"picked":"Fusion Hammer"},{"not_picked":["Black Star","Runic Dome"],"picked":"SlaversCollar"}],"items_purged_floors":[4],"is_endless":false,"potions_floor_spawned":[2,7,16,19,23,24,29,36,38,40,41],"killed_by":"Time Eater","ascension_level":4}}