{"host":"agga6lej02o7kt08","time":1608054565,"event":{"mods":["Aspiration","BaseMod","Better Third Choice","BetterRewards","Colored Map","Colored Powertips","Hubris","Minty Spire (QoL Compilation)","Replay The Spire","Spicy Shops","StSLib","¡¼?Úª?ø«¡½REMEMod"],"gold_per_floor":[123,198,198,198,198,223,223,249,249,265,215,54,70,101,101,200,200,220,235,235,249,99,99,131,141,211,139,163,163,183,228,228,342,342,356,284,284,307,307,354,354,384,384,403,441,441,134,134,134,154,154,154,470,511,325],"floor_reached":56,"playtime":1824,"items_purged":["Strike_R","Defend_R","Defend_R","Decay"],"score":1928,"play_id":"d4249275-8169-4568-84ab-e1b85b37ad01","local_time":"20201216024925","is_ascension_mode":true,"campfire_choices":[{"data":"Bash","floor":7,"key":"SMITH"},{"data":"REME_Scribble","floor":15,"key":"SMITH"},{"data":"Shrug It Off","floor":23,"key":"SMITH"},{"data":"Shrug It Off","floor":32,"key":"SMITH"},{"data":"Offering","floor":41,"key":"SMITH"},{"floor":46,"key":"RECALL"},{"data":"Exhume","floor":49,"key":"SMITH"},{"floor":52,"key":"REST"}],"circlet_count":0,"master_deck":["Bash+1","Grand Finale+1","Shrug It Off+1","REME_Scribble+1","REME_Cut+1","Offering+1","Exhume+1","Shrug It Off+1","Rampage+1","Fire Breathing+1","Master of Strategy"],"relics":["Black Blood","REME_ComplimentaryCards","REME_IWantAll","Pondfish Scales","Centennial Puzzle","Red Skull","Strawberry","Replay:Kaleidoscope","PreservedInsect","Frozen Egg 2","Eternal Feather","Kintsugi","hubris:PeanutButter","Replay:Bandana","hubris:MedicalManual","Regal Pillow","Replay:Towering Pillar of Hats","Bronze Scales","Torii","hubris:NiceRug","aspiration:HummingbirdHeart","Boot","REME_OnlineShoppingPlatform","Shuriken","Membership Card","Oddly Smooth Stone"],"acts_visited":["Exordium","TheCity","TheBeyond","TheEnding"],"potions_floor_usage":[16,45,55,55,55,55,55,55,55,55,55,55],"damage_taken":[{"damage":4,"enemies":"Cultist","floor":1,"turns":4},{"damage":0,"enemies":"Replay:BlueRogue","floor":6,"turns":3},{"damage":0,"enemies":"Gremlin Nob","floor":8,"turns":2},{"damage":0,"enemies":"Jaw Worm","floor":10,"turns":3},{"damage":8,"enemies":"2 Louse","floor":13,"turns":2},{"damage":2,"enemies":"Replay:BlueRogue","floor":14,"turns":4},{"damage":15,"enemies":"Hexaghost","floor":16,"turns":6},{"damage":12,"enemies":"2 Thieves","floor":18,"turns":1},{"damage":24,"enemies":"Chosen","floor":19,"turns":2},{"damage":12,"enemies":"Snecko","floor":21,"turns":2},{"damage":6,"enemies":"Slavers","floor":24,"turns":1},{"damage":12,"enemies":"Centurion and Healer","floor":25,"turns":1},{"damage":4,"enemies":"Replay:Snechameleon","floor":27,"turns":2},{"damage":4,"enemies":"Cultist and Chosen","floor":28,"turns":1},{"damage":0,"enemies":"Snake Plant","floor":30,"turns":2},{"damage":4,"enemies":"Gremlin Leader","floor":31,"turns":2},{"damage":7,"enemies":"Automaton","floor":33,"turns":4},{"damage":4,"enemies":"Orb Walker","floor":35,"turns":1},{"damage":4,"enemies":"3 Shapes","floor":38,"turns":1},{"damage":4,"enemies":"Reptomancer","floor":40,"turns":2},{"damage":4,"enemies":"Jaw Worm Horde","floor":42,"turns":1},{"damage":4,"enemies":"Writhing Mass","floor":44,"turns":3},{"damage":36,"enemies":"R_Hoarder","floor":45,"turns":7},{"damage":31,"enemies":"Donu and Deca","floor":50,"turns":4},{"damage":4,"enemies":"hubris:Merchant","floor":53,"turns":3},{"damage":4,"enemies":"Shield and Spear","floor":54,"turns":1},{"damage":33,"enemies":"The Heart","floor":55,"turns":4}],"seed_played":"-6986279735947835908","potions_obtained":[{"floor":6,"key":"Weak Potion"},{"floor":8,"key":"LiquidBronze"},{"floor":16,"key":"Energy Potion"},{"floor":19,"key":"Elixir"},{"floor":42,"key":"Swift Potion"},{"floor":45,"key":"Energy Potion"}],"is_trial":false,"path_per_floor":["M","?","T","?","$","E","R","E","T","M","?","$","M","E","R","B",null,"M","M","?","M","$","R","E","M","T","E","M","?","M","E","R","B",null,"M","$","?","M","?","E","R","M","T","M","E","R","$","?","R","B",null,"R","$","E","B",null],"character_chosen":"IRONCLAD","items_purchased":["ReplayTheSpireMod:CursedCoin","Red Skull","Strawberry","REME_Cut+1","Regal Pillow","Torii"],"campfire_rested":1,"item_purchase_floors":[0,5,5,12,36,47],"current_hp_per_floor":[48,37,37,37,24,30,30,36,36,42,42,42,42,48,54,48,94,94,82,82,82,82,85,91,91,91,99,107,121,133,141,144,149,154,160,160,160,166,166,172,172,178,178,184,166,169,169,169,172,159,196,196,204,213,205],"gold":325,"neow_bonus":"","is_daily":false,"chose_seed":false,"campfire_upgraded":6,"win_rate":0.0,"timestamp":1608054565,"path_taken":["M","?","?","?","?","E","R","E","T","?","?","$","M","E","R","BOSS","M","M","?","M","$","R","E","?","T","E","M","?","M","E","R","BOSS","M","$","?","M","?","E","R","M","T","M","E","R","?","?","R","BOSS","R","$","E","BOSS"],"items_purchased_type":["Relic","Relic","Relic","Card","Relic","Relic"],"build_version":"2020-12-13","purchased_purges":4,"victory":true,"max_hp_per_floor":[80,80,80,80,87,87,87,87,87,87,87,87,89,91,91,94,94,100,106,106,112,112,112,118,124,124,130,136,136,142,148,148,154,154,160,160,160,166,166,172,172,178,178,184,190,190,190,190,190,196,196,196,204,213,219],"card_choices":[{"not_picked":["Replay:Undeath\u0027s Touch","Thunderclap"],"picked":"Shrug It Off","floor":1},{"not_picked":["Twin Strike","ReplayTheSpireMod:Strike From Hell","Body Slam"],"picked":"SKIP","floor":6},{"not_picked":["Intimidate","Burning Pact","Warcry"],"picked":"SKIP","floor":8},{"not_picked":["Warcry","Shrug It Off"],"picked":"REME_Scribble","floor":10},{"not_picked":["Armaments","Disarm","Flex"],"picked":"SKIP","floor":13},{"not_picked":["Flex","Run Through"],"picked":"Offering","floor":14},{"not_picked":["Immolate","Juggernaut+1"],"picked":"Exhume","floor":16},{"not_picked":["Perfected Strike","Heavy Blade+1","REME_FearOfPain+1"],"picked":"SKIP","floor":18},{"not_picked":["Warcry+1","Thunderclap"],"picked":"Shrug It Off","floor":19},{"not_picked":["Massacre","Shrug It Off","hubris:ReadiedAction"],"picked":"SKIP","floor":21},{"not_picked":["Second Wind+1","Replay:Undeath\u0027s Touch","Searing Blow"],"picked":"SKIP","floor":24},{"not_picked":["Second Wind+1","Replay:Undeath\u0027s Touch","Searing Blow"],"picked":"SKIP","floor":24},{"not_picked":["Second Wind+1","Replay:Undeath\u0027s Touch","Searing Blow"],"picked":"SKIP","floor":24},{"not_picked":["Perfected Strike","Second Wind","Pommel Strike"],"picked":"SKIP","floor":25},{"not_picked":["Dark Embrace+1","Anger+1","Offering"],"picked":"SKIP","floor":27},{"not_picked":["Reckless Charge","Life Link+1","True Grit+1"],"picked":"SKIP","floor":28},{"not_picked":["Reckless Charge","Life Link+1","True Grit+1"],"picked":"SKIP","floor":28},{"not_picked":["Flex","Armaments","Intimidate"],"picked":"SKIP","floor":30},{"not_picked":["hubris:CleavingFinish+1","Clothesline","Havoc+1"],"picked":"SKIP","floor":31},{"not_picked":["True Grit+1","hubris:ReadiedAction","Ghostly Armor"],"picked":"SKIP","floor":35},{"not_picked":["Heavy Blade","Shrug It Off"],"picked":"Rampage","floor":38},{"not_picked":["Headbutt","Body Slam+1","Iron Wave+1"],"picked":"SKIP","floor":40},{"not_picked":["Shockwave","Searing Blow+1","Wild Strike"],"picked":"SKIP","floor":42},{"not_picked":["Infernal Blade+1","REME_Cut+1","Warcry"],"picked":"SKIP","floor":44},{"not_picked":["Defy Death","Spot Weakness","Sword Boomerang"],"picked":"SKIP","floor":45},{"not_picked":["Fire Breathing+1"],"picked":"Singing Bowl","floor":53},{"not_picked":["Master of Strategy"],"picked":"Singing Bowl","floor":53},{"not_picked":["Sever Soul"],"picked":"SKIP","floor":53},{"not_picked":["ReplayTheSpireMod:Strike From Hell"],"picked":"SKIP","floor":53},{"not_picked":["hubris:ReadiedAction"],"picked":"SKIP","floor":53},{"not_picked":["True Grit"],"picked":"SKIP","floor":53},{"not_picked":["Discovery"],"picked":"SKIP","floor":53},{"not_picked":["hubris:ReadiedAction+1","Bludgeon","Rupture+1"],"picked":"Singing Bowl","floor":54}],"player_experience":695036,"relics_obtained":[{"floor":3,"key":"Centennial Puzzle"},{"floor":6,"key":"Replay:Kaleidoscope"},{"floor":8,"key":"PreservedInsect"},{"floor":9,"key":"Frozen Egg 2"},{"floor":14,"key":"Eternal Feather"},{"floor":26,"key":"hubris:PeanutButter"},{"floor":27,"key":"Replay:Bandana"},{"floor":31,"key":"hubris:MedicalManual"},{"floor":40,"key":"Replay:Towering Pillar of Hats"},{"floor":45,"key":"Bronze Scales"},{"floor":53,"key":"aspiration:HummingbirdHeart"},{"floor":53,"key":"Boot"},{"floor":53,"key":"REME_OnlineShoppingPlatform"},{"floor":53,"key":"Shuriken"},{"floor":53,"key":"Membership Card"},{"floor":54,"key":"Oddly Smooth Stone"}],"event_choices":[{"damage_healed":0,"gold_gain":75,"player_choice":"Gold","damage_taken":11,"max_hp_gain":0,"max_hp_loss":0,"event_name":"betterThird:BetterGoop","floor":2,"gold_loss":0},{"cards_removed":["Strike_R"],"damage_healed":0,"gold_gain":0,"player_choice":"Card Removal","damage_taken":0,"max_hp_gain":0,"max_hp_loss":0,"event_name":"The Cleric","floor":11,"gold_loss":50},{"damage_healed":0,"gold_gain":0,"player_choice":"Bought 0 Potions","damage_taken":0,"max_hp_gain":0,"max_hp_loss":0,"event_name":"The Woman in Blue","floor":20,"gold_loss":0},{"damage_healed":0,"gold_gain":0,"player_choice":"Ignored","damage_taken":0,"max_hp_gain":0,"max_hp_loss":0,"event_name":"Tomb of Lord Red Mask","floor":37,"gold_loss":0},{"damage_healed":0,"gold_gain":0,"player_choice":"Memory 1","damage_taken":0,"max_hp_gain":0,"max_hp_loss":0,"event_name":"SensoryStone","floor":48,"gold_loss":0}],"is_beta":false,"boss_relics":[{"not_picked":["Cursed Key","Astrolabe"],"picked":"Kintsugi"},{"not_picked":["Painkiller Herb","Runic Cube"],"picked":"Black Blood"}],"items_purged_floors":[0,0,12,22],"is_endless":false,"potions_floor_spawned":[6,8,16,19,21,27,28,30,40,42,44,45],"ascension_level":1}}