{"host":"kdxx03a4p3nl7qnm","time":1608022873,"event":{"mods":["AchievementEnabler","Act Like it!","BaseMod","Better Altar","Better Third Choice","Better Vampires","Conspire","Defuse TimeMaze Blight","Downfall","Elementarium","Hallownest","Infinite Spire","Lobotomy","Luminous","Mimic Mod","Minty Spire (QoL Compilation)","Quick Restart","StSLib","The Alterego","The Jungle","The Kombatant","TheBandit","TheSwordswoman","TheVacant","Waifu the Spire"],"gold_per_floor":[109,109,128,144,29,55,55,55,82,92,92,92,92],"floor_reached":12,"playtime":1168,"items_purged":[],"score":78,"play_id":"938d9dc5-e525-4ef3-bbf2-64b3b58e0e34","local_time":"20201215030113","is_ascension_mode":false,"campfire_choices":[{"floor":7,"key":"REST"}],"circlet_count":0,"master_deck":["blazmod:Strike","blazmod:Strike","blazmod:Strike+1","blazmod:Strike","blazmod:Defend","blazmod:Defend+1","blazmod:Defend","blazmod:Defend","blazmod:ButterflyEffect","blazmod:Kyokasuigetsu+1","FairyFestival","blazmod:DevilDivine+1","Wellcheers","blazmod:BoulderFlash","blazmod:PhysicalEndurance","blazmod:MyEverything","PunishingBird","blazmod:PhysicalEndurance"],"relics":["blazmod:Venustas","CogitoBucket","War Paint","Bag of Marbles","Odd Mushroom","Whetstone","Centennial Puzzle"],"acts_visited":["Hallownest:Greenpath"],"potions_floor_usage":[],"damage_taken":[{"damage":1,"enemies":"2_ Uuma","floor":1,"turns":11},{"damage":1,"enemies":"Hallownest:monsterHuskGuard","floor":3,"turns":9},{"damage":24,"enemies":"Hallownest:2_MossCreeps","floor":4,"turns":8},{"damage":15,"enemies":"Hallownest:eliteCrystalGuardian","floor":6,"turns":15},{"damage":0,"enemies":"Hallownest:monsterAspidMother","floor":10,"turns":6},{"damage":85,"enemies":"Hallownest:eliteMossKnight","floor":12,"turns":3}],"seed_played":"-3751627127672725920","potions_obtained":[{"floor":1,"key":"ColorlessPotion"},{"floor":3,"key":"FearPotion"},{"floor":6,"key":"FearPotion"}],"is_trial":false,"path_per_floor":["M","?","M","M","?","E","R","?","T","M","$","E"],"character_chosen":"THE_SWORDSWOMAN","items_purchased":[],"campfire_rested":1,"item_purchase_floors":[],"current_hp_per_floor":[39,21,31,14,14,15,27,27,27,33,33,0,0],"gold":92,"neow_bonus":"","is_daily":false,"chose_seed":false,"campfire_upgraded":0,"win_rate":0.0,"timestamp":1608022873,"path_taken":["M","?","M","M","?","E","R","?","T","M","?","E"],"items_purchased_type":[],"build_version":"2020-12-13","purchased_purges":0,"victory":false,"max_hp_per_floor":[40,40,40,40,40,40,40,40,40,40,40,40,40],"card_choices":[{"not_picked":["Murderer","MeatLantern"],"picked":"FairyFestival","floor":1},{"not_picked":["blazmod:FlashRock","blazmod:MentalFocus"],"picked":"blazmod:DevilDivine","floor":1},{"not_picked":["Scarecrow","Mercenary"],"picked":"Wellcheers","floor":3},{"not_picked":["blazmod:Contingency","blazmod:FlashRock"],"picked":"blazmod:BoulderFlash","floor":3},{"not_picked":["blazmod:Valiance","blazmod:FlashRock"],"picked":"blazmod:PhysicalEndurance","floor":4},{"not_picked":["blazmod:MindAtPeace","blazmod:KatanaStrike"],"picked":"blazmod:MyEverything","floor":6},{"not_picked":["RedShoes","DespairKnight"],"picked":"PunishingBird","floor":10},{"not_picked":["blazmod:CastAwayDew","blazmod:FortifiedVigor"],"picked":"blazmod:PhysicalEndurance","floor":10}],"player_experience":57550,"relics_obtained":[{"floor":6,"key":"Whetstone"},{"floor":9,"key":"Centennial Puzzle"}],"event_choices":[],"is_beta":false,"boss_relics":[],"items_purged_floors":[],"is_endless":false,"potions_floor_spawned":[1,3,6],"killed_by":"Hallownest:eliteMossKnight","ascension_level":0}}