{"host":"8h3glbk9j4k4ylc4","time":1608040648,"event":{"mods":["AchievementEnabler","Act Like it!","BaseMod","Colored Map","Colored Powertips","Energized Spire","Gensokyo","Hallownest","Hermit","Hubris","Infinite Spire","Jorbs\u0027s Wanderer Trilogy","Lobotomy","Marisa????????","Minty Spire (QoL Compilation)","Replay The Spire","Somnambulant","StSLib","Td1madao Mod","The Bug Knight","The Judge","The Senshi"],"gold_per_floor":[119,194,194,212,227,227,250,270,270,270,270],"floor_reached":10,"playtime":431,"items_purged":[],"score":63,"play_id":"bf0cce19-d596-4dbe-825f-813601d7aa25","local_time":"20201215155728","is_ascension_mode":true,"campfire_choices":[{"data":"Zap","floor":6,"key":"SMITH"}],"circlet_count":0,"master_deck":["Strike_B","Strike_B","Strike_B","Defend_B","Defend_B","Defend_B","Defend_B","Zap+1","Dualcast","Static Discharge","Funeral","Sweeping Beam","VoidDream","Self Repair","Yin","Chaos"],"relics":["Cracked Core","CogitoBucket","Golden Idol","Solar Panel"],"acts_visited":["Exordium"],"potions_floor_usage":[8],"damage_taken":[{"damage":10,"enemies":"Small Slimes","floor":1,"turns":3},{"damage":6,"enemies":"2 Louse","floor":4,"turns":3},{"damage":1,"enemies":"Cultist","floor":5,"turns":3},{"damage":11,"enemies":"Large Slime","floor":7,"turns":5},{"damage":14,"enemies":"Exordium Thugs","floor":8,"turns":4},{"damage":26,"enemies":"3 Sentries","floor":10,"turns":6}],"seed_played":"-5102435318656548238","potions_obtained":[{"floor":7,"key":"Block Potion"}],"is_trial":false,"path_per_floor":["M","?","?","M","M","R","M","M","T","E"],"character_chosen":"DEFECT","items_purchased":[],"campfire_rested":0,"item_purchase_floors":[],"current_hp_per_floor":[65,54,36,30,30,30,21,16,16,0,0],"gold":270,"neow_bonus":"","is_daily":false,"chose_seed":false,"campfire_upgraded":1,"win_rate":0.0,"timestamp":1608040648,"path_taken":["M","?","?","M","M","R","M","M","T","E"],"items_purchased_type":[],"build_version":"2020-12-13","purchased_purges":0,"victory":false,"max_hp_per_floor":[75,75,75,75,75,75,75,75,75,75,75],"card_choices":[{"not_picked":["Double Energy","FTL"],"picked":"Static Discharge","floor":1},{"not_picked":["Wellcheers","Yin"],"picked":"Funeral","floor":4},{"not_picked":["Aggregate","ReplaySort"],"picked":"Sweeping Beam","floor":4},{"not_picked":["Compile Driver","Stack"],"picked":"Genetic Algorithm","floor":5},{"not_picked":["OSAHOGD","Wellcheers"],"picked":"VoidDream","floor":7},{"not_picked":["Beam Cell","Gash"],"picked":"Self Repair","floor":7},{"not_picked":["OSAHOGD","MeatLantern"],"picked":"Yin","floor":8},{"not_picked":["Beam Cell","BasicCrystalCard"],"picked":"Chaos","floor":8}],"player_experience":296045,"relics_obtained":[{"floor":9,"key":"Solar Panel"}],"event_choices":[{"damage_healed":0,"gold_gain":75,"player_choice":"Gather Gold","damage_taken":11,"max_hp_gain":0,"max_hp_loss":0,"event_name":"World of Goop","floor":2,"gold_loss":0},{"damage_healed":0,"gold_gain":0,"player_choice":"Take Damage","damage_taken":18,"relics_obtained":["Golden Idol"],"max_hp_gain":0,"max_hp_loss":0,"event_name":"Golden Idol","floor":3,"gold_loss":0}],"is_beta":false,"boss_relics":[],"items_purged_floors":[],"is_endless":false,"potions_floor_spawned":[7],"killed_by":"3 Sentries","ascension_level":1}}