{"host":"77nx5a0i0k7ns1qu","time":1608026717,"event":{"mods":["2.2 Compatiblity","AchievementEnabler","AlwaysNeverKeys","Ascension Reborn","Ascension Unlocker","Aspiration","BaseMod","Better Note","BetterRewards","Card Filter","Card Forge","Challenge The Spire","Colored Powertips","Colorless Booster Pack","Conspire","Curses Come First","Custom Start","DeckTracker","Defuse TimeMaze Blight","Downfall","Energized Spire","Friendly Minions","GifTheSpireLib","Halation","Hubris","Hyrulean Relics","Infinite Spire","Marisa????????","Marked Mod","Mimic Mod","Minty Spire (QoL Compilation)","MostiFishMod","Prisma Mod","Random Character Mod","Rare Cards Sparkle","RatMod","Relic Stats","Replay The Spire","Reworked Bosses","Small Relic Pack","Spicy Shops","Spikes Relics","StSLib","Strawberry Spire","Stuff the Spire","The Alterego","The Blue Laboratory","The Factory","Trackpad","UnlockEverythingMod","Useless Jewels Mod","vexMod"],"gold_per_floor":[116,116,139,162,7,48,8,32,60,84,120,120,168,168,168,294,294,312,312,329,343,343,374,394,425,425,438,418,435,435,452,452,577,577,590,603,603,625,625,625,804,804,804,804,841,841,841,841,841,841],"floor_reached":51,"playtime":4007,"items_purged":[],"score":150,"play_id":"835413a2-7329-4b21-bd8a-66ea60440f7c","local_time":"20201215050517","is_ascension_mode":true,"campfire_choices":[{"data":"PrismaMod:IllyaGrailKun","floor":12,"key":"SMITH"},{"data":"Storm","floor":15,"key":"SMITH"},{"floor":40,"key":"REST"},{"floor":44,"key":"REST"},{"floor":49,"key":"REST"}],"circlet_count":0,"master_deck":["PrismaMod:IllyaCommonAttack+1","PrismaMod:IllyaCommonDefend+1","PrismaMod:IllyaCommonAttack+1","PrismaMod:IllyaCommonDefend+1","PrismaMod:IllyaCommonAttack+1","PrismaMod:IllyaCommonDefend+1","PrismaMod:IllyaCommonAttack+1","PrismaMod:IllyaCommonDefend+1","PrismaMod:IllyaCommonAttack+1","PrismaMod:IllyaCommonDefend+1","PrismaMod:IllyaUncommonAttack+1","PrismaMod:IllyaUncommonDefend+1","PrismaMod:IllyaPoisonTippedWeapons+1","Warcry+1","sneckomod:ImprovisedAttack+1","PrismaMod:IllyaGrailKun+1","alterego_mod:Belts+1","strawberrySpire:JustAWound+1","PrismaMod:IllyaBoysLove+1","MostiFishMod:ActiveDefenseSystem+1","Guardian:DecasProtection+1","Turbo+1","sneckomod:QuickMove+1","Seeing Red+1","Storm+1","MostiFishMod:StarLaLaLa+1","IllusionStar+1","Forethought+1","IllusionStar+1","PrismaMod:MiyuCheapChannelVul+1","MostiFishMod:WinterMarkForm+1","MostiFishMod:Neurotoxin+1","hexamod:RainOfEmbers+1","hexamod:RainOfEmbers+1","Turbo+1","Singularity+1","ReplayTheSpireMod:??????????????????????+1","hexamod:GhostOfSpirePast+1","Echo Form+1","MostiFishMod:PerfectParry+1","PrismaMod:IllyaHassanGift+1","Consecrate+1","PrismaMod:IllyaPoisonTippedWeapons+1","WitchOfGreed+1","Pot Of Greed+1","Pot Of Greed+1","Pot Of Greed+1","Pot Of Greed+1","PrismaMod:IllyaInstallSaber","PrismaMod:IllyaGrailKun+1","PrismaMod:IllyaAlice+1","PrismaMod:IllyaUncommonEvoke+1","PrismaMod:IllyaGun+1","Purity+1","expansioncontent:Corrupt+1","Pot Of Greed+1","PrismaMod:MiyuCheapStrBuff+1","Shockwave+1","PrismaMod:IllyaCarnivalAttack+1","Guardian:Gem_Purple","Spot Weakness+1","PrismaMod:IllyaInstallAlterEgo","MostiFishMod:SephirahHod+1","Injury","Injury","Pot Of Greed+1"],"relics":["PrismaMod:PrismaRuby","Hammer of Thor","Seething Fire","Anvil of the Gods","DaveBox","NeowsBlessing","hubris:PeanutButter","Question Card","PrismaticShard","ImprovedEquipment","Guardian:PocketSentry","Onion Ring","Ancient Tea Set","vexMod:FocusSash","infinitespire:Golems Mask","Pen Nib","Ginger","ImportantClient","halation:HeavySnake","RetroEgg","Bottled Tornado","Meat on the Bone","ReplayTheSpireMod:Ninjato","Blood Vial","DiscerningMonocle","Du-Vu Doll","JellyFishMachine","Dead Branch","Grinning Jar","vexMod:TimeEaterHat","vexMod:Spyglass","vexMod:InvisibilityCloak","Blood Vial","strawberrySpire:StillNotAdequateHouse","ReplayTheSpireMod:TigerMarble","infinitespire:BottledMercury","FossilizedHelix","StuffTheSpire:Gunfinga","MostiFishMod:Hod","StuffTheSpire:EmeraldSignet"],"acts_visited":["Exordium","TheCity","theFactory:Factory"],"potions_floor_usage":[11,16,16,16,18,23,23,23,27,27,27,33,33,33,33,33,33,33,33,50,50],"damage_taken":[{"damage":0,"enemies":"Small Slimes","floor":1,"turns":1},{"damage":0,"enemies":"Cultist","floor":3,"turns":1},{"damage":0,"enemies":"Jaw Worm","floor":4,"turns":1},{"damage":0,"enemies":"Lagavulin","floor":6,"turns":3},{"damage":0,"enemies":"Exordium Wildlife","floor":8,"turns":3},{"damage":0,"enemies":"Gremlin Gang","floor":10,"turns":2},{"damage":0,"enemies":"3 Sentries","floor":11,"turns":3},{"damage":0,"enemies":"Red Slaver","floor":13,"turns":3},{"damage":0,"enemies":"Gremlin Nob","floor":14,"turns":2},{"damage":0,"enemies":"Slime Boss","floor":16,"turns":5},{"damage":0,"enemies":"3 Byrds","floor":18,"turns":4},{"damage":0,"enemies":"Chosen","floor":20,"turns":3},{"damage":7,"enemies":"3 Cultists","floor":21,"turns":4},{"damage":0,"enemies":"Slavers","floor":23,"turns":3},{"damage":0,"enemies":"Shelled Parasite and Fungi","floor":24,"turns":2},{"damage":4,"enemies":"Book of Stabbing","floor":25,"turns":4},{"damage":0,"enemies":"Snake Plant","floor":27,"turns":2},{"damage":0,"enemies":"Sentry and Sphere","floor":29,"turns":2},{"damage":0,"enemies":"3 Cultists","floor":31,"turns":2},{"damage":0,"enemies":"bossMod:newChamp","floor":33,"turns":3},{"damage":8,"enemies":"theFactory:4_Mini-Bots","floor":35,"turns":3},{"damage":0,"enemies":"theFactory:BigBot","floor":36,"turns":2},{"damage":20,"enemies":"theFactory:Personnel_and_Big_Bot","floor":38,"turns":4},{"damage":0,"enemies":"theFactory:Sentry and Guards","floor":41,"turns":3},{"damage":0,"enemies":"theFactory:Sentry and Guards","floor":45,"turns":2},{"damage":0,"enemies":"theFactory:Experiment01","floor":50,"turns":2}],"seed_played":"-5618791296311689044","potions_obtained":[{"floor":1,"key":"blueLaboratory:BottleOfVodka"},{"floor":3,"key":"Dexterity Potion"},{"floor":3,"key":"Death Potion"},{"floor":4,"key":"EssenceOfSteel"},{"floor":6,"key":"PowerPotion"},{"floor":11,"key":"Reflective Coating"},{"floor":13,"key":"champ:CounterPotion"},{"floor":16,"key":"Block Potion"},{"floor":18,"key":"Strength Potion"},{"floor":20,"key":"blueLaboratory:LouseDecoction"},{"floor":20,"key":"infinitespire:BlackPotion"},{"floor":21,"key":"CultistPotion"},{"floor":23,"key":"champ:CounterPotion"},{"floor":24,"key":"blueLaboratory:HorrorPotion"},{"floor":25,"key":"Adrenaline Potion"},{"floor":25,"key":"blueLaboratory:EmptyBottle"},{"floor":27,"key":"sneckomod:MuddlingPotion"},{"floor":27,"key":"Languid Potion"},{"floor":29,"key":"ColorlessPotion"},{"floor":29,"key":"EntropicBrew"},{"floor":33,"key":"blueLaboratory:AbyssPotion"},{"floor":35,"key":"Strength Potion"},{"floor":35,"key":"blueLaboratory:Moonshine"},{"floor":36,"key":"blueLaboratory:StoneskinPotion"},{"floor":38,"key":"DistilledChaos"}],"is_trial":false,"path_per_floor":["M","?","M","M","$","E","$","M","T","M","E","R","MIM","E","R","B",null,"M","?","M","M","?","E","M","E","T","M","$","M","AVR","M","R","B",null,"M","M","?","M","$","R","MIM","?","T","R","MIM","?","AVR","?","R","B",null],"character_chosen":"ILLYA","items_purchased":["Guardian:PocketSentry","PrismaMod:IllyaGrailKun","PrismaMod:IllyaBoysLove","PrismaMod:IllyaPoisonTippedWeapons+1","Dead Branch","Grinning Jar","vexMod:TimeEaterHat","vexMod:Spyglass","vexMod:InvisibilityCloak","Blood Vial","PrismaMod:IllyaInstallSaber","PrismaMod:IllyaGrailKun","PrismaMod:IllyaAlice","PrismaMod:IllyaUncommonEvoke","PrismaMod:IllyaGun","Purity","expansioncontent:Corrupt"],"campfire_rested":3,"item_purchase_floors":[5,5,7,28,39,39,39,39,39,39,39,39,39,39,39,39,39],"current_hp_per_floor":[79,79,79,79,79,79,79,79,79,79,79,79,79,79,79,83,83,83,71,71,64,64,64,64,60,60,60,60,60,60,63,63,72,87,79,82,82,78,78,87,93,83,83,93,93,93,93,93,93,97],"gold":841,"neow_bonus":"THREE_ENEMY_KILL","is_daily":false,"chose_seed":false,"campfire_upgraded":2,"win_rate":0.0,"timestamp":1608026717,"path_taken":["M","?","M","M","?","E","$","M","T","M","E","R","?","E","R","BOSS","M","?","?","M","?","E","M","E","T","M","?","M","AVR","M","R","BOSS","M","M","?","M","$","R","?","?","T","R","?","?","AVR","?","R","BOSS"],"items_purchased_type":["Relic","Card","Card","Card","Relic","Relic","Relic","Relic","Relic","Relic","Card","Card","Card","Card","Card","Card","Card"],"build_version":"2020-12-13","purchased_purges":0,"victory":true,"max_hp_per_floor":[79,79,79,79,79,79,79,79,79,79,79,79,79,79,79,83,83,83,83,83,83,83,83,83,83,83,83,83,83,83,83,83,87,87,87,87,87,87,87,87,93,93,93,93,93,93,93,93,93,97],"relic_stats":{"Blood Vial":12,"counters":[26,69],"Dead Branch":[28],"Pen Nib":[6],"Ginger":[1],"Question Card":35,"obtain_stats":[{"infinitespire:BottledMercury":43,"DaveBox":0,"DiscerningMonocle":30,"RetroEgg":23,"Hammer of Thor":0,"StuffTheSpire:EmeraldSignet":47,"Ginger":16,"Bottled Tornado":25,"PrismaticShard":1,"Ancient Tea Set":9,"vexMod:Spyglass":39,"halation:HeavySnake":17,"Blood Vial":30,"PrismaMod:PrismaRuby":0,"vexMod:InvisibilityCloak":39,"StuffTheSpire:Gunfinga":45,"infinitespire:Golems Mask":11,"strawberrySpire:StillNotAdequateHouse":41,"ImportantClient":16,"MostiFishMod:Hod":47,"ReplayTheSpireMod:Ninjato":26,"NeowsBlessing":0,"JellyFishMachine":34,"ImprovedEquipment":3,"Dead Branch":39,"vexMod:TimeEaterHat":39,"Pen Nib":13,"Guardian:PocketSentry":5,"Seething Fire":0,"vexMod:FocusSash":10,"Question Card":1,"Du-Vu Doll":33,"Anvil of the Gods":0,"hubris:PeanutButter":1,"Onion Ring":9,"ReplayTheSpireMod:TigerMarble":43,"Grinning Jar":39,"FossilizedHelix":45,"Meat on the Bone":26},{"infinitespire:BottledMercury":24,"DaveBox":0,"DiscerningMonocle":18,"RetroEgg":14,"Hammer of Thor":0,"StuffTheSpire:EmeraldSignet":25,"Ginger":10,"Bottled Tornado":16,"PrismaticShard":1,"Ancient Tea Set":5,"vexMod:Spyglass":23,"halation:HeavySnake":10,"Blood Vial":18,"PrismaMod:PrismaRuby":0,"vexMod:InvisibilityCloak":23,"StuffTheSpire:Gunfinga":25,"infinitespire:Golems Mask":7,"strawberrySpire:StillNotAdequateHouse":24,"ImportantClient":10,"MostiFishMod:Hod":25,"ReplayTheSpireMod:Ninjato":16,"NeowsBlessing":0,"JellyFishMachine":20,"ImprovedEquipment":2,"Dead Branch":23,"vexMod:TimeEaterHat":23,"Pen Nib":8,"Guardian:PocketSentry":3,"Seething Fire":0,"vexMod:FocusSash":6,"Question Card":1,"Du-Vu Doll":20,"Anvil of the Gods":0,"hubris:PeanutButter":1,"Onion Ring":5,"ReplayTheSpireMod:TigerMarble":24,"Grinning Jar":23,"FossilizedHelix":25,"Meat on the Bone":16},{"infinitespire:BottledMercury":65,"DaveBox":0,"DiscerningMonocle":48,"RetroEgg":38,"Hammer of Thor":0,"StuffTheSpire:EmeraldSignet":67,"Ginger":24,"Bottled Tornado":44,"PrismaticShard":1,"Ancient Tea Set":9,"vexMod:Spyglass":62,"halation:HeavySnake":24,"Blood Vial":48,"PrismaMod:PrismaRuby":0,"vexMod:InvisibilityCloak":62,"StuffTheSpire:Gunfinga":67,"infinitespire:Golems Mask":14,"strawberrySpire:StillNotAdequateHouse":65,"ImportantClient":24,"MostiFishMod:Hod":67,"ReplayTheSpireMod:Ninjato":44,"NeowsBlessing":0,"JellyFishMachine":53,"ImprovedEquipment":2,"Dead Branch":62,"vexMod:TimeEaterHat":62,"Pen Nib":17,"Guardian:PocketSentry":3,"Seething Fire":0,"vexMod:FocusSash":11,"Question Card":1,"Du-Vu Doll":53,"Anvil of the Gods":0,"hubris:PeanutButter":1,"Onion Ring":9,"ReplayTheSpireMod:TigerMarble":65,"Grinning Jar":62,"FossilizedHelix":67,"Meat on the Bone":44}],"Meat on the Bone":0},"card_choices":[{"not_picked":["PrismaMod:IllyaUberChannel","PrismaMod:IllyaRussianRoulette"],"picked":"PrismaMod:IllyaPoisonTippedWeapons","floor":1},{"not_picked":["StuffTheSpire:Fury","Slimebound:LeechEnergy+1","Cloak And Dagger"],"picked":"Warcry+1","floor":3},{"not_picked":["Dropkick","hexamod:Haunt","Outmaneuver"],"picked":"sneckomod:ImprovisedAttack","floor":4},{"not_picked":["Slimebound:TongueLash","PrismaMod:IllyaBlindPoisonToss","Predator"],"picked":"alterego_mod:Belts","floor":6},{"not_picked":["strawberrySpire:Aggression","Concentrate","sneckomod:WideSting"],"picked":"strawberrySpire:JustAWound+1","floor":6},{"not_picked":["DC+1","Clash","strawberrySpire:PowerStomp"],"picked":"MostiFishMod:ActiveDefenseSystem","floor":8},{"not_picked":["strawberrySpire:Momentum+1","Distraction+1","Beam Cell"],"picked":"Consecrate","floor":10},{"not_picked":["rat:FanOfKnives","expansioncontent:Chronoboost","Perfected Strike"],"picked":"Guardian:DecasProtection+1","floor":11},{"not_picked":["Guardian:DonusPower+1","alterego_mod:Complex","Bandage Up"],"picked":"Turbo+1","floor":11},{"not_picked":["strawberrySpire:Insectonator+1","PrismaMod:IllyaHassanGift+1","ReplayTheSpireMod:Speed Training+1"],"picked":"sneckomod:QuickMove","floor":13},{"not_picked":["CutThroughFate","hexamod:NightmareStrike","CollectingQuirk"],"picked":"Seeing Red+1","floor":14},{"not_picked":["hexamod:GhostOfSpirePresent+1","PrismaMod:MiyuCheapChannelVul+1","Perfected Strike"],"picked":"Storm","floor":14},{"not_picked":["MostiFishMod:GoodWordForIt","FinalSpark","MostiFishMod:FourSeasons"],"picked":"MostiFishMod:StarLaLaLa","floor":16},{"not_picked":["GalacticHalo","sneckomod:SnekBeam+1","PrismaMod:ChloeDiscardRecovery+1"],"picked":"IllusionStar","floor":18},{"not_picked":["Discovery","hexamod:SwordOfDarkness+1","conspire:PoisonWeapons"],"picked":"IllusionStar+1","floor":20},{"not_picked":["Wallop+1","PrismaMod:MiyuCheapAttack2","PrismaMod:MiyuUncommonAttack"],"picked":"PrismaMod:MiyuCheapChannelVul","floor":21},{"not_picked":["hexamod:InspiringFlames","strawberrySpire:SearchEngine+1","Assess+1"],"picked":"MostiFishMod:Neurotoxin","floor":23},{"not_picked":["BasicCrystalCard","Dagger Throw","rat:Shadowstep+1"],"picked":"hexamod:RainOfEmbers+1","floor":24},{"not_picked":["champ:BerserkersShout+1","Stack","alterego_mod:Clap"],"picked":"hexamod:RainOfEmbers","floor":25},{"not_picked":["Barrage","Cloak And Dagger+1","PrismaMod:MiyuCheapDefend1+1"],"picked":"Turbo","floor":27},{"not_picked":["PrismaMod:IllyaCommonEvoke+1","hubris:Counter+1","Guardian:SentryBeam+1"],"picked":"Singularity+1","floor":29},{"not_picked":["ReplayTheSpireMod:Shiv Toss","Slimebound:ViciousTackle+1","hexamod:FastForward+1"],"picked":"hexamod:GhostOfSpirePast+1","floor":31},{"not_picked":["alterego_mod:Alter","Malaise","MostiFishMod:RacingGame"],"picked":"Echo Form","floor":33},{"not_picked":["Abandon+1","Blade Dance+1","Slimebound:FinishingTackle"],"picked":"MostiFishMod:PerfectParry+1","floor":35},{"not_picked":["Sucker Punch","Guardian:RollAttack","Sanctity"],"picked":"PrismaMod:IllyaHassanGift","floor":36},{"not_picked":["6A","hexamod:InspiringFlames","Flying Knee"],"picked":"WitchOfGreed+1","floor":38},{"not_picked":["alterego_mod:Santa","StuffTheSpire:Coldhearted+1","StuffTheSpire:Fury"],"picked":"PrismaMod:MiyuCheapStrBuff+1","floor":41},{"not_picked":["Poisoned Stab","Guardian:Reroute"],"picked":"Shockwave","floor":42},{"not_picked":["PrismaMod:IllyaRapidFire","Leg Sweep"],"picked":"PrismaMod:IllyaCarnivalAttack","floor":42},{"not_picked":["Guardian:Harden","Concentrate"],"picked":"Guardian:Gem_Purple","floor":42},{"not_picked":["rat:DextrousStrike","StuffTheSpire:Sprint+1","rat:SilveredBlade+1"],"picked":"Spot Weakness+1","floor":45}],"player_experience":661883,"relics_obtained":[{"floor":1,"key":"hubris:PeanutButter"},{"floor":1,"key":"Question Card"},{"floor":1,"key":"PrismaticShard"},{"floor":3,"key":"ImprovedEquipment"},{"floor":9,"key":"Onion Ring"},{"floor":9,"key":"Ancient Tea Set"},{"floor":10,"key":"vexMod:FocusSash"},{"floor":11,"key":"infinitespire:Golems Mask"},{"floor":13,"key":"Pen Nib"},{"floor":16,"key":"Ginger"},{"floor":16,"key":"ImportantClient"},{"floor":23,"key":"RetroEgg"},{"floor":25,"key":"Bottled Tornado"},{"floor":26,"key":"Meat on the Bone"},{"floor":26,"key":"ReplayTheSpireMod:Ninjato"},{"floor":33,"key":"Du-Vu Doll"},{"floor":41,"key":"strawberrySpire:StillNotAdequateHouse"},{"floor":43,"key":"ReplayTheSpireMod:TigerMarble"},{"floor":43,"key":"infinitespire:BottledMercury"},{"floor":45,"key":"FossilizedHelix"},{"floor":45,"key":"StuffTheSpire:Gunfinga"}],"event_choices":[{"damage_healed":0,"gold_gain":0,"player_choice":"Full Heal","damage_taken":0,"max_hp_gain":0,"max_hp_loss":0,"event_name":"Wheel of Change","floor":2,"gold_loss":0},{"damage_healed":0,"gold_gain":0,"player_choice":"CARD ","damage_taken":12,"max_hp_gain":0,"max_hp_loss":0,"event_name":"Knowing Skull","floor":19,"potions_obtained":[],"gold_loss":0,"cards_obtained":["Forethought"]},{"cards_removed":["alterego_mod:Belts"],"damage_healed":0,"gold_gain":0,"player_choice":"Take \u0026 Give","damage_taken":0,"max_hp_gain":0,"max_hp_loss":0,"event_name":"betterNote:BetterNote","floor":22,"gold_loss":0,"cards_obtained":["MostiFishMod:WinterMarkForm"]},{"damage_healed":0,"gold_gain":0,"player_choice":"Simplicity","damage_taken":0,"max_hp_gain":0,"max_hp_loss":0,"event_name":"Back to Basics","floor":32,"gold_loss":0,"cards_upgraded":[]}],"is_beta":false,"boss_relics":[{"not_picked":["aspiration:RitualDagger","vexMod:MegatonBomb"],"picked":"halation:HeavySnake"},{"not_picked":["xbg","energizedSpire:MagnifyingGlass"],"picked":"JellyFishMachine"}],"items_purged_floors":[],"is_endless":false,"potions_floor_spawned":[3,10,20,21,25,27,29,35,38],"ascension_level":-20}}