{"host":"ipmemxoioxoikew2","time":1608062945,"event":{"mods":["BaseMod","Infinite Spire","Minty Spire (QoL Compilation)","Replay The Spire","StSLib"],"gold_per_floor":[114,129,144,159,159,189,213,228,228,243,258,273,23,53,53,153,153,168,183,198,213,240,240,240,255,255,270,285,285,285,300,300,400,400,415,430,445,91,106,136,151,181,231,246,261,276,291,69,137,137],"floor_reached":51,"playtime":3264,"items_purged":[],"score":1010,"play_id":"e3233e45-064b-47ab-9e23-4979dbfa129e","local_time":"20201215210905","daily_mods":["Allstar","Hoarder","Night Terrors"],"is_ascension_mode":false,"campfire_choices":[{"data":"Chaos","floor":15,"key":"SMITH"},{"data":"Apotheosis","floor":32,"key":"SMITH"}],"circlet_count":0,"master_deck":["Strike_B","Strike_B","Strike_B","Strike_B","Defend_B","Defend_B","Defend_B","Defend_B","Zap","Panacea","Panacea","Panacea","Secret Technique","Secret Technique","Secret Technique","Apotheosis+1","Apotheosis","Apotheosis","Replay:Bootleg Shield Generator","Replay:Bootleg Shield Generator","Replay:Bootleg Shield Generator","Poisoned Strike","Poisoned Strike","Poisoned Strike","Conserve Battery","Conserve Battery","Conserve Battery","Sweeping Beam","Sweeping Beam","Sweeping Beam","Beam Cell","Beam Cell","Beam Cell","Bash","Bash","Bash","Self Repair","Self Repair","Self Repair","Heavy Blade","Heavy Blade","Heavy Blade","Double Tap","Double Tap","Double Tap","Chaos","Chaos","Chaos+1","Limit Break","Limit Break","Limit Break","BasicCrystalCard+1","BasicCrystalCard+1","BasicCrystalCard+1","Heatsinks+1","Heatsinks+1","Heatsinks+1","Turbo+1","Turbo+1","Turbo+1","infinitespire:Collect","infinitespire:Collect","infinitespire:Collect","infinitespire:Starlight","infinitespire:Starlight","infinitespire:Starlight","infinitespire:DeathsTouch","infinitespire:DeathsTouch","infinitespire:DeathsTouch","Crystallizer","Crystallizer","Crystallizer","Echo Form","Echo Form","Echo Form","AbeCurse","AbeCurse","AbeCurse","Pot Of Greed","Pot Of Greed","Pot Of Greed","Pot Of Greed","Pot Of Greed","Pot Of Greed","Pot Of Greed","Pot Of Greed","Pot Of Greed","Pot Of Greed","Pot Of Greed","Pot Of Greed","Pot Of Greed","Pot Of Greed","Pot Of Greed","Pot Of Greed","Pot Of Greed","Pot Of Greed","Pot Of Greed","Pot Of Greed","Pot Of Greed","Storm","Storm","Storm","Storm","Storm","Storm","Self Repair","Self Repair","Self Repair","Parasite","Parasite","Parasite","Fusion+1","Fusion+1","Fusion+1","Loop","Loop","Loop","Pot Of Greed","Pot Of Greed","Pot Of Greed"],"relics":["Iron Core","Blue Candle","Odd Mushroom","Carrot","infinitespire:CheckeredPen","Quantum Egg","Coffee Dripper","Red Mask","Centennial Puzzle","Replay:Bottled Snecko","infinitespire:Bottled Soul","Abe\u0027s Treasure","Grinning Jar","Sling","DataDisk","ReplayTheSpireMod:Lightbulb","MealTicket","Geode"],"acts_visited":["Exordium","TheCity","TheBeyond"],"potions_floor_usage":[10,16,22,25,33,33,33,44,44,50,50,50],"damage_taken":[{"damage":0,"enemies":"Small Slimes","floor":1,"turns":3},{"damage":4,"enemies":"Jaw Worm","floor":2,"turns":4},{"damage":7,"enemies":"2 Louse","floor":3,"turns":3},{"damage":0,"enemies":"Large Slime","floor":4,"turns":6},{"damage":14,"enemies":"Gremlin Nob","floor":6,"turns":3},{"damage":0,"enemies":"The Mushroom Lair","floor":7,"turns":3},{"damage":3,"enemies":"2 Fungi Beasts","floor":8,"turns":3},{"damage":1,"enemies":"Gremlin Gang","floor":10,"turns":3},{"damage":0,"enemies":"Blue Slaver","floor":11,"turns":1},{"damage":7,"enemies":"2 Fungi Beasts","floor":12,"turns":3},{"damage":0,"enemies":"Lagavulin","floor":14,"turns":2},{"damage":38,"enemies":"Hexaghost","floor":16,"turns":5},{"damage":0,"enemies":"Spheric Guardian","floor":18,"turns":3},{"damage":1,"enemies":"Shell Parasite","floor":19,"turns":3},{"damage":26,"enemies":"Shelled Parasite and Fungi","floor":20,"turns":5},{"damage":12,"enemies":"Centurion and Healer","floor":21,"turns":3},{"damage":0,"enemies":"Masked Bandits","floor":22,"turns":3},{"damage":0,"enemies":"Snecko","floor":25,"turns":2},{"damage":6,"enemies":"Chosen and Byrds","floor":27,"turns":3},{"damage":6,"enemies":"Cultist and Chosen","floor":28,"turns":2},{"damage":1,"enemies":"Snecko","floor":31,"turns":3},{"damage":36,"enemies":"Collector","floor":33,"turns":6},{"damage":5,"enemies":"3 Darklings","floor":35,"turns":3},{"damage":7,"enemies":"3 Shapes","floor":36,"turns":2},{"damage":1,"enemies":"Spire Growth","floor":37,"turns":2},{"damage":32,"enemies":"3 Darklings","floor":39,"turns":4},{"damage":7,"enemies":"Reptomancer","floor":40,"turns":2},{"damage":22,"enemies":"Jaw Worm Horde","floor":41,"turns":3},{"damage":29,"enemies":"Nemesis","floor":42,"turns":3},{"damage":19,"enemies":"4 Shapes","floor":44,"turns":3},{"damage":2,"enemies":"Transient","floor":45,"turns":5},{"damage":24,"enemies":"Writhing Mass","floor":46,"turns":3},{"damage":22,"enemies":"Maw","floor":47,"turns":5},{"damage":60,"enemies":"Donu and Deca","floor":50,"turns":5}],"seed_played":"8833210206598683822","potions_obtained":[{"floor":2,"key":"Elixir"},{"floor":7,"key":"Dexterity Potion"},{"floor":8,"key":"Fire Potion"},{"floor":10,"key":"FocusPotion"},{"floor":12,"key":"Dexterity Potion"},{"floor":19,"key":"Swift Potion"},{"floor":21,"key":"Block Potion"},{"floor":28,"key":"FocusPotion"},{"floor":31,"key":"LiquidBronze"},{"floor":33,"key":"FearPotion"},{"floor":39,"key":"Fire Potion"},{"floor":41,"key":"Explosive Potion"},{"floor":44,"key":"Adrenaline Potion"},{"floor":45,"key":"Fire Potion"}],"is_trial":false,"path_per_floor":["M","M","M","M","?","E","?","M","T","M","M","M","$","E","R","B",null,"M","M","M","M","?","AVR","?","M","T","M","M","?","T","M","R","B",null,"M","M","M","$","M","E","M","E","T","M","M","M","M","$","R","B",null],"character_chosen":"DEFECT","items_purchased":["infinitespire:CheckeredPen","Grinning Jar","Storm","Sling","Geode","Loop"],"campfire_rested":0,"item_purchase_floors":[13,38,38,38,48,48],"current_hp_per_floor":[75,71,64,64,64,50,50,67,67,75,75,75,75,75,75,47,75,75,74,58,46,53,53,36,46,46,57,51,37,37,43,43,54,80,80,78,77,77,65,68,63,44,44,56,80,76,80,80,80,45],"gold":137,"neow_bonus":"","is_daily":true,"chose_seed":false,"campfire_upgraded":2,"win_rate":0.0,"timestamp":1608062945,"path_taken":["M","M","M","M","?","E","?","M","T","M","M","M","$","E","R","BOSS","M","M","M","M","?","AVR","?","M","T","M","M","?","?","M","R","BOSS","M","M","M","$","M","E","M","E","T","M","M","M","M","$","R","BOSS"],"items_purchased_type":["Relic","Relic","Card","Relic","Relic","Card"],"build_version":"2020-12-13","purchased_purges":0,"victory":true,"max_hp_per_floor":[75,75,75,75,75,75,75,75,75,75,75,75,75,75,75,75,75,75,75,75,75,75,75,75,75,75,75,75,80,80,80,80,80,80,80,80,80,80,80,80,80,80,80,80,80,80,80,80,80,80],"card_choices":[{"not_picked":["Static Discharge","Hologram"],"picked":"Conserve Battery","floor":1},{"not_picked":["BasicCrystalCard","Turbo"],"picked":"Sweeping Beam","floor":2},{"not_picked":["Compile Driver","ReplayTheSpireMod:Repulse","Hologram"],"picked":"SKIP","floor":3},{"not_picked":["ReplayTheSpireMod:Omega Cannon","Glacier"],"picked":"Beam Cell","floor":4},{"not_picked":["Cold Snap","Leap"],"picked":"Self Repair","floor":6},{"not_picked":["Cold Snap","Undo","Chill"],"picked":"SKIP","floor":8},{"not_picked":["Sweeping Beam","Conserve Battery"],"picked":"Heavy Blade","floor":10},{"not_picked":["Heavy Blade","Force Field"],"picked":"Double Tap","floor":11},{"not_picked":["Self Repair","Go for the Eyes","Warcry"],"picked":"SKIP","floor":12},{"not_picked":["WeaponsOverheat","Anger"],"picked":"Chaos","floor":14},{"not_picked":["All For One","Offering"],"picked":"Limit Break","floor":16},{"not_picked":["Scrape","Glacier+1"],"picked":"BasicCrystalCard+1","floor":18},{"not_picked":["Stack","Barrage"],"picked":"Heatsinks+1","floor":19},{"not_picked":["Coolheaded","FIFO Queue","Melter"],"picked":"SKIP","floor":20},{"not_picked":["Undo","Panic Button"],"picked":"Turbo+1","floor":21},{"not_picked":["infinitespire:Fortify","infinitespire:FinalStrike"],"picked":"infinitespire:DeathsTouch","floor":24},{"not_picked":["Turbo","ReplayTheSpireMod:GoodbyeWorld"],"picked":"Crystallizer","floor":25},{"not_picked":["Gash","Conserve Battery+1","Static Discharge"],"picked":"SKIP","floor":27},{"not_picked":["Biased Cognition","Rebound","Conserve Battery"],"picked":"SKIP","floor":28},{"not_picked":["Capacitor","ReplayTheSpireMod:GoodbyeWorld+1","Turbo"],"picked":"SKIP","floor":31},{"not_picked":["All For One","Biased Cognition"],"picked":"Echo Form","floor":33},{"not_picked":["Redo+1","Steam Power","Turbo"],"picked":"SKIP","floor":35},{"not_picked":["Steam+1","Conserve Battery","Reinforced Body"],"picked":"SKIP","floor":36},{"not_picked":["Conserve Battery+1","Gash+1","Glacier"],"picked":"SKIP","floor":37},{"not_picked":["Rainbow","Panic Button+1","Coolheaded"],"picked":"SKIP","floor":39},{"not_picked":["Coolheaded+1","Sweeping Beam+1","Heatsinks"],"picked":"SKIP","floor":40},{"not_picked":["Cold Snap+1","Chaos+1"],"picked":"Self Repair","floor":41},{"not_picked":["Hyperbeam","Tempest","Ball Lightning+1"],"picked":"SKIP","floor":42},{"not_picked":["Static Discharge+1","Rip and Tear","ReplayTheSpireMod:System Scan"],"picked":"SKIP","floor":44},{"not_picked":["Rebound","BootSequence","Hello World+1"],"picked":"SKIP","floor":45},{"not_picked":["Steam+1","Gash+1","Genetic Algorithm"],"picked":"SKIP","floor":46},{"not_picked":["ReplayTheSpireMod:Calculation Training+1","Redo"],"picked":"Fusion+1","floor":47}],"player_experience":729942,"relics_obtained":[{"floor":6,"key":"Blue Candle"},{"floor":7,"key":"Odd Mushroom"},{"floor":9,"key":"Carrot"},{"floor":14,"key":"Quantum Egg"},{"floor":22,"key":"Red Mask"},{"floor":26,"key":"Replay:Bottled Snecko"},{"floor":30,"key":"infinitespire:Bottled Soul"},{"floor":40,"key":"DataDisk"},{"floor":42,"key":"ReplayTheSpireMod:Lightbulb"},{"floor":43,"key":"MealTicket"}],"event_choices":[{"damage_healed":0,"gold_gain":0,"player_choice":"Fought Mushrooms","damage_taken":0,"max_hp_gain":0,"max_hp_loss":0,"event_name":"Mushrooms","floor":7,"gold_loss":0},{"damage_healed":0,"gold_gain":0,"player_choice":"Fought Bandits","damage_taken":0,"max_hp_gain":0,"max_hp_loss":0,"event_name":"Masked Bandits","floor":22,"gold_loss":0},{"damage_healed":0,"gold_gain":0,"player_choice":"Shed Blood","damage_taken":19,"max_hp_gain":5,"max_hp_loss":0,"event_name":"Forgotten Altar","floor":29,"gold_loss":0}],"is_beta":false,"boss_relics":[{"not_picked":["Black Star","Pandora\u0027s Box"],"picked":"Coffee Dripper"},{"not_picked":["SacredBark","Runic Pyramid"],"picked":"Abe\u0027s Treasure"}],"items_purged_floors":[],"is_endless":false,"potions_floor_spawned":[2,7,8,10,12,19,21,28,31,33,39,41,44,45,47],"ascension_level":0}}