{"host":"zi8o4akxlgxypwgb","time":1608020248,"event":{"mods":["BaseMod","Minty Spire (QoL Compilation)","Replay The Spire","StSLib","SuperFastMode"],"gold_per_floor":[119,21,21,88,102,130,130,130,130,144,159,172,187,199,199,320,320,333,352,170,186,186,224,248,248,248],"floor_reached":25,"playtime":1053,"items_purged":["Strike_G"],"score":328,"play_id":"c8a9e878-9578-4875-9e1f-e49332001427","local_time":"20201215161728","is_ascension_mode":true,"campfire_choices":[{"data":"Prepared","floor":7.0,"key":"SMITH"}],"circlet_count":0,"master_deck":["Strike_G","Strike_G","Strike_G","Strike_G","Defend_G","Defend_G","Defend_G","Defend_G","Defend_G","Survivor+1","Neutralize","Hidden Blade","Sucker Punch+1","Blur","Acrobatics","Prepared+1","Finisher","Quick Slash","Cloak And Dagger","Blade Dance","Backflip","Tools of the Trade","AbeCurse","Leg Sweep","Prepared+1","Quick Slash+1","Underhanded Strike","Accuracy+1","Blade Dance","Acrobatics","Blade Dance","Slice","Hidden Blade","Cloak And Dagger"],"relics":["Ring of the Snake","NeowsBlessing","Happy Flower","Pear","Golden Idol","Abe\u0027s Treasure","Orrery","Replay:Wax Seal","ReplayTheSpireMod:Lightbulb"],"acts_visited":["Exordium","TheCity"],"potions_floor_usage":[],"damage_taken":[{"damage":0.0,"enemies":"Cultist","floor":1.0,"turns":1.0},{"damage":0.0,"enemies":"2 Louse","floor":5.0,"turns":1.0},{"damage":0.0,"enemies":"Gremlin Nob","floor":6.0,"turns":1.0},{"damage":6.0,"enemies":"Jaw Worm","floor":10.0,"turns":5.0},{"damage":6.0,"enemies":"Large Slime","floor":11.0,"turns":5.0},{"damage":8.0,"enemies":"Lots of Slimes","floor":12.0,"turns":2.0},{"damage":0.0,"enemies":"Blue Slaver","floor":13.0,"turns":4.0},{"damage":10.0,"enemies":"Exordium Thugs","floor":14.0,"turns":5.0},{"damage":28.0,"enemies":"Fading Forest","floor":16.0,"turns":11.0},{"damage":9.0,"enemies":"Shell Parasite","floor":18.0,"turns":6.0},{"damage":14.0,"enemies":"Spheric Guardian","floor":19.0,"turns":5.0},{"damage":0.0,"enemies":"Cultist and Chosen","floor":21.0,"turns":4.0},{"damage":21.0,"enemies":"Slavers","floor":23.0,"turns":3.0},{"damage":13.0,"enemies":"Snecko","floor":24.0,"turns":3.0},{"damage":8,"enemies":"Shelled Parasite and Fungi","floor":25,"turns":2}],"seed_played":"-8990526550341271239","potions_obtained":[{"floor":4.0,"key":"CunningPotion"},{"floor":4.0,"key":"EssenceOfSteel"},{"floor":4.0,"key":"Dexterity Potion"},{"floor":10.0,"key":"Swift Potion"},{"floor":13.0,"key":"SkillPotion"},{"floor":16.0,"key":"FearPotion"},{"floor":21.0,"key":"DistilledChaos"}],"is_trial":false,"path_per_floor":["M","$","?","?","M","E","R","?","T","M","M","M","M","M","R","B",null,"M","M","$","M","?","E","M","M"],"character_chosen":"THE_SILENT","items_purchased":["Sucker Punch","Quick Slash+1","Orrery"],"campfire_rested":0,"item_purchase_floors":[2,20,20],"current_hp_per_floor":[63,63,49,49,49,49,49,49,59,53,47,39,39,29,29,13,59,50,36,36,36,36,15,2,0,0],"gold":248,"neow_bonus":"THREE_ENEMY_KILL","is_daily":false,"chose_seed":false,"campfire_upgraded":1,"win_rate":0.0,"timestamp":1608020248,"path_taken":["M","$","?","?","M","E","R","?","T","?","M","?","M","M","R","BOSS","M","?","$","M","?","E","?","M"],"items_purchased_type":["Card","Card","Relic"],"build_version":"2020-12-13","purchased_purges":1,"victory":false,"max_hp_per_floor":[70,70,70,70,70,70,70,70,80,80,80,80,80,80,74,74,74,74,74,74,74,74,74,74,74,74],"card_choices":[{"not_picked":["Poisoned Stab","Dodge and Roll"],"picked":"Hidden Blade","floor":1.0},{"not_picked":["Concentrate","Prepared"],"picked":"Blur","floor":4.0},{"not_picked":["Deflect","Noxious Fumes"],"picked":"Acrobatics","floor":5.0},{"not_picked":["Dodge and Roll","Poison Darts"],"picked":"Prepared","floor":6.0},{"not_picked":["Prepared","Leg Sweep"],"picked":"Finisher","floor":10.0},{"not_picked":["Deadly Poison","Slice"],"picked":"Quick Slash","floor":11.0},{"not_picked":["Draining Mist","Poisoned Stab"],"picked":"Cloak And Dagger","floor":12.0},{"not_picked":["Flying Knee","Deadly Poison"],"picked":"Blade Dance","floor":13.0},{"not_picked":["Predator","Quick Slash"],"picked":"Backflip","floor":14.0},{"not_picked":["Malaise","Poison Darts"],"picked":"Tools of the Trade","floor":16.0},{"not_picked":["Outmaneuver","Poisoned Stab"],"picked":"Leg Sweep","floor":18.0},{"not_picked":["Acrobatics","Accuracy"],"picked":"Prepared+1","floor":19.0},{"not_picked":["Dodge and Roll","Backflip"],"picked":"Underhanded Strike","floor":20.0},{"not_picked":["Adrenaline","Backflip"],"picked":"Accuracy+1","floor":20.0},{"not_picked":["Draining Mist","ReplayTheSpireMod:Speed Training"],"picked":"Blade Dance","floor":20.0},{"not_picked":["Cloak And Dagger","PiercingWail"],"picked":"Acrobatics","floor":20.0},{"not_picked":["Cloak And Dagger","Finisher"],"picked":"Blade Dance","floor":20.0},{"not_picked":["Deflect","Outmaneuver"],"picked":"Slice","floor":21.0},{"not_picked":["Flying Knee","Outmaneuver"],"picked":"Hidden Blade","floor":23.0},{"not_picked":["Backflip","Dodge and Roll"],"picked":"Cloak And Dagger","floor":24.0}],"player_experience":305493,"relics_obtained":[{"floor":6.0,"key":"Happy Flower"},{"floor":9.0,"key":"Pear"},{"floor":23.0,"key":"ReplayTheSpireMod:Lightbulb"}],"event_choices":[{"damage_healed":0.0,"max_hp_gain":0.0,"max_hp_loss":0.0,"gold_gain":0.0,"event_name":"Shining Light","player_choice":"Entered Light","floor":3.0,"gold_loss":0.0,"damage_taken":14.0,"cards_upgraded":["Survivor","Sucker Punch"]},{"damage_healed":0.0,"max_hp_gain":0.0,"max_hp_loss":0.0,"gold_gain":0.0,"event_name":"The Woman in Blue","player_choice":"Bought 0 Potions","floor":8.0,"gold_loss":0.0,"damage_taken":0.0},{"damage_healed":0.0,"max_hp_gain":0.0,"max_hp_loss":6.0,"gold_gain":0.0,"event_name":"Golden Idol","player_choice":"Lose Max HP","floor":15.0,"gold_loss":0.0,"damage_taken":0.0,"relics_obtained":["Golden Idol"]},{"damage_healed":0.0,"max_hp_gain":0.0,"max_hp_loss":0.0,"gold_gain":0.0,"event_name":"WeMeetAgain","player_choice":"Gave Potion","floor":22.0,"gold_loss":0.0,"damage_taken":0.0,"relics_obtained":["Replay:Wax Seal"]}],"is_beta":false,"boss_relics":[{"not_picked":["Snecko Scales","ReplayTheSpireMod:DimensionalGlitch"],"picked":"Abe\u0027s Treasure"}],"items_purged_floors":[2],"is_endless":false,"potions_floor_spawned":[6,10,13,14,16,21],"killed_by":"Shelled Parasite and Fungi","ascension_level":6}}