{"host":"viqlxz8almhbqoia","time":1608071509,"event":{"mods":["BaseMod","CapriCore","Colored Map","Custom Start","DeckTracker","Hermit","Minty Spire (QoL Compilation)","READ ME - Guardian Mod","StSLib","SuperFastMode"],"gold_per_floor":[15,31,47,66,66,66,98,98,124,124,136,61,92,108,108,108,108],"floor_reached":16,"playtime":645,"items_purged":["hermit:Defend_Hermit"],"score":112,"play_id":"14572cda-b89e-45e1-b564-44a246d1dbd0","local_time":"20201216073149","is_ascension_mode":false,"campfire_choices":[{"data":"hermit:GoldenBullet","floor":6,"key":"SMITH"},{"data":"hermit:Vantage","floor":8,"key":"SMITH"},{"data":"hermit:Gestalt","floor":10,"key":"SMITH"},{"data":"hermit:Determination","floor":15,"key":"SMITH"}],"circlet_count":0,"master_deck":["hermit:Strike_Hermit","hermit:Strike_Hermit","hermit:Strike_Hermit","hermit:Defend_Hermit","hermit:Defend_Hermit","hermit:Snapshot","hermit:Covet","hermit:Vantage+1","hermit:SprayPray+1","hermit:Determination+1","hermit:GoldenBullet+1","hermit:Gestalt+1","hermit:HeroicBravado","hermit:SprayPray"],"relics":["hermit:Momento","Oddly Smooth Stone","Vajra"],"acts_visited":["Exordium"],"potions_floor_usage":[7,16,16,16],"damage_taken":[{"damage":0,"enemies":"2 Louse","floor":1,"turns":2},{"damage":0,"enemies":"Cultist","floor":2,"turns":3},{"damage":0,"enemies":"Small Slimes","floor":3,"turns":2},{"damage":7,"enemies":"3 Louse","floor":4,"turns":3},{"damage":50,"enemies":"3 Sentries","floor":7,"turns":12},{"damage":3,"enemies":"Exordium Wildlife","floor":11,"turns":5},{"damage":1,"enemies":"Gremlin Nob","floor":13,"turns":3},{"damage":1,"enemies":"Large Slime","floor":14,"turns":6},{"damage":34,"enemies":"The Guardian","floor":16,"turns":8}],"seed_played":"2419102650839721887","potions_obtained":[{"floor":2,"key":"Regen Potion"},{"floor":3,"key":"SkillPotion"},{"floor":4,"key":"hermit:BlackBile"},{"floor":13,"key":"Fruit Juice"}],"is_trial":false,"path_per_floor":["M","M","M","M","?","R","E","R","T","R","M","$","E","M","R","B"],"character_chosen":"HERMIT","items_purchased":[],"campfire_rested":0,"item_purchase_floors":[],"current_hp_per_floor":[75,75,75,68,68,68,33,33,33,33,30,30,29,28,28,0,0],"gold":108,"neow_bonus":"REMOVE_TWO","is_daily":false,"chose_seed":false,"campfire_upgraded":4,"win_rate":0.0,"timestamp":1608071509,"path_taken":["M","M","M","M","?","R","E","R","T","R","M","$","E","M","R","BOSS"],"items_purchased_type":[],"build_version":"2020-12-13","purchased_purges":1,"victory":false,"max_hp_per_floor":[75,75,75,75,75,75,75,75,75,75,75,75,75,75,75,80,80],"card_choices":[{"not_picked":["hermit:HoleUp","hermit:ItchyTrigger"],"picked":"hermit:Vantage","floor":1},{"not_picked":["hermit:HoleUp","hermit:TakeCover"],"picked":"hermit:SprayPray","floor":2},{"not_picked":["hermit:Quickdraw","hermit:SprayPray"],"picked":"hermit:Determination","floor":3},{"not_picked":["hermit:Feint","hermit:FullyLoaded"],"picked":"hermit:GoldenBullet","floor":4},{"not_picked":["hermit:Dive","hermit:HighCaliber"],"picked":"hermit:Gestalt","floor":7},{"not_picked":["hermit:HeroicBravado","hermit:FullyLoaded","hermit:Horror"],"picked":"SKIP","floor":11},{"not_picked":["hermit:FullyLoaded","hermit:Horror"],"picked":"hermit:HeroicBravado","floor":11},{"not_picked":["hermit:Coalescence","hermit:HighCaliber"],"picked":"hermit:SprayPray","floor":13},{"not_picked":["hermit:FlashPowder","hermit:WideOpen","hermit:LuckOfTheDraw"],"picked":"SKIP","floor":14}],"player_experience":885903,"relics_obtained":[{"floor":7,"key":"Oddly Smooth Stone"},{"floor":13,"key":"Vajra"}],"event_choices":[{"damage_healed":0,"gold_gain":0,"player_choice":"Upgraded","damage_taken":0,"max_hp_gain":0,"max_hp_loss":0,"event_name":"Upgrade Shrine","floor":5,"gold_loss":0,"cards_upgraded":["hermit:SprayPray"]}],"is_beta":false,"boss_relics":[],"items_purged_floors":[12],"is_endless":false,"potions_floor_spawned":[2,3,4,13],"killed_by":"The Guardian","ascension_level":0}}