{"host":"kig4ty9d1aubg29s","time":1608005338,"event":{"mods":["BaseMod","Minty Spire (QoL Compilation)","READ ME - Guardian Mod","READ ME - Snecko Mod","StSLib","The Cursed","The Gatherer","The Hierophant","The Runesmith"],"gold_per_floor":[114,134,151,166,166,196,211,231,231,231,231,249,214,230,230,305,305,315,315,315,333,349,349,360,410,436,464,464,464,379,12,12,12,12],"floor_reached":33,"playtime":7814,"items_purged":[],"score":484,"play_id":"ea13c24a-ca1c-43f0-a2db-13a4145f1a02","local_time":"20201215130858","is_ascension_mode":true,"campfire_choices":[{"floor":11,"key":"REST"},{"data":"Storm of Steel","floor":15,"key":"SMITH"},{"floor":23,"key":"REST"},{"floor":29,"key":"REST"},{"data":"Crippling Poison","floor":32,"key":"SMITH"}],"circlet_count":0,"master_deck":["AscendersBane","Strike_G","Strike_G","Strike_G","Strike_G","Strike_G","Defend_G","Defend_G","Defend_G","Defend_G","Survivor","Neutralize","Storm of Steel+1","Blade Dance","Deadly Poison","PiercingWail","Crippling Poison+1","Tools of the Trade+1","Blade Dance","Bane","Slice","Escape Plan","Phantasmal Killer","Cloak And Dagger+1","Cloak And Dagger+1","Underhanded Strike","Footwork+1","PiercingWail","Cloak And Dagger","Blade Dance+1","Noxious Fumes+1"],"relics":["Ring of the Snake","Frozen Egg 2","Nunchaku","Sozu","Bag of Preparation","Dream Catcher","Juzu Bracelet","ClockworkSouvenir","Bag of Marbles"],"acts_visited":["Exordium","TheCity"],"potions_floor_usage":[6,14,16,27],"damage_taken":[{"damage":8,"enemies":"2 Louse","floor":1,"turns":4},{"damage":0,"enemies":"Small Slimes","floor":2,"turns":3},{"damage":1,"enemies":"Jaw Worm","floor":3,"turns":3},{"damage":7,"enemies":"Exordium Thugs","floor":4,"turns":4},{"damage":45,"enemies":"Lagavulin","floor":6,"turns":7},{"damage":8,"enemies":"3 Louse","floor":7,"turns":3},{"damage":4,"enemies":"2 Fungi Beasts","floor":8,"turns":3},{"damage":11,"enemies":"Looter","floor":12,"turns":4},{"damage":0,"enemies":"Lots of Slimes","floor":14,"turns":2},{"damage":27,"enemies":"Hexaghost","floor":16,"turns":9},{"damage":18,"enemies":"Shell Parasite","floor":18,"turns":4},{"damage":0,"enemies":"Chosen","floor":21,"turns":2},{"damage":9,"enemies":"Centurion and Healer","floor":22,"turns":5},{"damage":13,"enemies":"Snake Plant","floor":24,"turns":5},{"damage":16,"enemies":"Slavers","floor":27,"turns":5},{"damage":59,"enemies":"Champ","floor":33,"turns":8}],"seed_played":"-366490681872216795","potions_obtained":[{"floor":1,"key":"Regen Potion"},{"floor":6,"key":"DistilledChaos"},{"floor":12,"key":"Strength Potion"},{"floor":16,"key":"Explosive Potion"}],"is_trial":false,"path_per_floor":["M","M","M","M","?","E","M","M","T","?","R","M","?","M","R","B",null,"M","?","?","M","M","R","M","?","T","E","?","R","?","$","R","B"],"character_chosen":"THE_SILENT","items_purchased":["Noxious Fumes+1","ClockworkSouvenir","Bag of Marbles"],"campfire_rested":3,"item_purchase_floors":[31,31,31],"current_hp_per_floor":[51,51,50,43,65,35,27,23,23,16,35,24,40,40,40,13,53,35,35,35,35,26,45,32,32,32,16,29,48,48,48,48,0,0],"gold":12,"neow_bonus":"ONE_RANDOM_RARE_CARD","is_daily":false,"chose_seed":false,"campfire_upgraded":2,"win_rate":0.0,"timestamp":1608005338,"path_taken":["M","M","M","M","?","E","M","M","T","?","R","M","?","M","R","BOSS","M","?","?","M","?","R","M","?","T","E","?","R","?","?","R","BOSS"],"items_purchased_type":["Card","Relic","Relic"],"build_version":"2020-12-13","purchased_purges":0,"victory":false,"max_hp_per_floor":[66,66,66,66,66,66,66,66,66,66,66,66,66,66,66,66,66,66,66,66,66,66,66,66,66,66,66,66,66,66,66,66,66,66],"card_choices":[{"not_picked":["Backflip","Dagger Throw"],"picked":"Blade Dance","floor":1},{"not_picked":["Flying Knee","Prepared"],"picked":"Deadly Poison","floor":2},{"not_picked":["Outmaneuver","Eviscerate"],"picked":"PiercingWail","floor":3},{"not_picked":["Backflip","Night Terror"],"picked":"Crippling Poison","floor":4},{"not_picked":["Backflip","PiercingWail"],"picked":"Tools of the Trade+1","floor":6},{"not_picked":["Riddle With Holes","Dagger Spray"],"picked":"Blade Dance","floor":7},{"not_picked":["Expertise","Predator"],"picked":"Bane","floor":8},{"not_picked":["Quick Slash","Dodge and Roll"],"picked":"Slice","floor":12},{"not_picked":["Concentrate","Expertise"],"picked":"Escape Plan","floor":14},{"not_picked":["Venomology","Storm of Steel"],"picked":"Phantasmal Killer","floor":16},{"not_picked":["Bane","Slice"],"picked":"Cloak And Dagger+1","floor":18},{"not_picked":["Sucker Punch","Crippling Poison"],"picked":"Underhanded Strike","floor":21},{"not_picked":["Cloak And Dagger+1","Poisoned Stab"],"picked":"Footwork+1","floor":22},{"not_picked":["Sucker Punch","Dodge and Roll"],"picked":"PiercingWail","floor":24},{"not_picked":["Night Terror","Riddle With Holes"],"picked":"Cloak And Dagger","floor":27},{"not_picked":["Bouncing Flask","Quick Slash"],"picked":"Blade Dance+1","floor":29}],"player_experience":1890736,"relics_obtained":[{"floor":6,"key":"Frozen Egg 2"},{"floor":9,"key":"Nunchaku"},{"floor":26,"key":"Bag of Preparation"},{"floor":27,"key":"Dream Catcher"}],"event_choices":[{"damage_healed":22,"gold_gain":0,"player_choice":"Banana","damage_taken":0,"max_hp_gain":0,"max_hp_loss":0,"event_name":"Big Fish","floor":5,"gold_loss":0},{"cards_removed":["Defend_G"],"damage_healed":0,"gold_gain":0,"player_choice":"Card Removal","damage_taken":7,"max_hp_gain":0,"max_hp_loss":0,"event_name":"Golden Wing","floor":10,"gold_loss":0},{"damage_healed":16,"gold_gain":0,"player_choice":"Healed","damage_taken":0,"max_hp_gain":0,"max_hp_loss":0,"event_name":"The Cleric","floor":13,"gold_loss":35},{"damage_healed":0,"gold_gain":0,"player_choice":"Ignored","damage_taken":0,"max_hp_gain":0,"max_hp_loss":0,"event_name":"Ghosts","floor":19,"gold_loss":0},{"damage_healed":0,"gold_gain":0,"player_choice":"Copied","damage_taken":0,"max_hp_gain":0,"max_hp_loss":0,"event_name":"Duplicator","floor":20,"gold_loss":0,"cards_obtained":["Cloak And Dagger"]},{"damage_healed":0,"gold_gain":50,"player_choice":"Stole From Cult","damage_taken":0,"max_hp_gain":0,"max_hp_loss":0,"event_name":"Nest","floor":25,"gold_loss":0},{"damage_healed":13,"gold_gain":0,"player_choice":"Heal","damage_taken":0,"max_hp_gain":0,"max_hp_loss":0,"event_name":"The Library","floor":28,"gold_loss":0},{"damage_healed":0,"gold_gain":0,"player_choice":"Obtained Relic","damage_taken":0,"relics_obtained":["Juzu Bracelet"],"max_hp_gain":0,"max_hp_loss":0,"event_name":"Addict","floor":30,"gold_loss":85}],"is_beta":false,"boss_relics":[{"not_picked":["Busted Crown","Philosopher\u0027s Stone"],"picked":"Sozu"}],"items_purged_floors":[],"is_endless":false,"potions_floor_spawned":[1,6,12,16,18],"killed_by":"Champ","ascension_level":16}}