{"host":"xodzlm10r37577ou","time":1608051083,"event":{"mods":["Act Like it!","BaseMod","Gensokyo","Minty Spire (QoL Compilation)","Replay The Spire","StSLib","TestMod"],"gold_per_floor":[113,123,50,65,84,114,114,146,171,571,571,582,582,595,595,673,673,685,685,309,409,409,442,442,453,453,453,453,453,82,109,109,183,183,195,211,231,231,1,1,0,0,0,10,10,10,53,15,15,15],"floor_reached":51,"playtime":3406,"items_purged":["Strike_P","Strike_P"],"score":1262,"play_id":"b662d171-7670-4fe3-959a-3dd479213b80","local_time":"20201216005123","is_ascension_mode":true,"campfire_choices":[{"data":"Eruption","floor":11,"key":"SMITH"},{"data":"EmptyMind","floor":15,"key":"SMITH"},{"data":"Replay:AllIn","floor":24,"key":"SMITH"},{"floor":29,"key":"REST"},{"data":"testmod-Reproduce","floor":32,"key":"SMITH"},{"data":"testmod-TradeIn","floor":40,"key":"SMITH"},{"data":"testmod-Reverberation","floor":42,"key":"SMITH"},{"data":"DevaForm","floor":45,"key":"SMITH"},{"data":"Fasting2","floor":46,"key":"SMITH"},{"data":"Study","floor":49,"key":"SMITH"}],"circlet_count":0,"master_deck":["AscendersBane","Strike_P","Defend_P","Defend_P","Defend_P","Defend_P","Eruption+1","Vigilance","EmptyMind+1","Weave","Fasting2","Devotion","MentalFortress","Fasting2+1","Replay:Anticipation","Prostrate","Replay:Anticipation","Replay:AllIn+1","Replay:Anticipation","Replay:ManipulateFuture","Replay:Anticipation","JustLucky","testmod-Reproduce+1","Crow Ritual","DevaForm+1","Evaluate+1","testmod-TradeIn+1","Impatience","testmod-Reverberation+1","ReplayTheSpireMod:Splinters","Study+1"],"relics":["testmod-Recursion","testmod-IncinerationGenerator","Art of War","Simple Rune","Juzu Bracelet","testmod-HarvestTotem","testmod-CasingShield","Nilry\u0027s Codex","ReplayTheSpireMod:TigerMarble","testmod-Justice","Replay:Baseball","ReplayTheSpireMod:ShopPack","WingedGreaves","Coffee Dripper","Membership Card","Red Mask","Quantum Egg","testmod-ArcanaOfDestiny"],"acts_visited":["Exordium","TheCity","TheBeyond"],"potions_floor_usage":[8,16,23,31,37,50],"damage_taken":[{"damage":16,"enemies":"Jaw Worm","floor":1,"turns":2},{"damage":0,"enemies":"Small Slimes","floor":2,"turns":2},{"damage":0,"enemies":"2 Louse","floor":4,"turns":2},{"damage":3,"enemies":"Looter","floor":5,"turns":3},{"damage":5,"enemies":"Lagavulin","floor":6,"turns":5},{"damage":23,"enemies":"3 Sentries","floor":8,"turns":8},{"damage":0,"enemies":"Blue Slaver","floor":12,"turns":5},{"damage":0,"enemies":"Exordium Thugs","floor":14,"turns":4},{"damage":8,"enemies":"The Guardian","floor":16,"turns":8},{"damage":0,"enemies":"Spheric Guardian","floor":18,"turns":7},{"damage":43,"enemies":"Gremlin Leader","floor":23,"turns":6},{"damage":75,"enemies":"Chosen","floor":25,"turns":11},{"damage":57,"enemies":"Replay:Snechameleon","floor":31,"turns":9},{"damage":5,"enemies":"Collector","floor":33,"turns":12},{"damage":0,"enemies":"3 Shapes","floor":35,"turns":4},{"damage":0,"enemies":"Orb Walker","floor":36,"turns":2},{"damage":25,"enemies":"Transient","floor":37,"turns":5},{"damage":9,"enemies":"4 Shapes","floor":44,"turns":6},{"damage":18,"enemies":"Awakened One","floor":50,"turns":8}],"seed_played":"5703118173105265393","potions_obtained":[{"floor":6,"key":"StancePotion"},{"floor":8,"key":"FearPotion"},{"floor":12,"key":"BlessingOfTheForge"},{"floor":16,"key":"Languid Potion"},{"floor":23,"key":"Block Potion"},{"floor":33,"key":"Adrenaline Potion"},{"floor":37,"key":"PowerPotion"}],"is_trial":false,"path_per_floor":["M","M","$","M","M","E","?","E","T","?","R","M","?","M","R","B",null,"M","?","$","?","?","E","R","M","T","?","?","R","$","E","R","B",null,"M","M","M","?","$","R","?","R","T","M","R","R","?","$","R","B",null],"character_chosen":"WATCHER","items_purchased":["Fasting2","testmod-CasingShield","Replay:Baseball","ReplayTheSpireMod:ShopPack","Membership Card","testmod-Reverberation","Study"],"campfire_rested":1,"item_purchase_floors":[3,20,30,30,39,39,48],"current_hp_per_floor":[49,49,49,49,46,41,41,18,18,18,18,18,11,11,11,3,144,144,144,144,144,128,85,85,10,10,10,10,96,96,39,39,34,144,144,144,119,109,109,109,109,109,109,100,100,100,100,100,100,82],"gold":15,"neow_bonus":"BOSS_RELIC","is_daily":false,"chose_seed":false,"campfire_upgraded":9,"win_rate":0.0,"timestamp":1608051083,"path_taken":["M","M","$","M","M","E","?","E","T","?","R","M","?","M","R","BOSS","M","?","$","?","?","E","R","M","T","?","?","R","?","E","R","BOSS","M","M","M","?","$","R","?","R","T","M","R","R","?","$","R","BOSS"],"items_purchased_type":["Card","Relic","Relic","Relic","Relic","Card","Card"],"build_version":"2020-12-13","purchased_purges":2,"victory":true,"max_hp_per_floor":[72,72,72,72,72,72,72,72,72,72,72,72,72,72,72,72,144,144,144,144,144,144,144,144,144,144,144,144,144,144,144,144,144,144,144,144,144,144,144,144,144,144,144,144,144,144,144,144,144,144],"card_choices":[{"not_picked":["Consecrate","Evaluate"],"picked":"EmptyMind","floor":1},{"not_picked":["Replay:BluntJabs","SashWhip"],"picked":"Weave","floor":2},{"not_picked":["Nirvana","Meditate"],"picked":"Devotion","floor":4},{"not_picked":["ClearTheMind","SashWhip"],"picked":"MentalFortress","floor":5},{"not_picked":["SandsOfTime","Vengeance"],"picked":"Fasting2","floor":6},{"not_picked":["ThirdEye","Protect"],"picked":"Replay:Anticipation","floor":8},{"not_picked":["EmptyMind","ReachHeaven"],"picked":"Prostrate","floor":12},{"not_picked":["LikeWater","Replay:AtTheReady"],"picked":"Replay:Anticipation","floor":14},{"not_picked":["Omniscience","DeusExMachina"],"picked":"Replay:AllIn","floor":16},{"not_picked":["SashWhip","ThirdEye"],"picked":"Replay:Anticipation","floor":18},{"not_picked":["Replay:Vibes","WreathOfFlame"],"picked":"Replay:Anticipation","floor":23},{"not_picked":["WaveOfTheHand","Replay:ManipulateFuture"],"picked":"JustLucky","floor":25},{"not_picked":["testmod-AssimilatedRune","The Bomb"],"picked":"testmod-Reproduce","floor":30},{"not_picked":["Replay:Bootleg Shield Generator","Madness"],"picked":"Crow Ritual","floor":30},{"not_picked":["FearNoEvil","Replay:Hum","Protect"],"picked":"SKIP","floor":31},{"not_picked":["Wish","Alpha"],"picked":"DevaForm","floor":33},{"not_picked":["EmptyBody+1","WaveOfTheHand","Consecrate"],"picked":"SKIP","floor":35},{"not_picked":["CrushJoints","ThirdEye+1","ClearTheMind"],"picked":"SKIP","floor":36},{"not_picked":["BowlingBash+1","Prostrate"],"picked":"Evaluate+1","floor":37},{"not_picked":["Chrysalis","Deep Breath"],"picked":"testmod-TradeIn","floor":38},{"not_picked":["testmod-ConditionedReflex","testmod-SubstituteBySubterfuge"],"picked":"Impatience","floor":38},{"not_picked":["FollowUp","Vengeance","Consecrate"],"picked":"SKIP","floor":44}],"player_experience":434624,"relics_obtained":[{"floor":6,"key":"Art of War"},{"floor":8,"key":"Simple Rune"},{"floor":9,"key":"Juzu Bracelet"},{"floor":22,"key":"Nilry\u0027s Codex"},{"floor":23,"key":"ReplayTheSpireMod:TigerMarble"},{"floor":26,"key":"testmod-Justice"},{"floor":31,"key":"WingedGreaves"},{"floor":43,"key":"Quantum Egg"},{"floor":47,"key":"testmod-ArcanaOfDestiny"}],"event_choices":[{"damage_healed":0,"gold_gain":0,"player_choice":"Ignored","damage_taken":0,"max_hp_gain":0,"max_hp_loss":0,"event_name":"Liars Game","floor":7,"gold_loss":0},{"damage_healed":0,"gold_gain":400,"player_choice":"Sell","damage_taken":0,"max_hp_gain":0,"max_hp_loss":0,"event_name":"恩洛斯的盘子","floor":10,"relics_lost":["testmod-TestBox"],"gold_loss":0},{"cards_removed":["Strike_P"],"damage_healed":0,"gold_gain":0,"player_choice":"Card Removal","damage_taken":7,"max_hp_gain":0,"max_hp_loss":0,"event_name":"Golden Wing","floor":13,"gold_loss":0},{"damage_healed":0,"gold_gain":0,"player_choice":"Read","damage_taken":0,"max_hp_gain":0,"max_hp_loss":0,"event_name":"The Library","floor":19,"gold_loss":0,"cards_obtained":["Replay:ManipulateFuture"]},{"damage_healed":0,"gold_gain":100,"player_choice":"Pray","damage_taken":0,"max_hp_gain":0,"max_hp_loss":0,"event_name":"Golden Shrine","floor":21,"gold_loss":0},{"damage_healed":0,"gold_gain":0,"player_choice":"Obtained Book","damage_taken":16,"max_hp_gain":0,"max_hp_loss":0,"event_name":"Cursed Tome","floor":22,"gold_loss":0},{"damage_healed":0,"gold_gain":0,"player_choice":"Ignored","damage_taken":0,"max_hp_gain":0,"max_hp_loss":0,"event_name":"Ghosts","floor":27,"gold_loss":0},{"damage_healed":0,"gold_gain":0,"player_choice":"Ignored","damage_taken":0,"max_hp_gain":0,"max_hp_loss":0,"event_name":"给自己的盒子","floor":28,"gold_loss":0},{"damage_healed":0,"gold_gain":0,"player_choice":"Memory 3","damage_taken":10,"max_hp_gain":0,"max_hp_loss":0,"event_name":"SensoryStone","floor":38,"gold_loss":0},{"damage_healed":0,"gold_gain":0,"player_choice":"Paid","damage_taken":0,"relics_obtained":["Red Mask"],"max_hp_gain":0,"max_hp_loss":0,"event_name":"Tomb of Lord Red Mask","floor":41,"gold_loss":1}],"is_beta":false,"boss_relics":[{"not_picked":["testmod-DreamHouse","Busted Crown"],"picked":"testmod-HarvestTotem"},{"not_picked":["ChewingGum","Honey Jar"],"picked":"Coffee Dripper"}],"items_purged_floors":[20,30],"is_endless":false,"potions_floor_spawned":[6,8,12,16,23,33,37],"ascension_level":13}}