{"host":"icrrc9b69c1a6188","time":1608059240,"event":{"mods":["BaseMod","Better Altar","Better Match","Better Note","Better Sensory Stone","Better Skull","Better Third Choice","BetterRewards","Colored Map","Colored Powertips","Displayed Cursed Tome","Faster Ascension Climbing","HexUI Lib","Minty Spire (QoL Compilation)","Random Character Mod","Spicy Shops","StSLib","Unceasing Turn Reminder"],"gold_per_floor":[117,128,144,144,144,144,170,182,254,36,36,36,36,52,52,126,126,146,157,79,79,79,79,98,23,23,23,39,39,39],"floor_reached":29,"playtime":1126,"items_purged":["Writhe"],"score":446,"play_id":"50ff2731-5f82-4da1-9d15-ba2a4e13701c","local_time":"20201215130720","is_ascension_mode":true,"campfire_choices":[{"data":"Fusion","floor":6,"key":"SMITH"},{"floor":11,"key":"REST"},{"data":"Consume","floor":13,"key":"SMITH"},{"floor":15,"key":"REST"},{"data":"Seek","floor":23,"key":"SMITH"},{"floor":27,"key":"REST"}],"circlet_count":0,"master_deck":["AscendersBane","Strike_B","Strike_B","Strike_B","Defend_B","Defend_B","Defend_B","Defend_B","Zap","Dualcast","Ball Lightning","Cold Snap","Fusion+1","Consume+1","Darkness","Coolheaded","Cold Snap","Seek+1","Auto Shields","Storm","Auto Shields","Conserve Battery","Coolheaded"],"relics":["Inserter","Mercury Hourglass","Pen Nib","OrangePellets","Nuclear Battery","Strawberry","Bottled Flame"],"acts_visited":["Exordium","TheCity"],"potions_floor_usage":[16,28],"damage_taken":[{"damage":1,"enemies":"Cultist","floor":1,"turns":3},{"damage":4,"enemies":"2 Louse","floor":2,"turns":3},{"damage":0,"enemies":"Jaw Worm","floor":3,"turns":5},{"damage":19,"enemies":"3 Sentries","floor":7,"turns":6},{"damage":10,"enemies":"Large Slime","floor":8,"turns":5},{"damage":16,"enemies":"Lots of Slimes","floor":14,"turns":4},{"damage":29,"enemies":"Slime Boss","floor":16,"turns":8},{"damage":15,"enemies":"3 Byrds","floor":18,"turns":5},{"damage":14,"enemies":"Spheric Guardian","floor":19,"turns":6},{"damage":19,"enemies":"Snake Plant","floor":24,"turns":5},{"damage":34,"enemies":"3 Cultists","floor":28,"turns":6},{"damage":7,"enemies":"Snecko","floor":29,"turns":6}],"seed_played":"-7912254279594768579","potions_obtained":[{"floor":8,"key":"DistilledChaos"},{"floor":16,"key":"SpeedPotion"},{"floor":19,"key":"FocusPotion"},{"floor":24,"key":"Weak Potion"}],"is_trial":false,"path_per_floor":["M","M","M","?","?","R","E","M","T","$","R","?","R","M","R","B",null,"M","M","$","?","?","R","M","$","T","R","M","M"],"character_chosen":"DEFECT","items_purchased":["OrangePellets","Coolheaded","Auto Shields"],"campfire_rested":3,"item_purchase_floors":[10,10,20],"current_hp_per_floor":[63,59,59,59,41,41,22,12,12,12,33,26,26,10,31,2,54,39,25,25,25,32,32,13,13,13,36,2,0,0],"gold":39,"neow_bonus":"BOSS_RELIC","is_daily":false,"chose_seed":false,"campfire_upgraded":3,"win_rate":0.0,"timestamp":1608059240,"path_taken":["M","?","M","?","?","R","E","M","T","$","R","?","R","M","R","BOSS","M","M","$","?","?","R","M","?","T","R","M","M"],"items_purchased_type":["Relic","Card","Card"],"build_version":"2020-12-13","purchased_purges":1,"victory":false,"max_hp_per_floor":[71,71,71,71,71,71,71,71,71,71,71,71,71,71,71,71,71,71,71,71,71,78,78,78,78,78,78,78,78,78],"card_choices":[{"not_picked":["Rebound","Stack"],"picked":"Ball Lightning","floor":1},{"not_picked":["Recycle","Blizzard"],"picked":"Cold Snap","floor":2},{"not_picked":["Steam Power","Skim"],"picked":"Fusion","floor":3},{"not_picked":["Double Energy","Rip and Tear"],"picked":"Consume","floor":7},{"not_picked":["Gash","Redo"],"picked":"Darkness","floor":8},{"not_picked":["Streamline","Lockon"],"picked":"Cold Snap","floor":14},{"not_picked":["Multi-Cast","Machine Learning"],"picked":"Seek","floor":16},{"not_picked":["Ball Lightning","Scrape"],"picked":"Auto Shields","floor":18},{"not_picked":["Hologram","Ball Lightning"],"picked":"Storm","floor":19},{"not_picked":["Sweeping Beam","Rebound+1"],"picked":"Conserve Battery","floor":24},{"not_picked":["Streamline","Barrage"],"picked":"Coolheaded","floor":28}],"player_experience":641786,"relics_obtained":[{"floor":7,"key":"Pen Nib"},{"floor":26,"key":"Bottled Flame"}],"event_choices":[{"damage_healed":0,"gold_gain":0,"player_choice":"Ignored","damage_taken":144,"max_hp_gain":0,"max_hp_loss":0,"event_name":"betterThird:BetterSerpent","floor":4,"gold_loss":0},{"damage_healed":0,"gold_gain":0,"player_choice":"Relic ","damage_taken":18,"max_hp_gain":0,"max_hp_loss":0,"event_name":"betterThird:BetterScrap","floor":5,"gold_loss":0,"cards_obtained":["Terror"]},{"cards_removed":["Strike_B"],"damage_healed":0,"gold_gain":0,"player_choice":"Card Removal","damage_taken":7,"max_hp_gain":0,"max_hp_loss":0,"event_name":"Golden Wing","floor":12,"gold_loss":0},{"cards_removed":["Fusion"],"damage_healed":0,"gold_gain":0,"player_choice":"Give","damage_taken":0,"max_hp_gain":0,"max_hp_loss":0,"event_name":"betterNote:BetterNote","floor":21,"gold_loss":0,"cards_obtained":["None"]},{"damage_healed":0,"gold_gain":0,"player_choice":"Opened","damage_taken":0,"relics_obtained":["Strawberry"],"max_hp_gain":0,"max_hp_loss":0,"event_name":"The Mausoleum","floor":22,"gold_loss":0,"cards_obtained":["Writhe"]}],"is_beta":false,"boss_relics":[{"not_picked":["Astrolabe","SlaversCollar"],"picked":"Nuclear Battery"}],"items_purged_floors":[25],"is_endless":false,"potions_floor_spawned":[8,16,19,24],"killed_by":"Snecko","ascension_level":20}}