{"host":"svwqvw2il1zfkkg0","time":1608025900,"event":{"mods":["AchievementEnabler","BaseMod","BetterRewards","Colored Map","Colored Powertips","Custom Start","Downfall","GifTheSpireLib","Highlight Path","Hubris","Infinite Spire","Minty Spire (QoL Compilation)","Quick Restart","Replay The Spire","Shop Mod","StSLib","SuperFastMode"],"gold_per_floor":[117,117,18,33,33,33,45,45,45,45,56,71,102,114,114,212,212,223,240,240,256,275,308,326,326,375,400,400,340,356,382,382,382,382],"floor_reached":33,"playtime":1001,"items_purged":[],"score":334,"play_id":"86daf420-34bd-41b9-81f8-d7080f6177d9","local_time":"20201215015140","is_ascension_mode":false,"campfire_choices":[{"floor":6,"key":"REST"},{"data":"Noxious Fumes","floor":8,"key":"SMITH"},{"data":"Bane","floor":10,"key":"SMITH"},{"data":"Dagger Spray","floor":15,"key":"SMITH"},{"floor":25,"key":"REST"},{"floor":28,"key":"REST"}],"circlet_count":0,"master_deck":["Strike_G","Strike_G","Strike_G","Strike_G","Strike_G","Defend_G","Defend_G","Defend_G","Defend_G","Defend_G","Survivor","Neutralize","Dagger Throw","Bane+1","Noxious Fumes+1","Dagger Spray+1","PiercingWail","Deadly Poison","Dagger Spray+1","Backstab","ReplayTheSpireMod:Necrosis","Poisoned Stab","Bane+1","Catalyst","Masterful Stab+1","All Out Attack","Escape Plan","Corpse Explosion","Masterful Stab","infinitespire:Neurotoxin"],"relics":["Ring of the Snake","hubris:Towel","Meat on the Bone","Onion Ring","hubris:Backtick","TwistedFunnel","Blood Vial","infinitespire:Satchel","PreservedInsect","infinitespire:BottledMercury"],"acts_visited":["Exordium","TheCity"],"potions_floor_usage":[13,13,13,23,27,31,33],"damage_taken":[{"damage":4,"enemies":"2 Louse","floor":1,"turns":2},{"damage":0,"enemies":"Cultist","floor":4,"turns":4},{"damage":3,"enemies":"Jaw Worm","floor":7,"turns":2},{"damage":9,"enemies":"Large Slime","floor":11,"turns":6},{"damage":0,"enemies":"3 Louse","floor":12,"turns":2},{"damage":5,"enemies":"Replay:BlueRogue","floor":13,"turns":5},{"damage":0,"enemies":"Exordium Wildlife","floor":14,"turns":1},{"damage":35,"enemies":"Fading Forest","floor":16,"turns":11},{"damage":27,"enemies":"Shell Parasite","floor":18,"turns":4},{"damage":0,"enemies":"3 Byrds","floor":19,"turns":2},{"damage":27,"enemies":"Centurion and Healer","floor":21,"turns":4},{"damage":0,"enemies":"Cultist and Chosen","floor":22,"turns":4},{"damage":9,"enemies":"Slavers","floor":23,"turns":3},{"damage":0,"enemies":"3 Cultists","floor":24,"turns":2},{"damage":21,"enemies":"Replay:Snechameleon","floor":27,"turns":2},{"damage":10,"enemies":"Chosen and Byrds","floor":30,"turns":4},{"damage":0,"enemies":"Slavers","floor":31,"turns":1},{"damage":81,"enemies":"Pondfish","floor":33,"turns":11}],"seed_played":"-5860005006260163228","potions_obtained":[{"floor":1,"key":"LiquidBronze"},{"floor":4,"key":"Energy Potion"},{"floor":21,"key":"GamblersBrew"},{"floor":23,"key":"Explosive Potion"},{"floor":24,"key":"Death Potion"},{"floor":27,"key":"FearPotion"}],"is_trial":false,"path_per_floor":["M","?","$","M","?","R","M","R","T","R","M","M","E","M","R","B",null,"M","M","?","M","M","E","M","R","T","E","R","?","M","E","R_BF","B"],"character_chosen":"THE_SILENT","items_purchased":["Bane","Explosive Potion"],"campfire_rested":3,"item_purchase_floors":[3,3],"current_hp_per_floor":[59,59,59,59,59,84,81,81,81,81,72,72,67,67,67,52,84,57,57,57,42,54,45,47,72,72,53,78,78,70,72,84,3,3],"gold":382,"neow_bonus":"TWENTY_PERCENT_HP_BONUS","is_daily":false,"chose_seed":false,"campfire_upgraded":3,"win_rate":0.0,"timestamp":1608025900,"path_taken":["M","?","$","M","?","R","M","R","T","R","M","M","E","M","R","BOSS","M","M","?","M","M","E","M","R","T","E","R","?","M","E","R_BF","BOSS"],"items_purchased_type":["Card","Potion"],"build_version":"2020-12-13","purchased_purges":0,"victory":false,"max_hp_per_floor":[84,84,84,84,84,84,84,84,84,84,84,84,84,84,84,84,84,84,84,84,84,84,84,84,84,84,84,84,84,84,84,84,84,84],"card_choices":[{"not_picked":["Deflect","Well Laid Plans"],"picked":"Dagger Throw","floor":1},{"not_picked":["ReplayTheSpireMod:Speed Training","Blade Dance"],"picked":"Noxious Fumes","floor":4},{"not_picked":["Sucker Punch","Well Laid Plans"],"picked":"Dagger Spray","floor":7},{"not_picked":["Hidden Blade","hubris:TrickCloak"],"picked":"PiercingWail","floor":11},{"not_picked":["Cloak And Dagger","Dagger Spray"],"picked":"Deadly Poison","floor":12},{"not_picked":["Heel Hook","Reflex"],"picked":"Dagger Spray","floor":13},{"not_picked":["Skewer","Poisoned Stab"],"picked":"Backstab","floor":14},{"not_picked":["A Thousand Cuts","Tools of the Trade"],"picked":"ReplayTheSpireMod:Necrosis","floor":16},{"not_picked":["Heel Hook","Flying Knee"],"picked":"Poisoned Stab","floor":18},{"not_picked":["Dodge and Roll","Deflect"],"picked":"Bane+1","floor":19},{"not_picked":["Hidden Blade","Toxin Wave"],"picked":"Masterful Stab+1","floor":21},{"not_picked":["Sucker Punch+1","Replay:Bag of Tricks"],"picked":"All Out Attack","floor":22},{"not_picked":["Cloak And Dagger+1","Infinite Blades"],"picked":"Escape Plan","floor":23},{"not_picked":["Underhanded Strike","Flying Knee+1"],"picked":"Corpse Explosion","floor":24},{"not_picked":["Dodge and Roll+1","Tools of the Trade","Underhanded Strike+1"],"picked":"SKIP","floor":27},{"not_picked":["Distraction","Dodge and Roll"],"picked":"Masterful Stab","floor":30},{"not_picked":["Deflect","Sucker Punch"],"picked":"infinitespire:Neurotoxin","floor":31}],"player_experience":380820,"relics_obtained":[{"floor":9,"key":"Meat on the Bone"},{"floor":13,"key":"Onion Ring"},{"floor":23,"key":"Blood Vial"},{"floor":26,"key":"infinitespire:Satchel"},{"floor":27,"key":"PreservedInsect"},{"floor":31,"key":"infinitespire:BottledMercury"}],"event_choices":[{"damage_healed":0,"gold_gain":0,"player_choice":"Read","damage_taken":0,"max_hp_gain":0,"max_hp_loss":0,"event_name":"The Library","floor":20,"gold_loss":0,"cards_obtained":["Catalyst"]}],"is_beta":false,"boss_relics":[{"not_picked":["Tiny House","hubris:BlackHole"],"picked":"hubris:Backtick"}],"items_purged_floors":[],"is_endless":false,"potions_floor_spawned":[1,4,12,21,23,24,27],"killed_by":"Pondfish","ascension_level":0}}