{"host":"5vp09kzjmsnmc21d","time":1608046636,"event":{"mods":["AchievementEnabler","BaseMod","Colored Map","Colored Powertips","DeckTracker","Keyboard Shortcuts","Minty Spire (QoL Compilation)","Permanent Neow","Quick Restart","StSLib","SuperFastMode","everything is the same but u backflip on backflip"],"gold_per_floor":[114,125,141,157,157,157,32,61,61,94,94,44,54,54,54,150,150,167,92,92,102,102,136,136,154,228,254,254,254],"floor_reached":28,"playtime":1478,"items_purged":["Strike_R","Strike_R"],"score":364,"play_id":"5bed69df-b3f3-40e0-a0b8-05d43b8f0dcf","local_time":"20201216003716","is_ascension_mode":true,"campfire_choices":[{"data":"Carnage","floor":6.0,"key":"SMITH"},{"floor":11.0,"key":"RECALL"},{"data":"Armaments","floor":15.0,"key":"SMITH"},{"data":"Whirlwind","floor":24.0,"key":"SMITH"}],"circlet_count":0,"master_deck":["Strike_R","Defend_R","Defend_R","Defend_R","Bash","Shrug It Off","Spot Weakness","Carnage+1","Rage","Intimidate","Armaments+1","Whirlwind+1","Shrug It Off","Offering","CurseOfTheBell","Flex","Power Through","Limit Break"],"relics":["Burning Blood","Potion Belt","Nunchaku","Smiling Mask","Eternal Feather","Calling Bell","Omamori","Sundial","Champion Belt","SsserpentHead","Dream Catcher","Pantograph"],"acts_visited":["Exordium","TheCity"],"potions_floor_usage":[27],"damage_taken":[{"damage":1.0,"enemies":"Cultist","floor":1.0,"turns":3.0},{"damage":5.0,"enemies":"Small Slimes","floor":2.0,"turns":3.0},{"damage":1.0,"enemies":"2 Louse","floor":3.0,"turns":3.0},{"damage":18.0,"enemies":"Large Slime","floor":4.0,"turns":8.0},{"damage":7.0,"enemies":"3 Sentries","floor":8.0,"turns":7.0},{"damage":34.0,"enemies":"Gremlin Nob","floor":10.0,"turns":4.0},{"damage":11.0,"enemies":"Looter","floor":13.0,"turns":3.0},{"damage":18.0,"enemies":"The Guardian","floor":16.0,"turns":10.0},{"damage":18.0,"enemies":"2 Thieves","floor":18.0,"turns":3.0},{"damage":6.0,"enemies":"3 Byrds","floor":21.0,"turns":4.0},{"damage":6.0,"enemies":"Slavers","floor":23.0,"turns":2.0},{"damage":11.0,"enemies":"Snecko","floor":25.0,"turns":5.0},{"damage":56,"enemies":"Book of Stabbing","floor":27,"turns":9},{"damage":21,"enemies":"Sentry and Sphere","floor":28,"turns":5}],"seed_played":"-4228473733740291026","potions_obtained":[{"floor":4.0,"key":"ColorlessPotion"},{"floor":8.0,"key":"BloodPotion"},{"floor":13.0,"key":"Explosive Potion"},{"floor":16.0,"key":"SteroidPotion"},{"floor":18.0,"key":"SneckoOil"},{"floor":23.0,"key":"Dexterity Potion"}],"is_trial":false,"path_per_floor":["M","M","M","M","?","R","$","E","T","E","R","$","M","?","R","B",null,"M","?","?","M","?","E","R","M","T","E","M"],"character_chosen":"IRONCLAD","items_purchased":["Block Potion"],"campfire_rested":0,"item_purchase_floors":[7],"current_hp_per_floor":[80,80,80,68,68,68,68,67,67,55,64,64,59,52,58,46,72,60,60,60,60,60,60,69,64,64,14,0,0],"gold":254,"neow_bonus":"RANDOM_COMMON_RELIC","is_daily":false,"chose_seed":false,"campfire_upgraded":3,"win_rate":0.0,"timestamp":1608046636,"path_taken":["M","M","M","?","?","R","$","E","T","E","R","$","?","?","R","BOSS","M","?","?","M","?","E","R","M","T","E","M"],"items_purchased_type":["Potion"],"build_version":"2020-12-13","purchased_purges":2,"victory":false,"max_hp_per_floor":[80,80,80,80,80,80,80,80,80,80,80,80,80,80,80,80,80,80,80,80,80,80,80,80,80,80,80,80,80],"card_choices":[{"not_picked":["Twin Strike","Rampage"],"picked":"Shrug It Off","floor":1.0},{"not_picked":["Searing Blow","Warcry"],"picked":"Spot Weakness","floor":2.0},{"not_picked":["Cleave","Perfected Strike"],"picked":"Carnage","floor":3.0},{"not_picked":["Clothesline","Anger"],"picked":"Rage","floor":4.0},{"not_picked":["Pummel","Cleave"],"picked":"Armaments","floor":8.0},{"not_picked":["Armaments","Immolate"],"picked":"Whirlwind","floor":10.0},{"not_picked":["Thunderclap","Perfected Strike"],"picked":"Shrug It Off","floor":13.0},{"not_picked":["Immolate","Bludgeon"],"picked":"Offering","floor":16.0},{"not_picked":["Sentinel","Cleave"],"picked":"Flex","floor":18.0},{"not_picked":["Headbutt","Twin Strike+1","True Grit"],"picked":"SKIP","floor":21.0},{"not_picked":["Anger","Clash+1","Iron Wave"],"picked":"SKIP","floor":23.0},{"not_picked":["Cleave","Clothesline","Spot Weakness"],"picked":"SKIP","floor":25.0},{"not_picked":["Rage","Dual Wield"],"picked":"Limit Break","floor":27}],"player_experience":1088602,"relics_obtained":[{"floor":8.0,"key":"Nunchaku"},{"floor":9.0,"key":"Smiling Mask"},{"floor":10.0,"key":"Eternal Feather"},{"floor":17.0,"key":"Omamori"},{"floor":17.0,"key":"Sundial"},{"floor":17.0,"key":"Champion Belt"},{"floor":23.0,"key":"Dream Catcher"},{"floor":27,"key":"Pantograph"}],"event_choices":[{"damage_healed":0.0,"max_hp_gain":0.0,"max_hp_loss":0.0,"gold_gain":0.0,"cards_transformed":["Strike_R"],"event_name":"Transmorgrifier","player_choice":"Transformed","floor":5.0,"gold_loss":0.0,"damage_taken":0.0,"cards_obtained":["Intimidate"]},{"cards_removed":["Strike_R"],"damage_healed":0.0,"max_hp_gain":0.0,"max_hp_loss":0.0,"gold_gain":0.0,"event_name":"Golden Wing","player_choice":"Card Removal","floor":14.0,"gold_loss":0.0,"damage_taken":7.0},{"cards_removed":["Defend_R"],"damage_healed":0.0,"max_hp_gain":0.0,"max_hp_loss":0.0,"gold_gain":0.0,"event_name":"Beggar","player_choice":"Gave Gold","floor":19.0,"gold_loss":75.0,"damage_taken":0.0},{"damage_healed":0.0,"max_hp_gain":0.0,"max_hp_loss":0.0,"gold_gain":0.0,"event_name":"The Library","player_choice":"Read","floor":20.0,"gold_loss":0.0,"damage_taken":0.0,"cards_obtained":["Power Through"]},{"damage_healed":0.0,"max_hp_gain":0.0,"max_hp_loss":0.0,"gold_gain":0.0,"event_name":"FaceTrader","player_choice":"Trade","floor":22.0,"gold_loss":0.0,"damage_taken":0.0,"relics_obtained":["SsserpentHead"]}],"is_beta":false,"boss_relics":[{"not_picked":["Pandora\u0027s Box","Coffee Dripper"],"picked":"Calling Bell"}],"items_purged_floors":[7,12],"is_endless":false,"potions_floor_spawned":[4,8,13,16,18,23],"killed_by":"Sentry and Sphere","ascension_level":5}}