{"host":"5uvzo7moqy5vd63g","time":1608003190,"event":{"mods":["Aspiration","BaseMod","Conspire","Dio Mod","Downfall","Hermit","Hubris","Jedi Mod","Jorbs\u0027s Wanderer Trilogy","Mimic Mod","Minty Spire (QoL Compilation)","Replay The Spire","StSLib","The Animator","Wandering Minibosses"],"gold_per_floor":[115,115,140,215,215,233,266,266,320,347,24,24,24,24,39,84,84,201,201,211,211,211,255,255,289,289,317,317,39,63,83,112,5,5,106,106,129,129,152,206,221,252,252,252,252,283,302,330,142,154,154,162,162,162,688,750,813,813,852,92,179,271,271,21,120,120,373,324,443,443,443,443],"floor_reached":71,"playtime":9381,"items_purged":["animator:Strike","hubris:Despair","jedi:frostbite"],"score":1403,"play_id":"e439aa9a-e9d7-4ded-941a-16066873167d","local_time":"20201214223310","is_ascension_mode":true,"campfire_choices":[{"floor":8.0,"key":"REST"},{"floor":12.0,"key":"REST"},{"floor":17.0,"key":"REST"},{"floor":26.0,"key":"REST"},{"floor":44.0,"key":"REST"},{"floor":51.0,"key":"RECALL"},{"data":"animator:HomuraAkemi","floor":54.0,"key":"SMITH"},{"data":"animator:Kyubey","floor":54.0,"key":"SMITH"},{"floor":70,"key":"REST"}],"circlet_count":0,"master_deck":["animator:Strike_MadokaMagica+1","animator:Defend_MadokaMagica+1","animator:Strike+1","animator:Defend+1","animator:Defend+1","animator:Defend+1","animator:IrohaTamaki+1","animator:YuiTsuruno+1","animator:IrohaTamaki+1","animator:MamiTomoe+1","animator:Gluttony+1","animator:HomuraAkemi+1","animator:HighElfArcher+1","animator:WinryRockbell+1","animator:Demiurge+1","animator:Spearman+1","animator:Mikaela+1","animator:Kyubey+1","animator:YachiyoNanami+1","animator:SuzuneAmano+1","animator:Kyubey+1","animator:GuildGirl+1","animator:Priestess+1","animator:Yuuichirou+1","animator:Hitei+1","animator:HarukoHaruhara+1","animator:SayakaMiki+1","animator:NagisaMomoe+1","animator:NagisaMomoe+1","animator:WinryRockbell+1","animator:Albedo+1","animator:CrowleyEusford+1","animator:Spearman+1","animator:YuiTsuruno+1","animator:Curse_GriefSeed","animator:KyokoSakura+1","animator:GoblinSlayer+1","animator:YuiTsuruno+1","animator:MisaKurobane+1","animator:GoblinSlayer+1","animator:YuiTsuruno+1","animator:KyokoSakura+1","animator:Witch+1","animator:Mikaela+1","animator:SayakaMiki+1","animator:Greed+1","animator:YuiTsuruno+1","animator:CrowleyEusford+1"],"relics":["animator:TheEgnaroPiece","animator:AncientMedallion"],"acts_visited":["Exordium","TheCity","TheBeyond","TheEnding","EYB:TheUnnamedReign"],"potions_floor_usage":[71,71,71],"damage_taken":[{"damage":0.0,"enemies":"Small Slimes","floor":1.0,"turns":2.0},{"damage":0.0,"enemies":"Cultist","floor":3.0,"turns":1.0},{"damage":0.0,"enemies":"2 Louse","floor":6.0,"turns":1.0},{"damage":39.0,"enemies":"Lagavulin","floor":7.0,"turns":7.0},{"damage":31.0,"enemies":"3 Sentries","floor":10.0,"turns":9.0},{"damage":17.0,"enemies":"Exordium Wildlife","floor":15.0,"turns":4.0},{"damage":9.0,"enemies":"Gremlin Nob","floor":16.0,"turns":5.0},{"damage":23.0,"enemies":"The Guardian","floor":18.0,"turns":9.0},{"damage":0.0,"enemies":"Spheric Guardian","floor":20.0,"turns":3.0},{"damage":2.0,"enemies":"3 Byrds","floor":23.0,"turns":5.0},{"damage":27.0,"enemies":"Slavers","floor":25.0,"turns":8.0},{"damage":27.0,"enemies":"Book of Stabbing","floor":27.0,"turns":6.0},{"damage":0.0,"enemies":"Centurion and Healer","floor":31.0,"turns":5.0},{"damage":0.0,"enemies":"conspire:Head Lice","floor":32.0,"turns":7.0},{"damage":26.0,"enemies":"Collector","floor":35.0,"turns":9.0},{"damage":12.0,"enemies":"3 Darklings","floor":37.0,"turns":5.0},{"damage":0.0,"enemies":"Orb Walker","floor":39.0,"turns":5.0},{"damage":0.0,"enemies":"Mind Bloom Boss Battle","floor":40.0,"turns":7.0},{"damage":25.0,"enemies":"3 Darklings","floor":41.0,"turns":6.0},{"damage":8.0,"enemies":"Nemesis","floor":42.0,"turns":6.0},{"damage":0.0,"enemies":"Giant Head","floor":46.0,"turns":5.0},{"damage":5.0,"enemies":"Writhing Mass","floor":47.0,"turns":4.0},{"damage":9.0,"enemies":"Reptomancer","floor":48.0,"turns":4.0},{"damage":0.0,"enemies":"Jaw Worm Horde","floor":50.0,"turns":3.0},{"damage":16.0,"enemies":"Donu and Deca","floor":52.0,"turns":5.0},{"damage":43.0,"enemies":"animator:TRIPLE_SHAPES_WEAK","floor":56.0,"turns":7.0},{"damage":0.0,"enemies":"animator:UNNAMED_CULTIST_1","floor":57.0,"turns":7.0},{"damage":3.0,"enemies":"conspire:MimicChest","floor":59.0,"turns":5.0},{"damage":99,"enemies":"animator:UNNAMED_CULTIST_2","floor":61,"turns":8},{"damage":0,"enemies":"animator:TRIPLE_LAGAVULIN","floor":62,"turns":6},{"damage":8,"enemies":"animator:ULTIMATE_CRYSTAL","floor":65,"turns":7},{"damage":29,"enemies":"animator:ULTIMATE_WISP","floor":69,"turns":7},{"damage":117,"enemies":"animator:TheUnnamed","floor":71,"turns":9}],"seed_played":"4244016386712061138","potions_obtained":[{"floor":7.0,"key":"Fire Potion"},{"floor":15.0,"key":"Guardian:BlockOnCardUsePotion"},{"floor":18.0,"key":"SteroidPotion"},{"floor":25.0,"key":"Guardian:BlockOnCardUsePotion"},{"floor":27.0,"key":"hexamod:EctoCoolerPotion"},{"floor":35.0,"key":"Strength Potion"},{"floor":46.0,"key":"Block Potion"},{"floor":48.0,"key":"Guardian:BlockOnCardUsePotion"},{"floor":56.0,"key":"animator:FalseLifePotion"},{"floor":57.0,"key":"animator:FalseLifePotion"},{"floor":61,"key":"animator:FalseLifePotion"}],"is_trial":false,"path_per_floor":["M","?","M","?","?","M","E","R","T","E","$","R","PTL","PTL","M","E","R","B",null,"M","?","?","M","?","E","R","E","T","$","T","M","E","$","R","B",null,"M","T","M","?","M","E","?","R","T","E","M","E","$","M","R","B",null,"R","??","M","M","T","?","$","M","M","?","$","E","T","?","$","E","R","B"],"character_chosen":"THE_ANIMATOR","items_purchased":["Membership Card","Mummified Hand","animator:WinryRockbell","animator:Demiurge+1","animator:Priestess","animator:Yuuichirou","animator:Hitei","Sling","animator:HarukoHaruhara","animator:NagisaMomoe","animator:WinryRockbell","animator:MisaKurobane","DollysMirror","animator:AncientMedallion","animator:AncientMedallion","animator:AncientMedallion","animator:AncientMedallion","animator:YuiTsuruno"],"campfire_rested":6,"item_purchase_floors":[11,11,11,11,29,29,29,29,29,33,33,49,49,60,60,60,64,68],"current_hp_per_floor":[66,66,66,55,48,48,14,34,34,7,7,27,27,27,14,9,29,10,53,58,44,44,46,46,23,43,20,20,20,20,22,26,26,47,25,59,51,51,52,52,31,27,27,48,48,52,51,49,49,53,53,37,68,68,98,59,67,67,72,72,16,44,54,54,78,78,78,78,73,98,0,0],"gold":443,"neow_bonus":"THREE_ENEMY_KILL","is_daily":false,"chose_seed":false,"campfire_upgraded":2,"win_rate":0.0,"timestamp":1608003190,"path_taken":["M","?","?","?","?","?","E","R","T","E","$","R","PTL","PTL","M","E","R","BOSS","M","?","?","M","?","E","R","E","T","$","?","M","E","$","R","BOSS","M","?","?","?","M","E","?","R","T","E","?","E","$","M","R","BOSS","R","??","M","M","T","?","$","M","M","?","$","E","T","?","$","E","R","BOSS"],"items_purchased_type":["Relic","Relic","Card","Card","Card","Card","Card","Relic","Card","Card","Card","Card","Relic","Relic","Relic","Relic","Relic","Card"],"build_version":"2020-12-13","purchased_purges":3,"victory":false,"max_hp_per_floor":[66,66,66,66,66,66,67,67,67,67,67,67,67,67,67,67,67,67,67,68,68,68,68,68,68,68,68,68,68,68,70,70,70,70,70,70,70,70,71,71,71,71,71,71,71,71,71,78,78,78,78,78,78,78,98,98,98,98,98,98,98,98,98,98,98,98,98,98,98,98,98,98],"card_choices":[{"not_picked":["animator:ElricEdward","animator:Demiurge"],"picked":"animator:IrohaTamaki","floor":1.0},{"not_picked":["animator:Laby","animator:KrulTepes"],"picked":"animator:MamiTomoe","floor":3.0},{"not_picked":["animator:Aisha","animator:Mikaela"],"picked":"animator:Gluttony","floor":6.0},{"not_picked":["animator:NagisaMomoe","animator:KyokoSakura"],"picked":"animator:HomuraAkemi","floor":7.0},{"not_picked":["animator:NarberalGamma","animator:LizardPriest"],"picked":"animator:HighElfArcher","floor":10.0},{"not_picked":["animator:YuiTsuruno","animator:Tatsumaki"],"picked":"animator:Spearman","floor":15.0},{"not_picked":["animator:Guy","animator:Hitei"],"picked":"animator:Mikaela","floor":16.0},{"not_picked":["animator:Elesis","animator:SwordMaiden"],"picked":"animator:Kyubey","floor":18.0},{"not_picked":["animator:IrohaTamaki","animator:OrikoMikuni"],"picked":"animator:YachiyoNanami","floor":20.0},{"not_picked":["animator:Layla+1","animator:Togame"],"picked":"animator:SuzuneAmano","floor":23.0},{"not_picked":["animator:Raven","animator:Demiurge"],"picked":"animator:Kyubey","floor":25.0},{"not_picked":["animator:Elsword","animator:Priestess"],"picked":"animator:GuildGirl","floor":27.0},{"not_picked":["animator:YuiTsuruno","animator:IrohaTamaki"],"picked":"animator:SayakaMiki","floor":31.0},{"not_picked":["animator:Boros","animator:Lu"],"picked":"animator:NagisaMomoe","floor":32.0},{"not_picked":["animator:Greed","animator:SwordMaiden"],"picked":"animator:Albedo","floor":35.0},{"not_picked":["animator:Witch+1","animator:Shinoa","animator:Evileye"],"picked":"SKIP","floor":37.0},{"not_picked":["animator:Spearman+1","animator:Emonzaemon+1"],"picked":"animator:CrowleyEusford+1","floor":39.0},{"not_picked":["animator:HighElfArcher+1","animator:DwarfShaman+1"],"picked":"animator:Spearman+1","floor":41.0},{"not_picked":["animator:KyokoSakura+1","animator:Ciel"],"picked":"animator:YuiTsuruno+1","floor":42.0},{"not_picked":["animator:RoyMustang+1","animator:HiiragiShinya"],"picked":"animator:KyokoSakura+1","floor":46.0},{"not_picked":["animator:Lu+1","animator:Ain+1"],"picked":"animator:GoblinSlayer+1","floor":47.0},{"not_picked":["animator:Fredrika","animator:Ain+1"],"picked":"animator:YuiTsuruno+1","floor":48.0},{"not_picked":["animator:OrikoMikuni","animator:Ain+1"],"picked":"animator:YuiTsuruno+1","floor":50.0},{"not_picked":["animator:MetalKnight","animator:Witch+1"],"picked":"animator:KyokoSakura+1","floor":56.0},{"not_picked":["animator:TsurugaMeisai+1","animator:Spearman"],"picked":"animator:Witch+1","floor":57.0},{"not_picked":["animator:Demiurge+1","animator:Elsword"],"picked":"animator:Mikaela","floor":61},{"not_picked":["animator:Demiurge","animator:MetalKnight"],"picked":"animator:SayakaMiki","floor":62},{"not_picked":["animator:ZankiKiguchi","animator:IrohaTamaki"],"picked":"animator:Greed","floor":65},{"not_picked":["animator:AcuraAkari","animator:TsurugaMeisai"],"picked":"animator:CrowleyEusford+1","floor":69}],"player_experience":1310047,"relics_obtained":[{"floor":7.0,"key":"conspire:GlowingRock"},{"floor":10.0,"key":"Omamori"},{"floor":16.0,"key":"FossilizedHelix"},{"floor":24.0,"key":"ReplayTheSpireMod:Ring of Collecting"},{"floor":24.0,"key":"Ring of Hypnosis"},{"floor":25.0,"key":"Orichalcum"},{"floor":27.0,"key":"Replay:Arrowhead"},{"floor":28.0,"key":"conspire:Dentures"},{"floor":30.0,"key":"Red Skull"},{"floor":32.0,"key":"Centennial Puzzle"},{"floor":38.0,"key":"Ring of Fangs"},{"floor":38.0,"key":"Molten Egg 2"},{"floor":40.0,"key":"Incense Burner"},{"floor":42.0,"key":"animator:WornHelmet"},{"floor":42.0,"key":"Replay:Kaleidoscope"},{"floor":45.0,"key":"Ring of Searing"},{"floor":45.0,"key":"animator:BattleDrones"},{"floor":46.0,"key":"ReplayTheSpireMod:TigerMarble"},{"floor":46.0,"key":"Gremlin Horn"},{"floor":48.0,"key":"Bag of Marbles"},{"floor":48.0,"key":"Strawberry"},{"floor":55.0,"key":"animator:TheEgnaroPiece"},{"floor":55.0,"key":"animator:AncientMedallion"},{"floor":58.0,"key":"animator:AncientMedallion"},{"floor":59.0,"key":"animator:AncientMedallion"},{"floor":65,"key":"animator:AncientMedallion"},{"floor":66,"key":"animator:AncientMedallion"},{"floor":69,"key":"animator:AncientMedallion"}],"event_choices":[{"cards_removed":["animator:Strike"],"damage_healed":0.0,"max_hp_gain":0.0,"max_hp_loss":0.0,"gold_gain":0.0,"event_name":"Bonfire Elementals","player_choice":"Offered Basic","floor":2.0,"gold_loss":0.0,"damage_taken":0.0},{"damage_healed":0.0,"max_hp_gain":0.0,"max_hp_loss":0.0,"gold_gain":75.0,"event_name":"World of Goop","player_choice":"Gather Gold","floor":4.0,"gold_loss":0.0,"damage_taken":11.0},{"damage_healed":0.0,"max_hp_gain":0.0,"max_hp_loss":0.0,"gold_gain":0.0,"event_name":"Scrap Ooze","player_choice":"Success","floor":5.0,"gold_loss":0.0,"damage_taken":7.0,"relics_obtained":["aspiration:Lifesprig"]},{"damage_healed":0.0,"max_hp_gain":0.0,"max_hp_loss":0.0,"gold_gain":0.0,"event_name":"MindBloom","player_choice":"Fight","floor":40.0,"gold_loss":0.0,"damage_taken":0.0}],"is_beta":false,"boss_relics":[{"not_picked":["conspire:SlowCooker","Runic Dome"],"picked":"Cursed Key"},{"not_picked":["hubris:VirtuousBlindfold","Sozu"],"picked":"Black Star"}],"items_purged_floors":[29,33,49],"is_endless":false,"potions_floor_spawned":[7,15,18,25,27,35,39,40,46,47,48,56,61,62,69],"killed_by":"animator:TheUnnamed","ascension_level":5}}