{"host":"milnbpnt8q6cnpmr","time":1608003304,"event":{"mods":["BaseMod","Marisa????????","Minty Spire (QoL Compilation)"],"gold_per_floor":[116,266,266,283,28,59,59,119,119,119,175,175,220,220,220,323,323,366,402,20,114,127,127,190,190,190],"floor_reached":25,"playtime":1232,"items_purged":["Strike_MRS"],"score":675,"play_id":"84c9b2a2-872e-4564-a1e9-cfa9b0bc5169","local_time":"20201214193504","is_ascension_mode":true,"campfire_choices":[{"data":"HandOfGreed","floor":7.0,"key":"SMITH"},{"data":"SporeBomb","floor":10.0,"key":"SMITH"},{"data":"EventHorizon","floor":12.0,"key":"SMITH"},{"data":"MagicChant","floor":15.0,"key":"SMITH"},{"floor":23,"key":"REST"}],"circlet_count":0,"master_deck":["AscendersBane","Strike_MRS","Strike_MRS","Defend_MRS","Defend_MRS","Defend_MRS","Defend_MRS","MasterSpark","UpSweep","FairyDestructionRay","EventHorizon+1","HandOfGreed+1","SporeBomb+1","GrandCross","MagicChant+1","BinaryStars","WitchOfGreed+1","OrrerysSun+1","AsteroidBelt"],"relics":["MiniHakkero","NeowsBlessing","Mercury Hourglass","StoneCalendar","Frozen Egg 2","Orichalcum","Philosopher\u0027s Stone","Mummified Hand"],"acts_visited":["Exordium","TheCity"],"potions_floor_usage":[22,25],"damage_taken":[{"damage":0.0,"enemies":"Jaw Worm","floor":1.0,"turns":1.0},{"damage":0.0,"enemies":"2 Louse","floor":4.0,"turns":1.0},{"damage":0.0,"enemies":"Gremlin Nob","floor":6.0,"turns":1.0},{"damage":0.0,"enemies":"Lagavulin","floor":8.0,"turns":4.0},{"damage":0.0,"enemies":"Gremlin Nob","floor":11.0,"turns":2.0},{"damage":0.0,"enemies":"Small Slimes","floor":13.0,"turns":1.0},{"damage":0.0,"enemies":"Slime Boss","floor":16.0,"turns":7.0},{"damage":22.0,"enemies":"2 Thieves","floor":18.0,"turns":3.0},{"damage":16,"enemies":"3 Byrds","floor":19,"turns":3},{"damage":34,"enemies":"Cultist and Chosen","floor":21,"turns":5},{"damage":4,"enemies":"Sentry and Sphere","floor":22,"turns":3},{"damage":26,"enemies":"Shelled Parasite and Fungi","floor":24,"turns":3},{"damage":14,"enemies":"Slavers","floor":25,"turns":1}],"seed_played":"5750272012809234354","potions_obtained":[{"floor":6.0,"key":"Explosive Potion"},{"floor":8.0,"key":"Explosive Potion"},{"floor":13.0,"key":"FairyPotion"},{"floor":21,"key":"Ancient Potion"},{"floor":24,"key":"Explosive Potion"}],"is_trial":false,"path_per_floor":["M","?","?","M","$","E","R","E","T","R","E","R","M","?","R","B",null,"M","M","$","M","M","R","M","E"],"character_chosen":"MARISA","items_purchased":["HandOfGreed","Mummified Hand","AsteroidBelt","Fire Potion"],"campfire_rested":1,"item_purchase_floors":[5,20,20,20],"current_hp_per_floor":[63,63,56,56,56,56,56,56,56,56,56,56,56,56,56,56,67,45,29,29,21,17,38,12,0,0],"gold":190,"neow_bonus":"THREE_ENEMY_KILL","is_daily":false,"chose_seed":false,"campfire_upgraded":4,"win_rate":0.0,"timestamp":1608003304,"path_taken":["M","?","?","M","$","E","R","E","T","R","E","R","?","?","R","BOSS","M","M","$","M","M","R","M","E"],"items_purchased_type":["Card","Relic","Card","Potion"],"build_version":"2020-12-13","purchased_purges":1,"victory":false,"max_hp_per_floor":[70,70,70,70,70,70,70,70,70,70,70,70,70,70,70,70,70,70,70,70,70,70,70,70,70,70],"card_choices":[{"not_picked":["DC","DoubleSpark"],"picked":"FairyDestructionRay","floor":1.0},{"not_picked":["ChargeUpSpray","MagicAbsorber"],"picked":"EventHorizon","floor":4.0},{"not_picked":["GalacticHalo","SatelliteIllusion"],"picked":"SporeBomb","floor":6.0},{"not_picked":["DC","6A"],"picked":"GrandCross","floor":8.0},{"not_picked":["PropBag","SporeBomb","UnstableBomb"],"picked":"SKIP","floor":11.0},{"not_picked":["DarkMatter","GrandCross"],"picked":"MagicChant","floor":13.0},{"not_picked":["StarDustReverie","AbsoluteMagnitude"],"picked":"BinaryStars","floor":16.0},{"not_picked":["MilkyWay","Robbery"],"picked":"WitchOfGreed+1","floor":18.0},{"not_picked":["ChargingUp","ShootingEcho"],"picked":"OrrerysSun+1","floor":19},{"not_picked":["GravityBeat","RefractionSpark","MysteriousBeam"],"picked":"SKIP","floor":21},{"not_picked":["MysteriousBeam","NonDirectionalLaser+1","MeteoricShower"],"picked":"SKIP","floor":22},{"not_picked":["PowerUp","Orbital","SporeBomb"],"picked":"SKIP","floor":24}],"player_experience":1148624,"relics_obtained":[{"floor":6.0,"key":"Mercury Hourglass"},{"floor":8.0,"key":"StoneCalendar"},{"floor":9.0,"key":"Frozen Egg 2"},{"floor":11.0,"key":"Orichalcum"}],"event_choices":[{"damage_healed":0.0,"max_hp_gain":0.0,"max_hp_loss":0.0,"gold_gain":150.0,"event_name":"Liars Game","player_choice":"AGREE","floor":2.0,"gold_loss":0.0,"damage_taken":0.0,"cards_obtained":["Doubt"]},{"cards_removed":["Doubt"],"damage_healed":0.0,"max_hp_gain":0.0,"max_hp_loss":0.0,"gold_gain":0.0,"event_name":"Golden Wing","player_choice":"Card Removal","floor":3.0,"gold_loss":0.0,"damage_taken":7.0},{"cards_removed":["Strike_MRS"],"damage_healed":0.0,"max_hp_gain":0.0,"max_hp_loss":0.0,"gold_gain":0.0,"event_name":"Living Wall","player_choice":"Forget","floor":14.0,"gold_loss":0.0,"damage_taken":0.0}],"is_beta":false,"boss_relics":[{"not_picked":["Busted Crown","Snecko Eye"],"picked":"Philosopher\u0027s Stone"}],"items_purged_floors":[5],"is_endless":false,"potions_floor_spawned":[6,8,13,24],"killed_by":"Slavers","ascension_level":19}}