{"host":"q5vpntglr38zhb0c","time":1608009307,"event":{"mods":["BaseMod","Colored Map","DeckTracker","Keyboard Shortcuts","Minty Spire (QoL Compilation)","Permanent Neow","StSLib","SuperFastMode","everything is the same but u backflip on backflip"],"gold_per_floor":[211,211,228,241,251,251,263,283,283,83,83,83,100,110,110,187,187,187,187],"floor_reached":18,"playtime":383,"items_purged":["Strike_G"],"score":312,"play_id":"d351c5b1-2f77-4359-be03-c65c6b90e02d","local_time":"20201215141507","is_ascension_mode":true,"campfire_choices":[{"data":"Crippling Poison","floor":6,"key":"SMITH"},{"data":"Skewer","floor":12,"key":"SMITH"},{"data":"Bouncing Flask","floor":15,"key":"SMITH"}],"circlet_count":0,"master_deck":["AscendersBane","Survivor","Neutralize","Crippling Poison+1","Slice","Quick Slash","Skewer+1","PiercingWail","Bouncing Flask+1","Burst","Catalyst","Burst","Deflect","Accuracy","Venomology","Phantasmal Killer","Envenom","Predator","Terror"],"relics":["Ring of the Snake","Membership Card","Mummified Hand","Pandora\u0027s Box"],"acts_visited":["Exordium","TheCity"],"potions_floor_usage":[5,14,16,18],"damage_taken":[{"damage":1,"enemies":"Small Slimes","floor":1,"turns":5},{"damage":0,"enemies":"2 Louse","floor":3,"turns":4},{"damage":1,"enemies":"Jaw Worm","floor":4,"turns":4},{"damage":7,"enemies":"Lots of Slimes","floor":5,"turns":5},{"damage":6,"enemies":"3 Louse","floor":7,"turns":4},{"damage":2,"enemies":"Blue Slaver","floor":8,"turns":6},{"damage":8,"enemies":"Exordium Thugs","floor":13,"turns":5},{"damage":11,"enemies":"Large Slime","floor":14,"turns":4},{"damage":19,"enemies":"Hexaghost","floor":16,"turns":9},{"damage":58,"enemies":"3 Byrds","floor":18,"turns":5}],"seed_played":"-2016041454231427595","potions_obtained":[{"floor":1,"key":"Block Potion"},{"floor":7,"key":"Fire Potion"},{"floor":14,"key":"SteroidPotion"}],"is_trial":false,"path_per_floor":["M","?","M","M","M","R","M","M","T","$","?","R","M","M","R","B",null,"M"],"character_chosen":"THE_SILENT","items_purchased":["Membership Card"],"campfire_rested":0,"item_purchase_floors":[10],"current_hp_per_floor":[58,63,63,62,55,55,49,47,47,47,47,47,39,28,28,9,56,0,0],"gold":187,"neow_bonus":"HUNDRED_GOLD","is_daily":false,"chose_seed":false,"campfire_upgraded":3,"win_rate":0.0,"timestamp":1608009307,"path_taken":["M","?","M","M","M","R","M","M","T","$","?","R","M","M","R","BOSS","M"],"items_purchased_type":["Relic"],"build_version":"2020-12-13","purchased_purges":1,"victory":false,"max_hp_per_floor":[66,71,71,71,71,71,71,71,71,71,71,71,71,71,71,71,71,71,71],"card_choices":[{"not_picked":["Footwork","Bane"],"picked":"Crippling Poison","floor":1},{"not_picked":["Quick Slash","Doppelganger"],"picked":"Slice","floor":3},{"not_picked":["Concentrate","Dodge and Roll","Quick Slash"],"picked":"SKIP","floor":4},{"not_picked":["Concentrate","Dodge and Roll"],"picked":"Quick Slash","floor":4},{"not_picked":["Dagger Spray","Underhanded Strike"],"picked":"Skewer","floor":5},{"not_picked":["Distraction","Slice","Eviscerate"],"picked":"SKIP","floor":7},{"not_picked":["Heel Hook","Flying Knee"],"picked":"PiercingWail","floor":8},{"not_picked":["Quick Slash","Sucker Punch","Dagger Throw"],"picked":"SKIP","floor":13},{"not_picked":["Riddle With Holes","Blur"],"picked":"Bouncing Flask","floor":14},{"not_picked":["Phantasmal Killer","After Image"],"picked":"Burst","floor":16}],"player_experience":1287471,"relics_obtained":[],"event_choices":[{"damage_healed":0,"gold_gain":0,"player_choice":"Donut","damage_taken":0,"max_hp_gain":5,"max_hp_loss":0,"event_name":"Big Fish","floor":2,"gold_loss":0},{"damage_healed":0,"gold_gain":0,"player_choice":"Searched \u00271\u0027 times","damage_taken":0,"relics_obtained":["Mummified Hand"],"max_hp_gain":0,"max_hp_loss":0,"event_name":"Dead Adventurer","floor":11,"gold_loss":0}],"is_beta":false,"boss_relics":[{"not_picked":["SlaversCollar","Black Star"],"picked":"Pandora\u0027s Box"}],"items_purged_floors":[10],"is_endless":false,"potions_floor_spawned":[1,7,14],"killed_by":"3 Byrds","ascension_level":20}}