{"host":"6ko66ogg91i6g7xq","time":1608028664,"event":{"mods":["AchievementEnabler","Act Like it!","BaseMod","Colored Map","Colored Powertips","Downfall","Hermit","Minty Spire (QoL Compilation)","Quick Restart","Relic Stats","StSLib","The Jungle","everything is the same but u backflip on backflip"],"gold_per_floor":[116,49,124,124,124,168,168,202,202,226,226,267,282,301,301,431,431,456,476,191,216,237,237,250,286,359,359,359],"floor_reached":27,"playtime":906,"items_purged":[],"score":333,"play_id":"d6478a46-9c15-419e-8564-9c831d2600d7","local_time":"20201215053744","is_ascension_mode":true,"campfire_choices":[{"floor":7,"key":"REST"},{"floor":15,"key":"REST"},{"floor":23,"key":"REST"}],"circlet_count":0,"master_deck":["Strike_G","Strike_G","Strike_G","Strike_G","Defend_G+1","Defend_G","Defend_G","Defend_G+1","Defend_G","Survivor+1","Neutralize+1","Poisoned Stab","Noxious Fumes","Dagger Spray","Deadly Poison","Leg Sweep","Noxious Fumes","Poisoned Stab","Caltrops","Corpse Explosion","Leg Sweep","Crippling Poison+1","Dash+1","Dodge and Roll","Deadly Poison","Burst"],"relics":["Ring of the Serpent","NeowsBlessing","Golden Idol","Dream Catcher","Sundial","Toy Ornithopter","War Paint","Turnip","Shuriken","Kunai"],"acts_visited":["Exordium","TheCity"],"potions_floor_usage":[12,25,25,27],"damage_taken":[{"damage":0,"enemies":"Cultist","floor":1,"turns":1},{"damage":0,"enemies":"Lagavulin","floor":6,"turns":1},{"damage":0,"enemies":"Gremlin Nob","floor":8,"turns":1},{"damage":4,"enemies":"2 Louse","floor":10,"turns":3},{"damage":15,"enemies":"3 Sentries","floor":12,"turns":6},{"damage":0,"enemies":"Small Slimes","floor":13,"turns":4},{"damage":12,"enemies":"Gremlin Gang","floor":14,"turns":4},{"damage":24,"enemies":"The Guardian","floor":16,"turns":9},{"damage":4,"enemies":"3 Byrds","floor":18,"turns":2},{"damage":36,"enemies":"2 Thieves","floor":19,"turns":3},{"damage":5,"enemies":"Snake Plant","floor":21,"turns":5},{"damage":9,"enemies":"Cultist and Chosen","floor":22,"turns":4},{"damage":18,"enemies":"Snecko","floor":24,"turns":5},{"damage":7,"enemies":"Book of Stabbing","floor":25,"turns":6},{"damage":11,"enemies":"Colosseum Slavers","floor":27,"turns":3}],"seed_played":"-962651508108895174","potions_obtained":[{"floor":1,"key":"Regen Potion"},{"floor":12,"key":"FairyPotion"},{"floor":13,"key":"SteroidPotion"},{"floor":24,"key":"SkillPotion"},{"floor":25,"key":"Block Potion"}],"is_trial":false,"path_per_floor":["M","$","?","?","?","E","R","E","T","M","?","E","M","M","R","B",null,"M","M","$","M","M","R","M","E","T","?"],"character_chosen":"THE_SILENT","items_purchased":["Noxious Fumes","Turnip"],"campfire_rested":3,"item_purchase_floors":[2,20],"current_hp_per_floor":[70,70,59,45,28,28,49,49,49,45,45,50,50,38,59,35,70,66,30,30,25,16,37,19,22,22,16,16],"gold":359,"neow_bonus":"THREE_ENEMY_KILL","is_daily":false,"chose_seed":false,"campfire_upgraded":0,"win_rate":0.0,"timestamp":1608028664,"path_taken":["M","$","?","?","?","E","R","E","T","M","?","E","M","M","R","BOSS","M","?","$","M","M","R","M","E","T","?"],"items_purchased_type":["Card","Relic"],"build_version":"2020-12-13","purchased_purges":0,"victory":false,"max_hp_per_floor":[70,70,70,70,70,70,70,70,70,70,70,70,70,70,70,70,70,70,70,70,70,70,70,70,70,70,70,70],"relic_stats":{"Dream Catcher":3,"counters":[15,57],"Golden Idol":90,"Sundial":[6],"Shuriken":[0],"Turnip":[4],"Kunai":[0],"War Paint":["Defend_G","Survivor"],"obtain_stats":[{"Dream Catcher":6,"NeowsBlessing":0,"Golden Idol":5,"Sundial":8,"Shuriken":25,"Turnip":20,"Kunai":26,"War Paint":12,"Toy Ornithopter":9,"Ring of the Serpent":17,"Ring of the Snake":0},{"Dream Catcher":2,"NeowsBlessing":0,"Golden Idol":1,"Sundial":3,"Shuriken":14,"Turnip":10,"Kunai":14,"War Paint":5,"Toy Ornithopter":3,"Ring of the Serpent":8,"Ring of the Snake":0},{"Dream Catcher":2,"NeowsBlessing":0,"Golden Idol":1,"Sundial":3,"Shuriken":54,"Turnip":34,"Kunai":54,"War Paint":12,"Toy Ornithopter":3,"Ring of the Serpent":29,"Ring of the Snake":0}],"Toy Ornithopter":20},"card_choices":[{"not_picked":["Distraction","Backflip"],"picked":"Poisoned Stab","floor":1},{"not_picked":["Escape Plan","Reflex","Infinite Blades"],"picked":"SKIP","floor":6},{"not_picked":["Cloak And Dagger","Reflex"],"picked":"Dagger Spray","floor":7},{"not_picked":["Dodge and Roll","Outmaneuver"],"picked":"Deadly Poison","floor":8},{"not_picked":["Deflect","Cloak And Dagger"],"picked":"Leg Sweep","floor":10},{"not_picked":["Setup","Bullet Time"],"picked":"Noxious Fumes","floor":12},{"not_picked":["Acrobatics","PiercingWail","Heel Hook"],"picked":"SKIP","floor":13},{"not_picked":["Skewer","Backflip"],"picked":"Poisoned Stab","floor":14},{"not_picked":["Poisoned Stab","Expertise"],"picked":"Caltrops","floor":15},{"not_picked":["Unload","Grand Finale"],"picked":"Corpse Explosion","floor":16},{"not_picked":["Poisoned Stab","Skewer"],"picked":"Leg Sweep","floor":18},{"not_picked":["Backstab+1","Underhanded Strike"],"picked":"Crippling Poison+1","floor":19},{"not_picked":["Terror","Quick Slash"],"picked":"Dash+1","floor":21},{"not_picked":["Well Laid Plans","Dagger Throw"],"picked":"Dodge and Roll","floor":22},{"not_picked":["Prepared","Eviscerate"],"picked":"Deadly Poison","floor":23},{"not_picked":["Well Laid Plans+1","Dagger Spray","Escape Plan+1"],"picked":"SKIP","floor":24},{"not_picked":["Blade Dance","Flechettes"],"picked":"Burst","floor":25}],"player_experience":270888,"relics_obtained":[{"floor":6,"key":"Dream Catcher"},{"floor":8,"key":"Sundial"},{"floor":9,"key":"Toy Ornithopter"},{"floor":12,"key":"War Paint"},{"floor":25,"key":"Shuriken"},{"floor":26,"key":"Kunai"}],"event_choices":[{"damage_healed":0,"gold_gain":75,"player_choice":"Gather Gold","damage_taken":11,"max_hp_gain":0,"max_hp_loss":0,"event_name":"World of Goop","floor":3,"gold_loss":0},{"damage_healed":0,"gold_gain":0,"player_choice":"Entered Light","damage_taken":14,"max_hp_gain":0,"max_hp_loss":0,"event_name":"Shining Light","floor":4,"gold_loss":0,"cards_upgraded":["Neutralize","Defend_G"]},{"damage_healed":0,"gold_gain":0,"player_choice":"Take Damage","damage_taken":17,"relics_obtained":["Golden Idol"],"max_hp_gain":0,"max_hp_loss":0,"event_name":"Golden Idol","floor":5,"gold_loss":0},{"cards_removed":["Strike_G"],"damage_healed":0,"gold_gain":0,"player_choice":"Purged","damage_taken":0,"max_hp_gain":0,"max_hp_loss":0,"event_name":"Purifier","floor":11,"gold_loss":0},{"damage_healed":0,"gold_gain":0,"player_choice":"Fight","damage_taken":0,"max_hp_gain":0,"max_hp_loss":0,"event_name":"Colosseum","floor":27,"gold_loss":0}],"is_beta":false,"boss_relics":[{"not_picked":["Cursed Key","HoveringKite"],"picked":"Ring of the Serpent"}],"items_purged_floors":[],"is_endless":false,"potions_floor_spawned":[1,12,13,24,25],"killed_by":"Colosseum Slavers","ascension_level":2}}