{"host":"aeidq2c3auzxo1yh","time":1608073564,"event":{"mods":["AchievementEnabler","BaseMod","Colored Map","Colored Powertips","Minty Spire (QoL Compilation)","Relic Stats","StSLib"],"gold_per_floor":[114,114,127,150,150,150,193,193,193,218,10,10,53,67,67,160,160,175,49,92,108,132,167,192,192,215,215,215,215],"floor_reached":28,"playtime":1766,"items_purged":["Defend_G"],"score":521,"play_id":"46999c98-526e-47fb-8eb2-aa129564822f","local_time":"20201216040604","is_ascension_mode":true,"campfire_choices":[{"data":"Glass Knife","floor":6,"key":"SMITH"},{"data":"Neutralize","floor":8,"key":"SMITH"},{"data":"Apotheosis","floor":12,"key":"SMITH"},{"floor":15,"key":"REST"}],"circlet_count":0,"master_deck":["AscendersBane","Defend_G","Defend_G","Defend_G","Defend_G","Survivor","Neutralize+1","Glass Knife+1","Caltrops","Backstab","All Out Attack","Cloak And Dagger","Apotheosis+1","Predator","Acrobatics","Bullet Time","Sucker Punch","Dodge and Roll","Blade Dance+1","Cloak And Dagger","Acrobatics","Bite","Bite","Bite","Bite","Bite","Escape Plan"],"relics":["Ring of the Snake","Golden Idol","InkBottle","Ninja Scroll","Omamori","Calling Bell","CaptainsWheel","Toy Ornithopter","White Beast Statue","Red Mask","Centennial Puzzle"],"acts_visited":["Exordium","TheCity"],"potions_floor_usage":[7,7,16,18,21,22,23,23,28,28],"damage_taken":[{"damage":1,"enemies":"2 Louse","floor":1,"turns":2},{"damage":0,"enemies":"Jaw Worm","floor":3,"turns":3},{"damage":0,"enemies":"Cultist","floor":4,"turns":3},{"damage":12,"enemies":"Lagavulin","floor":7,"turns":6},{"damage":4,"enemies":"3 Louse","floor":10,"turns":2},{"damage":4,"enemies":"3 Sentries","floor":13,"turns":3},{"damage":0,"enemies":"Looter","floor":14,"turns":1},{"damage":7,"enemies":"The Guardian","floor":16,"turns":9},{"damage":6,"enemies":"2 Thieves","floor":18,"turns":2},{"damage":0,"enemies":"Masked Bandits","floor":20,"turns":2},{"damage":0,"enemies":"Chosen","floor":21,"turns":2},{"damage":0,"enemies":"Centurion and Healer","floor":22,"turns":4},{"damage":27,"enemies":"Slavers","floor":23,"turns":8},{"damage":4,"enemies":"Snake Plant","floor":24,"turns":5},{"damage":49,"enemies":"Gremlin Leader","floor":28,"turns":5}],"seed_played":"1653568426736399458","potions_obtained":[{"floor":5,"key":"Swift Potion"},{"floor":5,"key":"LiquidMemories"},{"floor":10,"key":"Swift Potion"},{"floor":14,"key":"SpeedPotion"},{"floor":16,"key":"Fire Potion"},{"floor":18,"key":"DuplicationPotion"},{"floor":21,"key":"Block Potion"},{"floor":22,"key":"Poison Potion"},{"floor":23,"key":"SkillPotion"},{"floor":24,"key":"FearPotion"}],"is_trial":false,"path_per_floor":["M","?","M","M","?","R","E","R","T","M","$","R","E","M","R","B",null,"M","$","?","M","M","E","M","?","T","?","E"],"character_chosen":"THE_SILENT","items_purchased":["Apotheosis","Dodge and Roll"],"campfire_rested":1,"item_purchase_floors":[11,19],"current_hp_per_floor":[58,54,54,54,54,54,42,42,42,38,38,38,34,34,50,43,51,48,48,48,53,54,27,23,23,23,23,0,0],"gold":215,"neow_bonus":"THREE_RARE_CARDS","is_daily":false,"chose_seed":false,"campfire_upgraded":3,"win_rate":0.0,"timestamp":1608073564,"path_taken":["M","?","M","M","?","R","E","R","T","M","$","R","E","?","R","BOSS","M","$","?","M","M","E","M","?","T","?","E"],"items_purchased_type":["Card","Card"],"build_version":"2020-12-13","purchased_purges":1,"victory":false,"max_hp_per_floor":[60,54,54,54,54,54,54,54,54,54,54,54,54,54,54,54,54,54,54,54,54,54,54,54,37,37,37,37,37],"relic_stats":{"Centennial Puzzle":[6],"counters":[15,57],"Golden Idol":85,"obtain_stats":[{"Calling Bell":17,"CaptainsWheel":17,"Centennial Puzzle":23,"Golden Idol":2,"Ninja Scroll":9,"Omamori":13,"Red Mask":20,"InkBottle":7,"Toy Ornithopter":17,"White Beast Statue":17,"Ring of the Snake":0},{"Calling Bell":8,"CaptainsWheel":8,"Centennial Puzzle":13,"Golden Idol":1,"Ninja Scroll":4,"Omamori":6,"Red Mask":10,"InkBottle":4,"Toy Ornithopter":8,"White Beast Statue":8,"Ring of the Snake":0},{"Calling Bell":29,"CaptainsWheel":29,"Centennial Puzzle":47,"Golden Idol":2,"Ninja Scroll":14,"Omamori":19,"Red Mask":33,"InkBottle":14,"Toy Ornithopter":29,"White Beast Statue":29,"Ring of the Snake":0}],"InkBottle":[21],"Toy Ornithopter":19,"Ring of the Snake":[30]},"card_choices":[{"not_picked":["Burst","Storm of Steel"],"picked":"Glass Knife","floor":0},{"not_picked":["Poisoned Stab","Outmaneuver"],"picked":"Caltrops","floor":1},{"not_picked":["Deadly Poison","Outmaneuver"],"picked":"Backstab","floor":3},{"not_picked":["Escape Plan","Bouncing Flask"],"picked":"All Out Attack","floor":4},{"not_picked":["Heel Hook","Bane","Dodge and Roll"],"picked":"SKIP","floor":7},{"not_picked":["Blade Dance","Outmaneuver"],"picked":"Cloak And Dagger","floor":10},{"not_picked":["Dagger Spray","Slice"],"picked":"Predator","floor":13},{"not_picked":["Bane","Outmaneuver"],"picked":"Acrobatics","floor":14},{"not_picked":["Doppelganger","Wraith Form v2"],"picked":"Bullet Time","floor":16},{"not_picked":["Expertise","Outmaneuver"],"picked":"Sucker Punch","floor":18},{"not_picked":["Poisoned Stab","Predator"],"picked":"Blade Dance+1","floor":20},{"not_picked":["Dagger Throw","Predator"],"picked":"Cloak And Dagger","floor":21},{"not_picked":["PiercingWail","Glass Knife","Flying Knee"],"picked":"SKIP","floor":22},{"not_picked":["PiercingWail","Glass Knife","Flying Knee"],"picked":"SKIP","floor":22},{"not_picked":["All Out Attack","Poisoned Stab","Underhanded Strike"],"picked":"SKIP","floor":23},{"not_picked":["Dagger Throw+1","Underhanded Strike"],"picked":"Acrobatics","floor":24}],"player_experience":870048,"relics_obtained":[{"floor":7,"key":"InkBottle"},{"floor":9,"key":"Ninja Scroll"},{"floor":13,"key":"Omamori"},{"floor":17,"key":"CaptainsWheel"},{"floor":17,"key":"Toy Ornithopter"},{"floor":17,"key":"White Beast Statue"},{"floor":20,"key":"Red Mask"},{"floor":23,"key":"Centennial Puzzle"}],"event_choices":[{"damage_healed":0,"gold_gain":0,"player_choice":"Lose Max HP","damage_taken":0,"relics_obtained":["Golden Idol"],"max_hp_gain":0,"max_hp_loss":6,"event_name":"Golden Idol","floor":2,"gold_loss":0},{"damage_healed":0,"gold_gain":0,"player_choice":"Got Potions","damage_taken":0,"max_hp_gain":0,"max_hp_loss":0,"event_name":"Lab","floor":5,"gold_loss":0},{"damage_healed":0,"gold_gain":0,"player_choice":"Fought Bandits","damage_taken":0,"max_hp_gain":0,"max_hp_loss":0,"event_name":"Masked Bandits","floor":20,"gold_loss":0},{"damage_healed":0,"gold_gain":0,"player_choice":"Became a vampire","damage_taken":0,"max_hp_gain":0,"max_hp_loss":17,"event_name":"Vampires","floor":25,"gold_loss":0,"cards_obtained":["Bite","Bite","Bite","Bite","Bite"]},{"damage_healed":0,"gold_gain":0,"player_choice":"Read","damage_taken":0,"max_hp_gain":0,"max_hp_loss":0,"event_name":"The Library","floor":27,"gold_loss":0,"cards_obtained":["Escape Plan"]}],"is_beta":false,"boss_relics":[{"not_picked":["Coffee Dripper","Snecko Eye"],"picked":"Calling Bell"}],"items_purged_floors":[19],"is_endless":false,"potions_floor_spawned":[10,14,16,18,20,21,22,23,24],"killed_by":"Gremlin Leader","ascension_level":20}}