{"host":"og6lam4kt3nibbw0","time":1608055318,"event":{"mods":["AchievementEnabler","BaseMod","Colored Map","DeckTracker","Highlight Path","Keyboard Shortcuts","Minty Spire (QoL Compilation)","Permanent Neow","Quick Restart","StSLib","SuperFastMode"],"gold_per_floor":[119,36,36,1,21,46,46,66,137,137,147,147,174,189,189,263,263,283,208,258,258,258,258,283,0,46,58,58,76,76,92,92,165,165,176,258,278,17,17,17,48,48,128,142,17,99,131,147,147,147,147,147,147,91,124,124],"floor_reached":57,"playtime":4466,"items_purged":["Defend_G","Concentrate+1","Strike_G"],"score":3097,"play_id":"8382f155-adc6-4d27-81ee-7c998ff208b9","local_time":"20201216030158","is_ascension_mode":true,"campfire_choices":[{"floor":10.0,"key":"REST"},{"data":"Acrobatics","floor":12.0,"key":"SMITH"},{"data":"After Image","floor":15.0,"key":"SMITH"},{"floor":23.0,"key":"REST"},{"floor":32.0,"key":"REST"},{"floor":40,"key":"RECALL"},{"data":"Well Laid Plans","floor":49,"key":"SMITH"},{"data":"Neutralize","floor":53,"key":"SMITH"}],"circlet_count":0,"master_deck":["AscendersBane","Strike_G","Defend_G","Survivor","Neutralize+1","Grand Finale","Acrobatics+1","Well Laid Plans+1","Prepared+1","After Image+1","Acrobatics+1","Blur+1","Escape Plan+1","Cloak And Dagger+1","Dodge and Roll+1","Tactician+1"],"relics":["Ring of the Snake","Juzu Bracelet","Toxic Egg 2","Kunai","Black Star","Tiny Chest","MealTicket","Lantern","Astrolabe","Medical Kit","Bronze Scales","Ice Cream","StrikeDummy","Molten Egg 2","Centennial Puzzle","Paper Crane","Art of War","Vajra"],"acts_visited":["Exordium","TheCity","TheBeyond","TheEnding"],"potions_floor_usage":[33,33,50,56,56],"damage_taken":[{"damage":9.0,"enemies":"2 Louse","floor":1.0,"turns":4.0},{"damage":2.0,"enemies":"Jaw Worm","floor":5.0,"turns":6.0},{"damage":32.0,"enemies":"Gremlin Nob","floor":6.0,"turns":4.0},{"damage":4.0,"enemies":"Small Slimes","floor":8.0,"turns":4.0},{"damage":1.0,"enemies":"Looter","floor":11.0,"turns":4.0},{"damage":0.0,"enemies":"3 Sentries","floor":13.0,"turns":2.0},{"damage":6.0,"enemies":"Blue Slaver","floor":14.0,"turns":4.0},{"damage":25.0,"enemies":"Hexaghost","floor":16.0,"turns":14.0},{"damage":30.0,"enemies":"2 Thieves","floor":18.0,"turns":5.0},{"damage":37.0,"enemies":"Book of Stabbing","floor":24.0,"turns":7.0},{"damage":1.0,"enemies":"Spheric Guardian","floor":27.0,"turns":4.0},{"damage":2.0,"enemies":"Centurion and Healer","floor":29.0,"turns":4.0},{"damage":0.0,"enemies":"Snake Plant","floor":31.0,"turns":3.0},{"damage":18,"enemies":"Collector","floor":33,"turns":10},{"damage":0,"enemies":"3 Shapes","floor":35,"turns":3},{"damage":0,"enemies":"3 Darklings","floor":37,"turns":2},{"damage":0,"enemies":"Giant Head","floor":41,"turns":7},{"damage":0,"enemies":"Maw","floor":44,"turns":4},{"damage":0,"enemies":"Reptomancer","floor":47,"turns":3},{"damage":0,"enemies":"Transient","floor":48,"turns":6},{"damage":0,"enemies":"Awakened One","floor":50,"turns":7},{"damage":0,"enemies":"Donu and Deca","floor":51,"turns":3},{"damage":0,"enemies":"Shield and Spear","floor":55,"turns":2},{"damage":4,"enemies":"The Heart","floor":56,"turns":8}],"seed_played":"6141080257004698714","potions_obtained":[{"floor":5.0,"key":"SteroidPotion"},{"floor":6.0,"key":"Weak Potion"},{"floor":8.0,"key":"Energy Potion"},{"floor":16.0,"key":"ColorlessPotion"},{"floor":27.0,"key":"SkillPotion"},{"floor":29.0,"key":"SneckoOil"},{"floor":31.0,"key":"FearPotion"},{"floor":37,"key":"CunningPotion"},{"floor":44,"key":"SkillPotion"},{"floor":47,"key":"PowerPotion"}],"is_trial":false,"path_per_floor":["M","$","?","?","M","E","$","M","T","R","M","R","E","M","R","B",null,"M","$","?","?","?","R","E","?","T","M","?","M","?","M","R","B",null,"M","T","M","$","?","R","E","$","T","M","$","T","E","M","R","B","B",null,"R","$","E","B",null],"character_chosen":"THE_SILENT","items_purchased":["Well Laid Plans","Medical Kit","Dexterity Potion"],"campfire_rested":3,"item_purchase_floors":[2,38,54],"current_hp_per_floor":[50,50,43,59,57,25,25,21,21,40,39,39,39,33,33,8,52,22,22,22,22,22,41,4,4,4,3,3,1,1,1,20,2,50,50,50,50,65,65,65,65,66,66,66,66,66,66,66,66,66,66,66,66,66,66,62],"gold":124,"neow_bonus":"ONE_RANDOM_RARE_CARD","is_daily":false,"chose_seed":false,"campfire_upgraded":4,"win_rate":0.0,"timestamp":1608055318,"path_taken":["M","$","?","?","M","E","?","M","T","R","M","R","E","M","R","BOSS","M","$","?","?","?","R","E","?","T","M","?","M","?","M","R","BOSS","M","?","M","$","?","R","E","?","T","M","$","?","E","M","R","BOSS","BOSS","R","$","E","BOSS"],"items_purchased_type":["Card","Relic","Potion"],"build_version":"2020-12-13","purchased_purges":3,"victory":true,"max_hp_per_floor":[66,66,66,66,66,66,66,66,66,66,66,66,66,66,66,66,66,66,66,66,66,66,66,66,66,66,66,66,66,66,66,66,66,66,66,66,66,66,66,66,66,66,66,66,66,66,66,66,66,66,66,66,66,66,66,66],"card_choices":[{"not_picked":["Slice","Cloak And Dagger"],"picked":"Acrobatics","floor":1.0},{"not_picked":["Quick Slash","Bouncing Flask","Skewer"],"picked":"SKIP","floor":5.0},{"not_picked":["Noxious Fumes","Poisoned Stab","Expertise"],"picked":"SKIP","floor":6.0},{"not_picked":["Blade Dance","Dagger Spray","PiercingWail"],"picked":"SKIP","floor":8.0},{"not_picked":["Terror+1","Underhanded Strike"],"picked":"Prepared+1","floor":11.0},{"not_picked":["Backflip+1","Skewer"],"picked":"After Image","floor":13.0},{"not_picked":["Dodge and Roll+1","Flying Knee"],"picked":"Acrobatics+1","floor":14.0},{"not_picked":["Sucker Punch","Choke"],"picked":"Blur+1","floor":18.0},{"not_picked":["Quick Slash","Underhanded Strike+1"],"picked":"Escape Plan+1","floor":24.0},{"not_picked":["Flying Knee","Dodge and Roll+1","Catalyst+1"],"picked":"SKIP","floor":27.0},{"not_picked":["Underhanded Strike","Prepared+1","Finisher"],"picked":"SKIP","floor":29.0},{"not_picked":["Deflect+1","Blade Dance+1"],"picked":"Concentrate+1","floor":31.0},{"not_picked":["Dagger Throw+1","Skewer","Sucker Punch"],"picked":"SKIP","floor":35},{"not_picked":["Backflip+1","Infinite Blades","Dodge and Roll+1"],"picked":"SKIP","floor":37},{"not_picked":["Dagger Throw","Slice","Underhanded Strike+1"],"picked":"SKIP","floor":41},{"not_picked":["Skewer","Calculated Gamble+1","Flying Knee"],"picked":"SKIP","floor":44},{"not_picked":["Cloak And Dagger+1","Choke+1","Infinite Blades"],"picked":"SKIP","floor":47},{"not_picked":["Bouncing Flask+1","Slice+1","Quick Slash+1"],"picked":"SKIP","floor":48},{"not_picked":["Slice+1","Dash+1","Sucker Punch+1"],"picked":"SKIP","floor":55}],"player_experience":758723,"relics_obtained":[{"floor":6.0,"key":"Juzu Bracelet"},{"floor":9.0,"key":"Toxic Egg 2"},{"floor":13.0,"key":"Kunai"},{"floor":24.0,"key":"Tiny Chest"},{"floor":24.0,"key":"MealTicket"},{"floor":26.0,"key":"Lantern"},{"floor":41,"key":"Bronze Scales"},{"floor":41,"key":"Ice Cream"},{"floor":43,"key":"StrikeDummy"},{"floor":46,"key":"Molten Egg 2"},{"floor":47,"key":"Centennial Puzzle"},{"floor":47,"key":"Paper Crane"},{"floor":55,"key":"Art of War"},{"floor":55,"key":"Vajra"}],"event_choices":[{"cards_removed":["Strike_G"],"damage_healed":0.0,"max_hp_gain":0.0,"max_hp_loss":0.0,"gold_gain":0.0,"event_name":"Golden Wing","player_choice":"Card Removal","floor":3.0,"gold_loss":0.0,"damage_taken":7.0},{"damage_healed":16.0,"max_hp_gain":0.0,"max_hp_loss":0.0,"gold_gain":0.0,"event_name":"The Cleric","player_choice":"Healed","floor":4.0,"gold_loss":35.0,"damage_taken":0.0},{"damage_healed":0.0,"max_hp_gain":0.0,"max_hp_loss":0.0,"gold_gain":50.0,"event_name":"Nest","player_choice":"Stole From Cult","floor":20.0,"gold_loss":0.0,"damage_taken":0.0},{"damage_healed":0.0,"max_hp_gain":0.0,"max_hp_loss":0.0,"gold_gain":0.0,"event_name":"Vampires","player_choice":"Ignored","floor":21.0,"gold_loss":0.0,"damage_taken":0.0},{"damage_healed":0.0,"max_hp_gain":0.0,"max_hp_loss":0.0,"gold_gain":0.0,"event_name":"Transmorgrifier","player_choice":"Ignored","floor":22.0,"gold_loss":0.0,"damage_taken":0.0},{"damage_healed":0.0,"max_hp_gain":0.0,"max_hp_loss":0.0,"gold_gain":0.0,"event_name":"Masked Bandits","player_choice":"Paid Fearfully","floor":25.0,"gold_loss":283.0,"damage_taken":0.0},{"cards_removed":["Strike_G"],"damage_healed":0.0,"max_hp_gain":0.0,"max_hp_loss":0.0,"gold_gain":0.0,"event_name":"Back to Basics","player_choice":"Elegance","floor":30.0,"gold_loss":0.0,"damage_taken":0.0},{"cards_removed":["Defend_G"],"damage_healed":0,"gold_gain":0,"player_choice":"Purged","damage_taken":0,"max_hp_gain":0,"max_hp_loss":0,"event_name":"Purifier","floor":39,"gold_loss":0}],"is_beta":false,"boss_relics":[{"not_picked":["Pandora\u0027s Box","Ectoplasm"],"picked":"Black Star"},{"not_picked":["SlaversCollar","Ring of the Serpent"],"picked":"Astrolabe"}],"items_purged_floors":[19,38,45],"is_endless":false,"potions_floor_spawned":[5,6,8,11,16,27,29,31,37,44,47,48],"ascension_level":20}}