{"host":"agga6lej02o7kt08","time":1608024901,"event":{"mods":["Aspiration","BaseMod","Colored Map","Colored Powertips","Downfall","Hubris","Minty Spire (QoL Compilation)","Replay The Spire","Spicy Shops","StSLib"],"gold_per_floor":[99,125,125,125,125,125,173,190,225,150,161,30,30,30,49,148,148,148,183,183,68,88,415,441,366,394,394,10,120,120,120,133,231,231,231,251,279,279,291,233,233,258,258,290,302,302,314,101,114,114],"floor_reached":51,"playtime":2563,"items_purged":["Pain","Writhe","champ:Defend","champ:Strike","champ:Defend"],"score":936,"play_id":"85061f31-d735-4e2a-b814-9fb163d0bac3","local_time":"20201215183501","is_ascension_mode":true,"campfire_choices":[{"data":"champ:Taunt","floor":1.0,"key":"SMITH"},{"data":"champ:Defend","floor":4.0,"key":"SMITH"},{"floor":6.0,"key":"RECALL"},{"floor":10.0,"key":"REST"},{"data":"champ:AdrenalArmor","floor":18.0,"key":"SMITH"},{"data":"champ:Devastate","floor":20.0,"key":"SMITH"},{"data":"champ:SwordThrow","floor":25.0,"key":"SMITH"},{"data":"champ:BerserkerStyle","floor":27.0,"key":"SMITH"},{"data":"champ:VampiricStrike","floor":35,"key":"SMITH"},{"data":"champ:RageSigil","floor":38,"key":"SMITH"},{"data":"champ:EndlessRage","floor":43,"key":"SMITH"}],"circlet_count":0,"master_deck":["champ:Strike","champ:Strike","champ:Defend","champ:Defend+1","champ:Execute","champ:Taunt+1","champ:AdrenalArmor+1","champ:Devastate+1","champ:RageSigil+1","champ:BerserkerStyle+1","champ:EndlessRage+1","champ:SwordThrow+1","champ:StanceDance+1","champ:VampiricStrike+1","champ:BerserkerStyle"],"relics":["hubris:HollowSoul","aspiration:SeaSaltIceCream","hubris:CuriousFeather","WarpedTongs","Tiny Chest","downfall:HeartBlessingBlue","hubris:Icosahedron","Replay:Ancient Bell","Omamori","Snack Pack","Incense Burner","Juzu Bracelet","Old Coin","Bag of Marbles","downfall:HeartBlessingRed","Mercury Hourglass","Matryoshka","Blood Vial","Toxic Egg 2","hubris:RunicObelisk","HornCleat","hubris:HerbalPaste","Oddly Smooth Stone","ReplayFunnel","Akabeko","Shovel","hubris:Towel"],"acts_visited":["Exordium","TheCity","TheBeyond"],"potions_floor_usage":[44,50,50],"damage_taken":[{"damage":51.0,"enemies":"3 Sentries","floor":2.0,"turns":10.0},{"damage":19.0,"enemies":"Jaw Worm","floor":8.0,"turns":4.0},{"damage":51.0,"enemies":"Lagavulin","floor":9.0,"turns":7.0},{"damage":14.0,"enemies":"Small Slimes","floor":11.0,"turns":3.0},{"damage":18.0,"enemies":"downfall:FleeingMerchant","floor":12.0,"turns":4.0},{"damage":25.0,"enemies":"Cultist","floor":15.0,"turns":5.0},{"damage":78.0,"enemies":"downfall:Watcher","floor":16.0,"turns":11.0},{"damage":64.0,"enemies":"Replay:Snechameleon","floor":19.0,"turns":8.0},{"damage":39.0,"enemies":"downfall:FleeingMerchant","floor":21.0,"turns":4.0},{"damage":44.0,"enemies":"Chosen","floor":22.0,"turns":7.0},{"damage":84.0,"enemies":"Book of Stabbing","floor":23.0,"turns":8.0},{"damage":34.0,"enemies":"Slavers","floor":26.0,"turns":5.0},{"damage":38.0,"enemies":"downfall:FleeingMerchant","floor":28.0,"turns":4.0},{"damage":24,"enemies":"Sentry and Sphere","floor":29,"turns":2},{"damage":19,"enemies":"Chosen and Byrds","floor":32,"turns":3},{"damage":77,"enemies":"downfall:Silent","floor":33,"turns":6},{"damage":30,"enemies":"3 Shapes","floor":36,"turns":3},{"damage":96,"enemies":"R_Hoarder","floor":37,"turns":7},{"damage":0,"enemies":"Orb Walker","floor":39,"turns":1},{"damage":21,"enemies":"downfall:FleeingMerchant","floor":40,"turns":3},{"damage":48,"enemies":"Giant Head","floor":42,"turns":4},{"damage":17,"enemies":"Reptomancer","floor":44,"turns":3},{"damage":42,"enemies":"Jaw Worm Horde","floor":45,"turns":3},{"damage":61,"enemies":"Transient","floor":47,"turns":5},{"damage":24,"enemies":"4 Shapes","floor":49,"turns":3},{"damage":62,"enemies":"downfall:Ironclad","floor":50,"turns":4}],"seed_played":"-7020285560282669713","potions_obtained":[{"floor":2.0,"key":"ColorlessPotion"},{"floor":23.0,"key":"champ:OpenerPotion"},{"floor":29,"key":"Explosive Potion"},{"floor":31,"key":"CultistPotion"},{"floor":36,"key":"champ:OpenerPotion"},{"floor":45,"key":"DuplicationPotion"}],"is_trial":false,"path_per_floor":["R","E","?","R","?","R","T","M","E","R","M","$","?","?","M","B",null,"R","E","R","$","M","E","T","R","E","R","$","M","T","?","M","B",null,"R","M","E","R","M","$","T","E","R","E","M","?","M","$","M","B",null],"character_chosen":"THE_CHAMP","items_purchased":["champ:EndlessRage","Matryoshka","hubris:HerbalPaste","champ:BerserkerStyle"],"campfire_rested":1,"item_purchase_floors":[12,28,40,48],"current_hp_per_floor":[90,54,54,54,54,54,54,43,23,63,58,55,55,55,64,64,100,100,81,81,69,74,57,57,57,46,46,38,47,47,47,46,37,100,100,100,85,85,87,100,100,100,100,100,100,100,100,100,100,100],"gold":114,"neow_bonus":"BOSS_RELIC","is_daily":false,"chose_seed":false,"campfire_upgraded":9,"win_rate":0.0,"timestamp":1608024901,"path_taken":["R","E","?","R","?","R","T","M","E","R","?","$","?","?","M","BOSS","R","E","R","$","M","E","T","R","E","R","$","M","?","?","M","BOSS","R","M","E","R","M","$","T","E","R","E","M","?","M","$","M","BOSS"],"items_purchased_type":["Card","Relic","Relic","Card"],"build_version":"2020-12-13","purchased_purges":5,"victory":true,"max_hp_per_floor":[90,90,90,90,90,90,90,90,90,100,100,100,100,100,100,100,100,100,100,100,100,100,100,100,100,100,100,100,100,100,100,100,100,100,100,100,100,100,100,100,100,100,100,100,100,100,100,100,100,100],"card_choices":[{"not_picked":["champ:Riposte","champ:Balance","champ:SwordSigil"],"picked":"SKIP","floor":2.0},{"not_picked":["champ:Circumvent","champ:Haymaker"],"picked":"champ:AdrenalArmor","floor":8.0},{"not_picked":["champ:AdrenalArmor","champ:GladiatorsShout"],"picked":"champ:Devastate","floor":9.0},{"not_picked":["champ:BringItOn","champ:FocusedBerserking"],"picked":"champ:RageSigil","floor":11.0},{"not_picked":["champ:ShieldSigil","champ:PerfectedStrike"],"picked":"champ:BerserkerStyle","floor":12.0},{"not_picked":["champ:PerfectedStrike","champ:FalseCounter","champ:BerserkersShout"],"picked":"SKIP","floor":15.0},{"not_picked":["champ:DancingMaster","champ:SteelEdge"],"picked":"champ:SwordThrow","floor":16.0},{"not_picked":["sneckomod:Bewildered","hubris:Wrath"],"picked":"Parasite","floor":17.0},{"not_picked":["hubris:Disease","Overencumbered"],"picked":"Decay","floor":17.0},{"not_picked":["hexamod:Haunted","Regret"],"picked":"Writhe","floor":17.0},{"not_picked":["champ:BerserkersShout","champ:BringItOn+1","champ:DancingMaster"],"picked":"SKIP","floor":19.0},{"not_picked":["champ:BladeFlurry","champ:RisingSlash","champ:Riposte"],"picked":"SKIP","floor":21.0},{"not_picked":["champ:BerserkersShout+1","champ:GladiatorsShout+1","champ:RageSigil"],"picked":"SKIP","floor":22.0},{"not_picked":["champ:BerserkerStyle","champ:FalseCounter","champ:Aggression"],"picked":"SKIP","floor":23.0},{"not_picked":["champ:BerserkerStyle","champ:FalseCounter","champ:Aggression"],"picked":"SKIP","floor":23.0},{"not_picked":["champ:RecklessLeap","champ:FanOfKnives","champ:FocusedBerserking"],"picked":"SKIP","floor":26.0},{"not_picked":["champ:GladiatorsShout+1","champ:HeartStrike","champ:StanceDance"],"picked":"SKIP","floor":28.0},{"not_picked":["champ:FanOfKnives","champ:GutPunch","champ:SwordSigil"],"picked":"SKIP","floor":29},{"not_picked":["champ:BladeFlurry","champ:FanOfKnives"],"picked":"champ:StanceDance+1","floor":32},{"not_picked":["champ:SteelEdge","champ:SwordThrow"],"picked":"champ:VampiricStrike","floor":33},{"not_picked":["champ:DefensiveShout+1","champ:CrookedStrike+1","champ:EnGarde+1"],"picked":"SKIP","floor":36},{"not_picked":["champ:BerserkersShout+1","champ:Circumvent+1","champ:BringItOn+1"],"picked":"SKIP","floor":37},{"not_picked":["champ:GutPunch","champ:StanceDance+1","champ:FlashCut+1"],"picked":"SKIP","floor":39},{"not_picked":["champ:RageSigil+1","champ:Circumvent+1","champ:CalledShot+1"],"picked":"SKIP","floor":40},{"not_picked":["champ:GladiatorsShout+1","champ:EnragedBash","champ:DefensiveShout+1"],"picked":"SKIP","floor":42},{"not_picked":["champ:CrownThrow","champ:TornadoPunch+1","champ:SwordSigil+1"],"picked":"SKIP","floor":44},{"not_picked":["champ:Shatter","champ:BringItOn+1","champ:FocusedDefense+1"],"picked":"SKIP","floor":45},{"not_picked":["champ:DefensiveShout+1","champ:GladiatorStyle+1","champ:Duel+1"],"picked":"SKIP","floor":47},{"not_picked":["champ:FocusedDefense+1","champ:TornadoPunch","champ:DefensiveStyle+1"],"picked":"SKIP","floor":49}],"player_experience":731742,"relics_obtained":[{"floor":2.0,"key":"aspiration:SeaSaltIceCream"},{"floor":9.0,"key":"Tiny Chest"},{"floor":19.0,"key":"Juzu Bracelet"},{"floor":23.0,"key":"Old Coin"},{"floor":24.0,"key":"Bag of Marbles"},{"floor":26.0,"key":"Mercury Hourglass"},{"floor":30,"key":"Blood Vial"},{"floor":30,"key":"Toxic Egg 2"},{"floor":37,"key":"HornCleat"},{"floor":41,"key":"Oddly Smooth Stone"},{"floor":41,"key":"ReplayFunnel"},{"floor":42,"key":"Akabeko"},{"floor":44,"key":"Shovel"}],"event_choices":[{"damage_healed":0.0,"max_hp_gain":0.0,"max_hp_loss":0.0,"gold_gain":0.0,"event_name":"Accursed Blacksmith","player_choice":"Rummage","floor":5.0,"gold_loss":0.0,"damage_taken":0.0,"relics_obtained":["WarpedTongs"],"cards_obtained":["Pain"]}],"is_beta":false,"boss_relics":[{"not_picked":["Replay:Drink Me","Tiny House"],"picked":"Replay:Ancient Bell"},{"not_picked":["Replay:Baseball","Dream Catcher"],"picked":"Omamori"},{"not_picked":["Blue Candle","hubris:DuctTape"],"picked":"Snack Pack"},{"not_picked":["Thread and Needle","hubris:FunFungus"],"picked":"Incense Burner"},{"not_picked":["aspiration:FutureDiary","hubris:Stopwatch"],"picked":"hubris:RunicObelisk"}],"items_purged_floors":[12,21,28,40,40],"is_endless":false,"potions_floor_spawned":[2,23,29,36,45,47],"ascension_level":1}}