{"host":"gmhvrhqrqxog9im1","time":1608071578,"event":{"mods":["2.2 Compatiblity","AchievementEnabler","BaseMod","Better Third Choice","BetterRewards","Colored Map","Conspire","Infinite Spire","Minty Spire (QoL Compilation)","Replay The Spire","Say the Spire","Shop Mod","StSLib","The Jungle"],"gold_per_floor":[115,146,162,162,174,207,207,15,15,41,41,41,53,53,53,149,149,163,78,78,67,81,113,113,132,132,143,162,21,49,49,49,49,49],"floor_reached":33,"playtime":1277,"items_purged":[],"score":448,"play_id":"481bcfbd-2b27-42ea-bac2-0346d91722cd","local_time":"20201216003258","is_ascension_mode":true,"campfire_choices":[{"data":"Metamorphosis","floor":7.0,"key":"SMITH"},{"floor":15.0,"key":"REST"},{"data":"Envenom","floor":24,"key":"SMITH"},{"data":"Replay:Poison Smokescreen","floor":32,"key":"SMITH"}],"circlet_count":0,"master_deck":["Strike_G","Strike_G","Strike_G","Strike_G","Strike_G","Defend_G","Defend_G","Defend_G","Defend_G","Defend_G","Survivor","Neutralize","Metamorphosis+1","Flying Knee","Deadly Poison","Replay:Poison Smokescreen+1","Corpse Explosion","Bandage Up","Dodge and Roll","Poisoned Stab","Setup","Catalyst","Crippling Poison","Deflect","Envenom+1","Terror","Ghostly+1","Ghostly+1","Ghostly+1","Ghostly+1","Ghostly+1","Bane","Masterful Stab","Distraction+1","Caltrops"],"relics":["Ring of the Snake","Meat on the Bone","Replay:Bottled Flurry","Blood Vial","conspire:TopHat","FaceOfCleric","Singing Bowl","conspire:SpecialSausage","Byrd Skull","Replay:Bottled Eggs","Matryoshka","MerchantsRug","Replay:Baseball","Ring of Peace","Ring of Panic"],"acts_visited":["Exordium","TheCity"],"potions_floor_usage":[23],"damage_taken":[{"damage":1.0,"enemies":"Small Slimes","floor":1.0,"turns":4.0},{"damage":19.0,"enemies":"conspire:MimicChest","floor":2.0,"turns":4.0},{"damage":6.0,"enemies":"2 Louse","floor":3.0,"turns":3.0},{"damage":10.0,"enemies":"Cultist","floor":5.0,"turns":4.0},{"damage":18.0,"enemies":"3 Sentries","floor":6.0,"turns":3.0},{"damage":26.0,"enemies":"Lagavulin","floor":10.0,"turns":5.0},{"damage":15.0,"enemies":"Blue Slaver","floor":13.0,"turns":5.0},{"damage":59.0,"enemies":"Slime Boss","floor":16.0,"turns":6.0},{"damage":6.0,"enemies":"Spheric Guardian","floor":18.0,"turns":5.0},{"damage":10.0,"enemies":"2 Thieves","floor":21.0,"turns":4.0},{"damage":13.0,"enemies":"Snake Plant","floor":22.0,"turns":6.0},{"damage":27,"enemies":"Book of Stabbing","floor":23,"turns":7},{"damage":2,"enemies":"Snecko","floor":25,"turns":6},{"damage":16,"enemies":"Centurion and Healer","floor":27,"turns":9},{"damage":3,"enemies":"Snake Plant","floor":28,"turns":4},{"damage":14,"enemies":"conspire:SneckoGhost","floor":30,"turns":12},{"damage":49,"enemies":"conspire:MysteriousRune","floor":33,"turns":9}],"seed_played":"-2361325070034237576","potions_obtained":[{"floor":2.0,"key":"Swift Potion"},{"floor":10.0,"key":"SpeedPotion"},{"floor":16.0,"key":"Block Potion"},{"floor":22.0,"key":"LiquidMemories"},{"floor":25,"key":"LifebloodPotion"},{"floor":27,"key":"Energy Potion"}],"is_trial":false,"path_per_floor":["M","?","M","?","M","E","R","$","T","E","$","?","M","T","R","B",null,"M","?","?","M","M","E","R","M","T","M","M","$","E","?","R","B"],"character_chosen":"THE_SILENT","items_purchased":["Blood Vial","Catalyst","MerchantsRug"],"campfire_rested":1,"item_purchase_floors":[8,8,29],"current_hp_per_floor":[62,43,37,37,43,41,41,41,41,33,33,33,37,37,56,16,53,54,54,33,24,30,24,24,31,31,22,28,28,33,33,33,0,0],"gold":49,"neow_bonus":"RANDOM_COLORLESS_2","is_daily":false,"chose_seed":false,"campfire_upgraded":3,"win_rate":0.0,"timestamp":1608071578,"path_taken":["M","?","?","?","?","E","R","?","T","E","?","?","?","?","R","BOSS","M","?","?","M","M","E","R","M","T","M","M","$","E","?","R","BOSS"],"items_purchased_type":["Relic","Card","Relic"],"build_version":"2020-12-13","purchased_purges":0,"victory":false,"max_hp_per_floor":[63,63,63,63,63,63,63,63,63,63,63,63,64,64,64,65,65,66,66,33,34,35,38,38,41,41,42,45,45,46,46,46,46,46],"card_choices":[{"not_picked":["ReplayTheSpireMod:Brewmster","ReplayTheSpireMod:Necrogeddon"],"picked":"Metamorphosis","floor":0.0},{"not_picked":["Outmaneuver","Riddle With Holes"],"picked":"Flying Knee","floor":1.0},{"not_picked":["Flying Knee","Prepared"],"picked":"Deadly Poison","floor":2.0},{"not_picked":["Hidden Blade","Predator"],"picked":"Replay:Poison Smokescreen","floor":3.0},{"not_picked":["Slice","Dodge and Roll"],"picked":"Poisoned Stab","floor":5.0},{"not_picked":["Doppelganger","Well Laid Plans"],"picked":"Setup","floor":6.0},{"not_picked":["Slice","Deflect"],"picked":"Crippling Poison","floor":10.0},{"not_picked":["Sucker Punch","Dagger Spray"],"picked":"Deflect","floor":13.0},{"not_picked":["Night Terror","A Thousand Cuts"],"picked":"Envenom","floor":16.0},{"not_picked":["PiercingWail","Flying Knee+1"],"picked":"Terror","floor":18.0},{"not_picked":["Toxin Wave","Dagger Spray"],"picked":"Bane","floor":21.0},{"not_picked":["Backflip","Dagger Throw"],"picked":"Masterful Stab","floor":22.0},{"not_picked":["Slice+1","Eviscerate+1","Prepared+1"],"picked":"Singing Bowl","floor":23},{"not_picked":["Dagger Spray","Terror","Flying Knee"],"picked":"Singing Bowl","floor":25},{"not_picked":["Flying Knee+1","Infinite Blades"],"picked":"Distraction+1","floor":27},{"not_picked":["ReplayTheSpireMod:Tripwire","Dagger Spray","Sucker Punch+1"],"picked":"Singing Bowl","floor":28},{"not_picked":["Storm of Steel","Endless Agony+1"],"picked":"Caltrops","floor":30}],"player_experience":594114,"relics_obtained":[{"floor":2.0,"key":"Meat on the Bone"},{"floor":6.0,"key":"Replay:Bottled Flurry"},{"floor":9.0,"key":"Potion Belt"},{"floor":10.0,"key":"conspire:TopHat"},{"floor":14.0,"key":"Singing Bowl"},{"floor":23,"key":"Replay:Bottled Eggs"},{"floor":26,"key":"Matryoshka"},{"floor":30,"key":"Replay:Baseball"},{"floor":31,"key":"Ring of Peace"},{"floor":31,"key":"Ring of Panic"}],"event_choices":[{"damage_healed":0.0,"max_hp_gain":0.0,"max_hp_loss":0.0,"gold_gain":0.0,"event_name":"Match and Keep!","player_choice":"3 cards matched","floor":4.0,"gold_loss":0.0,"damage_taken":0.0,"cards_obtained":["Corpse Explosion","Bandage Up","Dodge and Roll"]},{"damage_healed":0.0,"max_hp_gain":0.0,"max_hp_loss":0.0,"gold_gain":0.0,"event_name":"FaceTrader","player_choice":"Trade","floor":12.0,"gold_loss":0.0,"damage_taken":0.0,"relics_obtained":["FaceOfCleric"]},{"damage_healed":0.0,"max_hp_gain":0.0,"max_hp_loss":0.0,"gold_gain":0.0,"event_name":"Addict","player_choice":"Obtained Relic","floor":19.0,"gold_loss":85.0,"damage_taken":0.0,"relics_obtained":["Byrd Skull"]},{"damage_healed":0.0,"max_hp_gain":0.0,"max_hp_loss":33.0,"gold_gain":0.0,"event_name":"Ghosts","player_choice":"Became a Ghost","floor":20.0,"gold_loss":0.0,"damage_taken":0.0,"cards_obtained":["Ghostly","Ghostly","Ghostly","Ghostly","Ghostly"]}],"is_beta":false,"boss_relics":[{"not_picked":["Tiny House","Velvet Choker"],"picked":"conspire:SpecialSausage"}],"items_purged_floors":[],"is_endless":false,"potions_floor_spawned":[2,10,16,22,25,27],"killed_by":"conspire:MysteriousRune","ascension_level":7}}