{"host":"4lxzgdqpvzyot39g","time":1608075871,"event":{"mods":["Abigail Mod","Act Like it!","Aspiration","BaseMod","Beaked The Cultist","Better Altar","Better Match","Better Note","Better Sensory Stone","Better Skull","Better Third Choice","CCEM","Colored Map","Colored Powertips","Conspire","Displayed Cursed Tome","Dota2Spire","Energized Spire","Friendly Minions","Gensokyo","GifTheSpireLib","Halation","Hallownest","Hermit","Highlight Path","HololiveMod","Hubris","Infinite Spire","Jedi Mod","JesterMod","Mari Mod (Legacy)","Mari\u0027s V1 Patch","MarisaÅiñ∂âJÅ@ñÇóùçπÅj","Minty Spire (QoL Compilation)","Prisma Mod","Quarter Circle Forward PUNCH!","Relic Filter","Replay The Spire","Robot Space Explorer","SCP261 Mod","Small Relic Pack","Spicy Shops","Spikes Relics","StSLib","Stuff the Spire","The Alterego","The Blue Laboratory","The Bug Knight","The Cursed","The Fake Hero","The Servant 0.9.4","The Wild Card","Trackpad","Waifu the Spire","WarShipGirlsR/??è≠èóR mod","vexMod","Åy?ï®?îvÅzREMEMod"],"gold_per_floor":[79,79,79,79,98,130,130,130,165,165,246,276,276,128,142,159,159,231,231,244,97,97,116,116,149,184,216,242,276,276,276,226,251,251,325,325,341,341,353,96,96,126,146,174,198,214,227,227,227,254,254,333,333,333,33,66,66],"floor_reached":58,"playtime":2042,"items_purged":["Hololive_Strike","LightFlow"],"score":2562,"play_id":"58379481-5cad-493e-b1df-3bceb24b51ee","local_time":"20201215184431","is_ascension_mode":true,"campfire_choices":[{"data":"Hololive_Recruit","floor":10.0,"key":"SMITH"},{"data":"Hololive_Yoholoon","floor":17.0,"key":"SMITH"},{"data":"Hololive_FlyingPonyTail","floor":30.0,"key":"SMITH"},{"data":"Insight","floor":34.0,"key":"SMITH"},{"floor":51,"key":"RECALL"},{"data":"Hololive_Thief","floor":54,"key":"SMITH"}],"circlet_count":0,"master_deck":["AscendersBane","Hololive_CallUruhaRushia","Hololive_Rebound","Hallownest:skillLeafShield","Hallownest:skillLeafShield","Hallownest:skillLeafShield","Hallownest:skillLeafShield","Hallownest:skillLeafShield","hubris:InfiniteBlow+276","Hololive_Recruit+1","Hololive_FlyingPonyTail+1","Hololive_Rebound","Hololive_Yoholoon+1","Hololive_Rebound","Hololive_Rebound","Insight+1","Hololive_Rebound","Hololive_Thief+1","hubris:NaturalOne","Hololive_FlyingPonyTail+1","Hololive_Rebound+1"],"relics":["Hololive_TheStar","Hololive_TheOnlyOne","REME_ComplimentaryCards","NeowsBlessing","Hallownest:DreamNailRelic","CCEMRelics:TechnogenicHelmet","ReplayTheSpireMod:TigerMarble","conspire:Dentures","Orrery","trackpad:StolenKidneys","Bag of Preparation","vexMod:InvisibilityCloak","Red Mask","ReplayFunnel","StuffTheSpire:OldFever","Dota2Spire:Dagon","hubris:Icosahedron","energizedSpire:HugeHouse","Vajra","trackpad:BottledTsunami","CCEMRelics:PorcelainBowl","SpikesRelics:DaevaFist","Dota2Spire:Vanguard","qcfpunch:Chain_With_Nametags","Dota2Spire:PhaseBoots"],"acts_visited":["Hallownest:Greenpath","TheCity","Hallownest:KingdomsEdge","TheEnding"],"potions_floor_usage":[],"damage_taken":[{"damage":0.0,"enemies":"Hallownest:2_Tiktiks_and_1_Crawlid","floor":1.0,"turns":2.0},{"damage":0.0,"enemies":"Hallownest:2_Baldur","floor":5.0,"turns":1.0},{"damage":0.0,"enemies":"Hallownest:eliteVengeflyKing","floor":6.0,"turns":1.0},{"damage":3.0,"enemies":"Hallownest:eliteCrystalGuardian","floor":9.0,"turns":4.0},{"damage":0.0,"enemies":"Hallownest:eliteVengeflyKing","floor":12.0,"turns":1.0},{"damage":0.0,"enemies":"Hallownest:2_MossCreeps","floor":15.0,"turns":4.0},{"damage":15.0,"enemies":"Hallownest:Wandering_and_Horned","floor":16.0,"turns":4.0},{"damage":0.0,"enemies":"Hallownest:BossBrokenVessel","floor":18.0,"turns":4.0},{"damage":0.0,"enemies":"conspire:FuzzyDice","floor":20.0,"turns":6.0},{"damage":0.0,"enemies":"Spheric Guardian","floor":23.0,"turns":2.0},{"damage":0.0,"enemies":"HollowMod:Nosk","floor":25.0,"turns":5.0},{"damage":17.0,"enemies":"Masked Bandits","floor":26.0,"turns":4.0},{"damage":0.0,"enemies":"conspire:Head Lice","floor":27.0,"turns":1.0},{"damage":0.0,"enemies":"Replay:Snechameleon","floor":29.0,"turns":2.0},{"damage":0.0,"enemies":"HollowMod:Nosk","floor":33.0,"turns":3.0},{"damage":0.0,"enemies":"hubris:MusketHawk","floor":35.0,"turns":2.0},{"damage":0.0,"enemies":"Hallownest:Shield_Heavy","floor":37.0,"turns":4.0},{"damage":9.0,"enemies":"Hallownest:2_Littles","floor":39.0,"turns":4.0},{"damage":0.0,"enemies":"Hallownest:eliteCollector","floor":42.0,"turns":1.0},{"damage":0.0,"enemies":"Hallownest:2_Wandering_and_1_Horned","floor":43.0,"turns":5.0},{"damage":0.0,"enemies":"Hallownest:eliteHiveKnight","floor":44.0,"turns":1.0},{"damage":0.0,"enemies":"Hallownest:monsterPrimalAspid","floor":46.0,"turns":1.0},{"damage":0.0,"enemies":"Hallownest:2_Great","floor":47.0,"turns":4.0},{"damage":0.0,"enemies":"Hallownest:eliteCollector","floor":50.0,"turns":2.0},{"damage":0,"enemies":"Hallownest:Radiance","floor":52,"turns":2},{"damage":0,"enemies":"Shield and Spear","floor":56,"turns":2},{"damage":1,"enemies":"The Heart","floor":57,"turns":1}],"seed_played":"-6327482174438892917","potions_obtained":[{"floor":6.0,"key":"SCP261:DewritoBlazePotion"},{"floor":9.0,"key":"Weak Potion"},{"floor":39.0,"key":"Swift Potion"},{"floor":46.0,"key":"FairyPotion"}],"is_trial":false,"path_per_floor":["M","?","?","?","M","E","PTL","PTL","E","R","T","E","$","$","M","M","R","B",null,"M","$","?","M","?","E","?","E","T","E","R","?","AVR","E","R","B",null,"M","?","M","$","?","E","M","E","T","M","M","?","?","E","R","B",null,"R","$","E","B",null],"character_chosen":"Hololive_HololiveCharacter","items_purchased":["Orrery","Bag of Preparation","trackpad:BottledTsunami"],"campfire_rested":0,"item_purchase_floors":[14,21,40],"current_hp_per_floor":[27,27,20,20,23,23,23,23,20,20,20,20,20,20,20,5,5,5,24,24,24,24,24,24,24,7,7,7,7,7,7,7,7,7,7,21,21,21,12,12,12,12,12,13,13,13,17,15,25,25,25,25,26,26,26,26,25],"gold":66,"neow_bonus":"THREE_ENEMY_KILL","is_daily":false,"chose_seed":false,"campfire_upgraded":5,"win_rate":0.0,"timestamp":1608075871,"path_taken":["M","?","?","?","M","E","PTL","PTL","E","R","T","E","?","$","M","?","R","BOSS","M","$","?","M","?","E","?","E","T","E","R","?","AVR","E","R","BOSS","M","?","M","$","?","E","?","E","T","M","M","?","?","E","R","BOSS","R","$","E","BOSS"],"items_purchased_type":["Relic","Relic","Relic"],"build_version":"2020-12-13","purchased_purges":2,"victory":true,"max_hp_per_floor":[30,30,30,30,30,30,30,30,30,30,30,30,30,30,30,30,30,30,30,30,30,30,30,30,30,30,30,30,30,30,30,25,25,25,25,25,25,25,25,25,25,25,25,26,26,26,26,26,26,26,26,26,26,26,26,26,26],"card_choices":[{"not_picked":["Hololive_CallManoAloe","Hololive_CallNakiriAyame","Hololive_CallYukihanaLamy"],"picked":"Hololive_Rebound","floor":1.0},{"not_picked":["ReplayTheSpireMod:Haul","infinitespire:FinalStrike"],"picked":"hubris:InfiniteBlow+69","floor":3.0},{"not_picked":["Hololive_Drill","Hololive_OvertimeWork","Hololive_Rebound"],"picked":"Hololive_CallNatsuiroMatsuri","floor":5.0},{"not_picked":["Hololive_Rebound","Hololive_CocoNews","Hololive_CallOmaruPolka"],"picked":"Hololive_Recruit","floor":6.0},{"not_picked":["Hololive_Sequa","Hololive_CocoNews","Hololive_ASMR","Hololive_CallHoshimachiSuisei"],"picked":"SKIP","floor":9.0},{"not_picked":["Hololive_Watashimo","Hololive_Rebound","Hololive_Drill"],"picked":"Hololive_FlyingPonyTail","floor":12.0},{"not_picked":["Hololive_Breathe","Hololive_Sequa","Hololive_CallUsadaPekora"],"picked":"Hololive_Rebound","floor":14.0},{"not_picked":["Hololive_OvertimeWork","Hololive_LuckPotion","Hololive_DurableLive"],"picked":"Hololive_Rebound","floor":14.0},{"not_picked":["Hololive_HuntDinosaur","Hololive_CallHimemoriLuna","Hololive_Sequa"],"picked":"Hololive_Yoholoon","floor":14.0},{"not_picked":["Hololive_LuckPotion","Hololive_OvertimeWork","Hololive_WolfAndLamb"],"picked":"Hololive_Rebound","floor":14.0},{"not_picked":["Hololive_CallAZKi","Hololive_LuckPotion","Hololive_CallShiroganeNoel"],"picked":"Hololive_Rebound","floor":15.0},{"not_picked":["Hololive_CocoNews","Hololive_CallYuzukiChoco","Hololive_Spy"],"picked":"Hololive_CallTokoyamiTowa","floor":16.0},{"not_picked":["Hololive_CallArtia","Hololive_CallManoAloe","Hololive_CocoNews"],"picked":"Hololive_CallNekomataOkayu","floor":20.0},{"not_picked":["Hololive_StrengthChampion","Hololive_CallAyundaRisu+1","Hololive_Breathe","Hololive_HuntDinosaur"],"picked":"SKIP","floor":23.0},{"not_picked":["Hololive_CocoNews","Hololive_Sequa","Hololive_RevenueBasedLive","Hololive_BeCareful"],"picked":"SKIP","floor":25.0},{"not_picked":["Hololive_LuckPotion","Hololive_Psychosis","Hololive_CallYozoraMel","Hololive_OvertimeWork"],"picked":"SKIP","floor":27.0},{"not_picked":["Hololive_Psychosis","Hololive_Drill","Hololive_Trident"],"picked":"Hololive_Rebound","floor":29.0},{"not_picked":["Hololive_Trident+1","Hololive_Sequa","Hololive_Breathe","Hololive_DiamondStrike"],"picked":"SKIP","floor":33.0},{"not_picked":["Hololive_WolfAndLamb","Hololive_Nanodesu","Hololive_Rebirth"],"picked":"Hololive_Thief","floor":35.0},{"not_picked":["Hololive_Breathe","Hololive_CallKiryuuCoco","Hololive_CocoNews","Hololive_RevenueBasedLive"],"picked":"SKIP","floor":37.0},{"not_picked":["Hololive_StrengthChampion+1","Hololive_Sequa+1","Hololive_HuntDinosaur+1"],"picked":"Hololive_FlyingPonyTail+1","floor":38.0},{"not_picked":["Hololive_StrengthChampion","Hololive_Psychosis","Hololive_Trident","Hololive_OvertimeWork"],"picked":"SKIP","floor":39.0},{"not_picked":["Hololive_CallKiryuuCoco","Hololive_CallUsadaPekora","Hololive_CocoNews","Hololive_LuckPotion"],"picked":"SKIP","floor":42.0},{"not_picked":["Hololive_CocoNews","Hololive_Breathe","Hololive_CallCivia"],"picked":"Hololive_Rebound+1","floor":43.0},{"not_picked":["Hololive_SoulCatcher","Hololive_RevenueBasedLive","Hololive_CallMoonaHoshinova","Hololive_ScarfAndHalo"],"picked":"SKIP","floor":44.0},{"not_picked":["Hololive_RevenueBasedLive","Hololive_Psychosis+1","Hololive_Drill","Hololive_CallOzoraSubaru"],"picked":"SKIP","floor":46.0},{"not_picked":["Hololive_StrengthChampion+1","Hololive_Psychosis","Hololive_RevenueBasedLive","Hololive_LuckPotion+1"],"picked":"SKIP","floor":47.0},{"not_picked":["Hololive_Drill","Hololive_ScarfAndHalo","Hololive_Sequa","Hololive_CallNatsuiroMatsuri"],"picked":"SKIP","floor":50.0},{"not_picked":["Hololive_SoulCatcher","Hololive_Drill","Hololive_CallMurasakiShion","Hololive_CallRoboco"],"picked":"SKIP","floor":56}],"player_experience":1000040,"relics_obtained":[{"floor":6.0,"key":"CCEMRelics:TechnogenicHelmet"},{"floor":9.0,"key":"ReplayTheSpireMod:TigerMarble"},{"floor":12.0,"key":"conspire:Dentures"},{"floor":25.0,"key":"vexMod:InvisibilityCloak"},{"floor":26.0,"key":"Red Mask"},{"floor":27.0,"key":"ReplayFunnel"},{"floor":28.0,"key":"StuffTheSpire:OldFever"},{"floor":29.0,"key":"Dota2Spire:Dagon"},{"floor":33.0,"key":"Vajra"},{"floor":42.0,"key":"CCEMRelics:PorcelainBowl"},{"floor":44.0,"key":"SpikesRelics:DaevaFist"},{"floor":45.0,"key":"Dota2Spire:Vanguard"},{"floor":50.0,"key":"qcfpunch:Chain_With_Nametags"},{"floor":56,"key":"Dota2Spire:PhaseBoots"}],"event_choices":[{"damage_healed":0.0,"max_hp_gain":0.0,"max_hp_loss":0.0,"gold_gain":0.0,"event_name":"betterThird:BetterWriting","player_choice":"Insight","floor":22.0,"gold_loss":0.0,"damage_taken":0.0,"cards_obtained":["Insight"]},{"damage_healed":0.0,"max_hp_gain":0.0,"max_hp_loss":0.0,"gold_gain":0.0,"event_name":"Masked Bandits","player_choice":"Fought Bandits","floor":26.0,"gold_loss":0.0,"damage_taken":0.0},{"damage_healed":0.0,"max_hp_gain":0.0,"max_hp_loss":0.0,"gold_gain":0.0,"event_name":"betterMatch:BetterMatch","player_choice":"3","floor":38.0,"gold_loss":0.0,"damage_taken":0.0,"cards_obtained":["betterMatch:CommonCard"]},{"damage_healed":0.0,"max_hp_gain":0.0,"max_hp_loss":0.0,"gold_gain":0.0,"event_name":"conspire:Investor","player_choice":"Leave","floor":48.0,"gold_loss":0.0,"damage_taken":0.0}],"is_beta":false,"boss_relics":[{"not_picked":["Philosopher\u0027s Stone","aspiration:FutureDiary"],"picked":"trackpad:StolenKidneys"},{"not_picked":["Kintsugi","Hololive_Finger","Replay:Bronze Core"]}],"items_purged_floors":[32,55],"is_endless":false,"potions_floor_spawned":[6,9,18,20,25,39,46,50,52],"ascension_level":15}}