{"host":"f5n4tidiz2n5sooh","time":1608025658,"event":{"mods":["BaseMod","Colored Map","Minty Spire (QoL Compilation)","Relic Stats","StSLib"],"gold_per_floor":[119,133,144,163,313,313,313,313,313,332,343,376,376,396,396,396,396],"floor_reached":16,"playtime":483,"items_purged":[],"score":208,"play_id":"3bc006a6-fe04-4bf8-b5d2-4a0180f4d79d","local_time":"20201215034738","is_ascension_mode":true,"campfire_choices":[{"data":"Glass Knife","floor":6,"key":"SMITH"},{"data":"Predator","floor":8,"key":"SMITH"},{"data":"Well Laid Plans","floor":13,"key":"SMITH"},{"floor":15,"key":"REST"}],"circlet_count":0,"master_deck":["AscendersBane","Strike_G","Strike_G","Strike_G","Strike_G","Strike_G","Defend_G","Defend_G","Defend_G","Defend_G","Defend_G","Survivor","Neutralize","Glass Knife+1","Well Laid Plans+1","Predator+1","Acrobatics","Night Terror","Doubt","Tools of the Trade"],"relics":["Ring of the Snake","FaceOfCleric","Mercury Hourglass","Bottled Flame"],"acts_visited":["Exordium"],"potions_floor_usage":[10,14,16],"damage_taken":[{"damage":0,"enemies":"2 Louse","floor":1,"turns":2},{"damage":1,"enemies":"Jaw Worm","floor":2,"turns":6},{"damage":0,"enemies":"Cultist","floor":3,"turns":3},{"damage":7,"enemies":"Looter","floor":4,"turns":4},{"damage":11,"enemies":"Exordium Thugs","floor":10,"turns":6},{"damage":0,"enemies":"2 Fungi Beasts","floor":11,"turns":2},{"damage":35,"enemies":"Lagavulin","floor":12,"turns":7},{"damage":4,"enemies":"Large Slime","floor":14,"turns":6},{"damage":24,"enemies":"Slime Boss","floor":16,"turns":4}],"seed_played":"4973583363548300970","potions_obtained":[{"floor":1,"key":"Swift Potion"},{"floor":2,"key":"Ancient Potion"},{"floor":12,"key":"Explosive Potion"},{"floor":14,"key":"ColorlessPotion"}],"is_trial":false,"path_per_floor":["M","M","M","M","?","R","?","R","T","M","M","E","R","M","R","B"],"character_chosen":"THE_SILENT","items_purchased":[],"campfire_rested":1,"item_purchase_floors":[],"current_hp_per_floor":[59,58,58,51,51,51,51,51,51,41,42,8,8,5,24,0,0],"gold":396,"neow_bonus":"THREE_RARE_CARDS","is_daily":false,"chose_seed":false,"campfire_upgraded":3,"win_rate":0.0,"timestamp":1608025658,"path_taken":["M","M","M","M","?","R","?","R","T","?","M","E","R","M","R","BOSS"],"items_purchased_type":[],"build_version":"2020-12-13","purchased_purges":0,"victory":false,"max_hp_per_floor":[60,60,60,60,60,60,60,60,60,61,62,63,63,64,64,64,64],"relic_stats":{"FaceOfCleric":4,"counters":[9,40],"obtain_stats":[{"Bottled Flame":12,"FaceOfCleric":7,"Ring of the Snake":0,"Mercury Hourglass":9},{"Bottled Flame":7,"FaceOfCleric":4,"Ring of the Snake":0,"Mercury Hourglass":4},{"Bottled Flame":30,"FaceOfCleric":15,"Ring of the Snake":0,"Mercury Hourglass":15}],"Ring of the Snake":[18],"Mercury Hourglass":[87]},"card_choices":[{"not_picked":["Tools of the Trade","Phantasmal Killer"],"picked":"Glass Knife","floor":0},{"not_picked":["Expertise","Deadly Poison"],"picked":"Well Laid Plans","floor":1},{"not_picked":["Bane","Setup"],"picked":"Predator","floor":2},{"not_picked":["Backflip","Deflect"],"picked":"Acrobatics","floor":3},{"not_picked":["PiercingWail","Infinite Blades"],"picked":"Night Terror","floor":4},{"not_picked":["Dagger Spray","Dagger Throw","Dodge and Roll"],"picked":"SKIP","floor":10},{"not_picked":["Poisoned Stab","Dagger Throw","Deadly Poison"],"picked":"SKIP","floor":11},{"not_picked":["Quick Slash","Outmaneuver"],"picked":"Tools of the Trade","floor":12},{"not_picked":["Deadly Poison","Quick Slash","Poisoned Stab"],"picked":"SKIP","floor":14}],"player_experience":1890626,"relics_obtained":[{"floor":9,"key":"Mercury Hourglass"},{"floor":12,"key":"Bottled Flame"}],"event_choices":[{"damage_healed":0,"gold_gain":150,"player_choice":"AGREE","damage_taken":0,"max_hp_gain":0,"max_hp_loss":0,"event_name":"Liars Game","floor":5,"gold_loss":0,"cards_obtained":["Doubt"]},{"damage_healed":0,"gold_gain":0,"player_choice":"Trade","damage_taken":0,"relics_obtained":["FaceOfCleric"],"max_hp_gain":0,"max_hp_loss":0,"event_name":"FaceTrader","floor":7,"gold_loss":0}],"is_beta":false,"boss_relics":[],"items_purged_floors":[],"is_endless":false,"potions_floor_spawned":[1,2,12,14],"killed_by":"Slime Boss","ascension_level":20}}