{"host":"y087t2reloz9bi43","time":1608052186,"event":{"mods":["2.2 Compatiblity","AchievementEnabler","Aspiration","BaseMod","Beaked The Cultist","Better Vampires","BetterRewards","Colored Map","Colored Powertips","Conspire","Downfall","Ekko","Fireblade Mod","Friendly Minions","GifTheSpireLib","Halation","Hermit","Hubris","Infinite Spire","Jedi Mod","Mad Scientist","Marisa????????","Mimic Mod","Minty Spire (QoL Compilation)","Permanent Neow","Rare Cards Sparkle","Relic Stats","Replay The Spire","Robot Space Explorer","Shade Mod","Shop Mod","StSLib","The Blackbeard","The Bug Knight","The Construct","The Cursed","The Hierophant","The Jungle","The Necromancer","The Runesmith","The Servant 0.9.4","TheHero","TheVacant","Uncapped","everything is the same but u backflip on backflip","vexMod"],"gold_per_floor":[99,133,153,165,165,65,65,65,65,116,132,171,182,210,225,225,225],"floor_reached":16,"playtime":1242,"items_purged":[],"score":114,"play_id":"ec471193-2955-4e30-9819-9ab5df60f8ad","local_time":"20201215170946","is_ascension_mode":false,"campfire_choices":[{"data":"hexamod:Float","floor":1,"key":"SMITH"},{"data":"hexamod:Again","floor":5,"key":"SMITH"},{"floor":8,"key":"REST"}],"circlet_count":0,"master_deck":["hexamod:Strike","hexamod:Strike","hexamod:Strike","hexamod:Strike","hexamod:Defend","hexamod:Defend","hexamod:Defend","hexamod:Defend","hexamod:Sear","hexamod:Float+1","hexamod:EmpoweredFlame","hexamod:SpectersWail","hexamod:Again+1","conspire:SpireCoStock","Streamline+1","hexamod:GhostOfSpirePresent","hexamod:Firestarter","hexamod:EtherealExpedition","hexamod:HauntingEcho","hexamod:ThermalTransfer","hexamod:FastForward"],"relics":["Sozu","aspiration:Lifesprig","hubris:Teleporter"],"acts_visited":["Exordium"],"potions_floor_usage":[],"damage_taken":[{"damage":39,"enemies":"3 Sentries","floor":2,"turns":10},{"damage":1,"enemies":"Jaw Worm","floor":3,"turns":3},{"damage":0,"enemies":"Cultist","floor":4,"turns":3},{"damage":25,"enemies":"Replay:BlueRogue","floor":10,"turns":4},{"damage":2,"enemies":"Small Slimes","floor":11,"turns":2},{"damage":4,"enemies":"Blue Slaver","floor":12,"turns":3},{"damage":6,"enemies":"3 Louse","floor":13,"turns":3},{"damage":10,"enemies":"Exordium Thugs","floor":14,"turns":4},{"damage":2,"enemies":"Blue Slaver","floor":15,"turns":3},{"damage":3,"enemies":"downfall:Defect","floor":16,"turns":1}],"seed_played":"7337793777449103540","potions_obtained":[],"is_trial":false,"path_per_floor":["R","E","M","M","R","?","T","R","?","E","M","M","M","M","M","B"],"character_chosen":"THE_SPIRIT","items_purchased":[],"campfire_rested":1,"item_purchase_floors":[],"current_hp_per_floor":[70,31,30,30,30,30,30,51,51,26,24,20,14,4,2,0,0],"gold":225,"neow_bonus":"BOSS_RELIC","is_daily":false,"chose_seed":false,"campfire_upgraded":2,"win_rate":0.0,"timestamp":1608052186,"path_taken":["R","E","M","M","R","?","T","R","?","E","M","M","?","M","M","BOSS"],"items_purchased_type":[],"build_version":"2020-12-13","purchased_purges":0,"victory":false,"max_hp_per_floor":[70,70,70,70,70,70,70,70,70,70,70,70,70,70,70,70,70],"relic_stats":{"Sozu":5,"counters":[10,36],"obtain_stats":[{"Sozu":0,"aspiration:Lifesprig":2,"hubris:Teleporter":10,"hexamod:SpiritBrand":0},{"Sozu":0,"aspiration:Lifesprig":1,"hubris:Teleporter":4,"hexamod:SpiritBrand":0},{"Sozu":0,"aspiration:Lifesprig":10,"hubris:Teleporter":20,"hexamod:SpiritBrand":0}]},"card_choices":[{"not_picked":["hexamod:ExtraCrispy","hexamod:Firestarter"],"picked":"hexamod:EmpoweredFlame","floor":2},{"not_picked":["hexamod:Firestarter","hexamod:ShieldOfDarkness"],"picked":"hexamod:SpectersWail","floor":3},{"not_picked":["hexamod:NightmareGuise","hexamod:BurningTouch"],"picked":"hexamod:Again","floor":4},{"not_picked":["hexamod:GhostShield","hexamod:RecurringNightmare"],"picked":"hexamod:GhostOfSpirePresent","floor":10},{"not_picked":["hexamod:ShieldOfDarkness","hexamod:PhantomCloak"],"picked":"hexamod:Firestarter","floor":11},{"not_picked":["hexamod:ShieldOfDarkness","hexamod:ThermalTransfer"],"picked":"hexamod:EtherealExpedition","floor":12},{"not_picked":["hexamod:InspiringFlames","hexamod:SpectersWail"],"picked":"hexamod:HauntingEcho","floor":13},{"not_picked":["hexamod:ChargedBarrage","hexamod:Haunt"],"picked":"hexamod:ThermalTransfer","floor":14},{"not_picked":["hexamod:RadiantFlame","hexamod:HeatCrush"],"picked":"hexamod:FastForward","floor":15}],"player_experience":327865,"relics_obtained":[{"floor":2,"key":"aspiration:Lifesprig"},{"floor":10,"key":"hubris:Teleporter"}],"event_choices":[{"damage_healed":0,"gold_gain":0,"player_choice":"Invest 2","damage_taken":0,"max_hp_gain":0,"max_hp_loss":0,"event_name":"conspire:Investor","floor":6,"gold_loss":0},{"cards_removed":["conspire:SpireCoStock"],"damage_healed":0,"gold_gain":0,"player_choice":"Took Card","damage_taken":0,"max_hp_gain":0,"max_hp_loss":0,"event_name":"NoteForYourself","floor":9,"gold_loss":0,"cards_obtained":["Streamline"]}],"is_beta":false,"boss_relics":[],"items_purged_floors":[],"is_endless":false,"potions_floor_spawned":[4,11,13,14,15],"killed_by":"downfall:Defect","ascension_level":0}}