{"host":"mvq3y0vr4azttkc6","time":1608069653,"event":{"mods":["BaseMod","Colored Powertips","Minty Spire (QoL Compilation)","Replay The Spire","StSLib"],"gold_per_floor":[112,61,73,73,90,121,121,121,121,121,121],"floor_reached":10,"playtime":382,"items_purged":[],"score":83,"play_id":"1045df4a-5bd7-411f-8bca-078e2ccdb391","local_time":"20201216010053","is_ascension_mode":true,"campfire_choices":[{"floor":7,"key":"RECALL"}],"circlet_count":0,"master_deck":["Strike_G","Strike_G","Strike_G","Strike_G","Strike_G","Defend_G","Defend_G","Defend_G","Defend_G","Survivor","Neutralize","Well Laid Plans","Dodge and Roll","Blade Dance","Slice"],"relics":["Runic Dome","Ring of Hypnosis","Ring of Fangs","Thread and Needle"],"acts_visited":["Exordium"],"potions_floor_usage":[3,6],"damage_taken":[{"damage":0,"enemies":"Small Slimes","floor":1,"turns":3},{"damage":5,"enemies":"2 Louse","floor":3,"turns":3},{"damage":0,"enemies":"Cultist","floor":5,"turns":5},{"damage":60,"enemies":"Lagavulin","floor":6,"turns":11},{"damage":8,"enemies":"3 Sentries","floor":10,"turns":2}],"seed_played":"-3450408381061102717","potions_obtained":[{"floor":5,"key":"Swift Potion"},{"floor":6,"key":"Explosive Potion"}],"is_trial":false,"path_per_floor":["M","$","M","?","M","E","R","?","T","E"],"character_chosen":"THE_SILENT","items_purchased":["Fire Potion"],"campfire_rested":0,"item_purchase_floors":[2],"current_hp_per_floor":[70,70,65,65,65,5,5,5,5,0,0],"gold":121,"neow_bonus":"BOSS_RELIC","is_daily":false,"chose_seed":false,"campfire_upgraded":0,"win_rate":0.0,"timestamp":1608069653,"path_taken":["M","$","M","?","M","E","R","?","T","E"],"items_purchased_type":["Potion"],"build_version":"2020-12-13","purchased_purges":0,"victory":false,"max_hp_per_floor":[70,70,70,70,70,70,70,70,70,70,70],"card_choices":[{"not_picked":["Flying Knee","Acrobatics"],"picked":"Well Laid Plans","floor":1},{"not_picked":["Quick Slash","Crippling Poison"],"picked":"Dodge and Roll","floor":3},{"not_picked":["Quick Slash","Dagger Throw"],"picked":"Blade Dance","floor":5},{"not_picked":["Draining Mist","Backflip"],"picked":"Slice","floor":6}],"player_experience":69014,"relics_obtained":[{"floor":4,"key":"Ring of Hypnosis"},{"floor":4,"key":"Ring of Fangs"},{"floor":6,"key":"Thread and Needle"}],"event_choices":[{"cards_removed":["Defend_G"],"damage_healed":0,"gold_gain":0,"player_choice":"Purged","damage_taken":0,"max_hp_gain":0,"max_hp_loss":0,"event_name":"Purifier","floor":8,"gold_loss":0}],"is_beta":false,"boss_relics":[],"items_purged_floors":[],"is_endless":false,"potions_floor_spawned":[5,6],"killed_by":"3 Sentries","ascension_level":5}}