{"host":"bg8va46pgqgvtzim","time":1608003884,"event":{"mods":["BaseMod","Minty Spire (QoL Compilation)","Quick Restart","StSLib","SuperFastMode"],"gold_per_floor":[113,132,147,222,222,222,249,249,249,284,303,318,332,346,346,441,441,457,477,491,491,280,306,325,350,377,377,392,407,407,422,422,527,527,543,197,247,247,288,288,317,364,387,387,446,446,505,546,546,576,576,576,17,52,52],"floor_reached":56,"playtime":1597,"items_purged":["Strike_P","Defend_P","Defend_P"],"score":1578,"play_id":"4cbb1942-19af-4ca4-978c-3f7564806fbd","local_time":"20201215114444","is_ascension_mode":true,"campfire_choices":[{"data":"Eruption","floor":6.0,"key":"SMITH"},{"data":"Impatience","floor":8.0,"key":"SMITH"},{"data":"Prostrate","floor":15.0,"key":"SMITH"},{"data":"Scrawl","floor":27.0,"key":"SMITH"},{"data":"Pray","floor":32.0,"key":"SMITH"},{"data":"MasterReality","floor":40.0,"key":"SMITH"},{"data":"Prostrate","floor":44.0,"key":"SMITH"},{"floor":49,"key":"RECALL"},{"data":"Devotion","floor":52,"key":"SMITH"}],"circlet_count":0,"master_deck":["Defend_P","Defend_P+1","Vigilance","Prostrate+1","InnerPeace+1","SignatureMove","Impatience+1","Judgement","Prostrate+1","DeceiveReality","Tantrum","MasterReality+1","Scrawl+1","CurseOfTheBell","FlurryOfBlows","Adaptation","Pray+1","DevaForm","Evaluate","Devotion+1","Indignation","MentalFortress+1","TalkToTheHand+1","Wish+1","Finesse","ClearTheMind+1","Adaptation","Purity","Apotheosis","Study+1"],"relics":["Coffee Dripper","Bottled Flame","TeardropLocket","Yang","Calling Bell","War Paint","Sundial","Du-Vu Doll","Whetstone","Dream Catcher","Astrolabe","Membership Card","Gambling Chip","Regal Pillow","Anchor","Meat on the Bone","TungstenRod","Ornamental Fan","Ginger","CaptainsWheel"],"acts_visited":["Exordium","TheCity","TheBeyond","TheEnding"],"potions_floor_usage":[55,55,55],"damage_taken":[{"damage":0.0,"enemies":"Small Slimes","floor":1.0,"turns":2.0},{"damage":0.0,"enemies":"2 Louse","floor":2.0,"turns":2.0},{"damage":0.0,"enemies":"Cultist","floor":3.0,"turns":3.0},{"damage":0.0,"enemies":"Gremlin Nob","floor":7.0,"turns":2.0},{"damage":0.0,"enemies":"3 Sentries","floor":10.0,"turns":2.0},{"damage":0.0,"enemies":"Gremlin Gang","floor":11.0,"turns":2.0},{"damage":0.0,"enemies":"Looter","floor":12.0,"turns":1.0},{"damage":0.0,"enemies":"2 Fungi Beasts","floor":13.0,"turns":1.0},{"damage":2.0,"enemies":"Exordium Wildlife","floor":14.0,"turns":2.0},{"damage":0.0,"enemies":"Slime Boss","floor":16.0,"turns":8.0},{"damage":10.0,"enemies":"2 Thieves","floor":18.0,"turns":2.0},{"damage":0.0,"enemies":"Shell Parasite","floor":19.0,"turns":2.0},{"damage":0.0,"enemies":"Shelled Parasite and Fungi","floor":20.0,"turns":2.0},{"damage":21.0,"enemies":"Slavers","floor":23.0,"turns":4.0},{"damage":0.0,"enemies":"Cultist and Chosen","floor":24.0,"turns":3.0},{"damage":11.0,"enemies":"Gremlin Leader","floor":25.0,"turns":5.0},{"damage":5.0,"enemies":"Snake Plant","floor":28.0,"turns":3.0},{"damage":0.0,"enemies":"Centurion and Healer","floor":29.0,"turns":3.0},{"damage":0.0,"enemies":"Sentry and Sphere","floor":31.0,"turns":2.0},{"damage":8.0,"enemies":"Champ","floor":33.0,"turns":7.0},{"damage":0.0,"enemies":"Orb Walker","floor":35.0,"turns":1.0},{"damage":0.0,"enemies":"3 Darklings","floor":37.0,"turns":3.0},{"damage":2.0,"enemies":"4 Shapes","floor":39.0,"turns":4.0},{"damage":0.0,"enemies":"Reptomancer","floor":41.0,"turns":2.0},{"damage":6.0,"enemies":"Spire Growth","floor":42.0,"turns":4.0},{"damage":14.0,"enemies":"Nemesis","floor":45.0,"turns":5.0},{"damage":2.0,"enemies":"Reptomancer","floor":47.0,"turns":7.0},{"damage":4,"enemies":"Jaw Worm Horde","floor":48,"turns":4},{"damage":0,"enemies":"Awakened One","floor":50,"turns":8},{"damage":7,"enemies":"Shield and Spear","floor":54,"turns":4},{"damage":7,"enemies":"The Heart","floor":55,"turns":6}],"seed_played":"3305510714236182612","potions_obtained":[{"floor":7.0,"key":"Ancient Potion"},{"floor":10.0,"key":"Explosive Potion"},{"floor":12.0,"key":"FearPotion"},{"floor":20.0,"key":"Explosive Potion"},{"floor":24.0,"key":"Explosive Potion"},{"floor":29.0,"key":"Swift Potion"},{"floor":31.0,"key":"BottledMiracle"},{"floor":39.0,"key":"BlessingOfTheForge"},{"floor":41.0,"key":"Energy Potion"},{"floor":45.0,"key":"ColorlessPotion"},{"floor":48,"key":"LiquidMemories"}],"is_trial":false,"path_per_floor":["M","M","M","?","?","R","E","R","T","E","M","M","M","M","R","B",null,"M","M","M","?","$","E","M","E","T","R","M","M","?","M","R","B",null,"M","$","M","?","M","R","E","M","T","R","E","?","E","M","R","B",null,"R","$","E","B",null],"character_chosen":"WATCHER","items_purchased":["Adaptation","Pray","Membership Card","Gambling Chip","Ornamental Fan","Adaptation","Purity","Apotheosis","DuplicationPotion","Ginger"],"campfire_rested":0,"item_purchase_floors":[22,22,36,36,53,53,53,53,53,53],"current_hp_per_floor":[72,72,72,61,61,61,61,61,61,61,61,61,61,59,59,59,72,62,62,62,62,62,41,41,30,30,30,25,25,25,25,25,17,72,72,72,72,72,70,70,70,64,64,64,50,50,48,44,44,44,72,72,72,65,58],"gold":52,"neow_bonus":"BOSS_RELIC","is_daily":false,"chose_seed":false,"campfire_upgraded":8,"win_rate":0.0,"timestamp":1608003884,"path_taken":["M","M","M","?","?","R","E","R","T","E","M","M","?","M","R","BOSS","M","?","?","?","$","E","M","E","T","R","M","M","?","M","R","BOSS","M","$","M","?","M","R","E","M","T","R","E","?","E","M","R","BOSS","R","$","E","BOSS"],"items_purchased_type":["Card","Card","Relic","Relic","Relic","Card","Card","Card","Potion","Relic"],"build_version":"2020-12-13","purchased_purges":3,"victory":true,"max_hp_per_floor":[72,72,72,72,72,72,72,72,72,72,72,72,72,72,72,72,72,72,72,72,72,72,72,72,72,72,72,72,72,72,72,72,72,72,72,72,72,72,72,72,72,72,72,72,72,72,72,72,72,72,72,72,72,72,72],"card_choices":[{"not_picked":["Protect","EmptyBody"],"picked":"Prostrate","floor":1.0},{"not_picked":["FlyingSleeves","Nirvana"],"picked":"InnerPeace","floor":2.0},{"not_picked":["LikeWater","Protect"],"picked":"SignatureMove","floor":3.0},{"not_picked":["EmptyBody","CutThroughFate","Weave"],"picked":"SKIP","floor":7.0},{"not_picked":["FlyingSleeves","EmptyMind"],"picked":"Prostrate","floor":10.0},{"not_picked":["FlyingSleeves","ThirdEye","FollowUp"],"picked":"SKIP","floor":11.0},{"not_picked":["Wallop","Fasting2"],"picked":"DeceiveReality","floor":12.0},{"not_picked":["FlurryOfBlows","EmptyBody"],"picked":"Tantrum","floor":13.0},{"not_picked":["EmptyFist","CrushJoints"],"picked":"MasterReality","floor":14.0},{"not_picked":["Omniscience","Alpha"],"picked":"Scrawl","floor":16.0},{"not_picked":["Nirvana","PathToVictory","FearNoEvil+1"],"picked":"SKIP","floor":18.0},{"not_picked":["Wallop","ForeignInfluence"],"picked":"FlurryOfBlows","floor":19.0},{"not_picked":["Consecrate","FearNoEvil","Crescendo+1"],"picked":"SKIP","floor":20.0},{"not_picked":["Evaluate","Fasting2"],"picked":"DevaForm","floor":23.0},{"not_picked":["EmptyFist","SignatureMove","Consecrate"],"picked":"SKIP","floor":24.0},{"not_picked":["ThirdEye+1","Worship"],"picked":"Evaluate","floor":25.0},{"not_picked":["FollowUp+1","ClearTheMind","WreathOfFlame"],"picked":"SKIP","floor":28.0},{"not_picked":["WindmillStrike+1","Nirvana"],"picked":"Devotion","floor":29.0},{"not_picked":["Crescendo+1","FollowUp"],"picked":"Indignation","floor":31.0},{"not_picked":["ThirdEye+1","FlurryOfBlows","Prostrate"],"picked":"SKIP","floor":35.0},{"not_picked":["Evaluate+1","SashWhip+1","Vengeance"],"picked":"SKIP","floor":37.0},{"not_picked":["Discovery","Mind Blast"],"picked":"Finesse","floor":38.0},{"not_picked":["EmptyFist+1","Nirvana+1","Halt+1"],"picked":"SKIP","floor":39.0},{"not_picked":["FlyingSleeves","Swivel+1","Prostrate+1"],"picked":"SKIP","floor":41.0},{"not_picked":["ClearTheMind","PathToVictory","Evaluate+1"],"picked":"SKIP","floor":42.0},{"not_picked":["EmptyBody+1","Halt","FollowUp"],"picked":"SKIP","floor":45.0},{"not_picked":["Pray+1","Vengeance"],"picked":"ClearTheMind+1","floor":47.0},{"not_picked":["FlyingSleeves+1","FollowUp","Vengeance+1"],"picked":"SKIP","floor":48},{"not_picked":["Halt+1","ClearTheMind+1"],"picked":"Study+1","floor":54}],"player_experience":2100542,"relics_obtained":[{"floor":7.0,"key":"Bottled Flame"},{"floor":9.0,"key":"TeardropLocket"},{"floor":10.0,"key":"Yang"},{"floor":17.0,"key":"War Paint"},{"floor":17.0,"key":"Sundial"},{"floor":17.0,"key":"Du-Vu Doll"},{"floor":23.0,"key":"Whetstone"},{"floor":25.0,"key":"Dream Catcher"},{"floor":41.0,"key":"Regal Pillow"},{"floor":43.0,"key":"Anchor"},{"floor":45.0,"key":"Meat on the Bone"},{"floor":47.0,"key":"TungstenRod"},{"floor":54,"key":"CaptainsWheel"}],"event_choices":[{"damage_healed":0.0,"max_hp_gain":0.0,"max_hp_loss":0.0,"gold_gain":75.0,"event_name":"World of Goop","player_choice":"Gather Gold","floor":4.0,"gold_loss":0.0,"damage_taken":11.0},{"damage_healed":0.0,"max_hp_gain":0.0,"max_hp_loss":0.0,"gold_gain":0.0,"event_name":"Match and Keep!","player_choice":"2 cards matched","floor":5.0,"gold_loss":0.0,"damage_taken":0.0,"cards_obtained":["Impatience","Judgement"]},{"damage_healed":0.0,"max_hp_gain":0.0,"max_hp_loss":0.0,"gold_gain":0.0,"event_name":"Vampires","player_choice":"Ignored","floor":21.0,"gold_loss":0.0,"damage_taken":0.0},{"damage_healed":0.0,"max_hp_gain":0.0,"max_hp_loss":0.0,"gold_gain":0.0,"cards_transformed":["Strike_P","Strike_P"],"event_name":"Drug Dealer","player_choice":"Became Test Subject","floor":30.0,"gold_loss":0.0,"damage_taken":0.0,"cards_obtained":["Consecrate","FollowUp"]},{"damage_healed":0.0,"max_hp_gain":0.0,"max_hp_loss":0.0,"gold_gain":0.0,"event_name":"SensoryStone","player_choice":"Memory 1","floor":38.0,"gold_loss":0.0,"damage_taken":0.0},{"cards_removed":["Consecrate"],"damage_healed":0.0,"max_hp_gain":0.0,"max_hp_loss":0.0,"gold_gain":0.0,"event_name":"Falling","player_choice":"Removed Attack","floor":46.0,"gold_loss":0.0,"damage_taken":0.0}],"is_beta":false,"boss_relics":[{"not_picked":["Fusion Hammer","Snecko Eye"],"picked":"Calling Bell"},{"not_picked":["Runic Pyramid","Philosopher\u0027s Stone"],"picked":"Astrolabe"}],"items_purged_floors":[22,36,53],"is_endless":false,"potions_floor_spawned":[7,10,12,13,16,20,24,25,29,31,33,39,41,42,45,48],"ascension_level":1}}