{"host":"pz1ko3gi7nsxydm3","time":1608071411,"event":{"mods":["AchievementEnabler","Act Like it!","BaseMod","Better Note","Better Third Choice","Colored Map","Downfall","Hallownest","Hermit","Hubris","Infinite Spire","Minty Spire (QoL Compilation)","Rare Cards Sparkle","Replay The Spire","StSLib","The Bug Knight","The Jungle","??????REMEMod"],"gold_per_floor":[116,39,39,55,55,55,65,92,92,111,111,126,41,60,60,155,155,175,175,175,190,190,190,215,234,234,234,234,234,261,261,261,362,362,378,388,388,388,388,388,421,421,421],"floor_reached":42,"playtime":2790,"items_purged":[],"score":561,"play_id":"9a744952-645c-4be9-91c1-8366b9070225","local_time":"20201215223011","is_ascension_mode":true,"campfire_choices":[{"floor":6.0,"key":"REST"},{"floor":15.0,"key":"REST"},{"floor":23.0,"key":"RECALL"},{"floor":27.0,"key":"REST"},{"floor":32.0,"key":"REST"},{"floor":40.0,"key":"REST"}],"circlet_count":0,"master_deck":["hermit:Strike_Hermit","hermit:Strike_Hermit","hermit:Strike_Hermit","hermit:Strike_Hermit","hermit:Defend_Hermit","hermit:Defend_Hermit","hermit:Defend_Hermit","hermit:Defend_Hermit","hermit:Snapshot","hermit:Covet","Sadistic Nature+1","hermit:WideOpen","hermit:Brawl","hermit:Gestalt","hermit:RoundhouseKick","hermit:Vantage","hermit:Brawl","hermit:Cheat","hermit:Vantage","hermit:EternalForm","hermit:WideOpen","hermit:SprayPray","hermit:SprayPray","hermit:Manifest","hermit:EternalForm","hermit:LuckOfTheDraw+1","Insight","infinitespire:Punishment","expansioncontent:HyperBeam","Poisoned Strike","hermit:TrackingShot+1","hermit:Showdown","The Bomb","Violence","expansioncontent:Corrupt","The Bomb","hermit:Snipe+1"],"relics":["hermit:Momento","REME_ComplimentaryCards","hubris:EvacipatedBox","infinitespire:Joker Card","WarpedTongs","REME_LowDesire","REME_HandOfSuture","Juzu Bracelet","ReplayTheSpireMod:Shallot","Dream Catcher","InkBottle","Pocketwatch","WingedGreaves","hubris:Backtick","Tiny Chest","Molten Egg 2","hubris:Towel","hubris:PeanutButter"],"acts_visited":["Exordium","TheCity","TheBeyond"],"potions_floor_usage":[],"damage_taken":[{"damage":0.0,"enemies":"Cultist","floor":1.0,"turns":3.0},{"damage":13.0,"enemies":"infinitespire:Voidling","floor":4.0,"turns":3.0},{"damage":2.0,"enemies":"2 Louse","floor":7.0,"turns":2.0},{"damage":6.0,"enemies":"Replay:BlueRogue","floor":8.0,"turns":5.0},{"damage":14.0,"enemies":"Red Slaver","floor":10.0,"turns":4.0},{"damage":5.0,"enemies":"2 Fungi Beasts","floor":12.0,"turns":4.0},{"damage":24.0,"enemies":"Exordium Thugs","floor":14.0,"turns":3.0},{"damage":15.0,"enemies":"Slime Boss","floor":16.0,"turns":8.0},{"damage":0.0,"enemies":"3 Byrds","floor":18.0,"turns":1.0},{"damage":0.0,"enemies":"Spheric Guardian","floor":21.0,"turns":1.0},{"damage":51.0,"enemies":"Slavers","floor":24.0,"turns":3.0},{"damage":0.0,"enemies":"Cultist and Chosen","floor":25.0,"turns":4.0},{"damage":7.0,"enemies":"Nightmare","floor":30.0,"turns":6.0},{"damage":31.0,"enemies":"Automaton","floor":33.0,"turns":8.0},{"damage":24.0,"enemies":"3 Darklings","floor":35.0,"turns":4.0},{"damage":10.0,"enemies":"3 Shapes","floor":36.0,"turns":3.0},{"damage":60.0,"enemies":"Nemesis","floor":41.0,"turns":5.0},{"damage":3,"enemies":"Spire Growth","floor":42,"turns":5}],"seed_played":"2980263270808611410","potions_obtained":[{"floor":4.0,"key":"SpeedPotion"},{"floor":10.0,"key":"Strength Potion"},{"floor":14.0,"key":"hermit:Tonic"},{"floor":16.0,"key":"hermit:Tonic"},{"floor":21.0,"key":"hexamod:EctoCoolerPotion"},{"floor":24.0,"key":"Strength Potion"},{"floor":35.0,"key":"Swift Potion"},{"floor":36.0,"key":"SpeedPotion"}],"is_trial":false,"path_per_floor":["M","$","?","M","$","R","M","E","T","M","?","M","$","M","R","B",null,"M","?","AVR","M","?","R","E","M","T","R","?","?","NM","?","R","B",null,"M","M","AVR","?","?","R","E","M"],"character_chosen":"HERMIT","items_purchased":["hermit:Brawl","hubris:EvacipatedBox","hermit:WideOpen","hermit:SprayPray"],"campfire_rested":5,"item_purchase_floors":[2,5,13,13],"current_hp_per_floor":[75,75,75,62,43,65,63,57,57,43,43,38,38,14,36,21,75,75,75,75,75,75,75,24,24,24,46,46,46,39,39,61,30,75,51,41,41,41,41,63,3,0,0],"gold":421,"neow_bonus":"RANDOM_EVENT","is_daily":false,"chose_seed":false,"campfire_upgraded":0,"win_rate":0.0,"timestamp":1608071411,"path_taken":["M","$","?","?","?","R","?","E","T","M","?","M","?","M","R","BOSS","M","?","AVR","M","?","R","E","M","T","R","?","?","NM","?","R","BOSS","M","M","AVR","?","?","R","E","M"],"items_purchased_type":["Card","Relic","Card","Card"],"build_version":"2020-12-13","purchased_purges":0,"victory":false,"max_hp_per_floor":[75,75,75,75,75,75,75,75,75,75,75,75,75,75,75,75,75,75,75,75,75,75,75,75,75,75,75,75,75,75,75,75,75,75,75,75,75,75,75,75,75,75,75],"card_choices":[{"not_picked":["hermit:Malice","hermit:Quickdraw"],"picked":"hermit:WideOpen","floor":1.0},{"not_picked":["hermit:CursedWeapon","hermit:Feint"],"picked":"hermit:Vantage","floor":4.0},{"not_picked":["hermit:LowProfile","hermit:Glare"],"picked":"hermit:Brawl","floor":7.0},{"not_picked":["hermit:Snipe","hermit:CalledShot"],"picked":"hermit:Cheat","floor":8.0},{"not_picked":["hermit:HoleUp","hermit:LowProfile"],"picked":"hermit:Vantage","floor":10.0},{"not_picked":["hermit:Feint","hermit:Midnight"],"picked":"hermit:EternalForm","floor":12.0},{"not_picked":["hermit:Showdown","hermit:CalledShot"],"picked":"hermit:Manifest","floor":14.0},{"not_picked":["hermit:Gambit","hermit:RoundhouseKick"],"picked":"hermit:EternalForm","floor":16.0},{"not_picked":["hermit:HoleUp","hermit:Desperado","Trip"],"picked":"hermit:LuckOfTheDraw+1","floor":18.0},{"not_picked":["hermit:ItchyTrigger","hermit:Purgatory","hermit:Roulette","hubris:Ssssneak"],"picked":"SKIP","floor":21.0},{"not_picked":["hermit:Dive","hermit:Enervate+1","hermit:CalledShot","Trip"],"picked":"SKIP","floor":24.0},{"not_picked":["hermit:Headshot","hermit:CursedWeapon","hermit:Feint+1"],"picked":"expansioncontent:HyperBeam","floor":25.0},{"not_picked":["hermit:ShadowCloak","hermit:GoldenBullet","hermit:ItchyTrigger"],"picked":"Poisoned Strike","floor":27.0},{"not_picked":["hermit:Quickdraw","hermit:Headshot","Swift Strike"],"picked":"hermit:TrackingShot+1","floor":30.0},{"not_picked":["hermit:Misfire","hermit:TrackingShot","Replay:Sssssssssstrike"],"picked":"hermit:Showdown","floor":32.0},{"not_picked":["hermit:Roughhouse","hermit:OverwhelmingPower","hermit:FinalCanter"],"picked":"The Bomb","floor":33.0},{"not_picked":["hermit:LowProfile+1","hermit:Quickdraw","hermit:Glare+1"],"picked":"Violence","floor":35.0},{"not_picked":["hermit:FlashPowder+1","hermit:Enervate","hermit:Desperado+1"],"picked":"expansioncontent:Corrupt","floor":36.0},{"not_picked":["hermit:LowProfile","hermit:Roulette+1","hermit:Gestalt+1"],"picked":"The Bomb","floor":40.0},{"not_picked":["hermit:Brawl","hermit:Vantage","Replay:SS_forest_5"],"picked":"hermit:Snipe+1","floor":41.0}],"player_experience":71114,"relics_obtained":[{"floor":8.0,"key":"infinitespire:Joker Card"},{"floor":17.0,"key":"REME_HandOfSuture"},{"floor":17.0,"key":"Juzu Bracelet"},{"floor":24.0,"key":"Dream Catcher"},{"floor":26.0,"key":"InkBottle"},{"floor":30.0,"key":"Pocketwatch"},{"floor":41.0,"key":"hubris:PeanutButter"}],"event_choices":[{"damage_healed":0.0,"max_hp_gain":0.0,"max_hp_loss":0.0,"gold_gain":0.0,"event_name":"Living Wall","player_choice":"Grow","floor":0.0,"gold_loss":0.0,"damage_taken":0.0,"cards_upgraded":["Sadistic Nature"]},{"damage_healed":0.0,"max_hp_gain":0.0,"max_hp_loss":0.0,"gold_gain":0.0,"event_name":"Match and Keep!","player_choice":"2 cards matched","floor":3.0,"gold_loss":0.0,"damage_taken":0.0,"cards_obtained":["hermit:Gestalt","hermit:RoundhouseKick"]},{"damage_healed":0.0,"max_hp_gain":0.0,"max_hp_loss":0.0,"gold_gain":0.0,"event_name":"Accursed Blacksmith","player_choice":"Rummage","floor":11.0,"gold_loss":0.0,"damage_taken":0.0,"relics_obtained":["WarpedTongs"],"cards_obtained":["Pain"]},{"damage_healed":0.0,"max_hp_gain":0.0,"max_hp_loss":0.0,"gold_gain":0.0,"event_name":"betterThird:BetterWriting","player_choice":"Insight","floor":19.0,"gold_loss":0.0,"damage_taken":0.0,"cards_obtained":["Insight"]},{"damage_healed":0.0,"max_hp_gain":0.0,"max_hp_loss":0.0,"gold_gain":0.0,"event_name":"Transmorgrifier","player_choice":"Ignored","floor":22.0,"gold_loss":0.0,"damage_taken":0.0},{"damage_healed":0.0,"max_hp_gain":0.0,"max_hp_loss":0.0,"gold_gain":0.0,"event_name":"Vampires","player_choice":"Ignored","floor":29.0,"gold_loss":0.0,"damage_taken":0.0},{"damage_healed":0.0,"max_hp_gain":0.0,"max_hp_loss":0.0,"gold_gain":0.0,"event_name":"WeMeetAgain","player_choice":"Gave Potion","floor":31.0,"gold_loss":0.0,"damage_taken":0.0,"relics_obtained":["WingedGreaves"]},{"cards_removed":["Pain"],"damage_healed":0.0,"max_hp_gain":0.0,"max_hp_loss":0.0,"gold_gain":0.0,"event_name":"Purifier","player_choice":"Purged","floor":38.0,"gold_loss":0.0,"damage_taken":0.0}],"is_beta":false,"boss_relics":[{"not_picked":["hermit:BartenderGlass","Runic Dome","SlaversCollar"],"picked":"REME_LowDesire"},{"not_picked":["ReplayTheSpireMod:SealedPack","Replay:Grab Bag","Honey Jar"],"picked":"hubris:Backtick"}],"items_purged_floors":[],"is_endless":true,"potions_floor_spawned":[4,10,14,16,21,24,30,35,36],"killed_by":"Spire Growth","ascension_level":2}}