{"host":"ab2s6ezjqdgtrlyf","time":1608043338,"event":{"mods":["BaseMod","Colored Map","Highlight Path","Marked Mod","Minty Spire (QoL Compilation)","Quick Restart","Relic Stats","Replay The Spire","StSLib","Waifu the Spire","vexMod"],"gold_per_floor":[110,110,128,39,56,81,81,101,151,151,163,174,189,208,208,287,287,301,183,197,68,80,80,80,80],"floor_reached":24,"playtime":752,"items_purged":["Defend_B"],"score":443,"play_id":"f6fe779c-bbda-43dd-a66f-f76b8c250842","local_time":"20201215224218","is_ascension_mode":true,"campfire_choices":[{"floor":7,"key":"REST"},{"floor":10,"key":"REST"},{"data":"Loop","floor":15,"key":"SMITH"},{"floor":23,"key":"REST"}],"circlet_count":0,"master_deck":["AscendersBane","Strike_B","Strike_B","Defend_B","Defend_B+1","Zap","Dualcast","Defragment","Doom and Gloom","Loop+1","Conserve Battery+1","Steam","Mirror Shield","Redo","Auto Shields","Darkness","Chaos"],"relics":["Cracked Core","Mirror","War Paint","vexMod:CursedCompass","Replay:Baseball"],"acts_visited":["Exordium","TheCity"],"potions_floor_usage":[11,14,16,20,20,24],"damage_taken":[{"damage":1,"enemies":"Cultist","floor":1,"turns":3},{"damage":7,"enemies":"Small Slimes","floor":3,"turns":3},{"damage":12,"enemies":"Jaw Worm","floor":5,"turns":4},{"damage":11,"enemies":"Gremlin Nob","floor":6,"turns":3},{"damage":15,"enemies":"Exordium Wildlife","floor":8,"turns":4},{"damage":12,"enemies":"Exordium Thugs","floor":11,"turns":2},{"damage":7,"enemies":"2 Fungi Beasts","floor":12,"turns":3},{"damage":1,"enemies":"Looter","floor":13,"turns":3},{"damage":0,"enemies":"3 Louse","floor":14,"turns":1},{"damage":8,"enemies":"Hexaghost","floor":16,"turns":8},{"damage":2,"enemies":"Chosen","floor":18,"turns":6},{"damage":0,"enemies":"3 Byrds","floor":20,"turns":3},{"damage":35,"enemies":"Cultist and Chosen","floor":22,"turns":7},{"damage":21,"enemies":"Slavers","floor":24,"turns":4}],"seed_played":"-4879085673100681687","potions_obtained":[{"floor":6,"key":"Death Potion"},{"floor":11,"key":"Elixir"},{"floor":12,"key":"AttackPotion"},{"floor":13,"key":"AttackPotion"},{"floor":14,"key":"PowerPotion"},{"floor":18,"key":"Adrenaline Potion"},{"floor":22,"key":"LiquidMemories"}],"is_trial":false,"path_per_floor":["M","?","M","$","M","E","R","M","T","R","M","M","M","M","R","B",null,"M","$","M","?","M","R","E"],"character_chosen":"DEFECT","items_purchased":["Loop","Auto Shields"],"campfire_rested":3,"item_purchase_floors":[4,19],"current_hp_per_floor":[45,45,38,38,26,15,36,21,21,42,30,23,22,22,22,14,57,55,55,55,55,20,41,20,20],"gold":80,"neow_bonus":"REMOVE_TWO","is_daily":false,"chose_seed":false,"campfire_upgraded":1,"win_rate":0.0,"timestamp":1608043338,"path_taken":["M","?","M","$","M","E","R","M","T","R","M","?","M","M","R","BOSS","M","$","M","?","?","R","E"],"items_purchased_type":["Card","Card"],"build_version":"2020-12-13","purchased_purges":1,"victory":false,"max_hp_per_floor":[71,71,71,71,71,71,71,71,71,71,71,71,71,71,71,71,71,71,71,71,71,71,71,71,71],"relic_stats":{"counters":[14,54],"War Paint":["Conserve Battery","Defend_B"],"obtain_stats":[{"Replay:Baseball":21,"vexMod:CursedCompass":17,"War Paint":9,"Cracked Core":0,"Mirror":6},{"Replay:Baseball":12,"vexMod:CursedCompass":10,"War Paint":5,"Cracked Core":0,"Mirror":4},{"Replay:Baseball":43,"vexMod:CursedCompass":34,"War Paint":17,"Cracked Core":0,"Mirror":13}]},"card_choices":[{"not_picked":["Leap","Ball Lightning"],"picked":"Defragment","floor":1},{"not_picked":["Genetic Algorithm","ReplayTheSpireMod:Reroute Power","Reprogram"],"picked":"SKIP","floor":3},{"not_picked":["Static Discharge","Sweeping Beam"],"picked":"Conserve Battery","floor":5},{"not_picked":["Steam","Turbo","Conserve Battery"],"picked":"SKIP","floor":6},{"not_picked":["Hologram","Panic Button","Streamline"],"picked":"SKIP","floor":8},{"not_picked":["Undo","ReplayGash","Go for the Eyes"],"picked":"SKIP","floor":11},{"not_picked":["Cold Snap","Machine Learning"],"picked":"Steam","floor":12},{"not_picked":["Loop","Crystallizer","Streamline"],"picked":"SKIP","floor":13},{"not_picked":["Streamline","Beam Cell","Hyperbeam"],"picked":"SKIP","floor":14},{"not_picked":["Reboot","All For One"],"picked":"Mirror Shield","floor":16},{"not_picked":["BasicCrystalCard+1","Hologram"],"picked":"Redo","floor":18},{"not_picked":["Melter+1","Coolheaded+1"],"picked":"Darkness","floor":20},{"not_picked":["Reinforced Body","Sweeping Beam"],"picked":"Chaos","floor":22}],"player_experience":782736,"relics_obtained":[{"floor":6,"key":"Mirror"},{"floor":9,"key":"War Paint"}],"event_choices":[{"damage_healed":0,"gold_gain":0,"cards_transformed":["Strike_B"],"player_choice":"Transformed","damage_taken":0,"max_hp_gain":0,"max_hp_loss":0,"event_name":"Transmorgrifier","floor":2,"gold_loss":0,"cards_obtained":["Doom and Gloom"]},{"damage_healed":0,"gold_gain":0,"player_choice":"Paid Gold","damage_taken":0,"relics_obtained":["Replay:Baseball"],"max_hp_gain":0,"max_hp_loss":0,"event_name":"WeMeetAgain","floor":21,"gold_loss":129}],"is_beta":false,"boss_relics":[{"not_picked":["SacredBark","Snecko Eye"],"picked":"vexMod:CursedCompass"}],"items_purged_floors":[19],"is_endless":false,"potions_floor_spawned":[6,11,12,13,14,18,22],"killed_by":"Slavers","ascension_level":19}}