{"host":"kta213tp32cz47du","time":1608049563,"event":{"mods":["BaseMod","Better Altar","Better Third Choice","Colored Map","Colored Powertips","Conspire","Curses Come First","Displayed Cursed Tome","Hubris","Minty Spire (QoL Compilation)","Rare Cards Sparkle","Replay The Spire","Shop Mod","StSLib","The Blue Laboratory","vexMod"],"gold_per_floor":[112,112,132,143,143,178,178,178,178,178,34,51,51,51,51,64,64,166,166,182,182,56,69,69,69,69],"floor_reached":25,"playtime":1340,"items_purged":["Strike_B"],"score":199,"play_id":"6f373932-35b7-4e3a-94ee-cecfada5c7b6","local_time":"20201215162603","is_ascension_mode":false,"campfire_choices":[{"data":"Coolheaded","floor":8,"key":"SMITH"},{"data":"Reinforced Body","floor":10,"key":"SMITH"},{"data":"Buffer","floor":13,"key":"SMITH"},{"data":"hubris:PowerSurge","floor":17,"key":"SMITH"}],"circlet_count":0,"master_deck":["Strike_B","Strike_B","Defend_B","Defend_B","Defend_B","Defend_B","Zap","Dualcast","Reinforced Body+1","Sweeping Beam","FIFO Queue","Coolheaded+1","Electrodynamics","Auto Shields+1","Buffer+1","Ball Lightning","hubris:PowerSurge+1","Amplify","White Noise+1"],"relics":["Cracked Core","NeowsBlessing","Meat on the Bone","Darkstone Periapt","Fusion Hammer"],"acts_visited":["Exordium","TheCity"],"potions_floor_usage":[12,23,23],"damage_taken":[{"damage":0,"enemies":"2 Louse","floor":1,"turns":1},{"damage":0,"enemies":"Cultist","floor":3,"turns":1},{"damage":0,"enemies":"Jaw Worm","floor":4,"turns":1},{"damage":13,"enemies":"Lagavulin","floor":6,"turns":8},{"damage":0,"enemies":"3 Louse","floor":12,"turns":1},{"damage":0,"enemies":"Lots of Slimes","floor":16,"turns":1},{"damage":14,"enemies":"The Guardian","floor":18,"turns":12},{"damage":5,"enemies":"Chosen","floor":20,"turns":4},{"damage":1,"enemies":"3 Byrds","floor":23,"turns":4},{"damage":6,"enemies":"Gremlin Leader","floor":25,"turns":4}],"seed_played":"-7567619495908585721","potions_obtained":[{"floor":4,"key":"Explosive Potion"},{"floor":16,"key":"Elixir"},{"floor":18,"key":"PowerPotion"}],"is_trial":false,"path_per_floor":["M","?","M","M","?","E","?","R","T","R","$","M","R","PTL","PTL","M","R","B",null,"M","?","$","M","$","E"],"character_chosen":"DEFECT","items_purchased":["Buffer","SkillPotion"],"campfire_rested":0,"item_purchase_floors":[11,22],"current_hp_per_floor":[75,75,75,75,75,62,62,62,62,62,62,62,62,62,62,62,62,48,75,70,70,70,69,69,63,63],"gold":69,"neow_bonus":"THREE_ENEMY_KILL","is_daily":false,"chose_seed":false,"campfire_upgraded":4,"win_rate":0.0,"timestamp":1608049563,"path_taken":["M","?","M","?","?","E","?","R","T","R","?","?","R","PTL","PTL","M","R","BOSS","M","?","$","M","?","E"],"items_purchased_type":["Card","Potion"],"build_version":"2020-12-13","purchased_purges":1,"victory":false,"max_hp_per_floor":[75,75,75,75,75,75,75,75,75,75,75,75,75,75,75,75,75,75,75,75,75,75,75,75,75,75],"card_choices":[{"not_picked":["Gash","Rebound"],"picked":"Reinforced Body","floor":1},{"not_picked":["Beam Cell","Scrape"],"picked":"Coolheaded","floor":3},{"not_picked":["Stack","Coolheaded"],"picked":"Electrodynamics","floor":4},{"not_picked":["Hologram","Rebound"],"picked":"Auto Shields","floor":6},{"not_picked":["Stack","Doom and Gloom"],"picked":"Ball Lightning","floor":12},{"not_picked":["Hologram","Cold Snap"],"picked":"hubris:PowerSurge","floor":16},{"not_picked":["Meteor Strike","Reboot"],"picked":"Amplify","floor":18},{"not_picked":["Static Discharge+1","Barrage+1"],"picked":"White Noise+1","floor":20},{"not_picked":["Genetic Algorithm","Skim","Stack"],"picked":"SKIP","floor":23}],"player_experience":225430,"relics_obtained":[{"floor":6,"key":"Meat on the Bone"},{"floor":9,"key":"Darkstone Periapt"}],"event_choices":[{"damage_healed":0,"gold_gain":0,"player_choice":"2 cards matched","damage_taken":0,"max_hp_gain":0,"max_hp_loss":0,"event_name":"Match and Keep!","floor":2,"gold_loss":0,"cards_obtained":["Sweeping Beam","FIFO Queue"]},{"damage_healed":0,"gold_gain":0,"player_choice":"Ignored","damage_taken":143,"max_hp_gain":0,"max_hp_loss":0,"event_name":"betterThird:BetterSerpent","floor":5,"gold_loss":0},{"cards_removed":["Strike_B"],"damage_healed":0,"gold_gain":0,"player_choice":"Forget","damage_taken":0,"max_hp_gain":0,"max_hp_loss":0,"event_name":"Living Wall","floor":7,"gold_loss":0},{"damage_healed":0,"gold_gain":0,"player_choice":"Forge","damage_taken":0,"max_hp_gain":0,"max_hp_loss":0,"event_name":"Accursed Blacksmith","floor":21,"gold_loss":0,"cards_upgraded":["Auto Shields"]}],"is_beta":false,"boss_relics":[{"not_picked":["Black Star","vexMod:DeviousBotling"],"picked":"Fusion Hammer"}],"items_purged_floors":[22],"is_endless":false,"potions_floor_spawned":[4,16,18],"killed_by":"Gremlin Leader","ascension_level":0}}