{"host":"ks12kfi5c4d9hdxy","time":1608042072,"event":{"mods":["Act Like it!","BaseMod","Conspire","Gensokyo","GifTheSpireLib","Koishi","LagranYue(拉格朗・月)","Marisa（F雨　魔理沙）","Minty Spire (QoL Compilation)","Quick Restart","Reimu（博丽灵梦）","Remilia（蕾米莉亚）","Replay The Spire","RumiaBox-露米娅的神秘盒子","Shop Mod","StSLib","SuperFastMode","The Administrix","The Servant 0.9.4","Youmu（魂魄妖梦）","Yuyuko","【东方二次创作】八云紫mod","【功能Mod】混沌之环修复补丁","【功能Mod】聪明的最终Boss","篝火指南"],"gold_per_floor":[118,118,218,229,67,102,102,128,128,153,175,187,187],"floor_reached":12,"playtime":380,"items_purged":[],"score":203,"play_id":"38facf84-93f0-4a34-9a9b-e9c7f303f825","local_time":"20201215222112","is_ascension_mode":true,"campfire_choices":[{"data":"MasterSpark","floor":7,"key":"SMITH"}],"circlet_count":0,"master_deck":["AscendersBane","Strike_MRS","Strike_MRS","Strike_MRS","Strike_MRS","Defend_MRS","Defend_MRS","Defend_MRS","Defend_MRS","MasterSpark+1","UpSweep","Orbital","MagicAbsorber","WitchLeyline","OrrerysSun","ShootingEcho"],"relics":["MiniHakkero","LagranYue:RandomDrawCardRelic","NeowsBlessing","Pear","PreservedInsect","LagranYue:WskJewelryRelic","HornCleat","SecretRecord","Replay:Bandana"],"acts_visited":["Exordium"],"potions_floor_usage":[8],"damage_taken":[{"damage":0,"enemies":"Gensokyo:3_Fairies","floor":1,"turns":2},{"damage":0,"enemies":"Gensokyo:Gryphon","floor":4,"turns":1},{"damage":0,"enemies":"Gensokyo:Aya","floor":6,"turns":1},{"damage":19,"enemies":"Gensokyo:Cirno","floor":8,"turns":6},{"damage":12,"enemies":"Gensokyo:Aya","floor":10,"turns":5},{"damage":0,"enemies":"Gensokyo:Python","floor":11,"turns":3},{"damage":26,"enemies":"Gensokyo:Cirno","floor":12,"turns":4}],"seed_played":"1287563621505058562","potions_obtained":[{"floor":4,"key":"Toxic Potion"},{"floor":8,"key":"ZuzhouPotion:ReiMu"},{"floor":11,"key":"Strength Potion"}],"is_trial":false,"path_per_floor":["M","?","?","M","$","E","R","E","T","E","M","E"],"character_chosen":"MARISA","items_purchased":["PreservedInsect"],"campfire_rested":0,"item_purchase_floors":[5],"current_hp_per_floor":[63,53,53,53,53,53,53,34,34,22,22,0,0],"gold":187,"neow_bonus":"THREE_ENEMY_KILL","is_daily":false,"chose_seed":false,"campfire_upgraded":1,"win_rate":0.0,"timestamp":1608042072,"path_taken":["M","?","?","M","$","E","R","E","T","E","M","E"],"items_purchased_type":["Relic"],"build_version":"2020-12-13","purchased_purges":0,"victory":false,"max_hp_per_floor":[70,80,80,80,80,80,80,80,80,80,80,80,80],"card_choices":[{"not_picked":["IllusionStar","PowerUp","Acceleration"],"picked":"SKIP","floor":1},{"not_picked":["IllusionStar","PowerUp","Acceleration"],"picked":"SKIP","floor":1},{"not_picked":["6A","OneTimeOff"],"picked":"Orbital","floor":4},{"not_picked":["MysteriousBeam","6A"],"picked":"MagicAbsorber","floor":6},{"not_picked":["DoubleSpark","StarDustReverie"],"picked":"WitchLeyline","floor":8},{"not_picked":["PowerUp","Acceleration"],"picked":"OrrerysSun","floor":10},{"not_picked":["MysteriousBeam","PowerUp"],"picked":"ShootingEcho","floor":11}],"player_experience":505565,"relics_obtained":[{"floor":6,"key":"LagranYue:WskJewelryRelic"},{"floor":8,"key":"HornCleat"},{"floor":9,"key":"SecretRecord"},{"floor":10,"key":"Replay:Bandana"}],"event_choices":[],"is_beta":false,"boss_relics":[],"items_purged_floors":[],"is_endless":false,"potions_floor_spawned":[4,8,11],"killed_by":"Gensokyo:Cirno","ascension_level":18}}