{"host":"y56d1fjpgcjsodvy","time":1608015581,"event":{"mods":["BaseMod","Colored Powertips","GifTheSpireLib","Highlight Path","Minty Spire (QoL Compilation)","StSLib","SuperFastMode","everything is the same but u backflip on backflip"],"gold_per_floor":[119,138,138,63,63,63,88,108,132,132,146,146,173,173,173,247,247,258,106,106,122,122,133,164,164,218,318,318,318,333,333,333,411,411,425,210,226,226,20,54,54,68,68,68,97,47,72,72,72,72,72,72,72,22,22,22],"floor_reached":55,"playtime":2455,"items_purged":["Dualcast","Fusion","Go for the Eyes","Leap","Gash"],"score":1969,"play_id":"2696f1dd-734e-4110-a947-a96c319a18d0","local_time":"20201215155941","is_ascension_mode":true,"campfire_choices":[{"data":"Reprogram","floor":6.0,"key":"SMITH"},{"data":"Core Surge","floor":10.0,"key":"SMITH"},{"data":"Genetic Algorithm","floor":12.0,"key":"SMITH"},{"data":"FTL","floor":15.0,"key":"SMITH"},{"data":"Seek","floor":25.0,"key":"SMITH"},{"data":"Defragment","floor":29.0,"key":"SMITH"},{"floor":32.0,"key":"REST"},{"floor":41.0,"key":"REST"},{"data":"Fusion","floor":44.0,"key":"SMITH"},{"floor":49.0,"key":"RECALL"},{"data":"Hologram","floor":53.0,"key":"SMITH"}],"circlet_count":0,"master_deck":["AscendersBane","BootSequence","Reprogram+1","Core Surge+1","FTL+1","Genetic Algorithm+1","Core Surge","Thunder Strike","Fusion+1","Defragment+1","Ball Lightning","Conserve Battery","Seek+1","Seek","Skim","Hologram+1","Reinforced Body","Recycle+1","Hologram","Creative AI"],"relics":["Cracked Core","NeowsBlessing","Centennial Puzzle","Orichalcum","Bronze Scales","Akabeko","Pandora\u0027s Box","DataDisk","Bird Faced Urn","Regal Pillow","CaptainsWheel","Cables","InkBottle","Empty Cage","Bag of Preparation","Du-Vu Doll","Smiling Mask","Gambling Chip","Omamori"],"acts_visited":["Exordium","TheCity","TheBeyond","TheEnding"],"potions_floor_usage":[],"damage_taken":[{"damage":0.0,"enemies":"Cultist","floor":1.0,"turns":1.0},{"damage":0.0,"enemies":"Small Slimes","floor":2.0,"turns":1.0},{"damage":0.0,"enemies":"Gremlin Nob","floor":7.0,"turns":1.0},{"damage":0.0,"enemies":"Jaw Worm","floor":8.0,"turns":3.0},{"damage":0.0,"enemies":"Exordium Wildlife","floor":11.0,"turns":4.0},{"damage":0.0,"enemies":"Lagavulin","floor":13.0,"turns":7.0},{"damage":47.0,"enemies":"Hexaghost","floor":16.0,"turns":9.0},{"damage":0.0,"enemies":"3 Byrds","floor":18.0,"turns":3.0},{"damage":2.0,"enemies":"Shell Parasite","floor":21.0,"turns":5.0},{"damage":0.0,"enemies":"Snecko","floor":23.0,"turns":4.0},{"damage":9.0,"enemies":"Slavers","floor":24.0,"turns":5.0},{"damage":0.0,"enemies":"Colosseum Slavers","floor":27.0,"turns":3.0},{"damage":20.0,"enemies":"Colosseum Nobs","floor":27.0,"turns":5.0},{"damage":2.0,"enemies":"Chosen and Byrds","floor":30.0,"turns":6.0},{"damage":5.0,"enemies":"Automaton","floor":33.0,"turns":7.0},{"damage":7.0,"enemies":"3 Shapes","floor":35.0,"turns":4.0},{"damage":0.0,"enemies":"Orb Walker","floor":37.0,"turns":4.0},{"damage":51.0,"enemies":"Giant Head","floor":40.0,"turns":13.0},{"damage":10.0,"enemies":"3 Darklings","floor":42.0,"turns":5.0},{"damage":0.0,"enemies":"Nemesis","floor":45.0,"turns":5.0},{"damage":0.0,"enemies":"Mind Bloom Boss Battle","floor":47.0,"turns":6.0},{"damage":55.0,"enemies":"Donu and Deca","floor":50.0,"turns":16.0},{"damage":112.0,"enemies":"Time Eater","floor":51.0,"turns":17.0},{"damage":68,"enemies":"Shield and Spear","floor":55,"turns":5}],"seed_played":"4977026826813143405","potions_obtained":[{"floor":2.0,"key":"BlessingOfTheForge"},{"floor":7.0,"key":"BlessingOfTheForge"},{"floor":8.0,"key":"Energy Potion"},{"floor":16.0,"key":"Block Potion"},{"floor":21.0,"key":"Dexterity Potion"},{"floor":27.0,"key":"PowerPotion"},{"floor":30.0,"key":"Explosive Potion"},{"floor":40.0,"key":"LiquidMemories"},{"floor":42.0,"key":"Energy Potion"},{"floor":45.0,"key":"Ancient Potion"}],"is_trial":false,"path_per_floor":["M","M","?","$","T","R","E","M","T","R","M","R","E","?","R","B",null,"M","$","?","M","$","M","E","R","T","?","T","R","M","?","R","B",null,"M","$","M","?","$","E","R","M","T","R","E","$","?","T","R","B","B",null,"R","$","E"],"character_chosen":"DEFECT","items_purchased":["Conserve Battery","Skim","Bag of Preparation","Reinforced Body"],"campfire_rested":2,"item_purchase_floors":[19,36,39,39],"current_hp_per_floor":[64,64,64,64,64,64,64,64,64,64,64,64,64,64,64,17,58,58,58,58,56,56,56,47,47,47,29,29,29,29,29,65,64,69,64,64,66,66,66,17,53,45,45,45,47,47,49,49,49,71,23,59,59,59,0,0],"gold":22,"neow_bonus":"THREE_ENEMY_KILL","is_daily":false,"chose_seed":false,"campfire_upgraded":8,"win_rate":0.0,"timestamp":1608015581,"path_taken":["M","?","?","?","?","R","E","M","T","R","?","R","E","?","R","BOSS","M","$","?","M","?","?","E","R","T","?","?","R","M","?","R","BOSS","M","$","M","?","$","E","R","M","T","R","E","$","?","?","R","BOSS","BOSS","R","$","E"],"items_purchased_type":["Card","Card","Relic","Card"],"build_version":"2020-12-13","purchased_purges":5,"victory":false,"max_hp_per_floor":[71,71,71,71,71,71,71,71,71,71,71,71,71,71,71,71,71,71,71,71,71,71,71,71,71,71,71,71,71,71,71,71,71,71,71,71,71,71,71,71,71,71,71,71,71,71,71,71,71,71,71,71,71,71,71,71],"card_choices":[{"not_picked":["Streamline","Chill"],"picked":"BootSequence","floor":1.0},{"not_picked":["Coolheaded","Rebound"],"picked":"Reprogram","floor":2.0},{"not_picked":["Redo","Lockon"],"picked":"Core Surge","floor":7.0},{"not_picked":["Cold Snap","Recycle"],"picked":"FTL","floor":8.0},{"not_picked":["FTL","Cold Snap"],"picked":"Genetic Algorithm","floor":11.0},{"not_picked":["Redo","Static Discharge","Loop"],"picked":"SKIP","floor":13.0},{"not_picked":["Machine Learning","Creative AI"],"picked":"Core Surge","floor":16.0},{"not_picked":["Rebound","Undo"],"picked":"Ball Lightning","floor":18.0},{"not_picked":["Leap","Tempest+1","Streamline"],"picked":"SKIP","floor":21.0},{"not_picked":["Streamline","Steam"],"picked":"Go for the Eyes","floor":23.0},{"not_picked":["Defragment","Steam"],"picked":"Seek","floor":24.0},{"not_picked":["Hologram","Heatsinks"],"picked":"Gash","floor":27.0},{"not_picked":["Redo","Go for the Eyes","Conserve Battery"],"picked":"SKIP","floor":30.0},{"not_picked":["All For One","Machine Learning"],"picked":"Seek","floor":33.0},{"not_picked":["Rebound+1","Heatsinks","Chaos"],"picked":"SKIP","floor":35.0},{"not_picked":["Steam","Cold Snap"],"picked":"Hologram","floor":37.0},{"not_picked":["Reprogram","FTL"],"picked":"Recycle+1","floor":40.0},{"not_picked":["Darkness","Stack"],"picked":"Hologram","floor":42.0},{"not_picked":["Sunder","Redo","Cold Snap+1"],"picked":"SKIP","floor":45.0},{"not_picked":["Coolheaded","Aggregate"],"picked":"Creative AI","floor":47.0}],"player_experience":1164394,"relics_obtained":[{"floor":5.0,"key":"Centennial Puzzle"},{"floor":7.0,"key":"Orichalcum"},{"floor":9.0,"key":"Bronze Scales"},{"floor":13.0,"key":"Akabeko"},{"floor":20.0,"key":"DataDisk"},{"floor":24.0,"key":"Bird Faced Urn"},{"floor":26.0,"key":"Regal Pillow"},{"floor":27.0,"key":"CaptainsWheel"},{"floor":27.0,"key":"Cables"},{"floor":28.0,"key":"InkBottle"},{"floor":40.0,"key":"Du-Vu Doll"},{"floor":45.0,"key":"Smiling Mask"},{"floor":47.0,"key":"Gambling Chip"},{"floor":48.0,"key":"Omamori"}],"event_choices":[{"cards_removed":["Zap"],"damage_healed":0.0,"max_hp_gain":0.0,"max_hp_loss":0.0,"gold_gain":0.0,"event_name":"Purifier","player_choice":"Purged","floor":3.0,"gold_loss":0.0,"damage_taken":0.0},{"damage_healed":0.0,"max_hp_gain":0.0,"max_hp_loss":0.0,"gold_gain":0.0,"cards_transformed":["Defend_B"],"event_name":"Living Wall","player_choice":"Change","floor":14.0,"gold_loss":0.0,"damage_taken":0.0,"cards_obtained":["Tempest"]},{"damage_healed":0.0,"max_hp_gain":0.0,"max_hp_loss":0.0,"gold_gain":0.0,"event_name":"Wheel of Change","player_choice":"Relic","floor":20.0,"gold_loss":0.0,"damage_taken":0.0},{"damage_healed":0.0,"max_hp_gain":0.0,"max_hp_loss":0.0,"gold_gain":0.0,"event_name":"Colosseum","player_choice":"Fight","floor":27.0,"gold_loss":0.0,"damage_taken":0.0},{"damage_healed":0.0,"max_hp_gain":0.0,"max_hp_loss":0.0,"gold_gain":0.0,"event_name":"Colosseum","player_choice":"Fought Nobs","floor":27.0,"gold_loss":0.0,"damage_taken":0.0},{"cards_removed":["Chill"],"damage_healed":0.0,"max_hp_gain":0.0,"max_hp_loss":0.0,"gold_gain":0.0,"event_name":"Back to Basics","player_choice":"Elegance","floor":31.0,"gold_loss":0.0,"damage_taken":0.0},{"damage_healed":0.0,"max_hp_gain":0.0,"max_hp_loss":0.0,"gold_gain":0.0,"event_name":"Tomb of Lord Red Mask","player_choice":"Ignored","floor":38.0,"gold_loss":0.0,"damage_taken":0.0},{"damage_healed":0.0,"max_hp_gain":0.0,"max_hp_loss":0.0,"gold_gain":0.0,"event_name":"MindBloom","player_choice":"Fight","floor":47.0,"gold_loss":0.0,"damage_taken":0.0}],"is_beta":false,"boss_relics":[{"not_picked":["Snecko Eye","SlaversCollar"],"picked":"Pandora\u0027s Box"},{"not_picked":["Philosopher\u0027s Stone","Black Star"],"picked":"Empty Cage"}],"items_purged_floors":[4,19,36,46,54],"is_endless":false,"potions_floor_spawned":[2,7,8,16,21,23,27,30,40,42,45],"killed_by":"Shield and Spear","ascension_level":20}}