{"host":"2hea6pl5vmah38iy","time":1608046264,"event":{"mods":["AchievementEnabler","BaseMod","Colored Map","DeckTracker","Keyboard Shortcuts","Minty Spire (QoL Compilation)","Rare Cards Sparkle","StSLib","SuperFastMode","everything is the same but u backflip on backflip"],"gold_per_floor":[116,135,135,135,59,94,94,121,147,165,185,185,199,257,257,334,334,348,447,447,300,333,333,333,333,383,283,297,332,332,344,344,417,417,436,658,683,683,696,696,728,742,765,798,798,812,812,829,829,829,829],"floor_reached":50,"playtime":2111,"items_purged":["Defend_P","Strike_P"],"score":1042,"play_id":"e149433f-16e4-4bcf-94af-29ae128f3875","local_time":"20201216003104","is_ascension_mode":true,"campfire_choices":[{"data":"Blasphemy","floor":12.0,"key":"SMITH"},{"data":"Ragnarok","floor":15.0,"key":"SMITH"},{"data":"Eruption","floor":23.0,"key":"SMITH"},{"data":"MentalFortress","floor":25.0,"key":"SMITH"},{"floor":32.0,"key":"REST"},{"floor":40.0,"key":"RECALL"},{"floor":49,"key":"REST"}],"circlet_count":0,"master_deck":["AscendersBane","Strike_P","Defend_P+1","Defend_P","Eruption+1","Vigilance","SandsOfTime","Worship+1","Consecrate","MentalFortress+1","Ragnarok+1","Blasphemy+1","BattleHymn","Devotion","Prostrate","Adaptation","FearNoEvil"],"relics":["PureWater","NeowsBlessing","War Paint","Anchor","Regal Pillow","Runic Pyramid","Red Mask","MealTicket","PreservedInsect","Orichalcum","SlaversCollar","Dead Branch","Toy Ornithopter","Juzu Bracelet","Singing Bowl"],"acts_visited":["Exordium","TheCity","TheBeyond"],"potions_floor_usage":[48,48],"damage_taken":[{"damage":0.0,"enemies":"Jaw Worm","floor":1.0,"turns":1.0},{"damage":0.0,"enemies":"2 Louse","floor":2.0,"turns":1.0},{"damage":0.0,"enemies":"Gremlin Nob","floor":6.0,"turns":1.0},{"damage":0.0,"enemies":"3 Sentries","floor":8.0,"turns":1.0},{"damage":0.0,"enemies":"Small Slimes","floor":10.0,"turns":2.0},{"damage":0.0,"enemies":"3 Louse","floor":11.0,"turns":1.0},{"damage":0.0,"enemies":"Large Slime","floor":13.0,"turns":1.0},{"damage":2.0,"enemies":"Lagavulin Event","floor":14.0,"turns":3.0},{"damage":19.0,"enemies":"The Guardian","floor":16.0,"turns":6.0},{"damage":2.0,"enemies":"Chosen","floor":18.0,"turns":3.0},{"damage":20.0,"enemies":"Masked Bandits","floor":22.0,"turns":3.0},{"damage":0.0,"enemies":"3 Byrds","floor":28.0,"turns":4.0},{"damage":43.0,"enemies":"Slavers","floor":29.0,"turns":4.0},{"damage":0.0,"enemies":"Sentry and Sphere","floor":31.0,"turns":3.0},{"damage":39.0,"enemies":"Champ","floor":33.0,"turns":8.0},{"damage":2.0,"enemies":"Orb Walker","floor":35.0,"turns":3.0},{"damage":1.0,"enemies":"Mind Bloom Boss Battle","floor":37.0,"turns":4.0},{"damage":6.0,"enemies":"3 Darklings","floor":39.0,"turns":2.0},{"damage":0.0,"enemies":"Giant Head","floor":41.0,"turns":5.0},{"damage":23.0,"enemies":"Jaw Worm Horde","floor":42.0,"turns":3.0},{"damage":19.0,"enemies":"Nemesis","floor":44.0,"turns":3.0},{"damage":16.0,"enemies":"4 Shapes","floor":46.0,"turns":2.0},{"damage":10,"enemies":"Maw","floor":48,"turns":5},{"damage":53,"enemies":"Time Eater","floor":50,"turns":6}],"seed_played":"1647714493842272643","potions_obtained":[{"floor":1.0,"key":"Ambrosia"},{"floor":6.0,"key":"ColorlessPotion"},{"floor":11.0,"key":"StancePotion"},{"floor":13.0,"key":"Fire Potion"},{"floor":29.0,"key":"SkillPotion"},{"floor":37.0,"key":"SkillPotion"},{"floor":39.0,"key":"LiquidMemories"},{"floor":42.0,"key":"CultistPotion"},{"floor":46.0,"key":"BlessingOfTheForge"}],"is_trial":false,"path_per_floor":["M","M","?","?","$","E","?","E","T","M","M","R","M","?","R","B",null,"M","?","?","$","?","R","?","R","T","$","M","E","?","M","R","B",null,"M","?","?","?","M","R","E","M","T","E","?","M","?","M","R","B"],"character_chosen":"WATCHER","items_purchased":["MentalFortress","Adaptation"],"campfire_rested":2,"item_purchase_floors":[5,21],"current_hp_per_floor":[65,65,58,58,58,58,58,58,58,58,58,58,58,56,56,37,63,61,61,61,61,41,41,41,41,41,56,56,13,13,13,49,10,57,55,55,54,54,48,48,48,30,30,18,18,4,4,6,44,0,0],"gold":829,"neow_bonus":"THREE_ENEMY_KILL","is_daily":false,"chose_seed":false,"campfire_upgraded":4,"win_rate":0.0,"timestamp":1608046264,"path_taken":["M","M","?","?","$","E","?","E","T","?","M","R","M","?","R","BOSS","M","?","?","$","?","R","?","R","T","?","M","E","?","M","R","BOSS","M","?","?","?","?","R","E","M","T","E","?","M","?","M","R","BOSS"],"items_purchased_type":["Card","Card"],"build_version":"2020-12-13","purchased_purges":2,"victory":false,"max_hp_per_floor":[72,72,72,72,72,72,72,72,72,72,72,72,72,72,72,72,72,72,72,72,72,72,72,72,72,72,72,72,72,72,72,72,72,72,72,72,72,72,72,72,72,72,72,74,74,76,76,78,78,78,78],"card_choices":[{"not_picked":["Protect","SashWhip"],"picked":"SandsOfTime","floor":1.0},{"not_picked":["FlurryOfBlows","BowlingBash"],"picked":"Worship","floor":2.0},{"not_picked":["Crescendo","Prostrate"],"picked":"Ragnarok","floor":6.0},{"not_picked":["EmptyMind","Tantrum","InnerPeace"],"picked":"SKIP","floor":8.0},{"not_picked":["Collect","Protect","TalkToTheHand"],"picked":"SKIP","floor":10.0},{"not_picked":["FlurryOfBlows","EmptyFist","ThirdEye"],"picked":"SKIP","floor":11.0},{"not_picked":["ClearTheMind","Wireheading","Crescendo"],"picked":"SKIP","floor":13.0},{"not_picked":["WheelKick","CrushJoints"],"picked":"BattleHymn","floor":14.0},{"not_picked":["Brilliance","Ragnarok"],"picked":"Devotion","floor":16.0},{"not_picked":["CarveReality","FlurryOfBlows"],"picked":"Prostrate","floor":18.0},{"not_picked":["Fasting2","Meditate","ThirdEye"],"picked":"SKIP","floor":28.0},{"not_picked":["ForeignInfluence+1","ThirdEye+1","Halt"],"picked":"SKIP","floor":29.0},{"not_picked":["Halt","EmptyBody","FlyingSleeves"],"picked":"SKIP","floor":31.0},{"not_picked":["SignatureMove","PathToVictory","Collect+1"],"picked":"SKIP","floor":35.0},{"not_picked":["CutThroughFate","WaveOfTheHand","Crescendo"],"picked":"SKIP","floor":39.0},{"not_picked":["BowlingBash","PathToVictory","ThirdEye+1"],"picked":"SKIP","floor":41.0},{"not_picked":["EmptyMind","EmptyBody","SashWhip+1"],"picked":"SKIP","floor":42.0},{"not_picked":["SignatureMove","Scrawl","Meditate"],"picked":"Singing Bowl","floor":44.0},{"not_picked":["BowlingBash","InnerPeace","BattleHymn"],"picked":"Singing Bowl","floor":46.0},{"not_picked":["CrushJoints","WaveOfTheHand","Evaluate"],"picked":"Singing Bowl","floor":48}],"player_experience":417155,"relics_obtained":[{"floor":6.0,"key":"War Paint"},{"floor":8.0,"key":"Anchor"},{"floor":14.0,"key":"Regal Pillow"},{"floor":22.0,"key":"Red Mask"},{"floor":26.0,"key":"MealTicket"},{"floor":29.0,"key":"PreservedInsect"},{"floor":37.0,"key":"Dead Branch"},{"floor":41.0,"key":"Toy Ornithopter"},{"floor":43.0,"key":"Juzu Bracelet"},{"floor":44.0,"key":"Singing Bowl"}],"event_choices":[{"cards_removed":["Defend_P"],"damage_healed":0.0,"max_hp_gain":0.0,"max_hp_loss":0.0,"gold_gain":0.0,"event_name":"Golden Wing","player_choice":"Card Removal","floor":3.0,"gold_loss":0.0,"damage_taken":7.0},{"damage_healed":0.0,"max_hp_gain":0.0,"max_hp_loss":0.0,"gold_gain":0.0,"cards_transformed":["Strike_P"],"event_name":"Living Wall","player_choice":"Change","floor":4.0,"gold_loss":0.0,"damage_taken":0.0,"cards_obtained":["Consecrate"]},{"damage_healed":0.0,"max_hp_gain":0.0,"max_hp_loss":0.0,"gold_gain":0.0,"event_name":"Match and Keep!","player_choice":"1 cards matched","floor":7.0,"gold_loss":0.0,"damage_taken":0.0,"cards_obtained":["Blasphemy"]},{"damage_healed":0.0,"max_hp_gain":0.0,"max_hp_loss":0.0,"gold_gain":0.0,"event_name":"Dead Adventurer","player_choice":"Searched \u00271\u0027 times","floor":14.0,"gold_loss":0.0,"damage_taken":0.0},{"damage_healed":0.0,"max_hp_gain":0.0,"max_hp_loss":0.0,"gold_gain":99.0,"event_name":"Nest","player_choice":"Stole From Cult","floor":19.0,"gold_loss":0.0,"damage_taken":0.0},{"damage_healed":0.0,"max_hp_gain":0.0,"max_hp_loss":0.0,"gold_gain":0.0,"event_name":"Vampires","player_choice":"Ignored","floor":20.0,"gold_loss":0.0,"damage_taken":0.0},{"damage_healed":0.0,"max_hp_gain":0.0,"max_hp_loss":0.0,"gold_gain":0.0,"event_name":"Masked Bandits","player_choice":"Fought Bandits","floor":22.0,"gold_loss":0.0,"damage_taken":0.0},{"damage_healed":0.0,"max_hp_gain":0.0,"max_hp_loss":0.0,"gold_gain":0.0,"event_name":"The Library","player_choice":"Read","floor":24.0,"gold_loss":0.0,"damage_taken":0.0,"cards_obtained":["FearNoEvil"]},{"damage_healed":0.0,"max_hp_gain":0.0,"max_hp_loss":0.0,"gold_gain":0.0,"event_name":"The Mausoleum","player_choice":"Opened","floor":30.0,"gold_loss":0.0,"damage_taken":0.0,"relics_obtained":["Orichalcum"]},{"damage_healed":0.0,"max_hp_gain":0.0,"max_hp_loss":0.0,"gold_gain":222.0,"event_name":"Tomb of Lord Red Mask","player_choice":"Wore Mask","floor":36.0,"gold_loss":0.0,"damage_taken":0.0},{"damage_healed":0.0,"max_hp_gain":0.0,"max_hp_loss":0.0,"gold_gain":0.0,"event_name":"MindBloom","player_choice":"Fight","floor":37.0,"gold_loss":0.0,"damage_taken":0.0},{"damage_healed":0.0,"max_hp_gain":0.0,"max_hp_loss":0.0,"gold_gain":0.0,"event_name":"SensoryStone","player_choice":"Memory 1","floor":38.0,"gold_loss":0.0,"damage_taken":0.0},{"damage_healed":0.0,"max_hp_gain":0.0,"max_hp_loss":0.0,"gold_gain":0.0,"event_name":"Mysterious Sphere","player_choice":"Ignored","floor":45.0,"gold_loss":0.0,"damage_taken":0.0},{"cards_removed":["Strike_P"],"damage_healed":0.0,"max_hp_gain":0.0,"max_hp_loss":0.0,"gold_gain":0.0,"event_name":"Falling","player_choice":"Removed Attack","floor":47.0,"gold_loss":0.0,"damage_taken":0.0}],"is_beta":false,"boss_relics":[{"not_picked":["HolyWater","Velvet Choker"],"picked":"Runic Pyramid"},{"not_picked":["Runic Dome","Cursed Key"],"picked":"SlaversCollar"}],"items_purged_floors":[21,27],"is_endless":false,"potions_floor_spawned":[1,6,11,13,14,29,31,37,39,42,46],"killed_by":"Time Eater","ascension_level":13}}