{"host":"jm9833yuloeli2yd","time":1608074342,"event":{"mods":["AchievementEnabler","BaseMod","Better Altar","Better Match","Better Note","Better Sensory Stone","Better Skull","Better Vampires","Colored Map","Colored Powertips","DeckTracker","Minty Spire (QoL Compilation)","Permanent Neow","Quick Restart","Replay The Spire","StSLib","SuperFastMode"],"gold_per_floor":[113,113,123,141,196,228,238,263,287,336,336,336,360,407,282,306,306,401,401,437,437,3,3,3,42,42,42,42,87,75,104,148,9,9,21,21],"floor_reached":35,"playtime":1009,"items_purged":["Strike_B"],"score":761,"play_id":"dd47a908-f389-42f8-ad8d-75e11c1b3f93","local_time":"20201215181902","is_ascension_mode":true,"campfire_choices":[{"data":"Fission","floor":17,"key":"SMITH"},{"floor":27,"key":"REST"},{"floor":34,"key":"DIG"}],"circlet_count":0,"master_deck":["AscendersBane","Strike_B","Strike_B","Defend_B+1","Defend_B","Defend_B+1","Defend_B","Zap+1","Dualcast","Melter","Ball Lightning","Self Repair","Compile Driver","Core Surge","Barrage","Conserve Battery","Coolheaded","Cold Snap","Fission+1","Conserve Battery+1","Gash","Seek","AbeCurse","Static Discharge","Doom and Gloom","Ghostly","Ghostly","Ghostly","ReplayTheSpireMod:Calculation Training","Capacitor","Recycle","Crystallizer+1","Consume+1","Capacitor","Gash"],"relics":["Cracked Core","War Paint","Pocketwatch","Replay:Bandana","PreservedInsect","Bronze Scales","Onion Ring","Abe\u0027s Treasure","GremlinMask","Runic Capacitor","Nunchaku","Blood Vial","Centennial Puzzle","Blue Doll","Regal Pillow","Ancient Tea Set"],"acts_visited":["Exordium","TheCity"],"potions_floor_usage":[14,25,29],"damage_taken":[{"damage":2,"enemies":"Jaw Worm","floor":1,"turns":3},{"damage":1,"enemies":"Cultist","floor":3,"turns":3},{"damage":4,"enemies":"Small Slimes","floor":4,"turns":3},{"damage":11,"enemies":"Lagavulin","floor":6,"turns":7},{"damage":4,"enemies":"Looter","floor":7,"turns":3},{"damage":11,"enemies":"Gremlin Nob","floor":8,"turns":3},{"damage":6,"enemies":"3 Sentries","floor":10,"turns":5},{"damage":4,"enemies":"Red Slaver","floor":13,"turns":3},{"damage":0,"enemies":"Lagavulin","floor":14,"turns":5},{"damage":0,"enemies":"2 Fungi Beasts","floor":16,"turns":3},{"damage":15,"enemies":"The Guardian","floor":18,"turns":10},{"damage":0,"enemies":"3 Byrds","floor":20,"turns":4},{"damage":16,"enemies":"Book of Stabbing","floor":25,"turns":5},{"damage":4,"enemies":"Gremlin Leader","floor":29,"turns":2},{"damage":2,"enemies":"2 Thieves","floor":30,"turns":4},{"damage":6,"enemies":"Centurion and Healer","floor":31,"turns":7},{"damage":29,"enemies":"Slavers","floor":32,"turns":4},{"damage":19,"enemies":"Pondfish","floor":35,"turns":5}],"seed_played":"3760965429207494345","potions_obtained":[{"floor":1,"key":"Fire Potion"},{"floor":3,"key":"Death Potion"},{"floor":5,"key":"Block Potion"},{"floor":14,"key":"Explosive Potion"},{"floor":25,"key":"Strength Potion"}],"is_trial":false,"path_per_floor":["M","?","M","M","?","E","M","E","T","E","PTL","PTL","M","E","?","M","R","B",null,"M","?","$","?","?","E","?","R","T","E","M","M","E","$","R_BF","B"],"character_chosen":"DEFECT","items_purchased":["Runic Capacitor","CultistPotion","Doom and Gloom","Capacitor","Gash"],"campfire_rested":1,"item_purchase_floors":[22,22,22,33,33],"current_hp_per_floor":[62,62,61,57,29,25,21,17,17,18,18,18,21,21,21,28,28,20,58,65,65,65,65,35,19,8,18,18,23,30,33,13,13,13,0,0],"gold":21,"neow_bonus":"UPGRADE_CARD","is_daily":false,"chose_seed":false,"campfire_upgraded":1,"win_rate":0.0,"timestamp":1608074342,"path_taken":["M","?","?","M","?","E","M","E","T","E","PTL","PTL","?","E","?","M","R","BOSS","M","?","?","?","?","E","?","R","T","E","M","M","E","?","R_BF","BOSS"],"items_purchased_type":["Relic","Potion","Card","Card","Card"],"build_version":"2020-12-13","purchased_purges":1,"victory":false,"max_hp_per_floor":[71,71,71,71,71,71,71,71,71,71,71,71,71,71,71,71,71,71,71,71,71,71,71,35,35,35,35,35,35,35,35,35,35,35,35,35],"card_choices":[{"not_picked":["ReplayTheSpireMod:System Scan","Undo"],"picked":"Melter","floor":1},{"not_picked":["Double Energy","Compile Driver"],"picked":"Ball Lightning","floor":3},{"not_picked":["Force Field","Barrage"],"picked":"Self Repair","floor":4},{"not_picked":["Streamline","Turbo"],"picked":"Compile Driver","floor":5},{"not_picked":["Panic Button","ReplaySolidLightProjector"],"picked":"Core Surge","floor":6},{"not_picked":["ReplaySort","Heatsinks"],"picked":"Barrage","floor":7},{"not_picked":["Aggregate","Force Field"],"picked":"Conserve Battery","floor":8},{"not_picked":["Conserve Battery","BasicCrystalCard"],"picked":"Coolheaded","floor":10},{"not_picked":["Ball Lightning","Gash"],"picked":"Cold Snap","floor":13},{"not_picked":["Redo","Compile Driver"],"picked":"Fission","floor":14},{"not_picked":["Beam Cell+1","Streamline+1"],"picked":"Conserve Battery+1","floor":15},{"not_picked":["ReplaySort","Rebound"],"picked":"Gash","floor":16},{"not_picked":["Reboot","Hyperbeam"],"picked":"Seek","floor":18},{"not_picked":["Compile Driver","Ball Lightning"],"picked":"Static Discharge","floor":20},{"not_picked":["Ball Lightning","Hologram"],"picked":"ReplayTheSpireMod:Calculation Training","floor":25},{"not_picked":["ReplaySort+1","Stack"],"picked":"Capacitor","floor":29},{"not_picked":["Leap","Streamline"],"picked":"Recycle","floor":30},{"not_picked":["Leap","ReplayTheSpireMod:System Scan"],"picked":"Crystallizer+1","floor":31},{"not_picked":["Aggregate","Heatsinks"],"picked":"Consume+1","floor":32}],"player_experience":1088051,"relics_obtained":[{"floor":5,"key":"War Paint"},{"floor":6,"key":"Pocketwatch"},{"floor":8,"key":"Replay:Bandana"},{"floor":9,"key":"PreservedInsect"},{"floor":10,"key":"Bronze Scales"},{"floor":14,"key":"Onion Ring"},{"floor":25,"key":"Nunchaku"},{"floor":28,"key":"Centennial Puzzle"},{"floor":29,"key":"Blue Doll"},{"floor":32,"key":"Regal Pillow"},{"floor":34,"key":"Ancient Tea Set"}],"event_choices":[{"cards_removed":["Strike_B"],"damage_healed":0,"gold_gain":0,"player_choice":"Purged","damage_taken":0,"max_hp_gain":0,"max_hp_loss":0,"event_name":"Purifier","floor":2,"gold_loss":0},{"damage_healed":0,"gold_gain":0,"player_choice":"2","damage_taken":0,"max_hp_gain":0,"max_hp_loss":0,"event_name":"betterMatch:BetterMatch","floor":15,"gold_loss":0,"cards_obtained":["betterMatch:CommonCard"]},{"damage_healed":0,"gold_gain":0,"player_choice":"Trade","damage_taken":0,"relics_obtained":["GremlinMask"],"max_hp_gain":0,"max_hp_loss":0,"event_name":"FaceTrader","floor":21,"gold_loss":0},{"damage_healed":0,"gold_gain":0,"player_choice":"Became a Ghost","damage_taken":0,"max_hp_gain":0,"max_hp_loss":36,"event_name":"Ghosts","floor":24,"gold_loss":0,"cards_obtained":["Ghostly","Ghostly","Ghostly"]},{"damage_healed":0,"gold_gain":0,"player_choice":" Vial ","damage_taken":11,"relics_obtained":["Blood Vial"],"max_hp_gain":19,"max_hp_loss":8,"event_name":"betterAltar:BetterAltar","floor":26,"potions_obtained":[],"relics_lost":[],"gold_loss":0}],"is_beta":false,"boss_relics":[{"not_picked":["Replay:Ancient Bell","Replay:Bronze Core"],"picked":"Abe\u0027s Treasure"}],"items_purged_floors":[22],"is_endless":false,"potions_floor_spawned":[1,3,4,10,13,14,20,25],"killed_by":"Pondfish","ascension_level":20}}