{"host":"4myl0piycjadqnwl","time":1608061720,"event":{"mods":["BaseMod","Colored Map","Downfall","Minty Spire (QoL Compilation)","StSLib"],"gold_per_floor":[99,99,99,125,125,145,145,177,190,224,244,255,113,113,133,133,133],"floor_reached":16,"playtime":1643,"items_purged":[],"score":145,"play_id":"154c8009-9898-438f-8495-abc2fed1349a","local_time":"20201215204840","is_ascension_mode":false,"campfire_choices":[{"floor":1.0,"key":"RECALL"}],"circlet_count":0,"master_deck":["champ:Strike","champ:Strike","champ:Strike","champ:Strike","champ:Defend","champ:Defend","champ:Defend","champ:Defend","champ:Execute","champ:Taunt","champ:BerserkersShout+1","champ:CrookedStrike","champ:BerserkersShout+1","champ:CrookedStrike+1","champ:FaceSlap","champ:BladeFlurry","champ:HeartStrike","champ:PerfectedStrike","champ:Backstep","champ:CalledShot","Regret","champ:VampiricStrike"],"relics":["champ:ChampionCrown","downfall:HeartsMalice","Ginger","Centennial Puzzle","Pocketwatch","WingedGreaves"],"acts_visited":["Exordium"],"potions_floor_usage":[16,16,16],"damage_taken":[{"damage":0.0,"enemies":"Jaw Worm","floor":2.0,"turns":1.0},{"damage":0.0,"enemies":"Lagavulin","floor":4.0,"turns":1.0},{"damage":0.0,"enemies":"Small Slimes","floor":5.0,"turns":1.0},{"damage":2.0,"enemies":"2 Louse","floor":6.0,"turns":2.0},{"damage":81.0,"enemies":"3 Sentries","floor":8.0,"turns":11.0},{"damage":22.0,"enemies":"2 Fungi Beasts","floor":9.0,"turns":4.0},{"damage":12.0,"enemies":"Gremlin Nob","floor":10.0,"turns":4.0},{"damage":11.0,"enemies":"Exordium Wildlife","floor":11.0,"turns":3.0},{"damage":25.0,"enemies":"Red Slaver","floor":12.0,"turns":5.0},{"damage":11.0,"enemies":"downfall:FleeingMerchant","floor":13.0,"turns":4.0},{"damage":0.0,"enemies":"2 Fungi Beasts","floor":15.0,"turns":2.0},{"damage":29,"enemies":"downfall:Silent","floor":16,"turns":8}],"seed_played":"7818986616829021627","potions_obtained":[{"floor":4.0,"key":"Explosive Potion"},{"floor":8.0,"key":"SmokeBomb"},{"floor":9.0,"key":"LiquidMemories"},{"floor":15,"key":"DistilledChaos"}],"is_trial":false,"path_per_floor":["R","M","?","E","M","M","T","E","M","E","M","M","$","?","M","B"],"character_chosen":"THE_CHAMP","items_purchased":["champ:Backstep","champ:CalledShot"],"campfire_rested":0,"item_purchase_floors":[13,13],"current_hp_per_floor":[90,90,90,90,90,88,88,41,38,29,26,12,12,12,12,0,0],"gold":133,"neow_bonus":"THREE_ENEMY_KILL","is_daily":false,"chose_seed":false,"campfire_upgraded":0,"win_rate":0.0,"timestamp":1608061720,"path_taken":["R","M","?","E","M","M","T","E","M","E","M","M","$","?","M","BOSS"],"items_purchased_type":["Card","Card"],"build_version":"2020-12-13","purchased_purges":0,"victory":false,"max_hp_per_floor":[90,90,90,90,90,90,90,90,90,90,90,90,90,90,90,90,90],"card_choices":[{"not_picked":["champ:DefensiveShout","champ:CalledShot"],"picked":"champ:BerserkersShout","floor":2.0},{"not_picked":["champ:BladeFlurry","champ:PerfectedStrike"],"picked":"champ:CrookedStrike","floor":4.0},{"not_picked":["champ:TornadoPunch","champ:DefensiveShout","champ:GladiatorsShout"],"picked":"SKIP","floor":5.0},{"not_picked":["champ:GladiatorStyle","champ:Haymaker"],"picked":"champ:BerserkersShout","floor":6.0},{"not_picked":["champ:FalseCounter","champ:Circumvent"],"picked":"champ:CrookedStrike","floor":8.0},{"not_picked":["champ:BerserkersShout","champ:CrookedStrike"],"picked":"champ:FaceSlap","floor":9.0},{"not_picked":["champ:FocusedDefense","champ:ViciousMockery"],"picked":"champ:BladeFlurry","floor":10.0},{"not_picked":["champ:ViciousMockery","champ:PerfectForm"],"picked":"champ:HeartStrike","floor":11.0},{"not_picked":["champ:DefensiveShout","champ:FanOfKnives","champ:BerserkersShout"],"picked":"SKIP","floor":12.0},{"not_picked":["champ:DefensiveShout","champ:FightOn"],"picked":"champ:PerfectedStrike","floor":13.0},{"not_picked":["champ:CrookedStrike","champ:FlashCut"],"picked":"champ:VampiricStrike","floor":15}],"player_experience":1349597,"relics_obtained":[{"floor":4.0,"key":"Centennial Puzzle"},{"floor":8.0,"key":"Pocketwatch"},{"floor":10.0,"key":"WingedGreaves"}],"event_choices":[],"is_beta":false,"boss_relics":[],"items_purged_floors":[],"is_endless":false,"potions_floor_spawned":[4,8,9,12,15],"killed_by":"downfall:Silent","ascension_level":0}}