{"host":"xgxuefht1bbr37ku","time":1608037151,"event":{"mods":["BaseMod","KOR Keyword Fix","Minty Spire (QoL Compilation)","Say the Spire","StSLib","The Dragon Tamer"],"gold_per_floor":[116,131,148,148,164,164,190,190,267,282,301,147,182,192,192,297,297,315,328,339,350,196,121,121,137,218,218,218,218,218],"floor_reached":28,"playtime":1866,"items_purged":[],"score":259,"play_id":"ae3aaf8f-f753-473e-a6d3-ab5c2a371c29","local_time":"20201215215911","is_ascension_mode":false,"metric_token":415,"campfire_choices":[{"data":"DTMod:SwitchingTactic","floor":6,"key":"SMITH"},{"floor":8,"key":"REST"},{"floor":15,"key":"REST"},{"data":"DTMod:CrossStep","floor":24,"key":"SMITH"}],"dtmod_dragon_data":[0,50,1,-1,8,0],"circlet_count":0,"master_deck":["DTMod:Strike","DTMod:Strike","DTMod:Strike+1","DTMod:DoubleHit","DTMod:TargetDefense","DTMod:TargetDefense","DTMod:TargetDefense","DTMod:TargetDefense","DTMod:SwitchingTactic+1","DTMod:InvisibleFlame+1","DTMod:FlameSlash","DTMod:HeatWave","DTMod:QuickFly","DTMod:Threaten","DTMod:FlameSlash","DTMod:HeatWave","DTMod:MagiciansMark","DTMod:DragonDance","DTMod:Feint","DTMod:Shift","DTMod:QuickFly+1","DTMod:HeatWave+1","DTMod:DragonDance+1","DTMod:CrossStep+1","DTMod:FlameSlash+1","DTMod:MagicField","Necronomicurse"],"relics":["DTMod:PactStone","TungstenRod","InkBottle","Orrery","Pen Nib","Astrolabe","Medical Kit","Shuriken","Necronomicon"],"acts_visited":["Exordium","TheCity"],"potions_floor_usage":[11,25,28,28],"damage_taken":[{"damage":0,"enemies":"2 Louse","floor":1,"turns":2},{"damage":3,"enemies":"Small Slimes","floor":2,"turns":4},{"damage":0,"enemies":"Jaw Worm","floor":3,"turns":3},{"damage":0,"enemies":"Gremlin Gang","floor":5,"turns":3},{"damage":0,"enemies":"Lagavulin","floor":7,"turns":6},{"damage":0,"enemies":"Lots of Slimes","floor":10,"turns":3},{"damage":0,"enemies":"2 Fungi Beasts","floor":11,"turns":2},{"damage":4,"enemies":"Gremlin Nob","floor":13,"turns":4},{"damage":0,"enemies":"Looter","floor":14,"turns":2},{"damage":22,"enemies":"Hexaghost","floor":16,"turns":9},{"damage":0,"enemies":"Shell Parasite","floor":18,"turns":4},{"damage":0,"enemies":"2 Thieves","floor":19,"turns":4},{"damage":0,"enemies":"Chosen and Byrds","floor":20,"turns":6},{"damage":0,"enemies":"Cultist and Chosen","floor":21,"turns":4},{"damage":22,"enemies":"Snake Plant","floor":25,"turns":7},{"damage":15,"enemies":"Gremlin Leader","floor":28,"turns":3}],"seed_played":"9128291285683657493","potions_obtained":[{"floor":1,"key":"Strength Potion"},{"floor":7,"key":"Energy Potion"},{"floor":13,"key":"Dexterity Potion"},{"floor":14,"key":"SkillPotion"}],"is_trial":false,"path_per_floor":["M","M","M","?","M","R","E","R","T","M","M","$","E","M","R","B",null,"M","M","M","M","$","?","R","M","T","?","E"],"character_chosen":"THE_DT","items_purchased":["Orrery","Medical Kit"],"campfire_rested":2,"item_purchase_floors":[12,22],"current_hp_per_floor":[49,46,46,36,36,36,36,49,49,49,49,49,45,45,49,27,49,49,49,49,49,49,49,49,27,27,15,0,0,0],"gold":218,"neow_bonus":"TEN_PERCENT_HP_BONUS","is_daily":false,"chose_seed":false,"campfire_upgraded":2,"win_rate":0.0,"timestamp":1608037151,"path_taken":["M","M","M","?","M","R","E","R","T","M","M","$","E","M","R","BOSS","M","M","M","M","$","?","R","M","T","?","E"],"items_purchased_type":["Relic","Relic"],"build_version":"2020-12-13","purchased_purges":0,"victory":false,"max_hp_per_floor":[49,49,49,49,49,49,49,49,49,49,49,49,49,49,49,49,49,49,49,49,49,49,49,49,49,49,49,49,49,49],"card_choices":[{"not_picked":["DTMod:Overwhelm","DTMod:BuildUp"],"picked":"DTMod:InvisibleFlame","floor":1},{"not_picked":["DTMod:BizarreTactic","DTMod:Training"],"picked":"DTMod:FlameSlash","floor":2},{"not_picked":["DTMod:TagTeam","DTMod:Hide","DTMod:CleansingStrike"],"picked":"SKIP","floor":3},{"not_picked":["DTMod:PurifyingFlame","DTMod:Astonish"],"picked":"DTMod:HeatWave","floor":5},{"not_picked":["DTMod:Dissolve","DTMod:BizarreTactic"],"picked":"DTMod:OpeningTactic","floor":7},{"not_picked":["DTMod:BuildUp","DTMod:BlazingStrike"],"picked":"DTMod:Adaptation","floor":10},{"not_picked":["DTMod:Cover","DTMod:MagicField"],"picked":"DTMod:QuickFly","floor":11},{"not_picked":["DTMod:MasterPlan","DTMod:Conduct"],"picked":"DTMod:Threaten","floor":12},{"not_picked":["DTMod:StarRain","DTMod:HeatWave"],"picked":"DTMod:FlameSlash","floor":12},{"not_picked":["DTMod:ResonanceForm","DTMod:Cover"],"picked":"DTMod:HeatWave","floor":12},{"not_picked":["DTMod:Cover","DTMod:LowKick"],"picked":"DTMod:MagiciansMark","floor":12},{"not_picked":["DTMod:DeepFocus","DTMod:Threaten"],"picked":"DTMod:DragonDance","floor":12},{"not_picked":["DTMod:BlazingStrike","DTMod:StarRain"],"picked":"DTMod:Feint","floor":13},{"not_picked":["DTMod:Feint","DTMod:Weaken"],"picked":"DTMod:Shift","floor":14},{"not_picked":["DTMod:Safeguard","DTMod:FierySynthesis"],"picked":"DTMod:Inferno","floor":16},{"not_picked":["DTMod:Weaken","DTMod:BuildUp"],"picked":"DTMod:CrossStep","floor":18},{"not_picked":["DTMod:Hide","DTMod:BurningEnergy"],"picked":"DTMod:FlameSlash+1","floor":19},{"not_picked":["DTMod:Coolant+1","DTMod:BurningEnergy"],"picked":"DTMod:MagicField","floor":20},{"not_picked":["DTMod:RecklessFlurry","DTMod:BuildUp","DTMod:Hide"],"picked":"SKIP","floor":21},{"not_picked":["DTMod:Hide+1","DTMod:BurningForce","DTMod:Training"],"picked":"SKIP","floor":25}],"player_experience":181777,"relics_obtained":[{"floor":7,"key":"TungstenRod"},{"floor":9,"key":"InkBottle"},{"floor":13,"key":"Pen Nib"},{"floor":26,"key":"Shuriken"},{"floor":27,"key":"Necronomicon"}],"event_choices":[{"damage_healed":0,"gold_gain":0,"player_choice":"Entered Light","damage_taken":10,"max_hp_gain":0,"max_hp_loss":0,"event_name":"Shining Light","floor":4,"gold_loss":0,"cards_upgraded":["DTMod:Strike","DTMod:InvisibleFlame"]},{"cards_removed":["DTMod:Strike"],"damage_healed":0,"gold_gain":0,"player_choice":"Gave Gold","damage_taken":0,"max_hp_gain":0,"max_hp_loss":0,"event_name":"Beggar","floor":23,"gold_loss":75},{"damage_healed":0,"gold_gain":0,"player_choice":"Obtained Book","damage_taken":16,"max_hp_gain":0,"max_hp_loss":0,"event_name":"Cursed Tome","floor":27,"gold_loss":0}],"is_beta":false,"boss_relics":[{"not_picked":["Fusion Hammer","Runic Dome"],"picked":"Astrolabe"}],"items_purged_floors":[],"is_endless":false,"potions_floor_spawned":[1,7,13,14,20,21],"killed_by":"Gremlin Leader","ascension_level":0}}