{"host":"nox","time":1608047393,"event":{"mods":["BaseMod","Colored Powertips","Minty Spire (QoL Compilation)","Quick Restart","Replay The Spire","StSLib"],"gold_per_floor":[114,114,134,134,59,90,102,102,178,188,188,201,220,234,234,331,331,342,360,37,37,37,37,37],"floor_reached":23,"playtime":870,"items_purged":["Strike_R","Strike_R"],"score":276,"play_id":"af448d8e-fad7-4631-b717-5d43a45f63f2","local_time":"20201215224953","is_ascension_mode":true,"campfire_choices":[{"data":"Spot Weakness","floor":8.0,"key":"SMITH"},{"data":"Body Slam","floor":11.0,"key":"SMITH"}],"circlet_count":0,"master_deck":["Strike_R","Defend_R","Defend_R","Defend_R","Defend_R","Bash","Body Slam+1","Body Slam+1","Spot Weakness+1","Body Slam","Body Slam","CurseOfTheBell","ReplayReversal","Armaments","Panache","Dual Wield"],"relics":["Burning Blood","Centennial Puzzle","Pantograph","Calling Bell","ReplayFunnel","Kunai","Ginger","MutagenicStrength"],"acts_visited":["Exordium","TheCity"],"potions_floor_usage":[],"damage_taken":[{"damage":2.0,"enemies":"2 Louse","floor":1.0,"turns":3.0},{"damage":3.0,"enemies":"Jaw Worm","floor":3.0,"turns":5.0},{"damage":48.0,"enemies":"Gremlin Nob","floor":6.0,"turns":6.0},{"damage":5.0,"enemies":"Cultist","floor":7.0,"turns":5.0},{"damage":24.0,"enemies":"3 Louse","floor":10.0,"turns":7.0},{"damage":11.0,"enemies":"Blue Slaver","floor":12.0,"turns":4.0},{"damage":6.0,"enemies":"Looter","floor":13.0,"turns":3.0},{"damage":8.0,"enemies":"Exordium Thugs","floor":14.0,"turns":5.0},{"damage":58.0,"enemies":"Fading Forest","floor":16.0,"turns":11.0},{"damage":22.0,"enemies":"Shell Parasite","floor":18.0,"turns":4.0},{"damage":37.0,"enemies":"Chosen","floor":19.0,"turns":5.0},{"damage":34,"enemies":"Book of Stabbing","floor":23,"turns":3}],"seed_played":"-8291752835908352494","potions_obtained":[{"floor":1.0,"key":"Ancient Potion"},{"floor":7.0,"key":"Weak Potion"},{"floor":13.0,"key":"Fire Potion"},{"floor":16.0,"key":"PowerPotion"}],"is_trial":false,"path_per_floor":["M","?","M","?","$","E","M","R","T","M","R","M","M","M","R","B",null,"M","M","$","?","?","E"],"character_chosen":"IRONCLAD","items_purchased":["Armaments","Panache"],"campfire_rested":0,"item_purchase_floors":[20,20],"current_hp_per_floor":[84,77,80,80,80,38,39,39,39,21,21,16,16,14,40,13,69,53,22,22,22,22,0,0],"gold":37,"neow_bonus":"TEN_PERCENT_HP_BONUS","is_daily":false,"chose_seed":false,"campfire_upgraded":2,"win_rate":0.0,"timestamp":1608047393,"path_taken":["M","?","M","?","?","E","M","R","T","M","R","M","M","?","R","BOSS","M","M","$","?","?","E"],"items_purchased_type":["Card","Card"],"build_version":"2020-11-17","purchased_purges":2,"victory":false,"max_hp_per_floor":[88,88,88,88,88,88,88,88,88,88,88,88,88,88,88,88,88,88,88,88,88,88,88,88],"card_choices":[{"not_picked":["Evolve","Reckless Charge"],"picked":"Body Slam","floor":1.0},{"not_picked":["Cleave","Heavy Blade"],"picked":"Body Slam","floor":3.0},{"not_picked":["Havoc","Cleave","Replay:Undeath\u0027s Touch"],"picked":"SKIP","floor":6.0},{"not_picked":["Clothesline","Defy Death"],"picked":"Spot Weakness","floor":7.0},{"not_picked":["Cleave","ReplayTheSpireMod:Corrosion Curse"],"picked":"Body Slam","floor":10.0},{"not_picked":["Exhume","Life Link"],"picked":"Body Slam","floor":12.0},{"not_picked":["Dark Embrace","Blood for Blood","Anger"],"picked":"SKIP","floor":13.0},{"not_picked":["Anger","Power Through","Clash"],"picked":"SKIP","floor":14.0},{"not_picked":["Feel No Pain+1","Intimidate"],"picked":"ReplayReversal","floor":18.0},{"not_picked":["Intimidate","Headbutt+1","Body Slam"],"picked":"SKIP","floor":19.0}],"player_experience":116951,"relics_obtained":[{"floor":6.0,"key":"Centennial Puzzle"},{"floor":9.0,"key":"Pantograph"},{"floor":17.0,"key":"ReplayFunnel"},{"floor":17.0,"key":"Kunai"},{"floor":17.0,"key":"Ginger"}],"event_choices":[{"cards_removed":["Strike_R"],"damage_healed":0.0,"max_hp_gain":0.0,"max_hp_loss":0.0,"gold_gain":0.0,"event_name":"Golden Wing","player_choice":"Card Removal","floor":2.0,"gold_loss":0.0,"damage_taken":7.0},{"cards_removed":["Strike_R"],"damage_healed":0.0,"max_hp_gain":0.0,"max_hp_loss":0.0,"gold_gain":0.0,"event_name":"Living Wall","player_choice":"Forget","floor":4.0,"gold_loss":0.0,"damage_taken":0.0},{"damage_healed":0.0,"max_hp_gain":0.0,"max_hp_loss":0.0,"gold_gain":0.0,"event_name":"Drug Dealer","player_choice":"Inject Mutagens","floor":21.0,"gold_loss":0.0,"damage_taken":0.0,"relics_obtained":["MutagenicStrength"]},{"damage_healed":0.0,"max_hp_gain":0.0,"max_hp_loss":0.0,"gold_gain":0.0,"event_name":"The Library","player_choice":"Read","floor":22.0,"gold_loss":0.0,"damage_taken":0.0,"cards_obtained":["Dual Wield"]}],"is_beta":true,"boss_relics":[{"not_picked":["Ooze Armor","Runic Dome"],"picked":"Calling Bell"}],"items_purged_floors":[5,20],"is_endless":false,"potions_floor_spawned":[1,7,13,16],"killed_by":"Book of Stabbing","ascension_level":6}}