{"host":"ctlqibkg0sskiu65","time":1608039553,"event":{"mods":["2.2 Compatiblity","AchievementEnabler","Aspiration","BaseMod","BetterRewards","Colored Map","Colored Powertips","Conspire","Downfall","Fiend Mod","Hermit","Infinite Spire","Minty Spire (QoL Compilation)","Quick Restart","Replay The Spire","Shop Mod","StSLib","The Bladedancer","The Cursed","The Hierophant","The Jungle","The Kombatant","The Servant 0.9.4","TheBandit"],"gold_per_floor":[115,130,130,130,156,156,190,190,190,216,226,245,56,69,69,172,172,186,205,7,24,24,24,34,52,52,52,65,65,65,165,165,266,266,284,284,284,301,301,327,327,340,340,340,358,384,404,434,434,434],"floor_reached":51,"playtime":2053,"items_purged":["Strike_G","Strike_G","Strike_G"],"score":1266,"play_id":"9c56af24-bace-4e08-8e44-986893314229","local_time":"20201215073913","is_ascension_mode":true,"campfire_choices":[{"data":"Bouncing Flask","floor":6.0,"key":"SMITH"},{"floor":8.0,"key":"REST"},{"floor":15.0,"key":"REST"},{"data":"Poison Darts","floor":23.0,"key":"SMITH"},{"data":"Adrenaline","floor":27.0,"key":"SMITH"},{"data":"Catalyst","floor":29.0,"key":"SMITH"},{"floor":32.0,"key":"REST"},{"data":"ReplayTheSpireMod:Black Plague","floor":41.0,"key":"SMITH"},{"floor":44.0,"key":"REST"},{"floor":49.0,"key":"REST"}],"circlet_count":0,"master_deck":["Strike_G","Defend_G","Defend_G","Defend_G","Defend_G+1","Survivor+1","Neutralize","Bouncing Flask+1","Bouncing Flask","Deflect","Poisoned Stab","Concentrate+1","Deadly Poison","Adrenaline+1","Poisoned Stab","Poisoned Stab","Dodge and Roll","Backflip","Purity","Leg Sweep","Poison Darts+1","Setup","Bane+1","Poisoned Stab","Deflect","Catalyst+1","Burst","Dodge and Roll+1","ReplayTheSpireMod:Black Plague+1","Deflect+1","Toxin Wave+1","Deflect+1","Bouncing Flask+1"],"relics":["Ring of the Snake","TwistedFunnel","Prayer Wheel","Question Card","Lizard Tail","aspiration:VileToxins","Busted Crown","Ice Cream","Basket Of Snakes","Snack Pack","conspire:SlowCooker","Replay:Wax Seal","conspire:RoyalGoblet","Replay:Baseball","Art of War","Onion Ring","infinitespire:Golems Mask"],"acts_visited":["Exordium","TheCity","TheBeyond"],"potions_floor_usage":[],"damage_taken":[{"damage":0.0,"enemies":"2 Louse","floor":1.0,"turns":2.0},{"damage":0.0,"enemies":"Jaw Worm","floor":2.0,"turns":3.0},{"damage":7.0,"enemies":"conspire:MimicChest","floor":5.0,"turns":3.0},{"damage":18.0,"enemies":"Gremlin Nob","floor":7.0,"turns":4.0},{"damage":26.0,"enemies":"3 Sentries","floor":10.0,"turns":8.0},{"damage":0.0,"enemies":"Small Slimes","floor":11.0,"turns":2.0},{"damage":0.0,"enemies":"Looter","floor":12.0,"turns":2.0},{"damage":5.0,"enemies":"Blue Slaver","floor":14.0,"turns":2.0},{"damage":0.0,"enemies":"Hexaghost","floor":16.0,"turns":8.0},{"damage":0.0,"enemies":"3 Byrds","floor":18.0,"turns":3.0},{"damage":5.0,"enemies":"2 Thieves","floor":19.0,"turns":4.0},{"damage":0.0,"enemies":"Cultist and Chosen","floor":21.0,"turns":4.0},{"damage":0.0,"enemies":"Chosen and Byrds","floor":24.0,"turns":3.0},{"damage":12.0,"enemies":"Shelled Parasite and Fungi","floor":25.0,"turns":4.0},{"damage":0.0,"enemies":"Snecko","floor":28.0,"turns":3.0},{"damage":9.0,"enemies":"Colosseum Slavers","floor":31.0,"turns":4.0},{"damage":0.0,"enemies":"Colosseum Nobs","floor":31.0,"turns":3.0},{"damage":9.0,"enemies":"Collector","floor":33.0,"turns":6.0},{"damage":0.0,"enemies":"3 Shapes","floor":35.0,"turns":3.0},{"damage":1.0,"enemies":"Orb Walker","floor":38.0,"turns":3.0},{"damage":16.0,"enemies":"Nightmare","floor":40.0,"turns":5.0},{"damage":29.0,"enemies":"Writhing Mass","floor":42.0,"turns":3.0},{"damage":0.0,"enemies":"Sphere and 2 Shapes","floor":45.0,"turns":3.0},{"damage":24.0,"enemies":"Nemesis","floor":46.0,"turns":7.0},{"damage":0.0,"enemies":"Maw","floor":47.0,"turns":4.0},{"damage":15.0,"enemies":"Reptomancer","floor":48.0,"turns":4.0},{"damage":37,"enemies":"infinitespire:MassOfShapes","floor":50,"turns":6}],"seed_played":"-1368142722605784985","potions_obtained":[{"floor":2.0,"key":"EssenceOfSteel"},{"floor":10.0,"key":"LiquidBronze"},{"floor":12.0,"key":"SteroidPotion"},{"floor":14.0,"key":"AttackPotion"},{"floor":16.0,"key":"ColorlessPotion"},{"floor":24.0,"key":"Block Potion"},{"floor":25.0,"key":"GhostInAJar"},{"floor":33.0,"key":"Block Potion"},{"floor":38.0,"key":"Weak Potion"},{"floor":42.0,"key":"sneckomod:MuddlingPotion"},{"floor":45.0,"key":"SpeedPotion"}],"is_trial":false,"path_per_floor":["M","M","?","?","?","R","E","R","T","E","M","M","$","M","R","B",null,"M","M","$","M","?","R","M","M","T","R","M","R","?","?","R","B",null,"M","?","AVR","M","?","NM","R","M","T","R","M","E","M","E","R","B",null],"character_chosen":"THE_SILENT","items_purchased":["Bouncing Flask","TwistedFunnel","Purity","EssenceOfSteel"],"campfire_rested":5,"item_purchase_floors":[0,0,13,20],"current_hp_per_floor":[62,62,48,48,41,41,23,44,44,18,18,18,18,13,34,34,70,70,65,65,65,65,65,65,53,53,53,53,53,53,44,65,56,70,70,66,66,65,65,50,50,21,21,40,40,18,18,3,22,49],"gold":434,"neow_bonus":"","is_daily":false,"chose_seed":false,"campfire_upgraded":5,"win_rate":0.0,"timestamp":1608039553,"path_taken":["M","M","?","?","?","R","E","R","T","E","M","M","?","M","R","BOSS","M","M","$","M","?","R","M","M","T","R","M","R","?","?","R","BOSS","M","?","AVR","M","?","NM","R","?","T","R","M","E","M","E","R","BOSS"],"items_purchased_type":["Card","Relic","Card","Potion"],"build_version":"2020-12-13","purchased_purges":3,"victory":true,"max_hp_per_floor":[70,70,70,70,70,70,70,70,70,70,70,70,70,70,70,70,70,70,70,70,70,70,70,70,70,70,70,70,70,70,70,70,70,70,70,66,66,66,66,66,66,66,66,66,66,66,66,66,66,66],"card_choices":[{"not_picked":["Cloak And Dagger","Underhanded Strike"],"picked":"Deflect","floor":1.0},{"not_picked":["Skewer","Accuracy"],"picked":"Poisoned Stab","floor":2.0},{"not_picked":["Dagger Throw","conspire:DoublingDagger"],"picked":"Deadly Poison","floor":5.0},{"not_picked":["Hidden Blade","Prepared","Outmaneuver"],"picked":"SKIP","floor":7.0},{"not_picked":["Deadly Poison","Hidden Blade","Setup"],"picked":"Adrenaline","floor":10.0},{"not_picked":["Blade Dance","Bane","Endless Agony"],"picked":"Poisoned Stab","floor":11.0},{"not_picked":["Flechettes","Dodge and Roll","Sucker Punch"],"picked":"Poisoned Stab","floor":11.0},{"not_picked":["Bane","Hidden Blade","Tools of the Trade"],"picked":"Dodge and Roll","floor":12.0},{"not_picked":["Accuracy","Endless Agony","Tactician"],"picked":"Backflip","floor":12.0},{"not_picked":["Blade Dance","Hidden Blade","conspire:DoublingDagger"],"picked":"Leg Sweep","floor":14.0},{"not_picked":["Deadly Poison","Toxin Wave","Distraction","Masterful Stab"],"picked":"SKIP","floor":14.0},{"not_picked":["Glass Knife","Unload","Malaise"],"picked":"Poison Darts","floor":16.0},{"not_picked":["Blade Dance"],"picked":"Setup","floor":18.0},{"not_picked":["Flying Knee","Infinite Blades"],"picked":"SKIP","floor":18.0},{"not_picked":["Slice"],"picked":"Bane+1","floor":19.0},{"not_picked":["Outmaneuver"],"picked":"Poisoned Stab","floor":19.0},{"not_picked":["Grand Finale"],"picked":"Deflect","floor":21.0},{"not_picked":["Deadly Poison","Hidden Blade+1"],"picked":"SKIP","floor":21.0},{"not_picked":["Backflip"],"picked":"Catalyst","floor":24.0},{"not_picked":["Terror","Accuracy+1"],"picked":"SKIP","floor":24.0},{"not_picked":["Dagger Spray+1","Bane"],"picked":"SKIP","floor":25.0},{"not_picked":["Dagger Spray","Outmaneuver"],"picked":"SKIP","floor":25.0},{"not_picked":["Outmaneuver","Poison Darts"],"picked":"SKIP","floor":28.0},{"not_picked":["Underhanded Strike","Cloak And Dagger"],"picked":"SKIP","floor":28.0},{"not_picked":["Wraith Form v2"],"picked":"Burst","floor":33.0},{"not_picked":["Caltrops"],"picked":"Dodge and Roll+1","floor":35.0},{"not_picked":["ReplayTheSpireMod:The Works","Flechettes"],"picked":"SKIP","floor":35.0},{"not_picked":["Blade Dance","Concentrate+1"],"picked":"SKIP","floor":38.0},{"not_picked":["Fluid Movement+1","Acrobatics"],"picked":"SKIP","floor":38.0},{"not_picked":["infinitespire:SealOfDarkness+","infinitespire:FutureSight"],"picked":"ReplayTheSpireMod:Black Plague","floor":40.0},{"not_picked":["Hidden Blade"],"picked":"Deflect+1","floor":40.0},{"not_picked":["Slice+1","Flechettes"],"picked":"SKIP","floor":42.0},{"not_picked":["Hidden Blade+1","Underhanded Strike+1"],"picked":"SKIP","floor":42.0},{"not_picked":["Escape Plan"],"picked":"Toxin Wave+1","floor":45.0},{"not_picked":["conspire:PoisonWeapons","ReplayTheSpireMod:The Works+1"],"picked":"SKIP","floor":45.0},{"not_picked":["Malaise","Skewer"],"picked":"SKIP","floor":46.0},{"not_picked":["Escape Plan+1"],"picked":"Deflect+1","floor":47.0},{"not_picked":["Draining Mist+1"],"picked":"Bouncing Flask+1","floor":47.0},{"not_picked":["Glass Knife","Dagger Throw+1"],"picked":"SKIP","floor":48.0}],"player_experience":149088,"relics_obtained":[{"floor":5.0,"key":"Prayer Wheel"},{"floor":7.0,"key":"Question Card"},{"floor":9.0,"key":"Lizard Tail"},{"floor":10.0,"key":"aspiration:VileToxins"},{"floor":26.0,"key":"Ice Cream"},{"floor":31.0,"key":"Basket Of Snakes"},{"floor":31.0,"key":"Snack Pack"},{"floor":40.0,"key":"Replay:Baseball"},{"floor":43.0,"key":"Art of War"},{"floor":46.0,"key":"Onion Ring"},{"floor":48.0,"key":"infinitespire:Golems Mask"}],"event_choices":[{"damage_healed":0.0,"max_hp_gain":0.0,"max_hp_loss":0.0,"gold_gain":0.0,"event_name":"Shining Light","player_choice":"Entered Light","floor":3.0,"gold_loss":0.0,"damage_taken":14.0,"cards_upgraded":["Survivor","Defend_G"]},{"cards_removed":["Strike_G"],"damage_healed":0.0,"max_hp_gain":0.0,"max_hp_loss":0.0,"gold_gain":0.0,"event_name":"Back to Basics","player_choice":"Elegance","floor":30.0,"gold_loss":0.0,"damage_taken":0.0},{"damage_healed":0.0,"max_hp_gain":0.0,"max_hp_loss":0.0,"gold_gain":0.0,"event_name":"Colosseum","player_choice":"Fight","floor":31.0,"gold_loss":0.0,"damage_taken":0.0},{"damage_healed":0.0,"max_hp_gain":0.0,"max_hp_loss":0.0,"gold_gain":0.0,"event_name":"Colosseum","player_choice":"Fought Nobs","floor":31.0,"gold_loss":0.0,"damage_taken":0.0},{"damage_healed":0.0,"max_hp_gain":0.0,"max_hp_loss":4.0,"gold_gain":0.0,"event_name":"Winding Halls","player_choice":"Max HP","floor":36.0,"gold_loss":0.0,"damage_taken":0.0},{"damage_healed":0.0,"max_hp_gain":0.0,"max_hp_loss":0.0,"gold_gain":0.0,"event_name":"The Woman in Blue","player_choice":"Bought 0 Potions","floor":39.0,"gold_loss":0.0,"damage_taken":0.0}],"is_beta":false,"boss_relics":[{"not_picked":["aspiration:ServantSkillbook","aspiration:DefectSkillbook"],"picked":"Busted Crown"},{"not_picked":["Ring of Chaos","conspire:SeveredTorchhead"],"picked":"conspire:SlowCooker"}],"items_purged_floors":[0,13,20],"is_endless":false,"potions_floor_spawned":[2,10,12,14,16,19,24,25,28,33,38,42,45],"ascension_level":4}}