{"host":"b3p2mc8zhjyw3mtc","time":1608034847,"event":{"mods":["BaseMod","Colored Map","Colored Powertips","DeckTracker","Friendly Minions","Minty Spire (QoL Compilation)","SuperFastMode"],"gold_per_floor":[116,134,134,134,154,154,173,193,193,209,240,254,287,297,297,400,400,417,127,144,161,171,171,190,190,190,203,302,80,80,80,80,80,80],"floor_reached":33,"playtime":1306,"items_purged":["Strike_B"],"score":263,"play_id":"6791ac7c-e404-4bb5-9e61-18b356adbfbe","local_time":"20201215212047","is_ascension_mode":false,"campfire_choices":[{"data":"Dualcast","floor":6,"key":"SMITH"},{"data":"Loop","floor":15,"key":"SMITH"},{"data":"Self Repair","floor":23,"key":"SMITH"},{"data":"Capacitor","floor":30,"key":"SMITH"},{"data":"Defragment","floor":32,"key":"SMITH"}],"circlet_count":0,"master_deck":["Strike_B","Strike_B","Defend_B","Defend_B","Defend_B+1","Defend_B","Zap+1","Dualcast+1","Self Repair+1","Static Discharge","Consume","Echo Form","Loop+1","Echo Form","Thunder Strike","Sweeping Beam+1","Capacitor+1","Defragment+1","Capacitor+1","Consume+1","Decay"],"relics":["Cracked Core","White Beast Statue","Unceasing Top","Kunai","Coffee Dripper","MealTicket","Ornamental Fan","Orrery"],"acts_visited":["Exordium","TheCity"],"potions_floor_usage":[10,13,13,16,18,18,21,21,22,27,33,33],"damage_taken":[{"damage":0,"enemies":"Small Slimes","floor":1,"turns":4},{"damage":1,"enemies":"Jaw Worm","floor":2,"turns":3},{"damage":0,"enemies":"2 Louse","floor":5,"turns":2},{"damage":0,"enemies":"Large Slime","floor":7,"turns":6},{"damage":5,"enemies":"2 Fungi Beasts","floor":8,"turns":3},{"damage":8,"enemies":"Gremlin Gang","floor":10,"turns":3},{"damage":44,"enemies":"Gremlin Nob","floor":11,"turns":4},{"damage":5,"enemies":"Red Slaver","floor":12,"turns":3},{"damage":13,"enemies":"Lagavulin","floor":13,"turns":6},{"damage":14,"enemies":"Blue Slaver","floor":14,"turns":3},{"damage":11,"enemies":"Slime Boss","floor":16,"turns":7},{"damage":6,"enemies":"3 Byrds","floor":18,"turns":2},{"damage":20,"enemies":"Chosen","floor":20,"turns":4},{"damage":16,"enemies":"Snake Plant","floor":21,"turns":5},{"damage":33,"enemies":"Shelled Parasite and Fungi","floor":22,"turns":5},{"damage":32,"enemies":"Snecko","floor":24,"turns":5},{"damage":17,"enemies":"Cultist and Chosen","floor":27,"turns":5},{"damage":81,"enemies":"Automaton","floor":33,"turns":6}],"seed_played":"8068590606543158217","potions_obtained":[{"floor":0,"key":"SneckoOil"},{"floor":0,"key":"FairyPotion"},{"floor":0,"key":"LiquidBronze"},{"floor":8,"key":"BlessingOfTheForge"},{"floor":10,"key":"FearPotion"},{"floor":11,"key":"Weak Potion"},{"floor":12,"key":"ColorlessPotion"},{"floor":13,"key":"EssenceOfSteel"},{"floor":14,"key":"Block Potion"},{"floor":16,"key":"BlessingOfTheForge"},{"floor":18,"key":"Dexterity Potion"},{"floor":20,"key":"AttackPotion"},{"floor":21,"key":"EssenceOfDarkness"},{"floor":22,"key":"BlessingOfTheForge"},{"floor":24,"key":"Explosive Potion"},{"floor":27,"key":"EssenceOfSteel"}],"is_trial":false,"path_per_floor":["M","M","?","?","M","R","M","M","T","M","E","M","E","M","R","B",null,"M","$","M","M","M","R","M","?","T","M","?","$","R","?","R","B"],"character_chosen":"DEFECT","items_purchased":["Thunder Strike","MealTicket","Capacitor","Orrery"],"campfire_rested":0,"item_purchase_floors":[19,19,29,29],"current_hp_per_floor":[75,74,67,52,52,52,59,61,61,53,16,11,29,15,15,4,75,69,69,63,54,35,35,23,23,23,26,26,41,41,41,41,0,0],"gold":80,"neow_bonus":"THREE_SMALL_POTIONS","is_daily":false,"chose_seed":false,"campfire_upgraded":5,"win_rate":0.0,"timestamp":1608034847,"path_taken":["M","M","?","?","M","R","M","M","T","M","E","?","E","M","R","BOSS","M","$","M","M","M","R","M","?","T","M","?","$","R","?","R","BOSS"],"items_purchased_type":["Card","Relic","Card","Relic"],"build_version":"2020-12-13","purchased_purges":1,"victory":false,"max_hp_per_floor":[75,75,75,75,75,75,75,75,75,75,75,75,75,75,75,75,75,75,75,75,75,75,75,75,75,75,75,75,75,75,75,75,75,75],"card_choices":[{"not_picked":["Undo","Redo","Hello World"],"picked":"SKIP","floor":1},{"not_picked":["Go for the Eyes","Conserve Battery","Redo"],"picked":"SKIP","floor":2},{"not_picked":["Streamline","FTL"],"picked":"Self Repair","floor":5},{"not_picked":["Conserve Battery","Rebound"],"picked":"Static Discharge","floor":7},{"not_picked":["Compile Driver","Recycle","Gash"],"picked":"SKIP","floor":8},{"not_picked":["Chill","Self Repair"],"picked":"Consume","floor":10},{"not_picked":["Steam","Beam Cell","Scrape"],"picked":"SKIP","floor":11},{"not_picked":["Recycle","Beam Cell","Turbo"],"picked":"SKIP","floor":12},{"not_picked":["Turbo","Fusion"],"picked":"Echo Form","floor":13},{"not_picked":["Ball Lightning","Steam"],"picked":"Loop","floor":14},{"not_picked":["Fission","Meteor Strike"],"picked":"Echo Form","floor":16},{"not_picked":["Reprogram","Streamline","Stack"],"picked":"SKIP","floor":18},{"not_picked":["Beam Cell","Gash","Recycle"],"picked":"SKIP","floor":20},{"not_picked":["Redo","Loop","Rebound"],"picked":"SKIP","floor":21},{"not_picked":["Double Energy","Hologram","Conserve Battery"],"picked":"SKIP","floor":22},{"not_picked":["Force Field","Redo+1"],"picked":"Sweeping Beam+1","floor":24},{"not_picked":["Heatsinks","Leap","Genetic Algorithm+1"],"picked":"SKIP","floor":27},{"not_picked":["Skim+1","Turbo"],"picked":"Defragment","floor":29},{"not_picked":["Coolheaded","Beam Cell"],"picked":"Capacitor+1","floor":29},{"not_picked":["Stack","Scrape"],"picked":"Consume+1","floor":29}],"player_experience":64241,"relics_obtained":[{"floor":9,"key":"White Beast Statue"},{"floor":11,"key":"Unceasing Top"},{"floor":13,"key":"Kunai"},{"floor":26,"key":"Ornamental Fan"}],"event_choices":[{"cards_removed":["Strike_B"],"damage_healed":0,"gold_gain":0,"player_choice":"Card Removal","damage_taken":7,"max_hp_gain":0,"max_hp_loss":0,"event_name":"Golden Wing","floor":3,"gold_loss":0},{"damage_healed":0,"gold_gain":0,"player_choice":"Entered Light","damage_taken":15,"max_hp_gain":0,"max_hp_loss":0,"event_name":"Shining Light","floor":4,"gold_loss":0,"cards_upgraded":["Defend_B","Zap"]},{"damage_healed":0,"gold_gain":0,"player_choice":"Ignored","damage_taken":0,"max_hp_gain":0,"max_hp_loss":0,"event_name":"Ghosts","floor":25,"gold_loss":0},{"damage_healed":0,"gold_gain":99,"player_choice":"Stole From Cult","damage_taken":0,"max_hp_gain":0,"max_hp_loss":0,"event_name":"Nest","floor":28,"gold_loss":0},{"damage_healed":0,"gold_gain":0,"player_choice":"Smashed Altar","damage_taken":0,"max_hp_gain":0,"max_hp_loss":0,"event_name":"Forgotten Altar","floor":31,"gold_loss":0,"cards_obtained":["Decay"]}],"is_beta":false,"boss_relics":[{"not_picked":["Busted Crown","Runic Dome"],"picked":"Coffee Dripper"}],"items_purged_floors":[19],"is_endless":false,"potions_floor_spawned":[7,8,10,11,12,13,14,16,18,20,21,22,24,27],"killed_by":"Automaton","ascension_level":0}}