{"host":"i41n6wh529970c2c","time":1608069626,"event":{"mods":["Act Like it!","BaseMod","BetterRewards","Friendly Minions","Gold Saver","Hermit","Minty Spire (QoL Compilation)","Replay The Spire","Shop Mod","StSLib"],"gold_per_floor":[448,467,467,467,480,480,480,507,523,554,554,335,360,420,420,439,439,541,541,560,93,112,123,123,156,156,191,242,242,256,356,356,382,382,486,486,503,51,51,51,68,82,112,112,112,112,139,159,159,191,191,191],"floor_reached":53,"playtime":3414,"items_purged":["Strike_B","Turbo"],"score":1198,"play_id":"508b7350-9f4d-489e-8685-44f65dbde3cb","local_time":"20201215170026","is_ascension_mode":true,"campfire_choices":[{"data":"Thunder Strike","floor":15.0,"key":"SMITH"},{"data":"Recycle","floor":17.0,"key":"SMITH"},{"data":"Static Discharge","floor":26.0,"key":"SMITH"},{"data":"Hologram","floor":29.0,"key":"SMITH"},{"data":"Reprogram","floor":32.0,"key":"SMITH"},{"data":"Heatsinks","floor":34.0,"key":"SMITH"},{"data":"ReplayTheSpireMod:Omega Cannon","floor":46.0,"key":"SMITH"},{"floor":51,"key":"RECALL"}],"circlet_count":0,"master_deck":["Strike_B+1","Defend_B+1","Defend_B+1","Zap+1","Thunder Strike+1","Defragment+1","Sweeping Beam+1","Rebound+1","Recycle+1","Conserve Battery+1","Heatsinks+1","ReplayTheSpireMod:Omega Cannon+1","Hologram+1","Static Discharge+1","Steam Power+1","Reprogram+1","Shame","Hologram+1","Leap+1","Electrodynamics+1","Ball Lightning+1","ReplayTheSpireMod:Private Reserves+1","Heatsinks+1","Conserve Battery+1","Double Energy+1"],"relics":["Cracked Core","Shuriken","Regal Pillow","Replay:Bottled Snecko","Lee\u0027s Waffle","Mummified Hand","ReplayTheSpireMod:Shallot","Replay:Grab Bag","ReplayTheSpireMod:Onyx Gauntlets","Busted Crown","Black Star","Empty Cage","Snack Pack","Pet Ghost","Unceasing Top","Pen Nib","Gremlin Horn","Replay:PocketPolymizer","Replay:Mystery Machine","Pocketwatch","Toxic Egg 2","Bronze Scales","Bottled Lightning","Sozu","Calipers","Replay:Bottled Flurry","Sundial","Mirror","Art of War","Potion Belt","Mark of the Bloom","Bag of Marbles","Bag of Preparation"],"acts_visited":["Exordium","TheCity","TheBeyond"],"potions_floor_usage":[],"damage_taken":[{"damage":7.0,"enemies":"Jaw Worm","floor":1.0,"turns":3.0},{"damage":8.0,"enemies":"2 Louse","floor":2.0,"turns":3.0},{"damage":9.0,"enemies":"Small Slimes","floor":5.0,"turns":3.0},{"damage":11.0,"enemies":"Lagavulin","floor":8.0,"turns":7.0},{"damage":12.0,"enemies":"Looter","floor":9.0,"turns":3.0},{"damage":12.0,"enemies":"3 Sentries","floor":10.0,"turns":5.0},{"damage":18.0,"enemies":"Lagavulin","floor":13.0,"turns":6.0},{"damage":5.0,"enemies":"3 Sentries","floor":14.0,"turns":5.0},{"damage":0.0,"enemies":"2 Fungi Beasts","floor":16.0,"turns":2.0},{"damage":39.0,"enemies":"The Guardian","floor":18.0,"turns":10.0},{"damage":3.0,"enemies":"2 Thieves","floor":20.0,"turns":2.0},{"damage":0.0,"enemies":"Chosen","floor":22.0,"turns":3.0},{"damage":0.0,"enemies":"Sentry and Sphere","floor":23.0,"turns":3.0},{"damage":0.0,"enemies":"Gremlin Leader","floor":25.0,"turns":5.0},{"damage":28.0,"enemies":"Book of Stabbing","floor":27.0,"turns":5.0},{"damage":4.0,"enemies":"3 Cultists","floor":30.0,"turns":3.0},{"damage":7.0,"enemies":"Colosseum Slavers","floor":31.0,"turns":3.0},{"damage":6.0,"enemies":"Colosseum Nobs","floor":31.0,"turns":3.0},{"damage":31.0,"enemies":"Slavers","floor":33.0,"turns":2.0},{"damage":12.0,"enemies":"Champ","floor":35.0,"turns":11.0},{"damage":0.0,"enemies":"Orb Walker","floor":37.0,"turns":3.0},{"damage":1.0,"enemies":"3 Shapes","floor":41.0,"turns":2.0},{"damage":0.0,"enemies":"Jaw Worm Horde","floor":42.0,"turns":3.0},{"damage":9.0,"enemies":"Nemesis","floor":43.0,"turns":7.0},{"damage":1.0,"enemies":"Reptomancer","floor":47.0,"turns":3.0},{"damage":21.0,"enemies":"Spire Growth","floor":48.0,"turns":3.0},{"damage":0.0,"enemies":"R_Hoarder","floor":50.0,"turns":3.0},{"damage":11,"enemies":"Time Eater","floor":52,"turns":5}],"seed_played":"-1815725460088904114","potions_obtained":[{"floor":1.0,"key":"Languid Potion"},{"floor":2.0,"key":"LiquidMemories"},{"floor":9.0,"key":"DistilledChaos"},{"floor":13.0,"key":"Adrenaline Potion"},{"floor":18.0,"key":"FocusPotion"},{"floor":20.0,"key":"ColorlessPotion"},{"floor":31.0,"key":"EssenceOfSteel"},{"floor":33.0,"key":"SpeedPotion"},{"floor":35.0,"key":"LiquidMemories"}],"is_trial":false,"path_per_floor":["M","M","PTL","PTL","M","?","?","E","M","E","T","$","E","?","R","M","R","B",null,"M","$","M","M","?","E","R","E","T","R","M","?","R","E","R","B",null,"M","$","?","?","M","M","E","?","T","R","E","M","?","E","R","B",null],"character_chosen":"DEFECT","items_purchased":["Lee\u0027s Waffle","Static Discharge","Snack Pack","Steam Power","Calipers","Ball Lightning","ReplayTheSpireMod:Private Reserves+1"],"campfire_rested":0,"item_purchase_floors":[12,21,21,21,38,38,38],"current_hp_per_floor":[68,60,60,60,51,44,44,33,21,9,9,82,64,59,59,59,59,20,82,79,79,81,81,81,82,82,54,54,54,54,45,45,18,18,8,82,82,82,82,78,78,78,69,69,69,69,72,51,51,51,51,40],"gold":191,"neow_bonus":"ONE_RANDOM_RARE_CARD","is_daily":false,"chose_seed":false,"campfire_upgraded":7,"win_rate":0.0,"timestamp":1608069626,"path_taken":["M","M","PTL","PTL","M","?","?","E","M","E","T","$","E","?","R","M","R","BOSS","M","$","M","M","?","E","R","E","T","R","M","?","R","E","R","BOSS","M","$","?","?","M","M","E","?","T","R","E","M","?","E","R","BOSS"],"items_purchased_type":["Relic","Card","Relic","Card","Relic","Card","Card"],"build_version":"2020-12-13","purchased_purges":2,"victory":true,"max_hp_per_floor":[75,75,75,75,75,75,75,75,75,75,75,82,82,82,82,82,82,82,82,82,82,82,82,82,82,82,82,82,82,82,82,82,82,82,82,82,82,82,82,78,78,78,78,78,78,78,78,78,78,78,78,78],"card_choices":[{"not_picked":["Melter","Streamline"],"picked":"Defragment","floor":1.0},{"not_picked":["Coolheaded","Go for the Eyes"],"picked":"Sweeping Beam","floor":2.0},{"not_picked":["All For One","Beam Cell"],"picked":"Rebound","floor":5.0},{"not_picked":["Cold Snap","Rip and Tear"],"picked":"Turbo","floor":8.0},{"not_picked":["Streamline","Go for the Eyes"],"picked":"Recycle","floor":9.0},{"not_picked":["Sweeping Beam","Hologram"],"picked":"Conserve Battery","floor":10.0},{"not_picked":["Leap","Redo"],"picked":"Heatsinks","floor":13.0},{"not_picked":["Panic Button","ReplaySolidLightProjector","Reinforced Body"],"picked":"SKIP","floor":16.0},{"not_picked":["Meteor Strike","Creative AI"],"picked":"ReplayTheSpireMod:Omega Cannon","floor":18.0},{"not_picked":[],"picked":"Hologram","floor":20.0},{"not_picked":[],"picked":"Reprogram","floor":22.0},{"not_picked":["ReplayGash"],"picked":"SKIP","floor":23.0},{"not_picked":[],"picked":"Hologram","floor":25.0},{"not_picked":["Beam Cell"],"picked":"SKIP","floor":27.0},{"not_picked":[],"picked":"Leap+1","floor":30.0},{"not_picked":["Panic Button+1"],"picked":"SKIP","floor":33.0},{"not_picked":[],"picked":"Electrodynamics","floor":35.0},{"not_picked":["Rebound"],"picked":"SKIP","floor":37.0},{"not_picked":[],"picked":"Heatsinks","floor":41.0},{"not_picked":[],"picked":"Conserve Battery+1","floor":42.0},{"not_picked":["Go for the Eyes"],"picked":"SKIP","floor":43.0},{"not_picked":["Hologram+1"],"picked":"SKIP","floor":47.0},{"not_picked":["Conserve Battery+1"],"picked":"SKIP","floor":48.0},{"not_picked":["Barrage+1"],"picked":"SKIP","floor":50.0}],"player_experience":762969,"relics_obtained":[{"floor":8.0,"key":"Shuriken"},{"floor":10.0,"key":"Regal Pillow"},{"floor":11.0,"key":"Replay:Bottled Snecko"},{"floor":13.0,"key":"Mummified Hand"},{"floor":14.0,"key":"ReplayTheSpireMod:Shallot"},{"floor":25.0,"key":"Unceasing Top"},{"floor":25.0,"key":"Pen Nib"},{"floor":27.0,"key":"Gremlin Horn"},{"floor":27.0,"key":"Replay:PocketPolymizer"},{"floor":28.0,"key":"Replay:Mystery Machine"},{"floor":31.0,"key":"Pocketwatch"},{"floor":31.0,"key":"Toxic Egg 2"},{"floor":33.0,"key":"Bronze Scales"},{"floor":33.0,"key":"Bottled Lightning"},{"floor":43.0,"key":"Replay:Bottled Flurry"},{"floor":43.0,"key":"Sundial"},{"floor":45.0,"key":"Mirror"},{"floor":47.0,"key":"Art of War"},{"floor":47.0,"key":"Potion Belt"},{"floor":50.0,"key":"Bag of Marbles"},{"floor":50.0,"key":"Bag of Preparation"}],"event_choices":[{"cards_removed":["Strike_B"],"damage_healed":0.0,"max_hp_gain":0.0,"max_hp_loss":0.0,"gold_gain":0.0,"event_name":"Golden Wing","player_choice":"Card Removal","floor":6.0,"gold_loss":0.0,"damage_taken":7.0},{"damage_healed":0.0,"max_hp_gain":0.0,"max_hp_loss":0.0,"gold_gain":0.0,"event_name":"Living Wall","player_choice":"Grow","floor":7.0,"gold_loss":0.0,"damage_taken":0.0,"cards_upgraded":["Zap"]},{"damage_healed":0.0,"max_hp_gain":0.0,"max_hp_loss":0.0,"gold_gain":0.0,"event_name":"Dead Adventurer","player_choice":"Searched \u00272\u0027 times","floor":14.0,"gold_loss":0.0,"damage_taken":0.0},{"damage_healed":0.0,"max_hp_gain":0.0,"max_hp_loss":0.0,"gold_gain":0.0,"event_name":"Addict","player_choice":"Stole Relic","floor":24.0,"gold_loss":0.0,"damage_taken":0.0,"relics_obtained":["Pet Ghost"],"cards_obtained":["Shame"]},{"damage_healed":0.0,"max_hp_gain":0.0,"max_hp_loss":0.0,"gold_gain":0.0,"event_name":"Colosseum","player_choice":"Fight","floor":31.0,"gold_loss":0.0,"damage_taken":0.0},{"damage_healed":0.0,"max_hp_gain":0.0,"max_hp_loss":0.0,"gold_gain":0.0,"event_name":"Colosseum","player_choice":"Fought Nobs","floor":31.0,"gold_loss":0.0,"damage_taken":0.0},{"cards_removed":["Defend_B"],"damage_healed":0.0,"max_hp_gain":0.0,"max_hp_loss":0.0,"gold_gain":0.0,"event_name":"Falling","player_choice":"Removed Skill","floor":39.0,"gold_loss":0.0,"damage_taken":0.0},{"damage_healed":0.0,"max_hp_gain":0.0,"max_hp_loss":4.0,"gold_gain":0.0,"event_name":"Winding Halls","player_choice":"Max HP","floor":40.0,"gold_loss":0.0,"damage_taken":0.0},{"damage_healed":0.0,"max_hp_gain":0.0,"max_hp_loss":0.0,"gold_gain":0.0,"event_name":"SensoryStone","player_choice":"Memory 1","floor":44.0,"gold_loss":0.0,"damage_taken":0.0},{"damage_healed":0.0,"max_hp_gain":0.0,"max_hp_loss":0.0,"gold_gain":0.0,"event_name":"MindBloom","player_choice":"Upgrade","floor":49.0,"gold_loss":0.0,"damage_taken":0.0,"cards_upgraded":["Strike_B","Defend_B","Defend_B","Dualcast","Defragment","Sweeping Beam","Rebound","Conserve Battery","Steam Power","Hologram","Electrodynamics","Ball Lightning","Heatsinks"],"relics_obtained":["Mark of the Bloom"]}],"is_beta":false,"boss_relics":[{"not_picked":["Honey Jar","Philosopher\u0027s Stone"],"picked":"Replay:Grab Bag"},{"not_picked":["Fusion Hammer","Runic Dome"],"picked":"ReplayTheSpireMod:Onyx Gauntlets"},{"not_picked":["Replay:Bronze Core","Replay:Wanted Poster"],"picked":"Busted Crown"},{"not_picked":["Replay:Drink Me","Astrolabe"],"picked":"Black Star"},{"not_picked":["SacredBark","Kintsugi"],"picked":"Empty Cage"},{"not_picked":["Replay:Ancient Bell","Tiny House"],"picked":"Sozu"}],"items_purged_floors":[12,21],"is_endless":false,"potions_floor_spawned":[1,2,9,13,18,20,31,33,35,42,43,47,48],"ascension_level":2}}