{"host":"f3zi5bw4of71qj4o","time":1608074400,"event":{"mods":["BaseMod","DeckTracker","Highlight Path","Minty Spire (QoL Compilation)","Relic Stats","StSLib","SuperFastMode"],"gold_per_floor":[113,113,38,48,66,96,96,115,192,220,240,240,240,265,265,339,339,354,30,30,30,30,56,70,70,70,84,184,202,202,230,230,306,306,317,317,317,317,16,48,130,146,169,188,222,233,263,273,273,273,273,273,273,8,37,37],"floor_reached":57,"playtime":9121,"items_purged":["Defend_R"],"score":2992,"play_id":"c7a390f9-c921-4453-9264-36ddd216fb44","local_time":"20201216002000","is_ascension_mode":true,"campfire_choices":[{"data":"Shockwave","floor":7,"key":"SMITH"},{"floor":12,"key":"REST"},{"data":"Demon Form","floor":15,"key":"SMITH"},{"floor":25,"key":"RECALL"},{"floor":32,"key":"REST"},{"floor":49,"key":"REST"},{"floor":53,"key":"REST"}],"circlet_count":0,"master_deck":["AscendersBane","Strike_R+1","Strike_R+1","Strike_R+1","Defend_R+1","Defend_R+1","Defend_R+1","Bash+1","Shockwave+1","Cleave","Dropkick","Evolve","Demon Form+1","Metallicize","Shrug It Off+1","Reaper","Ghostly","Ghostly","Ghostly+1","Metallicize","Shrug It Off+1","Barricade","Secret Weapon","True Grit+1","Pommel Strike+1","Entrench"],"relics":["Burning Blood","Mango","Letter Opener","Juzu Bracelet","Odd Mushroom","Bag of Marbles","Fusion Hammer","Strange Spoon","Lantern","MutagenicStrength","Shuriken","Incense Burner","WingedGreaves","Self Forming Clay","Tiny Chest","Busted Crown","Membership Card","War Paint","Ornamental Fan","Anchor","Pen Nib","Dead Branch","Lee\u0027s Waffle","Pantograph","Gambling Chip"],"acts_visited":["Exordium","TheCity","TheBeyond","TheEnding"],"potions_floor_usage":[6,10,16,33,56,56],"damage_taken":[{"damage":19,"enemies":"Jaw Worm","floor":1,"turns":5},{"damage":7,"enemies":"2 Louse","floor":4,"turns":3},{"damage":4,"enemies":"Small Slimes","floor":5,"turns":3},{"damage":32,"enemies":"Gremlin Nob","floor":6,"turns":4},{"damage":9,"enemies":"Red Slaver","floor":8,"turns":4},{"damage":20,"enemies":"3 Sentries","floor":10,"turns":4},{"damage":9,"enemies":"The Mushroom Lair","floor":11,"turns":4},{"damage":33,"enemies":"Gremlin Nob","floor":14,"turns":5},{"damage":23,"enemies":"Slime Boss","floor":16,"turns":7},{"damage":28,"enemies":"2 Thieves","floor":18,"turns":3},{"damage":18,"enemies":"Book of Stabbing","floor":23,"turns":8},{"damage":3,"enemies":"Chosen","floor":24,"turns":4},{"damage":0,"enemies":"Snecko","floor":27,"turns":5},{"damage":1,"enemies":"Colosseum Slavers","floor":28,"turns":5},{"damage":0,"enemies":"Colosseum Nobs","floor":28,"turns":5},{"damage":5,"enemies":"Cultist and Chosen","floor":29,"turns":8},{"damage":0,"enemies":"Slavers","floor":31,"turns":8},{"damage":80,"enemies":"Automaton","floor":33,"turns":14},{"damage":0,"enemies":"3 Shapes","floor":35,"turns":5},{"damage":3,"enemies":"Reptomancer","floor":40,"turns":6},{"damage":1,"enemies":"3 Darklings","floor":42,"turns":7},{"damage":5,"enemies":"Transient","floor":44,"turns":6},{"damage":6,"enemies":"Giant Head","floor":45,"turns":9},{"damage":0,"enemies":"Maw","floor":46,"turns":7},{"damage":0,"enemies":"Nemesis","floor":47,"turns":9},{"damage":7,"enemies":"Writhing Mass","floor":48,"turns":5},{"damage":0,"enemies":"Awakened One","floor":50,"turns":11},{"damage":21,"enemies":"Donu and Deca","floor":51,"turns":7},{"damage":6,"enemies":"Shield and Spear","floor":55,"turns":8},{"damage":21,"enemies":"The Heart","floor":56,"turns":10}],"seed_played":"3902764923076949978","potions_obtained":[{"floor":1,"key":"FairyPotion"},{"floor":5,"key":"GamblersBrew"},{"floor":6,"key":"AttackPotion"},{"floor":14,"key":"Energy Potion"},{"floor":23,"key":"BloodPotion"},{"floor":40,"key":"HeartOfIron"}],"is_trial":false,"path_per_floor":["M","?","$","M","M","E","R","M","T","E","?","R","?","E","R","B",null,"M","$","?","?","?","E","M","R","T","M","?","M","?","E","R","B",null,"M","?","?","?","$","E","T","M","T","M","E","M","E","M","R","B","B",null,"R","$","E","B",null],"character_chosen":"IRONCLAD","items_purchased":["Strange Spoon","Lantern","Membership Card","War Paint","Strength Potion","SpeedPotion","Lee\u0027s Waffle","Pantograph","Entrench"],"campfire_rested":4,"item_purchase_floors":[19,19,39,39,39,39,54,54,54],"current_hp_per_floor":[55,60,60,59,61,49,49,46,46,32,29,57,57,30,30,13,74,64,64,64,47,47,47,47,47,47,47,47,47,47,47,47,20,40,47,47,47,47,47,47,47,47,47,47,47,47,47,47,47,47,47,47,47,54,54,48],"gold":37,"neow_bonus":"UPGRADE_CARD","is_daily":false,"chose_seed":false,"campfire_upgraded":2,"win_rate":0.0,"timestamp":1608074400,"path_taken":["M","?","$","M","M","E","R","M","T","E","?","R","?","E","R","BOSS","M","$","?","?","?","E","M","R","T","M","?","M","?","E","R","BOSS","M","?","?","?","$","E","?","M","T","M","E","M","E","M","R","BOSS","BOSS","R","$","E","BOSS"],"items_purchased_type":["Relic","Relic","Relic","Relic","Potion","Potion","Relic","Relic","Card"],"build_version":"2020-12-13","purchased_purges":1,"victory":true,"max_hp_per_floor":[75,80,80,80,80,94,94,94,94,94,94,94,94,94,94,94,94,94,94,94,47,47,47,47,47,47,47,47,47,47,47,47,47,47,47,47,47,47,47,47,47,47,47,47,47,47,47,47,47,47,47,47,47,54,54,54],"relic_stats":{"Lee\u0027s Waffle":7,"counters":[30,189],"Self Forming Clay":[99],"Dead Branch":[55],"Pen Nib":[11],"Juzu Bracelet":1,"Letter Opener":[231],"War Paint":["Ghostly","Shrug It Off"],"Burning Blood":72,"Strange Spoon":[95],"Busted Crown":20,"Shuriken":[38],"Ornamental Fan":[96],"Pantograph":0,"Gambling Chip":[3],"Tiny Chest":1,"obtain_stats":[{"Lantern":19,"Mango":6,"Juzu Bracelet":10,"Incense Burner":26,"Burning Blood":0,"Pantograph":54,"Gambling Chip":55,"Tiny Chest":31,"Fusion Hammer":17,"WingedGreaves":28,"Lee\u0027s Waffle":54,"Self Forming Clay":28,"Dead Branch":47,"Pen Nib":45,"Letter Opener":9,"Odd Mushroom":11,"War Paint":39,"Strange Spoon":19,"Anchor":43,"Busted Crown":34,"Shuriken":23,"Ornamental Fan":40,"MutagenicStrength":22,"Bag of Marbles":14,"Membership Card":39},{"Lantern":10,"Mango":4,"Juzu Bracelet":6,"Incense Burner":12,"Burning Blood":0,"Pantograph":28,"Gambling Chip":29,"Tiny Chest":17,"Fusion Hammer":9,"WingedGreaves":15,"Lee\u0027s Waffle":28,"Self Forming Clay":15,"Dead Branch":25,"Pen Nib":23,"Letter Opener":5,"Odd Mushroom":7,"War Paint":19,"Strange Spoon":10,"Anchor":21,"Busted Crown":18,"Shuriken":11,"Ornamental Fan":20,"MutagenicStrength":10,"Bag of Marbles":8,"Membership Card":19},{"Lantern":42,"Mango":15,"Juzu Bracelet":23,"Incense Burner":54,"Burning Blood":0,"Pantograph":171,"Gambling Chip":179,"Tiny Chest":85,"Fusion Hammer":39,"WingedGreaves":69,"Lee\u0027s Waffle":171,"Self Forming Clay":69,"Dead Branch":148,"Pen Nib":132,"Letter Opener":19,"Odd Mushroom":27,"War Paint":104,"Strange Spoon":42,"Anchor":117,"Busted Crown":99,"Shuriken":50,"Ornamental Fan":110,"MutagenicStrength":42,"Bag of Marbles":32,"Membership Card":104}]},"card_choices":[{"not_picked":["Heavy Blade","Thunderclap"],"picked":"Shockwave","floor":1},{"not_picked":["Clash","Power Through"],"picked":"Headbutt","floor":4},{"not_picked":["Disarm","Evolve"],"picked":"Cleave","floor":5},{"not_picked":["Wild Strike","Perfected Strike"],"picked":"Dropkick","floor":6},{"not_picked":["Twin Strike","Feel No Pain"],"picked":"Evolve","floor":8},{"not_picked":["Ghostly Armor","True Grit"],"picked":"Demon Form","floor":10},{"not_picked":["Shrug It Off","Hemokinesis"],"picked":"Metallicize","floor":11},{"not_picked":["Dark Embrace","Infernal Blade"],"picked":"Shrug It Off","floor":14},{"not_picked":["Barricade","Offering"],"picked":"Reaper","floor":16},{"not_picked":["Clothesline","Whirlwind","Rage"],"picked":"SKIP","floor":18},{"not_picked":["Ghostly Armor","Combust"],"picked":"Metallicize","floor":23},{"not_picked":["Headbutt","Carnage","Anger"],"picked":"SKIP","floor":24},{"not_picked":["Thunderclap","Searing Blow"],"picked":"Shrug It Off+1","floor":27},{"not_picked":["Fire Breathing","Warcry","Sword Boomerang"],"picked":"SKIP","floor":29},{"not_picked":["Shockwave","Iron Wave","Sever Soul+1"],"picked":"SKIP","floor":31},{"not_picked":["Limit Break","Immolate"],"picked":"Barricade","floor":33},{"not_picked":["Clothesline"],"picked":"SKIP","floor":35},{"not_picked":[],"picked":"Secret Weapon","floor":36},{"not_picked":["Reckless Charge"],"picked":"SKIP","floor":40},{"not_picked":["Body Slam"],"picked":"SKIP","floor":42},{"not_picked":[],"picked":"True Grit+1","floor":44},{"not_picked":["Anger"],"picked":"SKIP","floor":45},{"not_picked":["Clothesline"],"picked":"SKIP","floor":46},{"not_picked":["Clothesline"],"picked":"SKIP","floor":47},{"not_picked":[],"picked":"Pommel Strike+1","floor":48},{"not_picked":["Clash+1"],"picked":"SKIP","floor":55}],"player_experience":2529785,"relics_obtained":[{"floor":6,"key":"Mango"},{"floor":9,"key":"Letter Opener"},{"floor":10,"key":"Juzu Bracelet"},{"floor":11,"key":"Odd Mushroom"},{"floor":14,"key":"Bag of Marbles"},{"floor":23,"key":"Shuriken"},{"floor":26,"key":"Incense Burner"},{"floor":28,"key":"WingedGreaves"},{"floor":28,"key":"Self Forming Clay"},{"floor":31,"key":"Tiny Chest"},{"floor":40,"key":"Ornamental Fan"},{"floor":43,"key":"Anchor"},{"floor":45,"key":"Pen Nib"},{"floor":47,"key":"Dead Branch"},{"floor":55,"key":"Gambling Chip"}],"event_choices":[{"damage_healed":0,"gold_gain":0,"player_choice":"Donut","damage_taken":0,"max_hp_gain":5,"max_hp_loss":0,"event_name":"Big Fish","floor":2,"gold_loss":0},{"damage_healed":0,"gold_gain":0,"player_choice":"Fought Mushrooms","damage_taken":0,"max_hp_gain":0,"max_hp_loss":0,"event_name":"Mushrooms","floor":11,"gold_loss":0},{"cards_removed":["Strike_R"],"damage_healed":0,"gold_gain":0,"player_choice":"Forget","damage_taken":0,"max_hp_gain":0,"max_hp_loss":0,"event_name":"Living Wall","floor":13,"gold_loss":0},{"cards_removed":["Strike_R"],"damage_healed":0,"gold_gain":0,"player_choice":"Card Removal","damage_taken":0,"max_hp_gain":0,"max_hp_loss":0,"event_name":"Wheel of Change","floor":20,"gold_loss":0},{"damage_healed":0,"gold_gain":0,"player_choice":"Became a Ghost","damage_taken":0,"max_hp_gain":0,"max_hp_loss":47,"event_name":"Ghosts","floor":21,"gold_loss":0,"cards_obtained":["Ghostly","Ghostly","Ghostly"]},{"damage_healed":0,"gold_gain":0,"player_choice":"Inject Mutagens","damage_taken":0,"relics_obtained":["MutagenicStrength"],"max_hp_gain":0,"max_hp_loss":0,"event_name":"Drug Dealer","floor":22,"gold_loss":0},{"damage_healed":0,"gold_gain":0,"player_choice":"Fight","damage_taken":0,"max_hp_gain":0,"max_hp_loss":0,"event_name":"Colosseum","floor":28,"gold_loss":0},{"damage_healed":0,"gold_gain":0,"player_choice":"Fought Nobs","damage_taken":0,"max_hp_gain":0,"max_hp_loss":0,"event_name":"Colosseum","floor":28,"gold_loss":0},{"damage_healed":0,"gold_gain":0,"player_choice":"Simplicity","damage_taken":0,"max_hp_gain":0,"max_hp_loss":0,"event_name":"Back to Basics","floor":30,"gold_loss":0,"cards_upgraded":["Strike_R","Strike_R","Strike_R","Defend_R","Defend_R","Defend_R"]},{"damage_healed":0,"gold_gain":0,"player_choice":"Memory 1","damage_taken":0,"max_hp_gain":0,"max_hp_loss":0,"event_name":"SensoryStone","floor":36,"gold_loss":0},{"cards_removed":["Headbutt"],"damage_healed":0,"gold_gain":0,"player_choice":"Removed Attack","damage_taken":0,"max_hp_gain":0,"max_hp_loss":0,"event_name":"Falling","floor":37,"gold_loss":0},{"damage_healed":0,"gold_gain":0,"player_choice":"Ignored","damage_taken":0,"max_hp_gain":0,"max_hp_loss":0,"event_name":"Tomb of Lord Red Mask","floor":38,"gold_loss":0}],"is_beta":false,"boss_relics":[{"not_picked":["Astrolabe","Black Star"],"picked":"Fusion Hammer"},{"not_picked":["Runic Dome","Cursed Key"],"picked":"Busted Crown"}],"items_purged_floors":[3],"is_endless":false,"potions_floor_spawned":[1,5,6,14,23,28,28,29,40,45,48],"ascension_level":20}}