{"host":"csaqw07vjsqfysdp","time":1608075604,"event":{"mods":["AchievementEnabler","BaseMod","Colored Powertips","Downfall","Googly Eyes","Minty Spire (QoL Compilation)","Permanent Neow","Quick Restart","StSLib","Unceasing Turn Reminder"],"gold_per_floor":[112,112,62,14,25,58,58,7,7,7,7,20,32,32,32,132,132,143,143,143,143,83,83],"floor_reached":22,"playtime":491,"items_purged":[],"score":257,"play_id":"1dcb6896-5ff5-4a9b-af4d-14d069ed3ffd","local_time":"20201215184004","is_ascension_mode":true,"campfire_choices":[{"floor":7,"key":"REST"},{"data":"Go for the Eyes","floor":10,"key":"SMITH"},{"floor":15,"key":"REST"}],"circlet_count":0,"master_deck":["Defend_B","Defend_B","Defend_B","Defend_B","Zap","Dualcast","Gash","Conserve Battery","Cold Snap","Go for the Eyes+1","Streamline","Loop","Self Repair+1","Machine Learning","Leap+1","Ghostly","Ghostly","Ghostly","Ghostly","Ghostly","Bite","Bite","Bite","Bite","Bite"],"relics":["Cracked Core","TungstenRod","Tiny Chest","FossilizedHelix","Coffee Dripper","WingedGreaves"],"acts_visited":["Exordium","TheCity"],"potions_floor_usage":[],"damage_taken":[{"damage":0,"enemies":"Cultist","floor":1,"turns":3},{"damage":1,"enemies":"Small Slimes","floor":5,"turns":3},{"damage":24,"enemies":"Lagavulin","floor":6,"turns":8},{"damage":0,"enemies":"Jaw Worm","floor":12,"turns":3},{"damage":0,"enemies":"3 Louse","floor":13,"turns":3},{"damage":18,"enemies":"Slime Boss","floor":16,"turns":16},{"damage":10,"enemies":"Spheric Guardian","floor":18,"turns":4},{"damage":0,"enemies":"2 Thieves","floor":22,"turns":3}],"seed_played":"6501344286087015867","potions_obtained":[{"floor":5,"key":"Strength Potion"},{"floor":12,"key":"Weak Potion"},{"floor":13,"key":"champ:CounterPotion"}],"is_trial":false,"path_per_floor":["M","?","?","$","M","E","R","$","T","R","?","M","M","?","R","B",null,"M","T","?","?","M"],"character_chosen":"DEFECT","items_purchased":["Conserve Battery","Streamline"],"campfire_rested":2,"item_purchase_floors":[4,8],"current_hp_per_floor":[54,59,59,59,58,34,58,58,58,58,58,58,58,43,67,59,80,80,80,40,28,28,28],"gold":83,"neow_bonus":"ONE_RARE_RELIC","is_daily":false,"chose_seed":false,"campfire_upgraded":1,"win_rate":0.0,"timestamp":1608075604,"path_taken":["M","?","?","?","M","E","R","$","T","R","?","M","?","?","R","BOSS","M","?","?","?","M"],"items_purchased_type":["Card","Card"],"build_version":"2020-12-13","purchased_purges":0,"victory":false,"max_hp_per_floor":[75,80,80,80,80,80,80,80,80,80,80,80,80,80,80,80,80,80,80,40,28,28,28],"card_choices":[{"not_picked":["Streamline","Cold Snap"],"picked":"Gash","floor":1},{"not_picked":["Reinforced Body","Stack"],"picked":"Cold Snap","floor":5},{"not_picked":["Loop","Leap"],"picked":"Go for the Eyes","floor":6},{"not_picked":["Go for the Eyes","Chill"],"picked":"Loop","floor":12},{"not_picked":["Storm","Static Discharge"],"picked":"Self Repair","floor":13},{"not_picked":["Meteor Strike","Amplify"],"picked":"Machine Learning","floor":16},{"not_picked":["Cold Snap","Sweeping Beam"],"picked":"Leap+1","floor":18}],"player_experience":377631,"relics_obtained":[{"floor":6,"key":"Tiny Chest"},{"floor":9,"key":"FossilizedHelix"},{"floor":19,"key":"WingedGreaves"}],"event_choices":[{"damage_healed":0,"gold_gain":0,"player_choice":"Donut","damage_taken":0,"max_hp_gain":5,"max_hp_loss":0,"event_name":"Big Fish","floor":2,"gold_loss":0},{"cards_removed":["Strike_B"],"damage_healed":0,"gold_gain":0,"player_choice":"Card Removal","damage_taken":0,"max_hp_gain":0,"max_hp_loss":0,"event_name":"The Cleric","floor":3,"gold_loss":50},{"cards_removed":["Strike_B"],"damage_healed":0,"gold_gain":0,"player_choice":"Purged","damage_taken":0,"max_hp_gain":0,"max_hp_loss":0,"event_name":"Purifier","floor":11,"gold_loss":0},{"damage_healed":0,"gold_gain":0,"player_choice":"Entered Light","damage_taken":16,"max_hp_gain":0,"max_hp_loss":0,"event_name":"Shining Light","floor":14,"gold_loss":0,"cards_upgraded":["Self Repair","Strike_B"]},{"damage_healed":0,"gold_gain":0,"player_choice":"Became a Ghost","damage_taken":0,"max_hp_gain":0,"max_hp_loss":40,"event_name":"Ghosts","floor":20,"gold_loss":0,"cards_obtained":["Ghostly","Ghostly","Ghostly","Ghostly","Ghostly"]},{"damage_healed":0,"gold_gain":0,"player_choice":"Became a vampire","damage_taken":0,"max_hp_gain":0,"max_hp_loss":12,"event_name":"Vampires","floor":21,"gold_loss":0,"cards_obtained":["Bite","Bite","Bite","Bite","Bite"]}],"is_beta":false,"boss_relics":[{"not_picked":["Black Star","Astrolabe"],"picked":"Coffee Dripper"}],"items_purged_floors":[],"is_endless":false,"potions_floor_spawned":[5,12,13],"killed_by":"2 Thieves","ascension_level":3}}