{"host":"z6c1sol8rulx2ubz","time":1608061374,"event":{"mods":["AchievementEnabler","Act Like it!","BaseMod","Better Note","Better Third Choice","Downfall","Elementarium","Gold Saver","Hallownest","Hermit","Hubris","Infinite Spire","Jorbs\u0027s Wanderer Trilogy","Minty Spire (QoL Compilation)","Potionbrewer","Quick Restart","Rare Cards Sparkle","Reorder Act Four","StSLib","The Animator","The Bug Knight","The Cursed","The Necromancer","Wandering Minibosses"],"gold_per_floor":[173,173,190,207,207,232,232,232,281,281,301,192,207,382,382,382,382],"floor_reached":16,"playtime":806,"items_purged":[],"score":100,"play_id":"9d7c8625-6f9b-438a-81d9-447d01a6dddd","local_time":"20201215194254","is_ascension_mode":false,"campfire_choices":[{"data":"TheCursedMod:EmpowerCircles","floor":7,"key":"SMITH"},{"data":"TheCursedMod:ReleasedKnowledge","floor":15,"key":"SMITH"}],"circlet_count":0,"master_deck":["TheCursedMod:Strike_TheCursed","TheCursedMod:Strike_TheCursed","TheCursedMod:Strike_TheCursed","TheCursedMod:Strike_TheCursed","TheCursedMod:Defend_TheCursed","TheCursedMod:Defend_TheCursed","TheCursedMod:Defend_TheCursed","TheCursedMod:Defend_TheCursed","TheCursedMod:CursedWand","TheCursedMod:CleanUpWorkshop","TheCursedMod:Dregs","TheCursedMod:ReleasedKnowledge+1","TheCursedMod:SpitefulStrike","TheCursedMod:EmpowerCircles+1","TheCursedMod:FleshFromBone","Regret","TheCursedMod:DemonSword","TheCursedMod:HellfireBreathing","TheCursedMod:ReleasedStrength","Doubt"],"relics":["TheCursedMod:BlackMagic101","hubris:Icosahedron","infinitespire:Beetle Shell","hubris:Towel","hubris:TenFootPole","StrikeDummy"],"acts_visited":["Exordium"],"potions_floor_usage":[16],"damage_taken":[{"damage":0,"enemies":"2 Louse","floor":1,"turns":3},{"damage":14,"enemies":"Jaw Worm","floor":3,"turns":6},{"damage":0,"enemies":"Small Slimes","floor":4,"turns":3},{"damage":15,"enemies":"Gremlin Nob","floor":6,"turns":5},{"damage":1,"enemies":"3 Louse","floor":11,"turns":3},{"damage":5,"enemies":"Lots of Slimes","floor":13,"turns":4},{"damage":57,"enemies":"The Guardian","floor":16,"turns":6}],"seed_played":"-189089092612964431","potions_obtained":[{"floor":1,"key":"potionbrewer:FreezingPotion"}],"is_trial":false,"path_per_floor":["M","?","M","M","?","E","R","?","T","?","M","$","M","?","R","B"],"character_chosen":"THE_CURSED","items_purchased":["TheCursedMod:HellfireBreathing","TheCursedMod:ReleasedStrength"],"campfire_rested":0,"item_purchase_floors":[12,12],"current_hp_per_floor":[82,82,68,68,68,53,53,53,53,53,52,52,47,47,47,0,0],"gold":382,"neow_bonus":"TEN_PERCENT_HP_BONUS","is_daily":false,"chose_seed":false,"campfire_upgraded":2,"win_rate":0.0,"timestamp":1608061374,"path_taken":["M","?","M","M","?","E","R","?","T","?","?","$","M","?","R","BOSS"],"items_purchased_type":["Card","Card"],"build_version":"2020-12-13","purchased_purges":0,"victory":false,"max_hp_per_floor":[82,82,82,82,82,82,82,82,82,82,82,82,82,82,82,82,82],"card_choices":[{"not_picked":["TheCursedMod:VitalStrike","TheCursedMod:CursedShiv"],"picked":"TheCursedMod:ReleasedKnowledge","floor":1},{"not_picked":["TheCursedMod:HellfireBreathing","TheCursedMod:CursedShiv"],"picked":"TheCursedMod:SpitefulStrike","floor":3},{"not_picked":["TheCursedMod:WearCloak","TheCursedMod:Grudge"],"picked":"TheCursedMod:EmpowerCircles","floor":4},{"not_picked":["TheCursedMod:CursedStaff","TheCursedMod:SurpriseAttack"],"picked":"TheCursedMod:FleshFromBone","floor":6},{"not_picked":["TheCursedMod:ReleasedKnowledge","TheCursedMod:ReleasedStrength"],"picked":"TheCursedMod:DemonSword","floor":11},{"not_picked":["TheCursedMod:CircleOfCorruption","TheCursedMod:FuryStrike","TheCursedMod:SmokeScreen"],"picked":"SKIP","floor":13}],"player_experience":239528,"relics_obtained":[{"floor":6,"key":"infinitespire:Beetle Shell"},{"floor":9,"key":"hubris:TenFootPole"}],"event_choices":[{"damage_healed":0,"gold_gain":0,"player_choice":"Leave","damage_taken":0,"max_hp_gain":0,"max_hp_loss":0,"event_name":"The Cleric","floor":2,"gold_loss":0},{"damage_healed":0,"gold_gain":0,"player_choice":"Box","damage_taken":0,"relics_obtained":["StrikeDummy"],"max_hp_gain":0,"max_hp_loss":0,"event_name":"Big Fish","floor":10,"gold_loss":0,"cards_obtained":["Regret"]},{"damage_healed":0,"gold_gain":175,"player_choice":"AGREE","damage_taken":207,"max_hp_gain":0,"max_hp_loss":0,"event_name":"betterThird:BetterSerpent","floor":14,"gold_loss":0}],"is_beta":false,"boss_relics":[],"items_purged_floors":[],"is_endless":false,"potions_floor_spawned":[1],"killed_by":"The Guardian","ascension_level":0}}