{"host":"tl8jdqk9pnwb74j1","time":1608038278,"event":{"mods":["BaseMod","BetterRewards","Custom Start","Minty Spire (QoL Compilation)","Shop Mod","StSLib","SuperFastMode"],"gold_per_floor":[113,63,138,138,156,156,56,74,74,74,87,106,120,143,143,246,246,264,264,278,378,206,206,224,49,49,49,65,75,90,19,19,19,19],"floor_reached":33,"playtime":948,"items_purged":["Strike_R","Strike_R","Strike_R","Bash"],"score":339,"play_id":"a6e972ef-2692-44ef-b372-43bbb66c7b56","local_time":"20201215211758","is_ascension_mode":false,"campfire_choices":[{"data":"Rampage","floor":6,"key":"SMITH"},{"data":"Strike_R","floor":10,"key":"PURGE"},{"data":"Demon Form","floor":15,"key":"SMITH"},{"data":"Heavy Blade","floor":23,"key":"SMITH"},{"data":"Entrench","floor":27,"key":"SMITH"},{"data":"Body Slam","floor":32,"key":"SMITH"}],"circlet_count":0,"master_deck":["Defend_R","Defend_R","Defend_R","Defend_R","Flame Barrier+1","Rampage+1","Pommel Strike","True Grit","Battle Trance","Demon Form+1","Demon Form","Entrench+1","Heavy Blade+1","Heavy Blade+1","Body Slam+1","Shrug It Off","Uppercut","Juggernaut","Flame Barrier"],"relics":["Burning Blood","CaptainsWheel","Question Card","Peace Pipe","Happy Flower","Sozu","Unceasing Top"],"acts_visited":["Exordium","TheCity"],"potions_floor_usage":[11,11,13],"damage_taken":[{"damage":8,"enemies":"Jaw Worm","floor":1,"turns":4},{"damage":0,"enemies":"2 Louse","floor":5,"turns":3},{"damage":0,"enemies":"Small Slimes","floor":8,"turns":3},{"damage":17,"enemies":"Gremlin Gang","floor":11,"turns":4},{"damage":0,"enemies":"Exordium Wildlife","floor":12,"turns":4},{"damage":13,"enemies":"Exordium Thugs","floor":13,"turns":6},{"damage":32,"enemies":"Hexaghost","floor":16,"turns":8},{"damage":17,"enemies":"Shell Parasite","floor":18,"turns":6},{"damage":0,"enemies":"Chosen","floor":20,"turns":4},{"damage":21,"enemies":"Snake Plant","floor":24,"turns":4},{"damage":25,"enemies":"3 Cultists","floor":28,"turns":5},{"damage":0,"enemies":"Chosen and Byrds","floor":29,"turns":4},{"damage":22,"enemies":"Centurion and Healer","floor":30,"turns":8},{"damage":20,"enemies":"Collector","floor":33,"turns":6}],"seed_played":"8621663859317241953","potions_obtained":[{"floor":1,"key":"HeartOfIron"},{"floor":5,"key":"LiquidBronze"},{"floor":12,"key":"BloodPotion"}],"is_trial":false,"path_per_floor":["M","?","?","?","M","R","$","M","T","R","M","M","M","T","R","B",null,"M","?","M","?","$","R","M","$","T","R","M","M","M","$","R","B"],"character_chosen":"IRONCLAD","items_purchased":["Question Card","Heavy Blade","Shrug It Off","Flame Barrier"],"campfire_rested":0,"item_purchase_floors":[0,22,25,31],"current_hp_per_floor":[49,49,38,38,44,44,44,50,50,50,39,45,54,54,54,28,80,69,69,75,75,75,75,60,60,60,60,41,47,31,31,31,11,11],"gold":19,"neow_bonus":"","is_daily":false,"chose_seed":false,"campfire_upgraded":5,"win_rate":0.0,"timestamp":1608038278,"path_taken":["M","?","?","?","M","R","$","?","T","R","M","M","M","?","R","BOSS","M","?","?","?","$","R","M","$","T","R","M","?","M","?","R","BOSS"],"items_purchased_type":["Relic","Card","Card","Card"],"build_version":"2020-12-13","purchased_purges":4,"victory":false,"max_hp_per_floor":[80,80,80,80,80,80,80,80,80,80,80,80,80,80,80,80,80,80,80,80,80,80,80,80,80,80,80,80,80,80,80,80,80,80],"card_choices":[{"not_picked":["True Grit","Thunderclap","Heavy Blade"],"picked":"Flame Barrier","floor":1},{"not_picked":["Warcry","Clash","Pommel Strike"],"picked":"Rampage","floor":5},{"not_picked":["Rupture","Headbutt","Dropkick"],"picked":"Pommel Strike","floor":8},{"not_picked":["Pummel","Flex","Headbutt"],"picked":"True Grit","floor":11},{"not_picked":["Headbutt","Rage","Clash"],"picked":"Battle Trance","floor":12},{"not_picked":["Sword Boomerang","Dark Embrace","Heavy Blade"],"picked":"Demon Form","floor":13},{"not_picked":["Bludgeon","Fiend Fire","Reaper"],"picked":"Demon Form","floor":16},{"not_picked":["Dropkick","Reckless Charge+1","Iron Wave"],"picked":"Entrench","floor":18},{"not_picked":["Thunderclap","Iron Wave","Dark Embrace"],"picked":"Heavy Blade+1","floor":20},{"not_picked":["Iron Wave","Warcry","Flex"],"picked":"Body Slam","floor":24},{"not_picked":["Warcry","Headbutt+1","Twin Strike"],"picked":"Uppercut","floor":28},{"not_picked":["Shrug It Off+1","Thunderclap","Flex"],"picked":"Juggernaut","floor":29},{"not_picked":["Reckless Charge","Armaments+1","Clash","Second Wind"],"picked":"SKIP","floor":30}],"player_experience":945500,"relics_obtained":[{"floor":9,"key":"Peace Pipe"},{"floor":14,"key":"Happy Flower"},{"floor":26,"key":"Unceasing Top"}],"event_choices":[{"cards_removed":["Strike_R"],"damage_healed":0,"gold_gain":0,"player_choice":"Card Removal","damage_taken":0,"max_hp_gain":0,"max_hp_loss":0,"event_name":"The Cleric","floor":2,"gold_loss":50},{"damage_healed":0,"gold_gain":75,"player_choice":"Gather Gold","damage_taken":11,"max_hp_gain":0,"max_hp_loss":0,"event_name":"World of Goop","floor":3,"gold_loss":0},{"damage_healed":0,"gold_gain":0,"player_choice":"Forge","damage_taken":0,"max_hp_gain":0,"max_hp_loss":0,"event_name":"Accursed Blacksmith","floor":4,"gold_loss":0,"cards_upgraded":["Flame Barrier"]},{"damage_healed":0,"gold_gain":0,"player_choice":"Bought 0 Potions","damage_taken":0,"max_hp_gain":0,"max_hp_loss":0,"event_name":"The Woman in Blue","floor":19,"gold_loss":0},{"damage_healed":0,"gold_gain":100,"player_choice":"Pray","damage_taken":0,"max_hp_gain":0,"max_hp_loss":0,"event_name":"Golden Shrine","floor":21,"gold_loss":0}],"is_beta":false,"boss_relics":[{"not_picked":["Cursed Key","Fusion Hammer"],"picked":"Sozu"}],"items_purged_floors":[0,7,22,25],"is_endless":false,"potions_floor_spawned":[1,5,12,18,24],"killed_by":"Collector","ascension_level":0}}