{"host":"dth8fvkfiulu86fi","time":1608037003,"event":{"mods":["2.2 Compatiblity","AchievementEnabler","BaseMod","Better Third Choice","Colored Map","Colored Powertips","Minty Spire (QoL Compilation)","Rare Cards Sparkle","StSLib","SuperFastMode","Synergy Search"],"gold_per_floor":[114,129,144,48,48,86,117,129,166,197,228,240,102,121,121,246,246,265,265,303,303,322,322,360,85,85,104,123,142,142,161,161,286,286,305,305,343,368,387,425,425,444,478,478,478],"floor_reached":44,"playtime":1780,"items_purged":[],"score":662,"play_id":"9712df1c-d032-48c6-9c9d-c9cb16f879cc","local_time":"20201215135643","daily_mods":["Cursed Run","Diverse","DeadlyEvents"],"is_ascension_mode":false,"campfire_choices":[{"floor":8.0,"key":"REST"},{"floor":12.0,"key":"REST"},{"data":"Deflect","floor":15.0,"key":"SMITH"},{"floor":23.0,"key":"REST"},{"floor":30.0,"key":"REST"},{"floor":32.0,"key":"REST"},{"floor":41.0,"key":"REST"}],"circlet_count":0,"master_deck":["Strike_B","Strike_B","Strike_B","Strike_B","Defend_B+1","Defend_B","Defend_B","Defend_B","Zap","Dualcast","Heavy Blade","Conserve Battery","Swift Strike","Deflect+1","Shame","Cold Snap","Clumsy","Impervious+1","CurseOfTheBell","Heavy Blade","Adrenaline","Normality","Consecrate","Leap","Clumsy","Impervious","Decay","Decay"],"relics":["Cursed Key","Darkstone Periapt","Du-Vu Doll","Golden Idol","MawBank","Regal Pillow","Anchor","Calling Bell","Boot","InkBottle","Mango","Nunchaku","War Paint","Tiny Chest","Vajra","Orichalcum","CeramicFish","Cables","Happy Flower"],"acts_visited":["Exordium","TheCity","TheBeyond"],"potions_floor_usage":[],"damage_taken":[{"damage":1.0,"enemies":"Cultist","floor":1.0,"turns":3.0},{"damage":5.0,"enemies":"Small Slimes","floor":2.0,"turns":3.0},{"damage":0.0,"enemies":"2 Louse","floor":3.0,"turns":1.0},{"damage":32.0,"enemies":"Gremlin Nob","floor":6.0,"turns":4.0},{"damage":0.0,"enemies":"Gremlin Gang","floor":7.0,"turns":5.0},{"damage":0.0,"enemies":"2 Fungi Beasts","floor":10.0,"turns":3.0},{"damage":1.0,"enemies":"Blue Slaver","floor":11.0,"turns":3.0},{"damage":0.0,"enemies":"3 Louse","floor":14.0,"turns":2.0},{"damage":24.0,"enemies":"Slime Boss","floor":16.0,"turns":10.0},{"damage":8.0,"enemies":"3 Byrds","floor":18.0,"turns":6.0},{"damage":54.0,"enemies":"Gremlin Leader","floor":20.0,"turns":7.0},{"damage":11.0,"enemies":"Shell Parasite","floor":22.0,"turns":5.0},{"damage":64.0,"enemies":"Slavers","floor":24.0,"turns":7.0},{"damage":1.0,"enemies":"Cultist and Chosen","floor":27.0,"turns":7.0},{"damage":8.0,"enemies":"Shelled Parasite and Fungi","floor":28.0,"turns":5.0},{"damage":0.0,"enemies":"Snecko","floor":29.0,"turns":2.0},{"damage":7.0,"enemies":"3 Cultists","floor":31.0,"turns":4.0},{"damage":103.0,"enemies":"Collector","floor":33.0,"turns":17.0},{"damage":6.0,"enemies":"3 Darklings","floor":35.0,"turns":7.0},{"damage":43.0,"enemies":"Nemesis","floor":37.0,"turns":8.0},{"damage":9.0,"enemies":"Orb Walker","floor":39.0,"turns":3.0},{"damage":40.0,"enemies":"Reptomancer","floor":40.0,"turns":10.0},{"damage":11.0,"enemies":"Jaw Worm Horde","floor":42.0,"turns":4.0},{"damage":78,"enemies":"Giant Head","floor":44,"turns":8}],"seed_played":"1880613833527945180","potions_obtained":[{"floor":2.0,"key":"AttackPotion"},{"floor":3.0,"key":"BlessingOfTheForge"},{"floor":10.0,"key":"DistilledChaos"},{"floor":11.0,"key":"GamblersBrew"},{"floor":16.0,"key":"Regen Potion"},{"floor":18.0,"key":"Explosive Potion"},{"floor":24.0,"key":"Dexterity Potion"},{"floor":28.0,"key":"BlessingOfTheForge"},{"floor":33.0,"key":"GamblersBrew"},{"floor":39.0,"key":"Strength Potion"}],"is_trial":false,"path_per_floor":["M","M","M","$","?","E","M","R","T","M","M","R","$","M","R","B",null,"M","?","E","?","M","R","E","$","T","M","M","M","R","M","R","B",null,"M","?","E","T","M","E","R","M","T","E"],"character_chosen":"DEFECT","items_purchased":["Swift Strike","Anchor","Tiny Chest","Regen Potion","Fire Potion"],"campfire_rested":6,"item_purchase_floors":[4,13,25,25,25],"current_hp_per_floor":[74,69,69,69,51,19,19,41,47,47,46,81,81,81,81,63,107,99,107,62,62,51,98,34,34,40,53,45,45,93,86,113,16,119,113,113,70,76,67,27,79,68,74,0,0],"gold":478,"neow_bonus":"","is_daily":true,"chose_seed":false,"campfire_upgraded":1,"win_rate":0.0,"timestamp":1608037003,"path_taken":["M","M","M","?","?","E","M","R","T","M","?","R","$","M","R","BOSS","M","?","?","?","M","R","E","$","T","?","M","M","R","M","R","BOSS","M","?","?","?","?","E","R","M","T","?"],"items_purchased_type":["Card","Relic","Relic","Potion","Potion"],"build_version":"2020-12-13","purchased_purges":0,"victory":false,"max_hp_per_floor":[75,75,75,75,75,75,75,75,81,81,81,81,81,81,81,87,107,107,107,107,107,107,107,107,107,113,113,113,113,113,113,113,119,119,119,119,119,125,125,125,125,125,131,131,131],"card_choices":[{"not_picked":["Thunderclap","Pommel Strike"],"picked":"Heavy Blade","floor":1.0},{"not_picked":["Battle Trance","DeceiveReality"],"picked":"Conserve Battery","floor":2.0},{"not_picked":["Streamline","Crescendo","Loop"],"picked":"SKIP","floor":3.0},{"not_picked":["Sword Boomerang","Acrobatics","Dagger Spray"],"picked":"SKIP","floor":6.0},{"not_picked":["Headbutt","Force Field"],"picked":"Deflect","floor":7.0},{"not_picked":["White Noise","Cold Snap","Quick Slash"],"picked":"SKIP","floor":10.0},{"not_picked":["Tools of the Trade","Backflip","Outmaneuver"],"picked":"SKIP","floor":11.0},{"not_picked":["Crescendo","CutThroughFate"],"picked":"Cold Snap","floor":14.0},{"not_picked":["Brilliance","DevaForm"],"picked":"Impervious","floor":16.0},{"not_picked":["Perfected Strike+1","Redo+1","True Grit"],"picked":"SKIP","floor":18.0},{"not_picked":["Scrape","Calculated Gamble","Poisoned Stab"],"picked":"SKIP","floor":20.0},{"not_picked":["Reckless Charge","Acrobatics"],"picked":"Heavy Blade","floor":22.0},{"not_picked":["Cloak And Dagger+1","Dual Wield"],"picked":"Adrenaline","floor":24.0},{"not_picked":["ClearTheMind+1","Acrobatics","Rebound"],"picked":"SKIP","floor":27.0},{"not_picked":["WindmillStrike","Bouncing Flask"],"picked":"Consecrate","floor":28.0},{"not_picked":["Slice","Shrug It Off"],"picked":"Leap","floor":29.0},{"not_picked":["Evaluate","Cloak And Dagger","Go for the Eyes"],"picked":"SKIP","floor":31.0},{"not_picked":["Grand Finale","Scrawl"],"picked":"Impervious","floor":33.0},{"not_picked":["Dark Embrace+1","Force Field+1","Vengeance"],"picked":"SKIP","floor":35.0},{"not_picked":["Dual Wield+1","Iron Wave+1","Eviscerate+1"],"picked":"SKIP","floor":37.0},{"not_picked":["ThirdEye","Predator+1","Doom and Gloom+1"],"picked":"SKIP","floor":39.0},{"not_picked":["ThirdEye","Dagger Throw","Combust"],"picked":"SKIP","floor":40.0},{"not_picked":["Prostrate","Streamline","Reflex"],"picked":"SKIP","floor":42.0}],"player_experience":1104275,"relics_obtained":[{"floor":6.0,"key":"MawBank"},{"floor":9.0,"key":"Regal Pillow"},{"floor":17.0,"key":"Boot"},{"floor":17.0,"key":"InkBottle"},{"floor":17.0,"key":"Mango"},{"floor":20.0,"key":"Nunchaku"},{"floor":24.0,"key":"War Paint"},{"floor":26.0,"key":"Vajra"},{"floor":37.0,"key":"Orichalcum"},{"floor":38.0,"key":"CeramicFish"},{"floor":40.0,"key":"Cables"},{"floor":43.0,"key":"Happy Flower"}],"event_choices":[{"damage_healed":0.0,"max_hp_gain":0.0,"max_hp_loss":0.0,"gold_gain":0.0,"event_name":"Golden Idol","player_choice":"Take Damage","floor":5.0,"gold_loss":0.0,"damage_taken":18.0,"relics_obtained":["Golden Idol"]},{"damage_healed":8.0,"max_hp_gain":0.0,"max_hp_loss":0.0,"gold_gain":0.0,"event_name":"Wheel of Change","player_choice":"Full Heal","floor":19.0,"gold_loss":0.0,"damage_taken":0.0},{"damage_healed":0.0,"max_hp_gain":0.0,"max_hp_loss":0.0,"gold_gain":0.0,"event_name":"Vampires","player_choice":"Ignored","floor":21.0,"gold_loss":0.0,"damage_taken":0.0},{"damage_healed":0.0,"max_hp_gain":0.0,"max_hp_loss":0.0,"gold_gain":0.0,"event_name":"Fountain of Cleansing","player_choice":"Ignored","floor":36.0,"gold_loss":0.0,"damage_taken":0.0}],"is_beta":false,"boss_relics":[{"not_picked":["Fusion Hammer","Inserter"],"picked":"Calling Bell"},{"not_picked":["Runic Dome","Pandora\u0027s Box","Coffee Dripper"]}],"items_purged_floors":[],"is_endless":false,"potions_floor_spawned":[2,3,10,11,16,18,24,28,33,39],"killed_by":"Giant Head","ascension_level":0}}