{"host":"w01zow3jg16g8jdh","time":1608040969,"event":{"mods":["AchievementEnabler","BaseMod","DeckTracker","Keyboard Shortcuts","Minty Spire (QoL Compilation)","Permanent Neow","StSLib","SuperFastMode"],"gold_per_floor":[16,28,39,89,101,101,118,146,146,174,99,99,116,145,145,145,145],"floor_reached":16,"playtime":341,"items_purged":["Strike_R"],"score":228,"play_id":"189b5fe2-dc9b-4b08-9a2b-a6fb57e316ef","local_time":"20201215230249","is_ascension_mode":true,"campfire_choices":[{"data":"Body Slam","floor":6.0,"key":"SMITH"},{"data":"Carnage","floor":12.0,"key":"SMITH"},{"data":"Dual Wield","floor":15.0,"key":"SMITH"}],"circlet_count":0,"master_deck":["AscendersBane","Strike_R","Strike_R","Defend_R","Defend_R","Defend_R","Defend_R","Bash","Seeing Red","Ghostly Armor","Body Slam+1","Carnage+1","Dual Wield+1"],"relics":["Burning Blood","Art of War","Shuriken","CeramicFish"],"acts_visited":["Exordium"],"potions_floor_usage":[16],"damage_taken":[{"damage":11.0,"enemies":"Small Slimes","floor":1.0,"turns":8.0},{"damage":1.0,"enemies":"Cultist","floor":2.0,"turns":3.0},{"damage":7.0,"enemies":"Jaw Worm","floor":3.0,"turns":4.0},{"damage":3.0,"enemies":"3 Louse","floor":5.0,"turns":7.0},{"damage":7.0,"enemies":"Exordium Thugs","floor":7.0,"turns":5.0},{"damage":25.0,"enemies":"3 Sentries","floor":8.0,"turns":11.0},{"damage":29.0,"enemies":"Gremlin Nob","floor":10.0,"turns":4.0},{"damage":3.0,"enemies":"Blue Slaver","floor":13.0,"turns":3.0},{"damage":1.0,"enemies":"Looter","floor":14.0,"turns":4.0},{"damage":22,"enemies":"The Guardian","floor":16,"turns":8}],"seed_played":"1815301203766573890","potions_obtained":[{"floor":1.0,"key":"ElixirPotion"},{"floor":3.0,"key":"Fire Potion"},{"floor":10.0,"key":"PowerPotion"}],"is_trial":false,"path_per_floor":["M","M","M","?","M","R","M","E","T","E","$","R","M","M","R","B"],"character_chosen":"IRONCLAD","items_purchased":[],"campfire_rested":0,"item_purchase_floors":[],"current_hp_per_floor":[63,68,67,67,70,70,69,50,50,27,27,27,30,35,35,13,13],"gold":145,"neow_bonus":"REMOVE_TWO","is_daily":false,"chose_seed":false,"campfire_upgraded":3,"win_rate":0.0,"timestamp":1608040969,"path_taken":["M","M","M","?","M","R","M","E","T","E","?","R","M","?","R","BOSS"],"items_purchased_type":[],"build_version":"2020-12-13","purchased_purges":1,"victory":false,"max_hp_per_floor":[75,75,75,75,75,75,75,75,75,75,75,75,75,75,75,75,75],"card_choices":[{"not_picked":["True Grit","Twin Strike"],"picked":"Seeing Red","floor":1.0},{"not_picked":["Headbutt","Iron Wave"],"picked":"Ghostly Armor","floor":2.0},{"not_picked":["Perfected Strike","Intimidate","Clash"],"picked":"SKIP","floor":3.0},{"not_picked":["Shrug It Off","Uppercut"],"picked":"Body Slam","floor":5.0},{"not_picked":["Sword Boomerang","Flame Barrier"],"picked":"Carnage","floor":7.0},{"not_picked":["Intimidate","Pummel","Rampage"],"picked":"SKIP","floor":8.0},{"not_picked":["Bloodletting","Pummel","Bludgeon"],"picked":"SKIP","floor":10.0},{"not_picked":["Fire Breathing","Anger","Thunderclap"],"picked":"SKIP","floor":13.0},{"not_picked":["Cleave","Rampage"],"picked":"Dual Wield","floor":14.0}],"player_experience":284354,"relics_obtained":[{"floor":8.0,"key":"Art of War"},{"floor":9.0,"key":"Shuriken"},{"floor":10.0,"key":"CeramicFish"}],"event_choices":[{"damage_healed":0.0,"max_hp_gain":0.0,"max_hp_loss":0.0,"gold_gain":50.0,"event_name":"Golden Shrine","player_choice":"Pray","floor":4.0,"gold_loss":0.0,"damage_taken":0.0}],"is_beta":false,"boss_relics":[],"items_purged_floors":[11],"is_endless":false,"potions_floor_spawned":[1,3,10],"killed_by":"The Guardian","ascension_level":20}}