{"host":"ab2s6ezjqdgtrlyf","time":1608041986,"event":{"mods":["BaseMod","Colored Map","Highlight Path","Marked Mod","Minty Spire (QoL Compilation)","Quick Restart","Relic Stats","Replay The Spire","StSLib","Waifu the Spire","vexMod"],"gold_per_floor":[119,194,209,209,209,209,234,234,284,304,314,38,49,61,61,61,61],"floor_reached":16,"playtime":325,"items_purged":[],"score":248,"play_id":"31566472-ee89-47c9-9855-07e5e0560494","local_time":"20201215221946","is_ascension_mode":true,"campfire_choices":[{"data":"BasicCrystalCard","floor":6,"key":"SMITH"},{"data":"Auto Shields","floor":8,"key":"SMITH"},{"data":"Leap","floor":15,"key":"SMITH"}],"circlet_count":0,"master_deck":["AscendersBane","Strike_B","Strike_B","Strike_B","Strike_B","Defend_B","Defend_B","Defend_B","Defend_B","Zap","Dualcast","Leap+1","BasicCrystalCard+1","Auto Shields+1"],"relics":["Cracked Core","NeowsBlessing","Orichalcum","Replay:Mystery Machine","Cables"],"acts_visited":["Exordium"],"potions_floor_usage":[],"damage_taken":[{"damage":0,"enemies":"Cultist","floor":1,"turns":1},{"damage":0,"enemies":"2 Louse","floor":3,"turns":1},{"damage":0,"enemies":"3 Sentries","floor":7,"turns":1},{"damage":7,"enemies":"Jaw Worm","floor":10,"turns":6},{"damage":4,"enemies":"Blue Slaver","floor":11,"turns":4},{"damage":3,"enemies":"3 Louse","floor":13,"turns":3},{"damage":1,"enemies":"Looter","floor":14,"turns":3},{"damage":16,"enemies":"The Guardian","floor":16,"turns":3}],"seed_played":"540885005033613002","potions_obtained":[{"floor":1,"key":"Dexterity Potion"},{"floor":7,"key":"SteroidPotion"},{"floor":13,"key":"Venom Potion"},{"floor":14,"key":"Flashbang"}],"is_trial":false,"path_per_floor":["M","?","M","?","?","R","E","R","T","M","M","$","M","M","R","B"],"character_chosen":"DEFECT","items_purchased":["Cables"],"campfire_rested":0,"item_purchase_floors":[12],"current_hp_per_floor":[64,53,53,53,58,58,58,58,58,51,47,47,44,43,43,27,27],"gold":61,"neow_bonus":"THREE_ENEMY_KILL","is_daily":false,"chose_seed":false,"campfire_upgraded":3,"win_rate":0.0,"timestamp":1608041986,"path_taken":["M","?","M","?","?","R","E","R","T","M","M","?","?","M","R","BOSS"],"items_purchased_type":["Relic"],"build_version":"2020-12-13","purchased_purges":0,"victory":false,"max_hp_per_floor":[71,71,71,71,76,76,76,76,76,76,76,76,76,76,76,76,76],"relic_stats":{"counters":[8,22],"Orichalcum":[24],"obtain_stats":[{"NeowsBlessing":0,"Orichalcum":7,"Replay:Mystery Machine":9,"Cracked Core":0,"Cables":12},{"NeowsBlessing":0,"Orichalcum":3,"Replay:Mystery Machine":3,"Cracked Core":0,"Cables":5},{"NeowsBlessing":0,"Orichalcum":3,"Replay:Mystery Machine":3,"Cracked Core":0,"Cables":13}],"Cables":[3,3,0,0,0]},"card_choices":[{"not_picked":["Skim","Scrape"],"picked":"Leap","floor":1},{"not_picked":["Steam","Force Field"],"picked":"BasicCrystalCard","floor":3},{"not_picked":["Core Surge","Compile Driver"],"picked":"Auto Shields","floor":7},{"not_picked":["Scrape","Cold Snap","Time Bomb"],"picked":"SKIP","floor":10},{"not_picked":["ReplayGash","Skim","Sunder"],"picked":"SKIP","floor":11},{"not_picked":["Barrage","Sunder","Gash"],"picked":"SKIP","floor":13},{"not_picked":["Streamline","Coolheaded","Conserve Battery"],"picked":"SKIP","floor":14}],"player_experience":782736,"relics_obtained":[{"floor":7,"key":"Orichalcum"},{"floor":9,"key":"Replay:Mystery Machine"}],"event_choices":[{"damage_healed":0,"gold_gain":75,"player_choice":"Gather Gold","damage_taken":11,"max_hp_gain":0,"max_hp_loss":0,"event_name":"World of Goop","floor":2,"gold_loss":0},{"damage_healed":0,"gold_gain":0,"player_choice":"Ignored","damage_taken":0,"max_hp_gain":0,"max_hp_loss":0,"event_name":"Shining Light","floor":4,"gold_loss":0},{"damage_healed":0,"gold_gain":0,"player_choice":"Donut","damage_taken":0,"max_hp_gain":5,"max_hp_loss":0,"event_name":"Big Fish","floor":5,"gold_loss":0}],"is_beta":false,"boss_relics":[],"items_purged_floors":[],"is_endless":false,"potions_floor_spawned":[1,7,13,14],"killed_by":"The Guardian","ascension_level":19}}