{"host":"wvaiab5ya9pyia0u","time":1608051789,"event":{"mods":["2.2 Compatiblity","Aspiration","Bard","BaseMod","Bestiary","BetterRewards","Challenge The Spire","Colored Powertips","Conspire","Custom Start","DeckTracker","Hermit","Highlight Path","Hubris","Humility","Infinite Spire","Mimic Mod","Minty Spire (QoL Compilation)","Practice Mode","Quick Restart","Rare Cards Sparkle","Replay The Spire","Reworked Bosses","SacredBarkPlus","Shop Mod","Spicy Shops","StSLib","The Blue Laboratory","The Construct","The Cursed","The Disciple","The Factory","The Hierophant","The Jungle","The Mystic","The Runesmith","The Servant 0.9.4","TheBandit","Thieving Mod","Wandering Minibosses","everything is the same but u backflip on backflip","slay the spire mod where everything is the same but ironclad has a cowboy hat"],"gold_per_floor":[112,112,123,123,46,46,57,57,57,75,75,85,285,285,285,336,336,450,468,394,394,410,440,49,49,49,67,67,82,100,118,118,220,220,253,253,253],"floor_reached":36,"playtime":2988,"items_purged":[],"score":601,"play_id":"0adbf433-a054-4f0e-81c1-33700bfd8548","local_time":"20201215180309","is_ascension_mode":false,"campfire_choices":[{"data":"Potential","floor":6.0,"key":"SMITH"},{"data":"SpecialFormula","floor":8.0,"key":"SMITH"},{"floor":15.0,"key":"REST"},{"floor":25,"key":"REST"},{"data":"RealityMarble","floor":28,"key":"SMITH"},{"floor":32,"key":"REST"}],"circlet_count":0,"master_deck":["Strike_S","Strike_S","Strike_S","Defend_S","Defend_S","Defend_S","Defend_S+1","KidneyShot+1","Exchange","Potential+1","Starlight+1","SpecialFormula+1","RealityMarble+1","BestPractice","Rearm","Duplication","Moonlight+1","TimeWarp","Barrier+1","DoubleEdge","BestPractice","BestPractice","ShatteredReality+1","Reset+1","RealityMarble","BestPractice","MurderousAura","SpecialFormula"],"relics":["Uniform","Durian","conspire:DeflatedDodgeball","hubris:Icosahedron","NlothsMask","SacredBark","hubris:Spice","DollysMirror","construct:WeddingRing","infinitespire:EvilPickle"],"acts_visited":["Exordium","TheCity","TheBeyond"],"potions_floor_usage":[33],"damage_taken":[{"damage":6.0,"enemies":"Jaw Worm","floor":1.0,"turns":6.0},{"damage":2.0,"enemies":"Small Slimes","floor":3.0,"turns":3.0},{"damage":3.0,"enemies":"2 Louse","floor":7.0,"turns":3.0},{"damage":2.0,"enemies":"Exordium Thugs","floor":10.0,"turns":4.0},{"damage":14.0,"enemies":"3 Louse","floor":12.0,"turns":3.0},{"damage":22.0,"enemies":"The Guardian","floor":16.0,"turns":12.0},{"damage":12.0,"enemies":"Shell Parasite","floor":18.0,"turns":7.0},{"damage":61.0,"enemies":"3 Byrds","floor":19.0,"turns":8.0},{"damage":25.0,"enemies":"Centurion and Healer","floor":22.0,"turns":7.0},{"damage":0,"enemies":"conspire:SneckoGhost","floor":23,"turns":8},{"damage":6,"enemies":"Cultist and Chosen","floor":27,"turns":10},{"damage":31,"enemies":"Snecko","floor":29,"turns":5},{"damage":0,"enemies":"Snake Plant","floor":30,"turns":5},{"damage":28,"enemies":"3 Cultists","floor":31,"turns":5},{"damage":29,"enemies":"Pondfish","floor":33,"turns":9},{"damage":37,"enemies":"Orb Walker","floor":35,"turns":5},{"damage":56,"enemies":"3 Shapes","floor":36,"turns":2}],"seed_played":"-8713331906584573259","potions_obtained":[{"floor":7.0,"key":"blueLaboratory:CorrosionFlask"},{"floor":10.0,"key":"LiquidMemories"},{"floor":27,"key":"blueLaboratory:BottleOfRum"}],"is_trial":false,"path_per_floor":["M","?","M","?","$","R","M","R","T","M","?","M","?","?","R","B",null,"M","M","?","?","M","E","$","R","T","M","R","M","M","M","R","B",null,"M","M"],"character_chosen":"THE_SERVANT","items_purchased":["Durian","BestPractice","DollysMirror"],"campfire_rested":3,"item_purchase_floors":[5,24,24],"current_hp_per_floor":[65,51,49,49,54,54,51,51,51,57,57,51,21,21,43,29,76,72,19,39,39,22,38,38,63,63,65,65,34,42,22,47,84,84,55,0,0],"gold":253,"neow_bonus":"TEN_PERCENT_HP_BONUS","is_daily":false,"chose_seed":false,"campfire_upgraded":3,"win_rate":0.0,"timestamp":1608051789,"path_taken":["M","?","M","?","$","R","M","R","T","M","?","?","?","?","R","BOSS","M","?","?","?","M","E","$","R","T","M","R","M","M","?","R","BOSS","M","?"],"items_purchased_type":["Relic","Card","Relic"],"build_version":"2020-12-13","purchased_purges":0,"victory":false,"max_hp_per_floor":[71,71,71,71,76,76,76,76,76,76,76,76,76,76,76,76,76,76,76,76,76,76,84,84,84,84,84,84,84,84,84,84,84,84,84,84,84],"card_choices":[{"not_picked":["Read","Rewind"],"picked":"Potential","floor":1.0},{"not_picked":["Rearm","FastForward"],"picked":"Starlight","floor":3.0},{"not_picked":["ShatteredReality","Read"],"picked":"SpecialFormula","floor":7.0},{"not_picked":["Starlight","Spin"],"picked":"RealityMarble","floor":10.0},{"not_picked":["ShiftingGears","Revamp"],"picked":"BestPractice","floor":12.0},{"not_picked":["Replace","ReturningBlade"],"picked":"Rearm","floor":13.0},{"not_picked":["PendulumOfEternity","Initiator"],"picked":"Duplication","floor":16.0},{"not_picked":["Read","Luminosity","Rewind+1"],"picked":"SKIP","floor":18.0},{"not_picked":["GearUp","Potential+1"],"picked":"Moonlight+1","floor":19.0},{"not_picked":["Ricochet","ShatteredReality"],"picked":"Barrier+1","floor":22.0},{"not_picked":["Defy","MurderousAura"],"picked":"DoubleEdge","floor":23},{"not_picked":["Misdirection","TimeWarp"],"picked":"ShatteredReality+1","floor":27},{"not_picked":["Defy+1","TimeWarp"],"picked":"Reset+1","floor":29},{"not_picked":["Shuttle","BottledTime"],"picked":"RealityMarble","floor":30},{"not_picked":["Alleviate","Ricochet"],"picked":"BestPractice","floor":31},{"not_picked":["TheWorld","LightFlow"],"picked":"MurderousAura","floor":33},{"not_picked":["Foresight+1","BottledTime+1"],"picked":"SpecialFormula","floor":35}],"player_experience":181780,"relics_obtained":[{"floor":9.0,"key":"conspire:DeflatedDodgeball"},{"floor":23,"key":"hubris:Spice"}],"event_choices":[{"damage_healed":0.0,"max_hp_gain":0.0,"max_hp_loss":0.0,"gold_gain":0.0,"event_name":"Shining Light","player_choice":"Entered Light","floor":2.0,"gold_loss":0.0,"damage_taken":14.0,"cards_upgraded":["Defend_S","KidneyShot"]},{"damage_healed":0.0,"max_hp_gain":0.0,"max_hp_loss":0.0,"gold_gain":0.0,"event_name":"Living Wall","player_choice":"Grow","floor":4.0,"gold_loss":0.0,"damage_taken":0.0,"cards_upgraded":["Starlight"]},{"damage_healed":0.0,"max_hp_gain":0.0,"max_hp_loss":0.0,"gold_gain":0.0,"event_name":"FaceTrader","player_choice":"Trade","floor":14.0,"gold_loss":0.0,"damage_taken":0.0,"relics_obtained":["NlothsMask"]},{"damage_healed":0.0,"max_hp_gain":0.0,"max_hp_loss":0.0,"gold_gain":0.0,"cards_transformed":["Strike_S"],"event_name":"Transmorgrifier","player_choice":"Transformed","floor":21.0,"gold_loss":0.0,"damage_taken":0.0,"cards_obtained":["TimeWarp"]}],"is_beta":false,"boss_relics":[{"not_picked":["Runic Dome","Coffee Dripper"],"picked":"SacredBark"},{"not_picked":["hubris:Spice","hubris:Spice"],"picked":"construct:WeddingRing"}],"items_purged_floors":[],"is_endless":false,"potions_floor_spawned":[7,10,12,27,29,30],"killed_by":"3 Shapes","ascension_level":0}}