{"host":"wnbfov91sqg45vrw","time":1608070492,"event":{"mods":["BaseMod","Downfall","GifTheSpireLib","Marisa????????","Minty Spire (QoL Compilation)","Shop Mod","StSLib","The Jungle","The Necromancer","The Servant 0.9.4"],"gold_per_floor":[109,31,43,43,43,43,61,94,94,94,94,94,106,132,144,259,271,295,325,337,369,391,403,55,55,55,80,80,5,5,21,21,122,172,188,10,10,22,32,32,62,62,86,97,57,57,76,108,108,108],"floor_reached":51,"playtime":2287,"items_purged":["Shame"],"score":922,"play_id":"29da5e7b-2b4a-49f0-9af3-b98400c7bea4","local_time":"20201215161452","is_ascension_mode":true,"campfire_choices":[{"data":"Summon_Undead_Army","floor":6,"key":"SMITH"},{"data":"Cloudkill","floor":10,"key":"SMITH"},{"data":"Consume_Illness","floor":12,"key":"SMITH"},{"data":"Summon_Undead_Army","floor":15,"key":"SMITH"},{"floor":23,"key":"REST"},{"data":"Summon_Vampire_Lady","floor":25,"key":"SMITH"},{"data":"Summon_Undead_Army","floor":32,"key":"SMITH"},{"floor":40,"key":"REST"},{"data":"expansioncontent:StudyTheSpire","floor":46,"key":"SMITH"},{"floor":49,"key":"REST"}],"circlet_count":0,"master_deck":["Strike_W+1","Strike_W+1","Strike_W+1","Defend_W+1","Defend_W+1","Defend_W","Defend_W","Negative_Energy_Arrows","Bone_Wall+1","Slay_Living","Summon_Undead_Army+1","Uncharnel+1","Consume_Illness+1","Cloudkill+1","Siphon_Strength","Summon_Undead_Army+1","Summon_Vampire_Lady+1","Siphon_Strength","Spectral_Armor+1","Negative_Energy_Shield","Summon_Undead_Army+1","Shade_Step","Shade_Step","Pandemic","Spectral_Armor+1","Negative_Energy_Shield+1","Scare+1","expansioncontent:StudyTheSpire+1","Madness","Madness","Summon_Undead","Reap_The_Weak","Deep Breath","Spectral_Walk"],"relics":["Vampire_Amulet","NeowsBlessing","WarpedTongs","Pear","Oddly Smooth Stone","MawBank","Runic Dome","Question Card","Whetstone","Regal Pillow","theJungle:SneckoAutograph","StrikeDummy","Tiny House","Bag of Preparation","HornCleat"],"acts_visited":["Exordium","Exordium","TheBeyond"],"potions_floor_usage":[8,16,22,22,27,33,33,41,48,50,50],"damage_taken":[{"damage":0,"enemies":"Cultist","floor":1,"turns":1},{"damage":0,"enemies":"Jaw Worm","floor":3,"turns":1},{"damage":2,"enemies":"2 Louse","floor":7,"turns":1},{"damage":19,"enemies":"3 Sentries","floor":8,"turns":7},{"damage":0,"enemies":"Gremlin Gang","floor":13,"turns":3},{"damage":8,"enemies":"Lagavulin","floor":14,"turns":5},{"damage":18,"enemies":"Slime Boss","floor":16,"turns":7},{"damage":11,"enemies":"Shell Parasite","floor":18,"turns":4},{"damage":21,"enemies":"theJungle:Flameango_and_Byrd","floor":19,"turns":4},{"damage":38,"enemies":"theJungle:Snecko_Cultist_And_Trap","floor":21,"turns":6},{"damage":35,"enemies":"theJungle:JungleHuntersEncounter","floor":22,"turns":5},{"damage":0,"enemies":"theJungle:2_Phrogs","floor":27,"turns":6},{"damage":12,"enemies":"theJungle:Lyon","floor":31,"turns":4},{"damage":0,"enemies":"theJungle:QueenSpyder","floor":33,"turns":7},{"damage":7,"enemies":"3 Shapes","floor":35,"turns":4},{"damage":35,"enemies":"3 Darklings","floor":38,"turns":5},{"damage":40,"enemies":"Spire Growth","floor":39,"turns":6},{"damage":14,"enemies":"Nemesis","floor":41,"turns":7},{"damage":6,"enemies":"Writhing Mass","floor":44,"turns":5},{"damage":53,"enemies":"4 Shapes","floor":47,"turns":4},{"damage":18,"enemies":"Reptomancer","floor":48,"turns":8},{"damage":37,"enemies":"Awakened One","floor":50,"turns":13}],"seed_played":"-898619960386929295","potions_obtained":[{"floor":1,"key":"PowerPotion"},{"floor":13,"key":"champ:CounterPotion"},{"floor":19,"key":"Guardian:BlockOnCardUsePotion"},{"floor":20,"key":"EssenceOfSteel"},{"floor":20,"key":"Strength Potion"},{"floor":27,"key":"Energy Potion"},{"floor":31,"key":"ColorlessPotion"},{"floor":33,"key":"sneckomod:MuddlingPotion"},{"floor":34,"key":"EssenceOfSteel"},{"floor":41,"key":"Strength Potion"},{"floor":44,"key":"LiquidBronze"}],"is_trial":false,"path_per_floor":["M","$","M","?","?","R","M","E","T","R","?","R","M","E","R","B",null,"M","M","?","M","M","R","$","R","T","E","?","$","?","M","R","B",null,"M","$","?","M","M","R","E","?","T","M","?","R","M","E","R","B",null],"character_chosen":"NECROMANCER","items_purchased":["Summon_Undead_Army","Question Card","Summon_Undead_Army","Shade_Step","expansioncontent:StudyTheSpire"],"campfire_rested":3,"item_purchase_floors":[2,24,24,24,36],"current_hp_per_floor":[75,75,75,60,60,60,62,59,59,59,59,59,67,61,61,51,85,82,71,71,46,27,52,52,52,52,77,77,77,77,67,67,85,90,89,89,78,57,22,64,67,67,67,66,66,66,33,39,81,84],"gold":108,"neow_bonus":"THREE_ENEMY_KILL","is_daily":false,"chose_seed":false,"campfire_upgraded":7,"win_rate":0.0,"timestamp":1608070492,"path_taken":["M","$","?","?","?","R","?","E","T","R","?","R","?","E","R","BOSS","M","M","?","?","M","R","$","R","T","E","?","$","?","M","R","BOSS","M","?","?","M","M","R","E","?","T","?","?","R","M","E","R","BOSS"],"items_purchased_type":["Card","Relic","Card","Card","Card"],"build_version":"2020-12-13","purchased_purges":1,"victory":true,"max_hp_per_floor":[75,75,75,75,75,75,75,85,85,85,85,85,85,85,85,85,85,85,85,85,85,85,85,85,85,85,85,85,85,85,85,85,85,90,90,90,90,90,90,90,90,90,90,90,90,90,90,90,90,90],"card_choices":[{"not_picked":["Pandemic","Shackles_Of_Pain"],"picked":"Slay_Living","floor":1},{"not_picked":["Toxic_Smoke_Screen","Consume_Illness"],"picked":"Uncharnel","floor":3},{"not_picked":["Bone_Spikes","Vampiric_Strike"],"picked":"Consume_Illness","floor":7},{"not_picked":["Toxic_Smoke_Screen","Chill_Blood"],"picked":"Cloudkill","floor":8},{"not_picked":["Shackles_Of_Pain","Scare"],"picked":"Siphon_Strength","floor":13},{"not_picked":["Bone_Spikes","Shackles_Of_Pain"],"picked":"Summon_Undead_Army","floor":14},{"not_picked":["Requiem","Blood_Magic"],"picked":"Summon_Vampire_Lady","floor":16},{"not_picked":["Strike_from_Beyond+1","Vampiric_Strike"],"picked":"Siphon_Strength","floor":18},{"not_picked":["Plague_Bolt","Bone_Bullets","Negative_Energy_Javelin"],"picked":"SKIP","floor":19},{"not_picked":["Vampiric_Strike","Scare"],"picked":"Spectral_Armor+1","floor":21},{"not_picked":["Blood_Whip","Bones_to_Steel"],"picked":"Negative_Energy_Shield","floor":22},{"not_picked":["Life_Tap","Bone_Bullets+1","Negative_Energy_Mist"],"picked":"Shade_Step","floor":27},{"not_picked":["Necrotic_Claws","Bones_to_Steel+1","Violent_Necrosis"],"picked":"Spectral_Armor+1","floor":31},{"not_picked":["Negative_Energy_Mist","Bone_Bullets","Deaths_Shadow"],"picked":"Negative_Energy_Shield+1","floor":34},{"not_picked":["Chill_Blood+1","Blood_Curse+1","Bones_to_Steel"],"picked":"Scare+1","floor":35},{"not_picked":["Vampiric_Strike+1","Finger_Of_Death+1","Flesh_Made_Foul","Scare"],"picked":"SKIP","floor":38},{"not_picked":["Bone_Shift","Bone_Armor","Blood_Whip","Shackles_Of_Pain+1"],"picked":"SKIP","floor":39},{"not_picked":["Necrotic_Claws+1","Whirlwind_of_Bones+1","Stop_Heart+1","Grasp_Heart"],"picked":"SKIP","floor":41},{"not_picked":["Negative_Energy_Sphere+1","Pandemic","Bone_Spikes+1","Blood_Curse+1"],"picked":"SKIP","floor":44},{"not_picked":["Chill_Blood","Toxic_Smoke_Screen","Bones_to_Steel"],"picked":"Spectral_Walk","floor":47},{"not_picked":["Stop_Heart+1","Death_March_Dance","Death_Coil","Finger_Of_Death"],"picked":"SKIP","floor":48}],"player_experience":1760002,"relics_obtained":[{"floor":8,"key":"Pear"},{"floor":9,"key":"Oddly Smooth Stone"},{"floor":14,"key":"MawBank"},{"floor":26,"key":"Whetstone"},{"floor":27,"key":"Regal Pillow"},{"floor":41,"key":"Bag of Preparation"},{"floor":48,"key":"HornCleat"}],"event_choices":[{"damage_healed":0,"gold_gain":0,"player_choice":"Entered Light","damage_taken":15,"max_hp_gain":0,"max_hp_loss":0,"event_name":"Shining Light","floor":4,"gold_loss":0,"cards_upgraded":["Strike_W","Uncharnel"]},{"damage_healed":0,"gold_gain":0,"player_choice":"Rummage","damage_taken":0,"relics_obtained":["WarpedTongs"],"max_hp_gain":0,"max_hp_loss":0,"event_name":"Accursed Blacksmith","floor":5,"gold_loss":0,"cards_obtained":["Pain"]},{"cards_removed":["Pain"],"damage_healed":0,"gold_gain":0,"player_choice":"Purged","damage_taken":0,"max_hp_gain":0,"max_hp_loss":0,"event_name":"Purifier","floor":11,"gold_loss":0},{"damage_healed":0,"gold_gain":0,"player_choice":"Got Potions","damage_taken":0,"max_hp_gain":0,"max_hp_loss":0,"event_name":"Lab","floor":20,"gold_loss":0},{"damage_healed":0,"gold_gain":0,"cards_transformed":["Strike_W"],"player_choice":"Transformed","damage_taken":0,"max_hp_gain":0,"max_hp_loss":0,"event_name":"Transmorgrifier","floor":30,"gold_loss":0,"cards_obtained":["Pandemic"]},{"damage_healed":0,"gold_gain":0,"player_choice":"Embrace Madness","damage_taken":11,"max_hp_gain":0,"max_hp_loss":0,"event_name":"Winding Halls","floor":37,"gold_loss":0,"cards_obtained":["Madness","Madness"]},{"damage_healed":0,"gold_gain":0,"player_choice":"3 cards matched","damage_taken":0,"max_hp_gain":0,"max_hp_loss":0,"event_name":"Match and Keep!","floor":42,"gold_loss":0,"cards_obtained":["Summon_Undead","Reap_The_Weak","Deep Breath"]},{"damage_healed":0,"gold_gain":0,"player_choice":"Upgraded Two","damage_taken":0,"max_hp_gain":0,"max_hp_loss":0,"event_name":"Designer","floor":45,"gold_loss":40,"cards_upgraded":["Defend_W","Defend_W"]}],"is_beta":false,"boss_relics":[{"not_picked":["Runic Pyramid","Pandora\u0027s Box"],"picked":"Runic Dome"},{"not_picked":["Empty Cage","SacredBark"],"picked":"Tiny House"}],"items_purged_floors":[29],"is_endless":false,"potions_floor_spawned":[1,13,19,27,31,33,41,44],"ascension_level":1}}