{"host":"fcahl3eoq3wyk5ji","time":1608043367,"event":{"mods":["Alarm Clock","BaseMod","Highlight Path","Minty Spire (QoL Compilation)","Quick Restart","StSLib","The Poker Player","The Senshi","TheBandit","Thieving Mod"],"gold_per_floor":[111,123,48,62,62,62,90,90,90,100,100,275,290,5,5,105,155,170,186,186,196,209,209,219,40,40,40,40,40,51,61,61,163,163,175,194,211,227,227,227,255,269,269,269,269,269],"floor_reached":44,"playtime":7207,"items_purged":["wariomod:Strike","Doubt","wariomod:Strike"],"score":469,"play_id":"aecb1555-d72a-4342-bec6-7456a9203f9f","local_time":"20201215234247","is_ascension_mode":false,"campfire_choices":[{"data":"wariomod:Step","floor":6.0,"key":"SMITH"},{"data":"wariomod:SilenceBombs","floor":8.0,"key":"SMITH"},{"data":"wariomod:Defend","floor":11.0,"key":"SMITH"},{"data":"Apotheosis","floor":15.0,"key":"SMITH"},{"data":"wariomod:ChargeForth","floor":23.0,"key":"SMITH"},{"data":"wariomod:SimpleShield","floor":27.0,"key":"SMITH"},{"data":"wariomod:BodyBlock","floor":29.0,"key":"SMITH"},{"data":"wariomod:EnergizedBombs","floor":32.0,"key":"SMITH"},{"data":"wariomod:SpacialMastery","floor":40,"key":"SMITH"}],"circlet_count":0,"master_deck":["wariomod:Strike","wariomod:Defend","wariomod:Defend","wariomod:Defend+1","wariomod:Defend+1","wariomod:Step+1","wariomod:Leap","wariomod:ChargeForth+1","wariomod:Bombtime","wariomod:EndlessBlast","wariomod:SilenceBombs+1","wariomod:PoisonBombs","wariomod:Bomblaster","Apotheosis+1","wariomod:EnergizedBombs+1","wariomod:Bomblaster","wariomod:BoomBoom+1","wariomod:BodyBlock+1","wariomod:Bombshield+1","wariomod:SimpleShield+1","wariomod:Purify","wariomod:SpacialMastery+1","wariomod:BoomBoom+1","wariomod:BoomBoom+1","wariomod:HastyRush+1","wariomod:Smackflip+1"],"relics":["wariomod:TheHat","Eternal Feather","Meat on the Bone","Tiny House","theSenshi:FeatherClipsRelic","Coffee Dripper","Dream Catcher","Shuriken"],"acts_visited":["Exordium","TheCity","TheBeyond"],"potions_floor_usage":[38,41],"damage_taken":[{"damage":0.0,"enemies":"Small Slimes","floor":1.0,"turns":3.0},{"damage":0.0,"enemies":"Cultist","floor":2.0,"turns":3.0},{"damage":3.0,"enemies":"2 Louse","floor":4.0,"turns":2.0},{"damage":29.0,"enemies":"3 Sentries","floor":7.0,"turns":5.0},{"damage":3.0,"enemies":"Exordium Wildlife","floor":10.0,"turns":4.0},{"damage":1.0,"enemies":"Large Slime","floor":13.0,"turns":5.0},{"damage":22.0,"enemies":"The Guardian","floor":16.0,"turns":9.0},{"damage":24.0,"enemies":"Spheric Guardian","floor":18.0,"turns":7.0},{"damage":12.0,"enemies":"Shell Parasite","floor":19.0,"turns":7.0},{"damage":10.0,"enemies":"Sentry and Sphere","floor":21.0,"turns":7.0},{"damage":13.0,"enemies":"Snake Plant","floor":22.0,"turns":7.0},{"damage":16.0,"enemies":"Cultist and Chosen","floor":24.0,"turns":8.0},{"damage":3.0,"enemies":"Centurion and Healer","floor":30.0,"turns":8.0},{"damage":18.0,"enemies":"Shelled Parasite and Fungi","floor":31.0,"turns":10.0},{"damage":53.0,"enemies":"Collector","floor":33.0,"turns":10.0},{"damage":49.0,"enemies":"3 Shapes","floor":35.0,"turns":5.0},{"damage":22.0,"enemies":"Orb Walker","floor":36.0,"turns":5.0},{"damage":0,"enemies":"3 Darklings","floor":37,"turns":5},{"damage":43,"enemies":"Sphere and 2 Shapes","floor":38,"turns":6},{"damage":20,"enemies":"Giant Head","floor":41,"turns":9},{"damage":0,"enemies":"Maw","floor":42,"turns":7},{"damage":56,"enemies":"4 Shapes","floor":44,"turns":5}],"seed_played":"-6158631105263314049","potions_obtained":[{"floor":1.0,"key":"Fire Potion"},{"floor":4.0,"key":"Swift Potion"},{"floor":13.0,"key":"Explosive Potion"},{"floor":17.0,"key":"Block Potion"},{"floor":22.0,"key":"SpeedPotion"},{"floor":24.0,"key":"Energy Potion"},{"floor":30.0,"key":"GamblersBrew"},{"floor":35.0,"key":"Swift Potion"},{"floor":36.0,"key":"DuplicationPotion"}],"is_trial":false,"path_per_floor":["M","M","$","M","?","R","E","R","T","M","R","?","M","$","R","B",null,"M","M","?","M","M","R","M","$","T","R","?","R","M","M","R","B",null,"M","M","M","M","?","R","E","M","T","M"],"character_chosen":"THE_BANDIT","items_purchased":["Apotheosis","wariomod:SimpleShield"],"campfire_rested":0,"item_purchase_floors":[14,25],"current_hp_per_floor":[88,88,88,85,85,85,56,62,62,59,65,65,64,64,73,51,93,69,57,57,47,46,55,51,51,51,63,63,75,78,66,78,43,93,62,58,64,39,39,51,49,55,55,0,0,0],"gold":269,"neow_bonus":"TEN_PERCENT_HP_BONUS","is_daily":false,"chose_seed":false,"campfire_upgraded":9,"win_rate":0.0,"timestamp":1608043367,"path_taken":["M","M","$","M","?","R","E","R","T","M","R","?","M","$","R","BOSS","M","M","?","M","M","R","M","$","T","R","?","R","?","M","R","BOSS","M","?","M","M","?","R","E","M","T","M"],"items_purchased_type":["Card","Card"],"build_version":"2020-12-13","purchased_purges":3,"victory":false,"max_hp_per_floor":[88,88,88,88,88,88,88,88,88,88,88,88,88,88,88,88,93,93,93,93,93,93,93,93,93,93,93,93,93,93,93,93,93,93,93,93,93,93,93,93,93,93,93,93,93,93],"card_choices":[{"not_picked":["wariomod:SelfImprison","wariomod:Leapslam"],"picked":"wariomod:ChargeForth","floor":1.0},{"not_picked":["wariomod:DiceyMove","wariomod:AwfulLook"],"picked":"wariomod:Bombtime","floor":2.0},{"not_picked":["wariomod:NullJump","wariomod:AwfulLook"],"picked":"wariomod:SilenceBombs","floor":4.0},{"not_picked":["wariomod:AwfulLook","wariomod:HappyHop"],"picked":"wariomod:PoisonBombs","floor":7.0},{"not_picked":["wariomod:f","wariomod:DisarmingMoves","wariomod:Leapslam"],"picked":"SKIP","floor":10.0},{"not_picked":["wariomod:GreaterGuard","wariomod:DeepDig"],"picked":"wariomod:Bomblaster","floor":13.0},{"not_picked":["wariomod:ShipSmash","wariomod:WipeClean"],"picked":"wariomod:EnergizedBombs","floor":16.0},{"not_picked":["wariomod:BodyBlock+1","wariomod:BigUpgrade"],"picked":"wariomod:Bomblaster","floor":18.0},{"not_picked":["wariomod:Leapslam","wariomod:DisarmingMoves","wariomod:Game+1"],"picked":"SKIP","floor":19.0},{"not_picked":["wariomod:ThatsNotAll+1","wariomod:BumRush"],"picked":"wariomod:BoomBoom+1","floor":21.0},{"not_picked":["wariomod:EmptyMind","wariomod:BoomAndDoom"],"picked":"wariomod:BodyBlock","floor":22.0},{"not_picked":["wariomod:Leapslam","wariomod:AwfulLook"],"picked":"wariomod:Bombshield+1","floor":24.0},{"not_picked":["wariomod:PayItForwards","wariomod:EndlessBlast+1","wariomod:CursedSpaces"],"picked":"SKIP","floor":30.0},{"not_picked":["wariomod:RacingSpeed","wariomod:PayItForwards"],"picked":"wariomod:Purify","floor":31.0},{"not_picked":["wariomod:BoomAndDoom","wariomod:ShipSmash"],"picked":"wariomod:SpacialMastery","floor":33.0},{"not_picked":["wariomod:DoubleDash","wariomod:Leapslam+1","wariomod:PayItForwards+1"],"picked":"SKIP","floor":35.0},{"not_picked":["wariomod:Goblast","wariomod:DropBash"],"picked":"wariomod:BoomBoom+1","floor":36.0},{"not_picked":["wariomod:SpikeSlash","wariomod:DisarmingMoves+1","wariomod:TempestBlasts+1"],"picked":"SKIP","floor":37},{"not_picked":["wariomod:DoubleDash+1","wariomod:AwfulLook+1","wariomod:BoomBoom+1"],"picked":"SKIP","floor":38},{"not_picked":["wariomod:DoubleDash+1","wariomod:AwfulLook+1"],"picked":"wariomod:BoomBoom+1","floor":38},{"not_picked":["wariomod:OctoJump+1","wariomod:TempestBlasts"],"picked":"wariomod:HastyRush+1","floor":41},{"not_picked":["wariomod:Boomsmack","wariomod:DamnedStrength+1"],"picked":"wariomod:Smackflip+1","floor":42}],"player_experience":10370,"relics_obtained":[{"floor":7.0,"key":"Eternal Feather"},{"floor":9.0,"key":"Meat on the Bone"},{"floor":26.0,"key":"theSenshi:FeatherClipsRelic"},{"floor":41,"key":"Dream Catcher"},{"floor":43,"key":"Shuriken"}],"event_choices":[{"cards_removed":["wariomod:Strike"],"damage_healed":0.0,"max_hp_gain":0.0,"max_hp_loss":0.0,"gold_gain":0.0,"event_name":"Living Wall","player_choice":"Forget","floor":5.0,"gold_loss":0.0,"damage_taken":0.0},{"damage_healed":0.0,"max_hp_gain":0.0,"max_hp_loss":0.0,"gold_gain":175.0,"event_name":"Liars Game","player_choice":"AGREE","floor":12.0,"gold_loss":0.0,"damage_taken":0.0,"cards_obtained":["Doubt"]},{"damage_healed":0.0,"max_hp_gain":0.0,"max_hp_loss":0.0,"gold_gain":0.0,"event_name":"Cursed Tome","player_choice":"Ignored","floor":20.0,"gold_loss":0.0,"damage_taken":0.0},{"damage_healed":0.0,"max_hp_gain":0.0,"max_hp_loss":0.0,"gold_gain":0.0,"event_name":"N\u0027loth","player_choice":"Ignored","floor":28.0,"gold_loss":0.0,"damage_taken":0.0},{"damage_healed":0,"gold_gain":0,"player_choice":"Ignored","damage_taken":0,"max_hp_gain":0,"max_hp_loss":0,"event_name":"The Moai Head","floor":39,"gold_loss":0}],"is_beta":false,"boss_relics":[{"not_picked":["Busted Crown","Runic Dome"],"picked":"Tiny House"},{"not_picked":["Philosopher\u0027s Stone","Black Star"],"picked":"Coffee Dripper"}],"items_purged_floors":[3,14,25],"is_endless":false,"potions_floor_spawned":[1,4,13,22,24,30,31,35,36,37],"killed_by":"4 Shapes","ascension_level":0}}