{"host":"kjehzzhcyp0nyrrl","time":1608054505,"event":{"mods":["AchievementEnabler","BaseMod","Custom Start","Hermit","Keyboard Shortcuts","Koishi","Minty Spire (QoL Compilation)","Replay The Spire","StSLib","SuperFastMode","The Dragon Tamer","The Gatherer","everything is the same but u backflip on backflip"],"gold_per_floor":[118,133,170,170,181,181,207,207,207,207,223,255,430,444,444,544,544,555,555,555,555],"floor_reached":19,"playtime":427,"items_purged":[],"score":212,"play_id":"a00aa192-cbe5-4d4c-bccc-9fe3791b5205","local_time":"20201216024825","is_ascension_mode":true,"metric_token":863,"campfire_choices":[{"data":"DTMod:StarRain","floor":6,"key":"SMITH"},{"data":"DTMod:HeatWave","floor":8,"key":"SMITH"},{"data":"1","floor":10,"key":"LIFT"},{"data":"2","floor":15,"key":"LIFT"}],"dtmod_dragon_data":[19,50,1,-1,8,0],"circlet_count":0,"master_deck":["DTMod:Strike","DTMod:Strike","DTMod:Strike","DTMod:DoubleHit+1","DTMod:TargetDefense","DTMod:TargetDefense","DTMod:TargetDefense","DTMod:TargetDefense","DTMod:SwitchingTactic","DTMod:HeatWave+1","DTMod:FlameSlash","DTMod:BuildUp","DTMod:StarRain+1","DTMod:LowKick","DTMod:QuickFly","DTMod:CalculatedDefense","Doubt","DTMod:Weaken","DTMod:Harmonize","DTMod:DragonDance"],"relics":["DTMod:MagicStone","Mango","Girya","Replay:Bottled Snecko","Question Card"],"acts_visited":["Exordium","TheCity"],"potions_floor_usage":[19],"damage_taken":[{"damage":0,"enemies":"Small Slimes","floor":1,"turns":2},{"damage":0,"enemies":"2 Louse","floor":2,"turns":2},{"damage":0,"enemies":"Cultist","floor":5,"turns":2},{"damage":17,"enemies":"Replay:BlueRogue","floor":7,"turns":5},{"damage":0,"enemies":"Blue Slaver","floor":11,"turns":2},{"damage":0,"enemies":"Lagavulin","floor":12,"turns":7},{"damage":0,"enemies":"Exordium Thugs","floor":14,"turns":4},{"damage":3,"enemies":"The Guardian","floor":16,"turns":10},{"damage":0,"enemies":"3 Byrds","floor":18,"turns":7},{"damage":0,"enemies":"Spheric Guardian","floor":19,"turns":6}],"seed_played":"-175875248092298077","potions_obtained":[{"floor":11,"key":"Milkshake"},{"floor":12,"key":"ColorlessPotion"},{"floor":14,"key":"Languid Potion"}],"is_trial":false,"path_per_floor":["M","M","?","?","M","R","E","R","T","R","M","E","?","M","R","B",null,"M","M"],"character_chosen":"THE_DT","items_purchased":[],"campfire_rested":0,"item_purchase_floors":[],"current_hp_per_floor":[45,45,41,41,41,41,24,24,24,24,24,24,24,24,24,21,59,59,59,59,59],"gold":555,"neow_bonus":"UPGRADE_CARD","is_daily":false,"chose_seed":false,"campfire_upgraded":2,"win_rate":0.0,"timestamp":1608054505,"path_taken":["M","M","?","?","M","R","E","R","T","R","?","E","?","M","R","BOSS","M","M"],"items_purchased_type":[],"build_version":"2020-12-13","purchased_purges":0,"victory":false,"max_hp_per_floor":[45,45,59,59,59,59,59,59,59,59,59,59,59,59,59,59,59,59,59,59,59],"card_choices":[{"not_picked":["DTMod:BurningEnergy","DTMod:Shift"],"picked":"DTMod:HeatWave","floor":1},{"not_picked":["DTMod:MasterPlan","DTMod:Astonish"],"picked":"DTMod:FlameSlash","floor":2},{"not_picked":["DTMod:MagicField","DTMod:Weaken"],"picked":"DTMod:BuildUp","floor":3},{"not_picked":["DTMod:HeatWave","DTMod:LastStand","DTMod:RecklessFlurry"],"picked":"SKIP","floor":5},{"not_picked":["DTMod:Dissolve","DTMod:MagicField"],"picked":"DTMod:LowKick","floor":7},{"not_picked":["DTMod:WarmUp","DTMod:BreakAttack"],"picked":"DTMod:QuickFly","floor":11},{"not_picked":["DTMod:ForkedFire","DTMod:MaximumCharge"],"picked":"DTMod:CalculatedDefense","floor":12},{"not_picked":["DTMod:QuickFly","DTMod:Feint","DTMod:PurifyingFlame"],"picked":"DTMod:Weaken","floor":14},{"not_picked":["DTMod:TriAttack","DTMod:GearUp","DTMod:FierySynthesis"],"picked":"DTMod:Harmonize","floor":16},{"not_picked":["DTMod:DeepFocus+1","DTMod:HeatWave","DTMod:MasterPlan"],"picked":"DTMod:DragonDance","floor":18}],"player_experience":369555,"relics_obtained":[{"floor":3,"key":"Mango"},{"floor":7,"key":"Girya"},{"floor":9,"key":"Replay:Bottled Snecko"},{"floor":12,"key":"Question Card"}],"event_choices":[{"damage_healed":0,"gold_gain":0,"cards_transformed":["DTMod:Strike"],"player_choice":"Transformed","damage_taken":0,"max_hp_gain":0,"max_hp_loss":0,"event_name":"Transmorgrifier","floor":4,"gold_loss":0,"cards_obtained":["DTMod:StarRain"]},{"damage_healed":0,"gold_gain":175,"player_choice":"AGREE","damage_taken":0,"max_hp_gain":0,"max_hp_loss":0,"event_name":"Liars Game","floor":13,"gold_loss":0,"cards_obtained":["Doubt"]}],"is_beta":false,"boss_relics":[{"not_picked":["Cursed Key","Fusion Hammer"],"picked":"DTMod:MagicStone"}],"items_purged_floors":[],"is_endless":false,"potions_floor_spawned":[11,12,14,16],"killed_by":"Spheric Guardian","ascension_level":1}}