{"host":"g75gtovmj0ine2rf","time":1608028901,"event":{"mods":["2.2 Compatiblity","AchievementEnabler","Act Like it!","Aspiration","Astrologer","Bard","BaseMod","Better Match","BetterRewards","CapriCore","Challenge The Spire","ChefMod","Colored Map","Conspire","Elementarium","Energized Spire","Friendly Minions","Gensokyo","Halation","Hallownest","Hermit","HexUI Lib","Highlight Path","Hubris","Infinite Spire","Jedi Mod","Lobotomy","Minty Spire (QoL Compilation)","Puzzle Mod","Quick Restart","Rare Cards Sparkle","Relic Stats","Replay The Spire","Shade Mod","Shop Mod","Spicy Shops","StSLib","SuperFastMode","The Construct","The Cursed","The Factory","The Jungle","The Runesmith","TheBandit","TheFirefly","TheSwordswoman","TheVacant","Transform Curses","Wandering Minibosses","thorton","vexMod"],"gold_per_floor":[109,123,140,65,0,0,34,47,124,156,156,173,173,173,173,251,251,269,283,193,193,193,222,222,239,239,239,239,239],"floor_reached":27,"playtime":2126,"items_purged":["jedi:BattleThirst","Hallownest:curseDreamersLament"],"score":412,"play_id":"ab802179-5a7a-426d-a041-ea65ddda263a","local_time":"20201215214141","is_ascension_mode":true,"campfire_choices":[{"floor":6,"key":"REST"},{"data":"wariomod:EnergizedBombs","floor":11,"key":"SMITH"},{"floor":13,"key":"REST"},{"floor":15,"key":"REST"},{"floor":24,"key":"REST"}],"circlet_count":0,"master_deck":["AscendersBane","wariomod:Strike","wariomod:Strike","wariomod:Strike+1","wariomod:Strike","wariomod:Defend","wariomod:Defend+1","wariomod:Defend","wariomod:Defend","wariomod:Step","wariomod:Leap","wariomod:SilenceBombs","wariomod:BodyBlock+1","wariomod:WipeClean","wariomod:EnergizedBombs+1","wariomod:HappyHit","wariomod:BoomForm","wariomod:BodyBlock+1","wariomod:Bombshield+1"],"relics":["wariomod:TheHat","construct:RocketBooster","Runesmith:AutoHammer","Meat on the Bone","infinitespire:Eraser","Replay:Bronze Core","Hallownest:StagBellRelic1","Hallownest:WatcherSealRelic","aspiration:MobileForge","conspire:TopHat","Replay:Wax Seal"],"acts_visited":["Exordium","Hallownest:Greenpath"],"potions_floor_usage":[7,8],"damage_taken":[{"damage":4,"enemies":"2_ Uuma","floor":1,"turns":5},{"damage":27,"enemies":"Hallownest:2_Tiktiks_and_1_Crawlid","floor":2,"turns":4},{"damage":3,"enemies":"Hallownest:2_MossCreeps","floor":3,"turns":4},{"damage":24,"enemies":"Hallownest:eliteCrystalGuardian","floor":7,"turns":7},{"damage":14,"enemies":"Hallownest:2_Tiktiks_1_Baldur_1_Crawlid","floor":8,"turns":3},{"damage":13,"enemies":"Hallownest:eliteMossKnight","floor":10,"turns":14},{"damage":18,"enemies":"Hallownest:Guard_and_Warrior","floor":12,"turns":7},{"damage":35,"enemies":"Hallownest:BossFalseKnight","floor":16,"turns":13},{"damage":23,"enemies":"Hallownest:2_Mistakes","floor":18,"turns":13},{"damage":17,"enemies":"Hallownest:Guard_and_Sentry","floor":19,"turns":9},{"damage":9,"enemies":"Hallownest:eliteWatcherKnight","floor":23,"turns":12},{"damage":2,"enemies":"Hallownest:2_Flukemon","floor":25,"turns":6},{"damage":60,"enemies":"Hallownest:Master_and_Novice","floor":27,"turns":5}],"seed_played":"1155444329102740775","potions_obtained":[{"floor":1,"key":"SpeedPotion"},{"floor":2,"key":"Toxic Potion"},{"floor":3,"key":"Energy Potion"},{"floor":19,"key":"DuplicationPotion"},{"floor":23,"key":"SteroidPotion"}],"is_trial":false,"path_per_floor":["M","M","M","$","?","R","E","M","T","E","R","M","R","$","R","B",null,"M","M","?","?","AVR","E","R","M","T","M"],"character_chosen":"THE_BANDIT","items_purchased":[],"campfire_rested":4,"item_purchase_floors":[],"current_hp_per_floor":[61,34,31,31,31,52,28,26,26,25,25,19,40,40,61,38,64,41,36,36,36,36,39,60,58,58,0,0,0],"gold":239,"neow_bonus":"ONE_RARE_RELIC","is_daily":false,"chose_seed":false,"campfire_upgraded":1,"win_rate":0.0,"timestamp":1608028901,"path_taken":["M","?","M","?","?","R","E","M","T","E","R","M","R","$","R","BOSS","M","M","?","?","AVR","E","R","?","T","M"],"items_purchased_type":[],"build_version":"2020-12-13","purchased_purges":2,"victory":false,"max_hp_per_floor":[72,72,72,72,72,72,72,72,72,72,72,72,72,72,72,72,72,72,72,72,72,72,72,72,72,72,72,72,72],"relic_stats":{"counters":[13,101],"obtain_stats":[{"Hallownest:StagBellRelic1":20,"Hallownest:WatcherSealRelic":21,"construct:RocketBooster":0,"aspiration:MobileForge":22,"wariomod:TheHat":0,"Replay:Bronze Core":17,"Runesmith:AutoHammer":5,"infinitespire:Eraser":10,"Replay:Wax Seal":26,"conspire:TopHat":23,"Meat on the Bone":7},{"Hallownest:StagBellRelic1":10,"Hallownest:WatcherSealRelic":10,"construct:RocketBooster":0,"aspiration:MobileForge":10,"wariomod:TheHat":0,"Replay:Bronze Core":8,"Runesmith:AutoHammer":3,"infinitespire:Eraser":6,"Replay:Wax Seal":12,"conspire:TopHat":11,"Meat on the Bone":4},{"Hallownest:StagBellRelic1":79,"Hallownest:WatcherSealRelic":79,"construct:RocketBooster":0,"aspiration:MobileForge":79,"wariomod:TheHat":0,"Replay:Bronze Core":57,"Runesmith:AutoHammer":13,"infinitespire:Eraser":37,"Replay:Wax Seal":96,"conspire:TopHat":91,"Meat on the Bone":20}],"Meat on the Bone":72},"card_choices":[{"not_picked":["wariomod:SimpleShield","wariomod:ThatsNotAll","wariomod:BlastDash"],"picked":"SKIP","floor":1},{"not_picked":["wariomod:CursedSpaces","wariomod:Bombshield"],"picked":"wariomod:SilenceBombs","floor":2},{"not_picked":["wariomod:DoubleDash","wariomod:AwfulLook"],"picked":"wariomod:BodyBlock","floor":3},{"not_picked":["wariomod:ChargeForth","wariomod:SpikeSlash"],"picked":"wariomod:WipeClean","floor":7},{"not_picked":["wariomod:Game","wariomod:Bombshield","wariomod:ChargeForth"],"picked":"SKIP","floor":8},{"not_picked":["wariomod:SmallSprint","wariomod:Game"],"picked":"wariomod:EnergizedBombs","floor":10},{"not_picked":["wariomod:BumRush","wariomod:DropBash"],"picked":"wariomod:HappyHit","floor":12},{"not_picked":["wariomod:WipeClean","wariomod:ForbiddenMagic"],"picked":"wariomod:BoomForm","floor":16},{"not_picked":["wariomod:DanceDash","wariomod:Purify"],"picked":"wariomod:BodyBlock+1","floor":18},{"not_picked":["wariomod:DoubleDash","wariomod:SmallSprint","wariomod:SpikeSlash"],"picked":"SKIP","floor":19},{"not_picked":["wariomod:EmptyMind","wariomod:PayItForwards","wariomod:DonateDraw"],"picked":"SKIP","floor":23},{"not_picked":["wariomod:BodyBlock+1","wariomod:AwfulLook"],"picked":"wariomod:Bombshield+1","floor":25}],"player_experience":1320338,"relics_obtained":[{"floor":7,"key":"Meat on the Bone"},{"floor":10,"key":"infinitespire:Eraser"},{"floor":23,"key":"conspire:TopHat"},{"floor":26,"key":"Replay:Wax Seal"}],"event_choices":[],"is_beta":false,"boss_relics":[{"not_picked":["vexMod:MegatonBomb","Empty Cage"],"picked":"Replay:Bronze Core"}],"items_purged_floors":[4,22],"is_endless":false,"potions_floor_spawned":[1,2,3,19,23,25],"killed_by":"Hallownest:Master_and_Novice","ascension_level":17}}