{"host":"bi6hp2lw0u7dctop","time":1608026745,"event":{"mods":["BaseMod","GifTheSpireLib","Minty Spire (QoL Compilation)","Relic Stats","Replay The Spire","Spicy Shops","StSLib","°æπ¶ƒ‹Mod°øªÏ„Á÷Æª∑–ﬁ∏¥≤π∂°","°æ“≈ŒÔø®≈∆°øREMEMod"],"gold_per_floor":[117,130,156,175,62,81,81,81,81,81,42,42,59,94,94,198,198,218,218,218,25,44,44,64,81,104,104,137,137,29,40,40,142,192,203,34,34,48,48,48,48,48,48,62,93,93,119,119,119],"floor_reached":48,"playtime":3358,"items_purged":[],"score":473,"play_id":"08afd919-b099-4ecd-9fe8-effa77fbba36","local_time":"20201215180545","is_ascension_mode":false,"campfire_choices":[{"floor":7,"key":"REST"},{"data":"Machine Learning","floor":12,"key":"SMITH"},{"floor":23,"key":"REST"},{"data":"BasicCrystalCard","floor":27,"key":"SMITH"},{"data":"Static Discharge","floor":29,"key":"SMITH"},{"floor":32,"key":"REST"},{"floor":40,"key":"REST"},{"data":"Electrodynamics","floor":42,"key":"SMITH"},{"floor":46,"key":"REST"}],"circlet_count":0,"master_deck":["Dualcast+1","Machine Learning+1","REME_SelfUpgrade","Capacitor","Panic Button","BasicCrystalCard+1","Defragment+1","Cold Snap","Gash","Gash","Coolheaded","Sweeping Beam","ReplayTheSpireMod:Calculation Training","REME_Shoggoth+1","Fusion","Crystallizer","Core Surge","REME_Shoggoth+1","FIFO Queue+1","Lockon","Compile Driver","Rebound+1","Turbo","Cold Snap","Static Discharge+1","Gash","Heatsinks+1","Ball Lightning","Electrodynamics+1","ReplaySort+1","Turbo+1","Decay"],"relics":["Cracked Core","REME_ComplimentaryCards","Peace Pipe","ClockworkSouvenir","REME_PuzzleBoxRelic","Pear","Replay:Mystery Machine","Pandora\u0027s Box","Guide Book","Lantern","Akabeko","Tiny House","Solar Panel","Nunchaku","Ancient Tea Set","Replay:Baseball"],"acts_visited":["Exordium","TheCity","TheBeyond"],"potions_floor_usage":[14,16,25,25,28,33,38,44],"damage_taken":[{"damage":7,"enemies":"Small Slimes","floor":1,"turns":5},{"damage":11,"enemies":"2 Louse","floor":2,"turns":4},{"damage":6,"enemies":"Jaw Worm","floor":4,"turns":3},{"damage":11,"enemies":"Exordium Wildlife","floor":6,"turns":4},{"damage":1,"enemies":"2 Fungi Beasts","floor":13,"turns":2},{"damage":48,"enemies":"3 Sentries","floor":14,"turns":7},{"damage":18,"enemies":"The Guardian","floor":16,"turns":8},{"damage":24,"enemies":"Shell Parasite","floor":18,"turns":3},{"damage":10,"enemies":"3 Byrds","floor":22,"turns":3},{"damage":10,"enemies":"Cultist and Chosen","floor":24,"turns":3},{"damage":0,"enemies":"Centurion and Healer","floor":25,"turns":3},{"damage":19,"enemies":"Gremlin Leader","floor":28,"turns":4},{"damage":14,"enemies":"3 Cultists","floor":31,"turns":4},{"damage":13,"enemies":"Collector","floor":33,"turns":7},{"damage":16,"enemies":"3 Shapes","floor":35,"turns":2},{"damage":39,"enemies":"3 Darklings","floor":38,"turns":3},{"damage":54,"enemies":"Jaw Worm Horde","floor":44,"turns":3},{"damage":19,"enemies":"Maw","floor":45,"turns":6},{"damage":100030,"enemies":"Sphere and 2 Shapes","floor":48,"turns":3}],"seed_played":"7836044231597297672","potions_obtained":[{"floor":1,"key":"Block Potion"},{"floor":4,"key":"FearPotion"},{"floor":16,"key":"Toxic Potion"},{"floor":22,"key":"LifebloodPotion"},{"floor":24,"key":"FearPotion"},{"floor":33,"key":"ColorlessPotion"},{"floor":34,"key":"FairyPotion"},{"floor":38,"key":"PowerPotion"}],"is_trial":false,"path_per_floor":["M","M","?","M","$","M","R","?","T","?","$","R","M","E","R","B",null,"M","?","?","$","M","R","M","M","T","R","E","R","$","M","R","B",null,"M","$","?","M","$","R","?","R","T","M","M","R","T","M"],"character_chosen":"DEFECT","items_purchased":["ClockworkSouvenir","Defragment","Gash","Guide Book","Rebound+1","Gash","Heatsinks+1","Solar Panel","Nunchaku"],"campfire_rested":5,"item_purchase_floors":[5,5,11,21,21,30,30,36,36],"current_hp_per_floor":[61,50,50,44,44,33,59,59,59,51,51,51,50,2,31,13,99,75,75,75,75,65,94,84,84,84,84,65,65,65,51,80,67,104,88,88,88,59,59,88,88,88,88,36,19,48,48,0,0],"gold":119,"neow_bonus":"TWENTY_PERCENT_HP_BONUS","is_daily":false,"chose_seed":false,"campfire_upgraded":4,"win_rate":0.0,"timestamp":1608026745,"path_taken":["M","M","?","M","$","M","R","?","T","?","$","R","M","E","R","BOSS","M","?","?","$","M","R","M","M","T","R","E","R","$","M","R","BOSS","M","$","?","M","$","R","?","R","T","?","M","R","?","M"],"items_purchased_type":["Relic","Card","Card","Relic","Card","Card","Card","Relic","Relic"],"build_version":"2020-12-13","purchased_purges":0,"victory":false,"max_hp_per_floor":[89,89,89,89,89,89,89,89,89,99,99,99,99,99,99,99,99,99,99,99,99,99,99,99,99,99,99,99,99,99,99,99,99,104,104,104,99,99,99,99,99,99,99,99,99,99,99,99,99],"relic_stats":{"Peace Pipe":1,"Nunchaku":[4],"counters":[19,77],"Pandora\u0027s Box":["Sweeping Beam","ReplayTheSpireMod:Calculation Training","REME_Shoggoth","Fusion","Crystallizer","Core Surge","REME_Shoggoth"],"obtain_stats":[{"Solar Panel":36,"Lantern":26,"Pear":10,"Tiny House":34,"Guide Book":21,"Replay:Mystery Machine":14,"Ancient Tea Set":43,"Akabeko":28,"ClockworkSouvenir":5,"Peace Pipe":3,"Nunchaku":36,"Replay:Baseball":47,"Pandora\u0027s Box":17,"REME_PuzzleBoxRelic":9,"Cracked Core":0,"REME_ComplimentaryCards":0},{"Solar Panel":15,"Lantern":11,"Pear":4,"Tiny House":14,"Guide Book":8,"Replay:Mystery Machine":6,"Ancient Tea Set":16,"Akabeko":12,"ClockworkSouvenir":3,"Peace Pipe":2,"Nunchaku":15,"Replay:Baseball":18,"Pandora\u0027s Box":7,"REME_PuzzleBoxRelic":4,"Cracked Core":0,"REME_ComplimentaryCards":0},{"Solar Panel":62,"Lantern":45,"Pear":16,"Tiny House":60,"Guide Book":36,"Replay:Mystery Machine":25,"Ancient Tea Set":65,"Akabeko":49,"ClockworkSouvenir":12,"Peace Pipe":9,"Nunchaku":62,"Replay:Baseball":74,"Pandora\u0027s Box":33,"REME_PuzzleBoxRelic":16,"Cracked Core":0,"REME_ComplimentaryCards":0}]},"card_choices":[{"not_picked":["Ball Lightning","Crystallizer"],"picked":"REME_SelfUpgrade","floor":1},{"not_picked":["ReplayTheSpireMod:Reroute Power","ReplayTheSpireMod:Calculation Training","ReplayTheSpireMod:GoodbyeWorld"],"picked":"Capacitor","floor":2},{"not_picked":["Coolheaded","Turbo"],"picked":"Panic Button","floor":3},{"not_picked":["Panic Button","ReplayTheSpireMod:GoodbyeWorld","ReplayTheSpireMod:System Scan"],"picked":"BasicCrystalCard","floor":4},{"not_picked":["Storm","Auto Shields","Hologram"],"picked":"Cold Snap","floor":6},{"not_picked":["Streamline","Fusion","Recycle"],"picked":"Creative AI","floor":13},{"not_picked":["Barrage","Redo","Lockon","Leap"],"picked":"Coolheaded","floor":14},{"not_picked":["Leap","Stack"],"picked":"FIFO Queue+1","floor":18},{"not_picked":["Stack","Barrage"],"picked":"Turbo","floor":22},{"not_picked":["ReplayTheSpireMod:Repulse+1","Barrage"],"picked":"Cold Snap","floor":24},{"not_picked":["Go for the Eyes","Self Repair+1","REME_Whirling"],"picked":"SKIP","floor":25},{"not_picked":["Hologram+1","Beam Cell"],"picked":"Static Discharge","floor":28},{"not_picked":["Reprogram","Lockon","Fusion+1"],"picked":"Ball Lightning","floor":31},{"not_picked":["Multi-Cast","REME_Shoggoth","Seek"],"picked":"Electrodynamics","floor":33},{"not_picked":["Tempest+1","Glacier+1"],"picked":"ReplaySort+1","floor":34},{"not_picked":["Reinforced Body+1","Hologram"],"picked":"Turbo+1","floor":35},{"not_picked":["Rebound+1","Sunder","Streamline"],"picked":"SKIP","floor":38},{"not_picked":["Leap+1","BasicCrystalCard+1","ReplayTheSpireMod:System Scan+1","Sweeping Beam"],"picked":"SKIP","floor":44},{"not_picked":["Compile Driver+1","Melter+1","Sweeping Beam+1","ReplayTheSpireMod:GoodbyeWorld"],"picked":"SKIP","floor":45}],"player_experience":167350,"relics_obtained":[{"floor":3,"key":"Peace Pipe"},{"floor":9,"key":"REME_PuzzleBoxRelic"},{"floor":14,"key":"Replay:Mystery Machine"},{"floor":26,"key":"Lantern"},{"floor":28,"key":"Akabeko"},{"floor":43,"key":"Ancient Tea Set"},{"floor":47,"key":"Replay:Baseball"}],"event_choices":[{"cards_removed":["Strike_B"],"damage_healed":0,"gold_gain":0,"player_choice":"Forget","damage_taken":0,"max_hp_gain":0,"max_hp_loss":0,"event_name":"Living Wall","floor":8,"gold_loss":0},{"damage_healed":0,"gold_gain":0,"player_choice":"Success","damage_taken":18,"relics_obtained":["Pear"],"max_hp_gain":0,"max_hp_loss":0,"event_name":"Scrap Ooze","floor":10,"gold_loss":0},{"cards_removed":["ReplayTheSpireMod:Splinters"],"damage_healed":0,"gold_gain":0,"player_choice":"Elegance","damage_taken":0,"max_hp_gain":0,"max_hp_loss":0,"event_name":"Back to Basics","floor":19,"gold_loss":0},{"damage_healed":0,"gold_gain":0,"cards_transformed":["Creative AI","Zap"],"player_choice":"Became Test Subject","damage_taken":0,"max_hp_gain":0,"max_hp_loss":0,"event_name":"Drug Dealer","floor":20,"gold_loss":0,"cards_obtained":["Lockon","Compile Driver"]},{"damage_healed":0,"gold_gain":0,"player_choice":"Max HP","damage_taken":0,"max_hp_gain":0,"max_hp_loss":5,"event_name":"Winding Halls","floor":37,"gold_loss":0},{"damage_healed":0,"gold_gain":0,"player_choice":"Ignored","damage_taken":0,"max_hp_gain":0,"max_hp_loss":0,"event_name":"NoteForYourself","floor":41,"gold_loss":0}],"is_beta":false,"boss_relics":[{"not_picked":["SacredBark","Runic Dome"],"picked":"Pandora\u0027s Box"},{"not_picked":["Replay:Wanted Poster","ReplayTheSpireMod:DimensionalGlitch"],"picked":"Tiny House"}],"items_purged_floors":[],"is_endless":false,"potions_floor_spawned":[1,4,16,22,24,25,33,38],"killed_by":"Sphere and 2 Shapes","ascension_level":0}}