{"host":"sc0o2qwpf9j16a4i","time":1608051789,"event":{"mods":["AchievementEnabler","BaseMod","BetterRewards","Block Reminder","Colored Map","Colored Powertips","Custom Start","Highlight Path","Minty Spire (QoL Compilation)","Relic Stats"],"gold_per_floor":[116,116,116,131,2,2,36,36,63,90,102,115,115,130,130,208,208,218,218,228,13,13,13,43,43,70,70,102,122,122,72,72,72,72],"floor_reached":33,"playtime":933,"items_purged":["Strike_P","Strike_P","Strike_P"],"score":585,"play_id":"8c91d527-62ec-46a1-97dc-555283fd47b0","local_time":"20201215190309","is_ascension_mode":true,"campfire_choices":[{"data":"FlyingSleeves","floor":6,"key":"SMITH"},{"data":"CutThroughFate","floor":8,"key":"SMITH"},{"data":"Wallop","floor":13,"key":"SMITH"},{"data":"Vigilance","floor":15,"key":"SMITH"},{"data":"DevaForm","floor":23,"key":"SMITH"},{"data":"LikeWater","floor":25,"key":"SMITH"},{"data":"Nirvana","floor":27,"key":"SMITH"},{"data":"Ghostly","floor":32,"key":"SMITH"}],"circlet_count":0,"master_deck":["AscendersBane","Strike_P","Defend_P","Defend_P","Defend_P","Defend_P","Eruption","Vigilance+1","FlyingSleeves+1","FollowUp","CutThroughFate+1","Wireheading","Wallop+1","Crescendo","EmptyFist","DevaForm+1","Nirvana+1","LikeWater+1","Fasting2+1","Ghostly","Ghostly","Ghostly+1"],"relics":["PureWater","NeowsBlessing","TungstenRod","Smiling Mask","Nunchaku","Art of War","Runic Pyramid","InkBottle","Frozen Eye","Anchor","Juzu Bracelet","Bag of Marbles","Mummified Hand"],"acts_visited":["Exordium","TheCity"],"potions_floor_usage":[10,16,18],"damage_taken":[{"damage":0,"enemies":"Cultist","floor":1,"turns":1},{"damage":0,"enemies":"Small Slimes","floor":4,"turns":1},{"damage":0,"enemies":"Lagavulin","floor":7,"turns":2},{"damage":1,"enemies":"3 Sentries","floor":10,"turns":3},{"damage":3,"enemies":"2 Louse","floor":11,"turns":3},{"damage":0,"enemies":"2 Fungi Beasts","floor":12,"turns":2},{"damage":0,"enemies":"Exordium Wildlife","floor":14,"turns":2},{"damage":27,"enemies":"The Guardian","floor":16,"turns":9},{"damage":0,"enemies":"3 Byrds","floor":18,"turns":5},{"damage":0,"enemies":"Chosen","floor":20,"turns":3},{"damage":15,"enemies":"Book of Stabbing","floor":24,"turns":6},{"damage":21,"enemies":"Gremlin Leader","floor":28,"turns":6},{"damage":0,"enemies":"Centurion and Healer","floor":29,"turns":6},{"damage":0,"enemies":"Collector","floor":33,"turns":2}],"seed_played":"4963744349090008956","potions_obtained":[{"floor":10,"key":"Strength Potion"},{"floor":11,"key":"FearPotion"},{"floor":16,"key":"BottledMiracle"},{"floor":18,"key":"StancePotion"}],"is_trial":false,"path_per_floor":["M","T","$","M","$","R","E","R","T","E","M","M","R","M","R","B",null,"M","T","M","$","?","R","E","R","T","R","E","M","?","$","R","B"],"character_chosen":"WATCHER","items_purchased":["AttackPotion","Frozen Eye"],"campfire_rested":0,"item_purchase_floors":[5,21],"current_hp_per_floor":[61,61,61,61,61,61,61,61,61,60,57,57,57,57,57,30,59,59,59,59,59,59,59,44,44,44,44,23,23,23,23,23,23,23],"gold":72,"neow_bonus":"THREE_ENEMY_KILL","is_daily":false,"chose_seed":false,"campfire_upgraded":8,"win_rate":0.0,"timestamp":1608051789,"path_taken":["M","?","$","?","$","R","E","R","T","E","M","M","R","M","R","BOSS","M","?","M","?","?","R","E","R","T","R","E","M","?","$","R","BOSS"],"items_purchased_type":["Potion","Relic"],"build_version":"2020-12-13","purchased_purges":3,"victory":false,"max_hp_per_floor":[68,68,68,68,68,68,68,68,68,68,68,68,68,68,68,68,68,68,68,68,68,68,68,68,68,68,68,68,68,34,34,34,34,34],"relic_stats":{"Nunchaku":[10],"counters":[14,51],"Mummified Hand":[9],"Art of War":[8],"Juzu Bracelet":1,"Smiling Mask":125,"obtain_stats":[{"NeowsBlessing":0,"Juzu Bracelet":24,"Smiling Mask":7,"Frozen Eye":21,"Nunchaku":9,"Anchor":22,"Mummified Hand":28,"Art of War":10,"Bag of Marbles":26,"PureWater":0,"TungstenRod":2,"InkBottle":19,"Runic Pyramid":17},{"NeowsBlessing":0,"Juzu Bracelet":11,"Smiling Mask":3,"Frozen Eye":10,"Nunchaku":3,"Anchor":10,"Mummified Hand":12,"Art of War":4,"Bag of Marbles":11,"PureWater":0,"TungstenRod":1,"InkBottle":9,"Runic Pyramid":8},{"NeowsBlessing":0,"Juzu Bracelet":37,"Smiling Mask":4,"Frozen Eye":31,"Nunchaku":4,"Anchor":31,"Mummified Hand":43,"Art of War":7,"Bag of Marbles":37,"PureWater":0,"TungstenRod":1,"InkBottle":28,"Runic Pyramid":23}],"TungstenRod":11,"InkBottle":[8]},"card_choices":[{"not_picked":["EmptyFist","Worship"],"picked":"FlyingSleeves","floor":1},{"not_picked":["PathToVictory","Nirvana"],"picked":"FollowUp","floor":4},{"not_picked":["ClearTheMind","Prostrate"],"picked":"CutThroughFate","floor":7},{"not_picked":["FlyingSleeves","Omniscience"],"picked":"Wireheading","floor":10},{"not_picked":["MentalFortress","Halt"],"picked":"Wallop","floor":11},{"not_picked":["Evaluate","WindmillStrike"],"picked":"Crescendo","floor":12},{"not_picked":["Consecrate","Swivel"],"picked":"EmptyFist","floor":14},{"not_picked":["SpiritShield","Devotion"],"picked":"DevaForm","floor":16},{"not_picked":["Evaluate","CarveReality","EmptyBody"],"picked":"SKIP","floor":18},{"not_picked":["ForeignInfluence","Halt+1"],"picked":"Nirvana","floor":20},{"not_picked":["Study","Protect"],"picked":"LikeWater","floor":24},{"not_picked":["JustLucky","EmptyFist"],"picked":"Fasting2+1","floor":28},{"not_picked":["Pray+1","DeusExMachina","ThirdEye"],"picked":"SKIP","floor":29}],"player_experience":341355,"relics_obtained":[{"floor":2,"key":"TungstenRod"},{"floor":7,"key":"Smiling Mask"},{"floor":9,"key":"Nunchaku"},{"floor":10,"key":"Art of War"},{"floor":19,"key":"InkBottle"},{"floor":24,"key":"Juzu Bracelet"},{"floor":26,"key":"Bag of Marbles"},{"floor":28,"key":"Mummified Hand"}],"event_choices":[{"damage_healed":0,"gold_gain":0,"player_choice":"Gave Potion","damage_taken":0,"relics_obtained":["Anchor"],"max_hp_gain":0,"max_hp_loss":0,"event_name":"WeMeetAgain","floor":22,"gold_loss":0},{"damage_healed":0,"gold_gain":0,"player_choice":"Became a Ghost","damage_taken":0,"max_hp_gain":0,"max_hp_loss":34,"event_name":"Ghosts","floor":30,"gold_loss":0,"cards_obtained":["Ghostly","Ghostly","Ghostly"]}],"is_beta":false,"boss_relics":[{"not_picked":["Runic Dome","Fusion Hammer"],"picked":"Runic Pyramid"}],"items_purged_floors":[5,21,31],"is_endless":false,"potions_floor_spawned":[10,11,16,18],"killed_by":"Collector","ascension_level":17}}