{"host":"8rgizj6m5sl53afx","time":1608031546,"event":{"mods":["AchievementEnabler","BaseMod","Colored Map","Minty Spire (QoL Compilation)","Permanent Neow","Relic Stats","Slay-I","StSLib","SuperFastMode"],"gold_per_floor":[117,133,147,165,20,30,47,47,96,115,115,115,133,146,146,245,245,256,256,267,267,267],"floor_reached":21,"playtime":559,"items_purged":[],"score":230,"play_id":"8a1ae1de-04c5-4318-b34d-28a02b16ce7e","local_time":"20201215202546","is_ascension_mode":true,"campfire_choices":[{"floor":8,"key":"REST"},{"data":"Gash","floor":15,"key":"SMITH"}],"circlet_count":0,"master_deck":["Strike_B","Strike_B","Strike_B","Strike_B","Defend_B","Defend_B","Defend_B","Defend_B","Zap","Dualcast","Rebound","Gash+1","Hologram","Go for the Eyes","All For One","Self Repair","Leap","Conserve Battery","Core Surge","Machine Learning","Beam Cell+1","Hologram"],"relics":["Cracked Core","Regal Pillow","MealTicket","Nuclear Battery","Blue Candle"],"acts_visited":["Exordium","TheCity"],"potions_floor_usage":[7,14,16,16,21],"damage_taken":[{"damage":0,"enemies":"Cultist","floor":1,"turns":4},{"damage":2,"enemies":"Jaw Worm","floor":2,"turns":3},{"damage":7,"enemies":"Small Slimes","floor":3,"turns":3},{"damage":32,"enemies":"Gremlin Gang","floor":4,"turns":5},{"damage":13,"enemies":"Large Slime","floor":6,"turns":4},{"damage":6,"enemies":"Looter","floor":7,"turns":3},{"damage":25,"enemies":"Gremlin Gang","floor":10,"turns":6},{"damage":13,"enemies":"Blue Slaver","floor":13,"turns":2},{"damage":19,"enemies":"Exordium Wildlife","floor":14,"turns":5},{"damage":18,"enemies":"Hexaghost","floor":16,"turns":11},{"damage":22,"enemies":"Shell Parasite","floor":18,"turns":7},{"damage":20,"enemies":"Spheric Guardian","floor":20,"turns":4},{"damage":33,"enemies":"Snecko","floor":21,"turns":5}],"seed_played":"855723939227863326","potions_obtained":[{"floor":1,"key":"Strength Potion"},{"floor":10,"key":"AttackPotion"},{"floor":13,"key":"SpeedPotion"},{"floor":14,"key":"Block Potion"},{"floor":16,"key":"ColorlessPotion"},{"floor":18,"key":"Explosive Potion"},{"floor":20,"key":"FearPotion"}],"is_trial":false,"path_per_floor":["M","M","M","M","$","M","M","R","T","M","?","?","M","M","R","B",null,"M","?","M","M"],"character_chosen":"DEFECT","items_purchased":["All For One"],"campfire_rested":1,"item_purchase_floors":[5],"current_hp_per_floor":[68,66,59,27,27,14,15,52,52,34,52,52,39,27,27,16,58,43,43,30,0,0],"gold":267,"neow_bonus":"RANDOM_COMMON_RELIC","is_daily":false,"chose_seed":false,"campfire_upgraded":1,"win_rate":0.0,"timestamp":1608031546,"path_taken":["M","M","M","M","$","?","M","R","T","M","?","?","M","?","R","BOSS","M","?","M","M"],"items_purchased_type":["Card"],"build_version":"2020-12-13","purchased_purges":0,"victory":false,"max_hp_per_floor":[75,75,75,75,75,75,75,75,75,75,75,72,72,72,72,72,72,72,72,72,72,72],"relic_stats":{"Regal Pillow":15,"counters":[13,62],"Blue Candle":[0],"MealTicket":0,"obtain_stats":[{"Regal Pillow":0,"Blue Candle":19,"MealTicket":9,"Cracked Core":0,"Nuclear Battery":17},{"Regal Pillow":0,"Blue Candle":11,"MealTicket":6,"Cracked Core":0,"Nuclear Battery":10},{"Regal Pillow":0,"Blue Candle":53,"MealTicket":22,"Cracked Core":0,"Nuclear Battery":46}]},"card_choices":[{"not_picked":["Glacier","Redo"],"picked":"Rebound","floor":1},{"not_picked":["Electrodynamics","Ball Lightning"],"picked":"Gash","floor":2},{"not_picked":["Chill","Leap"],"picked":"Hologram","floor":3},{"not_picked":["Melter","Fusion"],"picked":"Go for the Eyes","floor":4},{"not_picked":["Compile Driver","Storm"],"picked":"Self Repair","floor":6},{"not_picked":["Tempest","Cold Snap"],"picked":"Leap","floor":7},{"not_picked":["Sweeping Beam","Auto Shields"],"picked":"Conserve Battery","floor":10},{"not_picked":["Conserve Battery","Rebound"],"picked":"Core Surge","floor":13},{"not_picked":["Barrage","Storm","White Noise"],"picked":"SKIP","floor":14},{"not_picked":["Hyperbeam","Thunder Strike"],"picked":"Machine Learning","floor":16},{"not_picked":["Hologram","Ball Lightning+1"],"picked":"Beam Cell+1","floor":18},{"not_picked":["Blizzard+1","Darkness+1"],"picked":"Hologram","floor":20}],"player_experience":233272,"relics_obtained":[{"floor":9,"key":"MealTicket"}],"event_choices":[{"damage_healed":18,"gold_gain":0,"player_choice":"Healed and dodged fight","damage_taken":0,"max_hp_gain":0,"max_hp_loss":0,"event_name":"Mushrooms","floor":11,"gold_loss":0,"cards_obtained":["Parasite"]},{"cards_removed":["Parasite"],"damage_healed":0,"gold_gain":0,"player_choice":"Purged","damage_taken":0,"max_hp_gain":0,"max_hp_loss":0,"event_name":"Purifier","floor":12,"gold_loss":0},{"damage_healed":0,"gold_gain":0,"player_choice":"Opened","damage_taken":0,"relics_obtained":["Blue Candle"],"max_hp_gain":0,"max_hp_loss":0,"event_name":"The Mausoleum","floor":19,"gold_loss":0}],"is_beta":false,"boss_relics":[{"not_picked":["Philosopher\u0027s Stone","Pandora\u0027s Box"],"picked":"Nuclear Battery"}],"items_purged_floors":[],"is_endless":false,"potions_floor_spawned":[1,10,13,14,16,18,20],"killed_by":"Snecko","ascension_level":6}}