{"host":"3q8x5nua6nulvkr6","time":1608054599,"event":{"mods":["Aspiration","BaseMod","Better Note","BetterRewards","Colored Map","Colored Powertips","Conspire","GifTheSpireLib","Hubris","Infinite Spire","Minty Spire (QoL Compilation)","Rare Cards Sparkle","Replay The Spire","StSLib","Stuff the Spire","Wandering Minibosses"],"gold_per_floor":[118,88,107,121,23,23,52,52,76,76,95,113,124,143,143,245,245,257,268,168,180,200,231,231,260,260,272,272,282,282,294,294,399,449,468,468,496,245,258,387,387,405,405,405,416,449,449,449,449,449],"floor_reached":51,"playtime":2691,"items_purged":["Streamline","Rebound"],"score":969,"play_id":"d73e643f-b3c4-4e59-b231-230143f2eddf","local_time":"20201215124959","daily_mods":["SealedDeck"],"is_ascension_mode":true,"campfire_choices":[{"data":"Hologram","floor":6,"key":"SMITH"},{"data":"Streamline","floor":8,"key":"SMITH"},{"data":"Beam Cell","floor":10,"key":"SMITH"},{"data":"Beam Cell","floor":15,"key":"SMITH"},{"data":"BootSequence","floor":24,"key":"SMITH"},{"data":"Hyperbeam","floor":28,"key":"SMITH"},{"data":"All For One","floor":30,"key":"SMITH"},{"data":"Gash","floor":32,"key":"SMITH"},{"floor":44,"key":"REST"},{"floor":47,"key":"REST"},{"floor":49,"key":"REST"}],"circlet_count":0,"master_deck":["Streamline+1","Rebound+1","Gash+1","Hologram+1","BootSequence+1","Beam Cell+1","FTL+1","Beam Cell+1","Conserve Battery","Go for the Eyes","Sweeping Beam","All For One+1","Hyperbeam+1","Gash+1","Echo Form+1"],"relics":["Cracked Core","Iron Hammer","Pen Nib","hubris:HollowSoul","infinitespire:Bottled Soul","Vajra","Boot","Tiny House","hubris:Icosahedron","Mango","Kunai","Whetstone","Mummified Hand","PreservedInsect"],"acts_visited":["Exordium","TheCity","TheBeyond"],"potions_floor_usage":[12,16,19,25,25,25,27,37,46,50,50,50,50,50],"damage_taken":[{"damage":0,"enemies":"2 Louse","floor":1,"turns":2},{"damage":0,"enemies":"Cultist","floor":3,"turns":2},{"damage":0,"enemies":"conspire:RoseBush","floor":4,"turns":2},{"damage":3,"enemies":"Replay:BlueRogue","floor":7,"turns":2},{"damage":0,"enemies":"conspire:2 RoseBushes","floor":11,"turns":3},{"damage":0,"enemies":"Gremlin Gang","floor":12,"turns":2},{"damage":0,"enemies":"Exordium Wildlife","floor":13,"turns":2},{"damage":0,"enemies":"Blue Slaver","floor":14,"turns":2},{"damage":0,"enemies":"Slime Boss","floor":16,"turns":3},{"damage":0,"enemies":"Spheric Guardian","floor":18,"turns":2},{"damage":0,"enemies":"2 Thieves","floor":19,"turns":2},{"damage":0,"enemies":"Cultist and Chosen","floor":21,"turns":3},{"damage":8,"enemies":"Snecko","floor":22,"turns":3},{"damage":0,"enemies":"conspire:Head Lice","floor":23,"turns":3},{"damage":1,"enemies":"Book of Stabbing","floor":25,"turns":3},{"damage":0,"enemies":"conspire:HollyBat","floor":27,"turns":4},{"damage":0,"enemies":"Cultist and Chosen","floor":29,"turns":2},{"damage":0,"enemies":"Snecko","floor":31,"turns":2},{"damage":15,"enemies":"Champ","floor":33,"turns":4},{"damage":0,"enemies":"Orb Walker","floor":35,"turns":2},{"damage":30,"enemies":"conspire:MimicChest","floor":37,"turns":6},{"damage":0,"enemies":"3 Darklings","floor":39,"turns":3},{"damage":7,"enemies":"Reptomancer","floor":40,"turns":4},{"damage":12,"enemies":"Sphere and 2 Shapes","floor":42,"turns":3},{"damage":26,"enemies":"Writhing Mass","floor":45,"turns":4},{"damage":37,"enemies":"R_Hoarder","floor":46,"turns":7},{"damage":0,"enemies":"Awakened One","floor":50,"turns":7}],"seed_played":"2333583393534770993","potions_obtained":[{"floor":1,"key":"ColorlessPotion"},{"floor":2,"key":"Explosive Potion"},{"floor":2,"key":"AttackPotion"},{"floor":3,"key":"Fire Potion"},{"floor":13,"key":"Dexterity Potion"},{"floor":19,"key":"EntropicBrew"},{"floor":22,"key":"EssenceOfSteel"},{"floor":29,"key":"FearPotion"},{"floor":33,"key":"SteroidPotion"},{"floor":45,"key":"Regen Potion"},{"floor":46,"key":"EntropicBrew"}],"is_trial":true,"path_per_floor":["M","?","M","M","$","R","E","R","T","R","M","M","M","M","R","B",null,"M","M","$","M","M","E","R","E","T","M","R","M","R","M","R","B",null,"M","?","?","$","M","E","AVR","M","T","R","M","E","R","?","R","B",null],"character_chosen":"DEFECT","items_purchased":["Go for the Eyes","Kunai"],"campfire_rested":3,"item_purchase_floors":[5,38],"current_hp_per_floor":[75,75,75,75,75,75,72,72,72,72,72,72,72,72,72,72,75,75,75,75,75,67,67,67,66,66,66,66,66,66,66,66,51,80,80,80,64,64,64,57,57,45,45,73,47,25,53,53,81,81],"gold":449,"neow_bonus":"","is_daily":false,"chose_seed":false,"campfire_upgraded":8,"win_rate":0.0,"timestamp":1608054599,"path_taken":["M","?","M","M","$","R","E","R","T","R","M","M","M","M","R","BOSS","M","M","$","M","M","E","R","E","T","M","R","M","R","?","R","BOSS","M","?","?","$","M","E","AVR","M","T","R","?","E","R","?","R","BOSS"],"items_purchased_type":["Card","Relic"],"build_version":"2020-12-13","purchased_purges":2,"victory":true,"max_hp_per_floor":[75,75,75,75,75,75,75,75,75,75,75,75,75,75,75,75,75,75,75,75,75,75,75,75,75,75,75,75,75,75,75,75,75,80,80,80,94,94,94,94,94,94,94,94,94,94,94,94,94,94],"card_choices":[{"not_picked":["Turbo","Redo","StuffTheSpire:LoadUp"],"picked":"SKIP","floor":1},{"not_picked":["Redo","StuffTheSpire:Rend"],"picked":"Conserve Battery","floor":3},{"not_picked":["Barrage","Cold Snap","Steam"],"picked":"SKIP","floor":4},{"not_picked":["Hologram","Meteor Strike","Go for the Eyes"],"picked":"SKIP","floor":7},{"not_picked":["Barrage","Redo","Turbo"],"picked":"SKIP","floor":11},{"not_picked":["Steam Power","StuffTheSpire:EventHorizon"],"picked":"Sweeping Beam","floor":12},{"not_picked":["Streamline","BasicCrystalCard","Sunder"],"picked":"SKIP","floor":13},{"not_picked":["Ball Lightning","Chill","StuffTheSpire:LoadUp"],"picked":"SKIP","floor":14},{"not_picked":["Hyperbeam","hubris:SpecializedCircuitry"],"picked":"All For One","floor":16},{"not_picked":["Sunder","Barrage","Beam Cell+1"],"picked":"SKIP","floor":18},{"not_picked":["Force Field+1","Redo","Barrage+1"],"picked":"SKIP","floor":19},{"not_picked":["Leap","Capacitor+1"],"picked":"Hyperbeam","floor":21},{"not_picked":["Ball Lightning","Stack","Turbo"],"picked":"SKIP","floor":22},{"not_picked":["Sweeping Beam","StuffTheSpire:LoadUp+1","Coolheaded+1"],"picked":"SKIP","floor":23},{"not_picked":["Conserve Battery+1","Sunder","ReplayTheSpireMod:Repulse+1"],"picked":"SKIP","floor":25},{"not_picked":["Auto Shields","Beam Cell","Creative AI"],"picked":"SKIP","floor":27},{"not_picked":["Steam","Lockon+1"],"picked":"Gash+1","floor":29},{"not_picked":["Leap","StuffTheSpire:Plugnplay+1","Steam Power"],"picked":"SKIP","floor":31},{"not_picked":["Seek","Electrodynamics"],"picked":"Echo Form","floor":33},{"not_picked":["Recycle+1","Gash","StuffTheSpire:LoadUp+1"],"picked":"SKIP","floor":35},{"not_picked":["StuffTheSpire:Plugnplay+1","Heatsinks+1","Steam"],"picked":"SKIP","floor":39},{"not_picked":["Barrage","FTL+1","Sunder+1"],"picked":"SKIP","floor":40},{"not_picked":["Compile Driver+1","Capacitor","Conserve Battery"],"picked":"SKIP","floor":42},{"not_picked":["Darkness+1","Barrage+1","White Noise"],"picked":"SKIP","floor":45},{"not_picked":["StuffTheSpire:Synthwave","hubris:Prefetch","Rebound+1"],"picked":"SKIP","floor":46}],"player_experience":1014368,"relics_obtained":[{"floor":7,"key":"Iron Hammer"},{"floor":9,"key":"Pen Nib"},{"floor":23,"key":"infinitespire:Bottled Soul"},{"floor":25,"key":"Vajra"},{"floor":26,"key":"Boot"},{"floor":37,"key":"Mango"},{"floor":40,"key":"Whetstone"},{"floor":43,"key":"Mummified Hand"},{"floor":46,"key":"PreservedInsect"}],"event_choices":[{"damage_healed":0,"gold_gain":0,"player_choice":"Bought 2 Potions","damage_taken":0,"max_hp_gain":0,"max_hp_loss":0,"event_name":"The Woman in Blue","floor":2,"gold_loss":0}],"is_beta":false,"boss_relics":[{"not_picked":["Abe\u0027s Treasure","aspiration:Stellarator"],"picked":"hubris:HollowSoul"},{"not_picked":["hubris:BlackHole","conspire:SeveredTorchhead"],"picked":"Tiny House"}],"items_purged_floors":[5,20],"is_endless":false,"potions_floor_spawned":[1,3,13,19,22,29,33,39,45,46],"ascension_level":1}}