{"host":"g8zw5beq5mqt80bj","time":1608030258,"event":{"mods":["2.2 Compatiblity","AchievementEnabler","BaseMod","Colored Map","Colored Powertips","DeckTracker","Highlight Path","Minty Spire (QoL Compilation)","Quick Restart","Random Character Button","Rare Cards Sparkle"],"gold_per_floor":[112,287,287,298,311,311,339,339,339,1,30,42,42,67,67,192,192,215,215,140,140,155,196,196,234,234,234,250,250,250,7,7,135,135,148,163,263,278,293,293,312,312,312,312,312],"floor_reached":46,"playtime":2795,"items_purged":["Doubt"],"score":691,"play_id":"b4a413ab-cf1d-4246-8d40-2c691ef52183","local_time":"20201215120418","is_ascension_mode":false,"campfire_choices":[{"floor":6.0,"key":"REST"},{"floor":8.0,"key":"REST"},{"floor":15.0,"key":"DIG"},{"floor":24.0,"key":"DIG"},{"floor":29.0,"key":"DIG"},{"floor":32.0,"key":"REST"},{"floor":40,"key":"REST"},{"floor":42,"key":"REST"}],"circlet_count":0,"master_deck":["Strike_G+1","Strike_G+1","Strike_G+1","Strike_G+1","Strike_G+1","Defend_G+1","Defend_G+1","Defend_G+1","Defend_G+1","Defend_G+1","Survivor","Neutralize","Dagger Throw","Deadly Poison","Backflip","Blade Dance","Slice","Dark Shackles","PiercingWail","Masterful Stab","Slice","After Image","Deadly Poison","Poisoned Stab","Reflex","Catalyst+1","RitualDagger","Terror","Caltrops","Phantasmal Killer","Blade Dance","Blade Dance+1","Cloak And Dagger+1","Catalyst","Flying Knee+1"],"relics":["Ring of the Snake","NeowsBlessing","Question Card","Bronze Scales","Shuriken","Lee\u0027s Waffle","Shovel","Golden Idol","InkBottle","Fusion Hammer","MutagenicStrength","Enchiridion","Gambling Chip","Vajra","Letter Opener","Darkstone Periapt","Sundial","Strange Spoon","HoveringKite","Toxic Egg 2"],"acts_visited":["Exordium","TheCity","TheBeyond"],"potions_floor_usage":[41,45],"damage_taken":[{"damage":0.0,"enemies":"2 Louse","floor":1.0,"turns":1.0},{"damage":0.0,"enemies":"Small Slimes","floor":4.0,"turns":1.0},{"damage":0.0,"enemies":"Jaw Worm","floor":5.0,"turns":1.0},{"damage":39.0,"enemies":"Gremlin Nob","floor":7.0,"turns":5.0},{"damage":8.0,"enemies":"3 Sentries","floor":11.0,"turns":6.0},{"damage":0.0,"enemies":"Looter","floor":12.0,"turns":3.0},{"damage":18.0,"enemies":"Large Slime","floor":14.0,"turns":5.0},{"damage":33.0,"enemies":"The Guardian","floor":16.0,"turns":9.0},{"damage":0.0,"enemies":"3 Byrds","floor":18.0,"turns":3.0},{"damage":0.0,"enemies":"2 Thieves","floor":22.0,"turns":3.0},{"damage":0.0,"enemies":"Gremlin Leader","floor":23.0,"turns":5.0},{"damage":3.0,"enemies":"Book of Stabbing","floor":25.0,"turns":2.0},{"damage":0.0,"enemies":"Cultist and Chosen","floor":28.0,"turns":3.0},{"damage":56.0,"enemies":"Automaton","floor":33.0,"turns":8.0},{"damage":9,"enemies":"3 Shapes","floor":35,"turns":3},{"damage":5,"enemies":"3 Darklings","floor":36,"turns":3},{"damage":29,"enemies":"4 Shapes","floor":38,"turns":3},{"damage":0,"enemies":"Transient","floor":39,"turns":5},{"damage":22,"enemies":"Spire Growth","floor":41,"turns":3},{"damage":41,"enemies":"Awakened One","floor":45,"turns":9}],"seed_played":"5381713475693756287","potions_obtained":[{"floor":1.0,"key":"DistilledChaos"},{"floor":4.0,"key":"GamblersBrew"},{"floor":7.0,"key":"Swift Potion"},{"floor":14.0,"key":"CunningPotion"},{"floor":22.0,"key":"AttackPotion"},{"floor":23.0,"key":"LiquidMemories"},{"floor":25.0,"key":"Dexterity Potion"},{"floor":35,"key":"GamblersBrew"}],"is_trial":false,"path_per_floor":["M","?","?","M","M","R","E","R","T","$","E","M","?","M","R","B",null,"M","?","?","?","M","E","R","E","T","?","M","R","?","$","R","B",null,"M","M","?","M","M","R","M","R","T","?","B",null],"character_chosen":"THE_SILENT","items_purchased":["Lee\u0027s Waffle","Slice","Dark Shackles","Strange Spoon","Caltrops","AttackPotion"],"campfire_rested":5,"item_purchase_floors":[10,10,10,31,31,31],"current_hp_per_floor":[70,70,45,45,45,66,27,48,48,77,69,69,69,51,51,18,77,77,77,77,61,61,61,61,58,58,52,52,52,52,52,75,19,77,68,63,63,34,34,57,35,58,58,58,17],"gold":312,"neow_bonus":"THREE_ENEMY_KILL","is_daily":false,"chose_seed":false,"campfire_upgraded":0,"win_rate":0.0,"timestamp":1608030258,"path_taken":["M","?","?","M","?","R","E","R","T","$","E","M","?","M","R","BOSS","M","?","?","?","M","E","R","E","T","?","M","R","?","$","R","BOSS","M","M","?","M","?","R","M","R","T","?","BOSS"],"items_purchased_type":["Relic","Card","Card","Relic","Card","Potion"],"build_version":"2020-12-13","purchased_purges":1,"victory":true,"max_hp_per_floor":[70,70,70,70,70,70,70,70,70,77,77,77,77,77,77,77,77,77,77,77,77,77,77,77,77,77,77,77,77,77,77,77,77,77,77,77,77,77,77,77,77,77,77,77,77],"card_choices":[{"not_picked":["Calculated Gamble","Eviscerate"],"picked":"Dagger Throw","floor":1.0},{"not_picked":["Prepared","Blade Dance","Backflip"],"picked":"Deadly Poison","floor":4.0},{"not_picked":["Riddle With Holes","Flechettes","Bane"],"picked":"Backflip","floor":5.0},{"not_picked":["Outmaneuver","Finisher","Prepared"],"picked":"Blade Dance","floor":7.0},{"not_picked":["Calculated Gamble","Wraith Form v2","Eviscerate"],"picked":"PiercingWail","floor":11.0},{"not_picked":["Dash","Deflect","Prepared"],"picked":"Masterful Stab","floor":12.0},{"not_picked":["Dagger Throw","Deflect","PiercingWail"],"picked":"Slice","floor":14.0},{"not_picked":["Envenom","Unload","Burst"],"picked":"After Image","floor":16.0},{"not_picked":["Noxious Fumes","Backflip","Concentrate"],"picked":"Deadly Poison","floor":18.0},{"not_picked":["Blade Dance","Dagger Spray","Finisher+1"],"picked":"Poisoned Stab","floor":22.0},{"not_picked":["Poisoned Stab","Bane","All Out Attack"],"picked":"Reflex","floor":23.0},{"not_picked":["Blur+1","Bouncing Flask+1","Noxious Fumes"],"picked":"Catalyst+1","floor":25.0},{"not_picked":["Dodge and Roll","PiercingWail","Flying Knee"],"picked":"Terror","floor":28.0},{"not_picked":["Glass Knife","Grand Finale","Wraith Form v2"],"picked":"Phantasmal Killer","floor":33.0},{"not_picked":["Skewer","Endless Agony+1","Bane+1"],"picked":"Blade Dance","floor":35},{"not_picked":["Acrobatics","Riddle With Holes","Calculated Gamble"],"picked":"Blade Dance+1","floor":36},{"not_picked":["Well Laid Plans","Flechettes","Riddle With Holes"],"picked":"Cloak And Dagger+1","floor":38},{"not_picked":["Skewer+1","Acrobatics+1","Terror"],"picked":"Catalyst","floor":39},{"not_picked":["Bane+1","Terror","Crippling Poison"],"picked":"Flying Knee+1","floor":41}],"player_experience":96092,"relics_obtained":[{"floor":7.0,"key":"Bronze Scales"},{"floor":9.0,"key":"Shuriken"},{"floor":11.0,"key":"Shovel"},{"floor":15.0,"key":"InkBottle"},{"floor":21.0,"key":"Enchiridion"},{"floor":23.0,"key":"Gambling Chip"},{"floor":24.0,"key":"Vajra"},{"floor":25.0,"key":"Letter Opener"},{"floor":26.0,"key":"Darkstone Periapt"},{"floor":29.0,"key":"Sundial"},{"floor":43,"key":"Toxic Egg 2"}],"event_choices":[{"damage_healed":0.0,"max_hp_gain":0.0,"max_hp_loss":0.0,"gold_gain":175.0,"event_name":"Liars Game","player_choice":"AGREE","floor":2.0,"gold_loss":0.0,"damage_taken":0.0,"cards_obtained":["Doubt"]},{"damage_healed":0.0,"max_hp_gain":0.0,"max_hp_loss":0.0,"gold_gain":0.0,"event_name":"Scrap Ooze","player_choice":"Success","floor":3.0,"gold_loss":0.0,"damage_taken":25.0,"relics_obtained":["Question Card"]},{"damage_healed":0.0,"max_hp_gain":0.0,"max_hp_loss":0.0,"gold_gain":0.0,"event_name":"Golden Idol","player_choice":"Take Wound","floor":13.0,"gold_loss":0.0,"damage_taken":0.0,"relics_obtained":["Golden Idol"],"cards_obtained":["Injury"]},{"damage_healed":0.0,"max_hp_gain":0.0,"max_hp_loss":0.0,"gold_gain":0.0,"event_name":"Drug Dealer","player_choice":"Inject Mutagens","floor":19.0,"gold_loss":0.0,"damage_taken":0.0,"relics_obtained":["MutagenicStrength"]},{"cards_removed":["Injury"],"damage_healed":0.0,"max_hp_gain":0.0,"max_hp_loss":0.0,"gold_gain":0.0,"event_name":"Beggar","player_choice":"Gave Gold","floor":20.0,"gold_loss":75.0,"damage_taken":0.0},{"damage_healed":0.0,"max_hp_gain":0.0,"max_hp_loss":0.0,"gold_gain":0.0,"event_name":"Cursed Tome","player_choice":"Obtained Book","floor":21.0,"gold_loss":0.0,"damage_taken":16.0},{"damage_healed":0.0,"max_hp_gain":0.0,"max_hp_loss":0.0,"gold_gain":0.0,"event_name":"Nest","player_choice":"Joined the Cult","floor":27.0,"gold_loss":0.0,"damage_taken":6.0,"cards_obtained":["RitualDagger"]},{"damage_healed":0.0,"max_hp_gain":0.0,"max_hp_loss":0.0,"gold_gain":0.0,"event_name":"Back to Basics","player_choice":"Simplicity","floor":30.0,"gold_loss":0.0,"damage_taken":0.0,"cards_upgraded":["Strike_G","Strike_G","Strike_G","Strike_G","Strike_G","Defend_G","Defend_G","Defend_G","Defend_G","Defend_G"]},{"damage_healed":0,"gold_gain":100,"player_choice":"Pray","damage_taken":0,"max_hp_gain":0,"max_hp_loss":0,"event_name":"Golden Shrine","floor":37,"gold_loss":0},{"damage_healed":0,"gold_gain":0,"player_choice":"Took Portal","damage_taken":0,"max_hp_gain":0,"max_hp_loss":0,"event_name":"SecretPortal","floor":44,"gold_loss":0}],"is_beta":false,"boss_relics":[{"not_picked":["Ring of the Serpent","Astrolabe"],"picked":"Fusion Hammer"},{"not_picked":["SacredBark","SlaversCollar"],"picked":"HoveringKite"}],"items_purged_floors":[10],"is_endless":false,"potions_floor_spawned":[1,4,7,14,22,23,25,35],"ascension_level":0}}