{"host":"kv06jx36eid0zw4n","time":1608073398,"event":{"mods":["AchievementEnabler","Act Like it!","Aspiration","BaseMod","Beaked The Cultist","Better Note","Better Skull","Better Third Choice","BetterRewards","Block Reminder","CCEM","Colored Map","Conspire","Curses Come First","Dota2Spire","Elementarium","Energized Spire","Friendly Minions","Gensokyo","GifTheSpireLib","Glutton Mod","GungeonMod","Halation","Hallownest","Hermit","Hubris","Infinite Spire","Key Reminder","KomeijiMod","Lobotomy","LobotomyExtend","Menagerie","Mimic Mod","Minty Spire (QoL Compilation)","MostiFishMod","Pale of the Ancients","Quarter Circle Forward PUNCH!","Rare Cards Sparkle","Replay The Spire","RumiaBox-????????","Small Relic Pack","Spicy Shops","StSLib","Stuff the Spire","The Blue Laboratory","The Cursed","The Factory","Trackpad","Uncapped","Wandering Minibosses","[IsaacMod]????","vexMod"],"gold_per_floor":[114,0,93,113,125,155,2,19,19,48,64,64,77,106,106,184,184,200,200,216,216,216,216],"floor_reached":22,"playtime":1524,"items_purged":["Overencumbered"],"score":507,"play_id":"c727f97e-c082-4f22-a6cd-5f53aa25897a","local_time":"20201216000318","is_ascension_mode":true,"campfire_choices":[{"floor":15,"key":"RECALL"}],"circlet_count":0,"master_deck":["AscendersBane","beaked:Strike_Y","beaked:Strike_Y","beaked:Strike_Y","beaked:Strike_Y","beaked:Strike_Y","beaked:Strike_Y","beaked:Defend_Y","beaked:Defend_Y","beaked:Defend_Y","beaked:Defend_Y","beaked:Ceremony","beaked:Ceremony","beaked:Ceremony","beaked:WarriorSpirit","beaked:Hexing","beaked:VigorBurst","beaked:BraceForImpact","beaked:WarriorSpirit","beaked:BounceBack","beaked:Brace","beaked:BounceBack","beaked:Evade","beaked:CrazyRituals","beaked:CrazyRituals","beaked:MachineEssence+1","Apotheosis+1","beaked:MimicMachine+1","beaked:Windmill"],"relics":["beaked:MendingPlumage","DaveBox","HushsDoor","JellyFishMachine","BookOfRevelations","Question Card","LetterFromLob","RedMistMask","DemoMod:GnawedKey","trackpad:WritersBlock","CCEMRelics:JestersCrown","BrkXgEgg","Replay:Baseball","infinitespire:PuzzleCube","ImportantClient","Cursed Key","relicPack:DSword","DemoMod:GlassGuonStoneRelic","qcfpunch:Crimson_Sash"],"acts_visited":["Hallownest:Greenpath","Hallownest:CityofTears"],"potions_floor_usage":[5,8,14,18],"damage_taken":[{"damage":26,"enemies":"Hallownest:2_Tiktiks_and_1_Crawlid","floor":1,"turns":7},{"damage":0,"enemies":"Hallownest:monsterHuskGuard","floor":4,"turns":3},{"damage":1,"enemies":"Hallownest:2_Baldur","floor":5,"turns":3},{"damage":3,"enemies":"Hallownest:eliteVengeflyKing","floor":6,"turns":2},{"damage":19,"enemies":"Hallownest:1_Ooma_and_2_Uuma","floor":8,"turns":4},{"damage":2,"enemies":"Hallownest:eliteCrystalGuardian","floor":10,"turns":3},{"damage":5,"enemies":"Hallownest:monsterMossCharger","floor":11,"turns":3},{"damage":4,"enemies":"Hallownest:Wandering_and_Horned","floor":13,"turns":5},{"damage":0,"enemies":"Hallownest:eliteMossKnight","floor":14,"turns":4},{"damage":0,"enemies":"Hallownest:BossBrokenVessel","floor":16,"turns":5},{"damage":4,"enemies":"Hallownest:Guard_and_Sentry","floor":18,"turns":2},{"damage":0,"enemies":"Hallownest:2_Mistakes","floor":20,"turns":6},{"damage":0,"enemies":"Hallownest:Glutton_and_Coward","floor":22,"turns":1}],"seed_played":"3365995485882988098","potions_obtained":[{"floor":4,"key":"blueLaboratory:FruitPunch"},{"floor":5,"key":"LiquidMemories"},{"floor":6,"key":"Dexterity Potion"},{"floor":11,"key":"CultistPotion"}],"is_trial":false,"path_per_floor":["M","$","?","M","M","E","$","M","T","E","M","?","M","E","R","B",null,"M","?","M","AVR","M"],"character_chosen":"BEAKED_THE_CULTIST","items_purchased":["DemoMod:GnawedKey","BrkXgEgg","Apotheosis"],"campfire_rested":0,"item_purchase_floors":[2,7,17],"current_hp_per_floor":[47,47,35,47,59,60,60,55,55,60,60,60,60,60,60,60,56,54,19,56,56,56,56],"gold":216,"neow_bonus":"TWENTY_PERCENT_HP_BONUS","is_daily":false,"chose_seed":false,"campfire_upgraded":0,"win_rate":0.0,"timestamp":1608073398,"path_taken":["M","$","?","M","M","E","$","M","T","E","?","?","M","E","R","BOSS","M","?","M","AVR","M"],"items_purchased_type":["Relic","Relic","Card"],"build_version":"2020-12-13","purchased_purges":1,"victory":false,"max_hp_per_floor":[53,53,58,58,60,60,60,60,60,60,60,60,60,60,60,60,56,56,56,56,56,56,56],"card_choices":[{"not_picked":["beaked:Pecker","beaked:RuinSticks"],"picked":"beaked:WarriorSpirit","floor":1},{"not_picked":["beaked:Redirect","beaked:TuckingFeathers","beaked:Evade"],"picked":"beaked:Hexing","floor":3},{"not_picked":["beaked:Windmill","beaked:Flinch","beaked:SurvivalInstinct"],"picked":"beaked:VigorBurst","floor":3},{"not_picked":["beaked:Molting","beaked:StickSmack","beaked:Tradeoff"],"picked":"beaked:BraceForImpact","floor":4},{"not_picked":["beaked:SacrificialAttack","beaked:Daydream","beaked:Replenish"],"picked":"beaked:WarriorSpirit","floor":5},{"not_picked":["beaked:Brace","beaked:SurvivalInstinct","beaked:Poke"],"picked":"beaked:BounceBack","floor":6},{"not_picked":["beaked:BarbedWire","beaked:FakeOut+1","beaked:Evade"],"picked":"beaked:Brace","floor":8},{"not_picked":["beaked:SurvivalInstinct","beaked:CursingBlood","beaked:Poke"],"picked":"beaked:BounceBack","floor":10},{"not_picked":["beaked:Resilience","beaked:Insight","beaked:Foresight"],"picked":"beaked:Evade","floor":11},{"not_picked":["beaked:TuckingFeathers","beaked:SacrificialDive","beaked:BraceForImpact"],"picked":"beaked:CrazyRituals","floor":13},{"not_picked":["beaked:BounceBack","beaked:TuckingFeathers","beaked:HuntressEssence"],"picked":"beaked:CrazyRituals","floor":14},{"not_picked":["beaked:ShadowFade+1","beaked:KnowThyFoe+1","beaked:DarkPact+1"],"picked":"beaked:MachineEssence+1","floor":16},{"not_picked":["beaked:Flinch","beaked:Devastation","beaked:WarriorEssence"],"picked":"beaked:MimicMachine+1","floor":18},{"not_picked":["beaked:KnowThyFoe+1","beaked:Poke","beaked:Cower"],"picked":"beaked:Windmill","floor":20}],"player_experience":1611093,"relics_obtained":[{"floor":1,"key":"Question Card"},{"floor":1,"key":"LetterFromLob"},{"floor":1,"key":"RedMistMask"},{"floor":3,"key":"trackpad:WritersBlock"},{"floor":6,"key":"CCEMRelics:JestersCrown"},{"floor":10,"key":"Replay:Baseball"},{"floor":14,"key":"infinitespire:PuzzleCube"},{"floor":16,"key":"ImportantClient"}],"event_choices":[],"is_beta":false,"boss_relics":[{"not_picked":["hubris:VirtuousBlindfold","hubris:GrandSneckoEye"],"picked":"Cursed Key"},{"not_picked":[]}],"items_purged_floors":[7],"is_endless":false,"potions_floor_spawned":[4,5,6,11],"killed_by":"Hallownest:Glutton_and_Coward","ascension_level":18}}