{"host":"8rgizj6m5sl53afx","time":1608029364,"event":{"mods":["AchievementEnabler","BaseMod","Colored Map","Minty Spire (QoL Compilation)","Permanent Neow","Relic Stats","Slay-I","StSLib","SuperFastMode"],"gold_per_floor":[114,133,148,162,179,179,189,87,87,104,114,114,114,132,132,132,132],"floor_reached":16,"playtime":414,"items_purged":[],"score":127,"play_id":"75329516-a9aa-47f7-bc7a-954f658122d9","local_time":"20201215194924","is_ascension_mode":true,"campfire_choices":[{"data":"Steam","floor":6.0,"key":"SMITH"},{"data":"Stack","floor":12.0,"key":"SMITH"},{"data":"Dualcast","floor":15.0,"key":"SMITH"}],"circlet_count":0,"master_deck":["Strike_B","Strike_B","Strike_B","Strike_B","Defend_B","Defend_B","Defend_B","Defend_B","Zap","Dualcast+1","All For One","Beam Cell","Compile Driver","Steam+1","Self Repair","Go for the Eyes","Stack+1","FTL","All For One","Hologram","Loop"],"relics":["Cracked Core","Pear"],"acts_visited":["Exordium"],"potions_floor_usage":[],"damage_taken":[{"damage":0.0,"enemies":"Small Slimes","floor":1.0,"turns":3.0},{"damage":1.0,"enemies":"Cultist","floor":2.0,"turns":3.0},{"damage":12.0,"enemies":"Jaw Worm","floor":3.0,"turns":2.0},{"damage":27.0,"enemies":"Exordium Wildlife","floor":4.0,"turns":3.0},{"damage":2.0,"enemies":"Blue Slaver","floor":5.0,"turns":2.0},{"damage":6.0,"enemies":"Looter","floor":7.0,"turns":3.0},{"damage":21.0,"enemies":"3 Louse","floor":10.0,"turns":4.0},{"damage":7.0,"enemies":"Blue Slaver","floor":11.0,"turns":4.0},{"damage":15.0,"enemies":"Exordium Thugs","floor":14.0,"turns":5.0},{"damage":51,"enemies":"Hexaghost","floor":16,"turns":10}],"seed_played":"-5807757202387618694","potions_obtained":[{"floor":2.0,"key":"ColorlessPotion"},{"floor":3.0,"key":"Regen Potion"},{"floor":5.0,"key":"Regen Potion"},{"floor":10.0,"key":"SmokeBomb"}],"is_trial":false,"path_per_floor":["M","M","M","M","M","R","M","$","T","M","M","R","?","M","R","B"],"character_chosen":"DEFECT","items_purchased":["Fruit Juice"],"campfire_rested":0,"item_purchase_floors":[8],"current_hp_per_floor":[68,67,55,28,26,26,27,32,42,28,28,28,28,47,47,0,0],"gold":132,"neow_bonus":"THREE_RARE_CARDS","is_daily":false,"chose_seed":false,"campfire_upgraded":3,"win_rate":0.0,"timestamp":1608029364,"path_taken":["M","M","M","M","M","R","M","$","T","M","M","R","?","M","R","BOSS"],"items_purchased_type":["Potion"],"build_version":"2020-12-13","purchased_purges":0,"victory":false,"max_hp_per_floor":[68,68,68,68,68,68,68,73,83,83,83,83,83,83,83,83,83],"relic_stats":{"counters":[10,39],"obtain_stats":[{"Pear":9,"Cracked Core":0},{"Pear":6,"Cracked Core":0},{"Pear":16,"Cracked Core":0}]},"card_choices":[{"not_picked":["Biased Cognition","Buffer"],"picked":"All For One","floor":0.0},{"not_picked":["Cold Snap","Capacitor","Auto Shields"],"picked":"SKIP","floor":1.0},{"not_picked":["Loop","Sweeping Beam"],"picked":"Beam Cell","floor":2.0},{"not_picked":["Conserve Battery","Chaos"],"picked":"Compile Driver","floor":3.0},{"not_picked":["Beam Cell","Rebound"],"picked":"Steam","floor":4.0},{"not_picked":["Redo","Recycle"],"picked":"Self Repair","floor":5.0},{"not_picked":["Auto Shields","Redo"],"picked":"Go for the Eyes","floor":7.0},{"not_picked":["Cold Snap","Lockon"],"picked":"Stack","floor":10.0},{"not_picked":["Recycle","Steam"],"picked":"FTL","floor":11.0},{"not_picked":["Streamline","Barrage"],"picked":"Loop","floor":14.0}],"player_experience":231475,"relics_obtained":[{"floor":9.0,"key":"Pear"}],"event_choices":[{"damage_healed":0.0,"max_hp_gain":0.0,"max_hp_loss":0.0,"gold_gain":0.0,"event_name":"Match and Keep!","player_choice":"2 cards matched","floor":13.0,"gold_loss":0.0,"damage_taken":0.0,"cards_obtained":["All For One","Hologram"]}],"is_beta":false,"boss_relics":[],"items_purged_floors":[],"is_endless":false,"potions_floor_spawned":[2,3,5,10],"killed_by":"Hexaghost","ascension_level":6}}