{"host":"4izqype2b9ama7cy","time":1608009705,"event":{"mods":["AchievementEnabler","BaseMod","Better Altar","Better Match","Better Note","Better Sensory Stone","Better Skull","Better Third Choice","Better Vampires","Block Reminder","Challenge The Spire","Conspire","Gremlin Skip","Highlight Path","Infinite Spire","Marked Mod","Minty Spire (QoL Compilation)","Replay The Spire","Spicy Shops","StSLib","Wandering Minibosses","everything is the same but u backflip on backflip"],"gold_per_floor":[116,116,116,132,145,145,207,238,238,264,264,274,274,292,292,396,396,408,408,408,408,420,420,420,420,445,125,125,46,72,25,25,25,25],"floor_reached":33,"playtime":1874,"items_purged":[],"score":346,"play_id":"e3cc5234-14ab-4a5c-9c43-21d205e8e87e","local_time":"20201214212145","is_ascension_mode":true,"campfire_choices":[{"data":"Flying Knee","floor":6,"key":"SMITH"},{"floor":11,"key":"REST"},{"data":"Finisher","floor":15,"key":"SMITH"},{"floor":23,"key":"REST"},{"data":"RitualDagger","floor":25,"key":"SMITH"},{"data":"Blade Dance","floor":28,"key":"SMITH"},{"data":"Storm of Steel","floor":32,"key":"SMITH"}],"circlet_count":0,"master_deck":["Strike_G","Strike_G","Strike_G","Strike_G","Strike_G","Defend_G","Defend_G","Defend_G","Defend_G","Defend_G","Survivor","Neutralize","Flying Knee+1","Flying Knee","Quick Slash","Quick Slash","Finisher+1","Deflect","Quick Slash","Storm of Steel+1","Cloak And Dagger","Blade Dance+1","RitualDagger+1","Quick Slash","CommonCold","Flying Knee+1","Backstab+1","Backstab+1","Dagger Spray+1"],"relics":["Ring of the Snake","Regal Pillow","Lizard Tail","Ninja Scroll","Mango","WingedGreaves","conspire:RoyalGoblet","Bag of Marbles","Ring of Peace","ReplayTheSpireMod:Ring of Exchange","Art of War","Molten Egg 2","Strawberry"],"acts_visited":["Exordium","TheCity"],"potions_floor_usage":[8,33,33],"damage_taken":[{"damage":2,"enemies":"Cultist","floor":1,"turns":4},{"damage":0,"enemies":"2 Louse","floor":4,"turns":2},{"damage":14,"enemies":"Small Slimes","floor":5,"turns":3},{"damage":34,"enemies":"Gremlin Nob","floor":7,"turns":5},{"damage":15,"enemies":"Replay:BlueRogue","floor":8,"turns":4},{"damage":9,"enemies":"3 Sentries","floor":10,"turns":6},{"damage":0,"enemies":"Looter","floor":12,"turns":1},{"damage":0,"enemies":"2 Fungi Beasts","floor":14,"turns":2},{"damage":32,"enemies":"Slime Boss","floor":16,"turns":13},{"damage":28,"enemies":"3 Byrds","floor":18,"turns":6},{"damage":20,"enemies":"Shell Parasite","floor":22,"turns":3},{"damage":4,"enemies":"Book of Stabbing","floor":30,"turns":2},{"damage":148,"enemies":"Collector","floor":33,"turns":10}],"seed_played":"-3305919435523604548","potions_obtained":[{"floor":1,"key":"AttackPotion"},{"floor":12,"key":"Swift Potion"},{"floor":16,"key":"LiquidBronze"},{"floor":22,"key":"Death Potion"},{"floor":30,"key":"Toxic Potion"}],"is_trial":false,"path_per_floor":["M","?","?","M","M","R","?","E","T","E","R","M","?","M","R","B",null,"M","?","?","?","M","R","?","R","T","$","R","$","E","$","R","B"],"character_chosen":"THE_SILENT","items_purchased":["Molten Egg 2","Flying Knee+1","Backstab+1","Dagger Spray+1"],"campfire_rested":2,"item_purchase_floors":[27,27,29,31],"current_hp_per_floor":[68,73,75,75,61,61,27,12,26,17,58,58,58,58,58,26,89,61,61,55,55,35,76,76,76,76,76,76,76,79,79,79,0,0],"gold":25,"neow_bonus":"RANDOM_COMMON_RELIC","is_daily":false,"chose_seed":false,"campfire_upgraded":5,"win_rate":0.0,"timestamp":1608009705,"path_taken":["M","?","?","?","M","R","?","E","T","E","R","M","?","M","R","BOSS","M","?","?","?","?","R","?","R","T","?","R","$","E","?","R","BOSS"],"items_purchased_type":["Relic","Card","Card","Card"],"build_version":"2020-12-13","purchased_purges":0,"victory":false,"max_hp_per_floor":[70,75,75,75,75,75,75,75,89,89,89,89,89,89,89,89,89,89,89,89,89,89,89,89,89,89,89,89,89,96,96,96,96,96],"card_choices":[{"not_picked":["Setup","All Out Attack"],"picked":"Outmaneuver","floor":1},{"not_picked":["Tactician","Sucker Punch"],"picked":"Flying Knee","floor":4},{"not_picked":["Dodge and Roll","Expertise"],"picked":"Flying Knee","floor":5},{"not_picked":["Prepared","Well Laid Plans"],"picked":"Quick Slash","floor":7},{"not_picked":["Cloak And Dagger","Predator"],"picked":"Quick Slash","floor":8},{"not_picked":["Poisoned Stab","Footwork"],"picked":"Finisher","floor":10},{"not_picked":["Backflip","Endless Agony"],"picked":"Deflect","floor":12},{"not_picked":["Venomology","Underhanded Strike"],"picked":"Quick Slash","floor":14},{"not_picked":["Unload","Bullet Time"],"picked":"Storm of Steel","floor":16},{"not_picked":["Backflip","Fluid Movement"],"picked":"Cloak And Dagger","floor":18},{"not_picked":["Hidden Blade","Endless Agony"],"picked":"Quick Slash","floor":22},{"not_picked":["Envenom","Blur"],"picked":"Backstab+1","floor":30}],"player_experience":279204,"relics_obtained":[{"floor":8,"key":"Ninja Scroll"},{"floor":9,"key":"Mango"},{"floor":10,"key":"WingedGreaves"},{"floor":24,"key":"Ring of Peace"},{"floor":24,"key":"ReplayTheSpireMod:Ring of Exchange"},{"floor":26,"key":"Art of War"},{"floor":30,"key":"Strawberry"}],"event_choices":[{"damage_healed":0,"gold_gain":0,"player_choice":"Donut","damage_taken":0,"max_hp_gain":5,"max_hp_loss":0,"event_name":"Big Fish","floor":2,"gold_loss":0},{"cards_removed":["Outmaneuver"],"damage_healed":5,"gold_gain":0,"player_choice":"Offered Common","damage_taken":0,"max_hp_gain":0,"max_hp_loss":0,"event_name":"Bonfire Elementals","floor":3,"gold_loss":0},{"cards_removed":["Outmaneuver"],"damage_healed":5,"gold_gain":0,"player_choice":"Offered Special","damage_taken":0,"max_hp_gain":0,"max_hp_loss":0,"event_name":"Bonfire Elementals","floor":3,"gold_loss":0},{"damage_healed":0,"gold_gain":0,"player_choice":"Searched \u00273\u0027 times","damage_taken":0,"relics_obtained":["Lizard Tail"],"max_hp_gain":0,"max_hp_loss":0,"event_name":"Dead Adventurer","floor":7,"gold_loss":0},{"damage_healed":0,"gold_gain":0,"player_choice":"Read","damage_taken":0,"max_hp_gain":0,"max_hp_loss":0,"event_name":"The Library","floor":19,"gold_loss":0,"cards_obtained":["Blade Dance"]},{"damage_healed":0,"gold_gain":0,"player_choice":"Dagger","damage_taken":6,"max_hp_gain":0,"max_hp_loss":0,"event_name":"betterThird:BetterNest","floor":20,"gold_loss":0,"cards_obtained":["RitualDagger"]},{"damage_healed":0,"gold_gain":0,"player_choice":"Gave Potion","damage_taken":0,"relics_obtained":["Bag of Marbles"],"max_hp_gain":0,"max_hp_loss":0,"event_name":"WeMeetAgain","floor":21,"gold_loss":0}],"is_beta":false,"boss_relics":[{"not_picked":["Cursed Key","Ring of the Serpent"],"picked":"conspire:RoyalGoblet"}],"items_purged_floors":[],"is_endless":false,"potions_floor_spawned":[1,12,16,22,30],"killed_by":"Collector","ascension_level":2}}