{"host":"oc5h2hqz0xgb0igf","time":1608009249,"event":{"mods":["AchievementEnabler","BaseMod","Colored Map","Colored Powertips","Minty Spire (QoL Compilation)","Rare Cards Sparkle"],"gold_per_floor":[11,29,46,62,78,106,106,106,152,186,206,206,220,232,232,329,329,347,357,373,373,383,412,427,447,447,447,480,490,518,533,533,635,635,653,653,666,576,143,143,168,179,179,31,31,31,44,57,57,57],"floor_reached":51,"playtime":4502,"items_purged":["Strike_R"],"score":987,"play_id":"01f7a1af-5c9b-4466-af73-d435c639338c","local_time":"20201214211409","is_ascension_mode":false,"campfire_choices":[{"floor":8,"key":"REST"},{"data":"Armaments","floor":12,"key":"SMITH"},{"data":"Armaments","floor":15,"key":"SMITH"},{"floor":27,"key":"REST"},{"floor":32,"key":"REST"},{"data":"Offering","floor":40,"key":"SMITH"},{"data":"Offering","floor":45,"key":"SMITH"},{"floor":49,"key":"REST"}],"circlet_count":0,"master_deck":["Strike_R","Strike_R","Defend_R","Defend_R","Defend_R+1","Defend_R","Bash","Shockwave+1","Disarm","Ghostly Armor","Shrug It Off+1","Barricade","Spot Weakness+1","Armaments+1","Armaments+1","Sword Boomerang","Sword Boomerang","Offering+1","Sword Boomerang+1","Twin Strike+1","Evolve","Spot Weakness","Whirlwind","Flame Barrier","Shockwave","Impervious","Limit Break","Impervious","Twin Strike+1","Offering+1","Armaments+1","Shrug It Off+1"],"relics":["Burning Blood","Du-Vu Doll","Gremlin Horn","Vajra","Question Card","Mark of Pain","Regal Pillow","War Paint","Peace Pipe","Potion Belt","Snecko Eye","Thread and Needle","Centennial Puzzle","Letter Opener","Brimstone"],"acts_visited":["TheCity","TheBeyond"],"potions_floor_usage":[13,16,18,23,23,23,29,33,46,50,50],"damage_taken":[{"damage":5,"enemies":"Small Slimes","floor":1,"turns":4},{"damage":2,"enemies":"2 Louse","floor":2,"turns":3},{"damage":1,"enemies":"Cultist","floor":3,"turns":4},{"damage":11,"enemies":"Lots of Slimes","floor":4,"turns":8},{"damage":21,"enemies":"Exordium Wildlife","floor":5,"turns":7},{"damage":38,"enemies":"3 Sentries","floor":6,"turns":11},{"damage":38,"enemies":"Gremlin Nob","floor":10,"turns":5},{"damage":3,"enemies":"3 Louse","floor":11,"turns":4},{"damage":0,"enemies":"Gremlin Gang","floor":13,"turns":3},{"damage":4,"enemies":"Red Slaver","floor":14,"turns":5},{"damage":7,"enemies":"Hexaghost","floor":16,"turns":8},{"damage":8,"enemies":"2 Thieves","floor":18,"turns":4},{"damage":8,"enemies":"Chosen","floor":19,"turns":4},{"damage":23,"enemies":"Snake Plant","floor":20,"turns":5},{"damage":6,"enemies":"Centurion and Healer","floor":22,"turns":6},{"damage":18,"enemies":"Slavers","floor":23,"turns":3},{"damage":11,"enemies":"Snecko","floor":24,"turns":3},{"damage":30,"enemies":"Shelled Parasite and Fungi","floor":25,"turns":5},{"damage":35,"enemies":"Gremlin Leader","floor":28,"turns":5},{"damage":7,"enemies":"Chosen and Byrds","floor":29,"turns":5},{"damage":6,"enemies":"Book of Stabbing","floor":30,"turns":5},{"damage":10,"enemies":"Snecko","floor":31,"turns":6},{"damage":35,"enemies":"Automaton","floor":33,"turns":6},{"damage":3,"enemies":"3 Shapes","floor":35,"turns":3},{"damage":1,"enemies":"Orb Walker","floor":37,"turns":5},{"damage":12,"enemies":"Giant Head","floor":41,"turns":9},{"damage":12,"enemies":"Spire Growth","floor":42,"turns":5},{"damage":0,"enemies":"Reptomancer","floor":46,"turns":2},{"damage":7,"enemies":"Sphere and 2 Shapes","floor":47,"turns":4},{"damage":17,"enemies":"3 Darklings","floor":48,"turns":4},{"damage":31,"enemies":"Donu and Deca","floor":50,"turns":4}],"seed_played":"4254452331564549307","potions_obtained":[{"floor":4,"key":"PowerPotion"},{"floor":6,"key":"Ancient Potion"},{"floor":10,"key":"DuplicationPotion"},{"floor":11,"key":"Explosive Potion"},{"floor":13,"key":"AttackPotion"},{"floor":16,"key":"Fire Potion"},{"floor":22,"key":"Strength Potion"},{"floor":23,"key":"PowerPotion"},{"floor":24,"key":"SmokeBomb"},{"floor":30,"key":"PowerPotion"},{"floor":37,"key":"ElixirPotion"},{"floor":41,"key":"BlessingOfTheForge"},{"floor":42,"key":"Dexterity Potion"}],"is_trial":false,"path_per_floor":["M","M","M","M","M","E","?","R","T","E","M","R","M","M","R","B",null,"M","M","M","?","M","E","M","M","T","R","E","M","E","M","R","B",null,"M","?","M","?","$","R","E","M","T","$","R","E","M","M","R","B",null],"character_chosen":"IRONCLAD","items_purchased":["Offering","Thread and Needle","Brimstone"],"campfire_rested":4,"item_purchase_floors":[39,39,44],"current_hp_per_floor":[80,80,80,75,60,28,28,52,52,20,23,23,29,31,31,30,80,78,76,59,59,59,47,42,18,18,57,28,27,27,23,62,33,80,80,80,80,80,80,80,74,68,68,68,68,74,73,62,80,55],"gold":57,"neow_bonus":"ONE_RARE_RELIC","is_daily":false,"chose_seed":false,"campfire_upgraded":4,"win_rate":0.0,"timestamp":1608009249,"path_taken":["M","M","M","M","M","E","?","R","T","E","M","R","M","M","R","BOSS","M","M","M","?","M","E","M","?","T","R","E","?","E","M","R","BOSS","M","?","?","?","$","R","E","M","T","$","R","E","M","?","R","BOSS"],"items_purchased_type":["Card","Relic","Relic"],"build_version":"2020-12-13","purchased_purges":1,"victory":true,"max_hp_per_floor":[80,80,80,80,80,80,80,80,80,80,80,80,80,80,80,80,80,80,80,80,80,80,80,80,80,80,80,80,80,80,80,80,80,80,80,80,80,80,80,80,80,80,80,80,80,80,80,80,80,80],"card_choices":[{"not_picked":["Heavy Blade","Iron Wave"],"picked":"Shockwave","floor":1},{"not_picked":["Pummel","Clash"],"picked":"Disarm","floor":2},{"not_picked":["Twin Strike","Hemokinesis"],"picked":"Ghostly Armor","floor":3},{"not_picked":["Wild Strike","Clash"],"picked":"Shrug It Off","floor":4},{"not_picked":["Carnage","Thunderclap"],"picked":"Barricade","floor":5},{"not_picked":["Shrug It Off","Dark Embrace"],"picked":"Spot Weakness","floor":6},{"not_picked":["Anger","Perfected Strike"],"picked":"Armaments","floor":10},{"not_picked":["Rupture","Metallicize","Warcry"],"picked":"Armaments","floor":11},{"not_picked":["Dropkick","Flex","Fire Breathing"],"picked":"Sword Boomerang","floor":13},{"not_picked":["Perfected Strike","Body Slam","Clothesline"],"picked":"Sword Boomerang","floor":14},{"not_picked":["Fiend Fire","Bludgeon","Impervious"],"picked":"Offering","floor":16},{"not_picked":["Anger","Dropkick","Wild Strike"],"picked":"Sword Boomerang+1","floor":18},{"not_picked":["Clash+1","True Grit","Thunderclap+1"],"picked":"Twin Strike+1","floor":19},{"not_picked":["Thunderclap","Clash+1","Pommel Strike"],"picked":"Evolve","floor":20},{"not_picked":["Feel No Pain","Warcry","Whirlwind"],"picked":"Spot Weakness","floor":22},{"not_picked":["Pommel Strike","Dropkick","Metallicize","Bludgeon"],"picked":"SKIP","floor":23},{"not_picked":["Anger","Rupture","Sever Soul"],"picked":"Whirlwind","floor":24},{"not_picked":["Feel No Pain+1","Armaments","Wild Strike"],"picked":"Flame Barrier","floor":25},{"not_picked":["Burning Pact+1","Wild Strike","Infernal Blade","Searing Blow+1"],"picked":"SKIP","floor":28},{"not_picked":["Rage+1","Metallicize","Evolve+1"],"picked":"Shockwave","floor":29},{"not_picked":["Inflame+1","True Grit","Body Slam+1"],"picked":"Impervious","floor":30},{"not_picked":["Inflame","Combust+1","Wild Strike+1","Blood for Blood"],"picked":"SKIP","floor":31},{"not_picked":["Juggernaut","Immolate","Impervious"],"picked":"Limit Break","floor":33},{"not_picked":["Flex","Sword Boomerang","Feel No Pain","Armaments"],"picked":"SKIP","floor":35},{"not_picked":["Rampage","Power Through+1","Iron Wave"],"picked":"Twin Strike+1","floor":37},{"not_picked":["Shrug It Off","Sever Soul+1","Clash+1"],"picked":"Armaments+1","floor":41},{"not_picked":["Disarm","Searing Blow+1","Twin Strike","Infernal Blade"],"picked":"SKIP","floor":42},{"not_picked":["Headbutt+1","Inflame+1","Thunderclap"],"picked":"Shrug It Off+1","floor":47},{"not_picked":["Headbutt+1","Anger","Uppercut","Perfected Strike"],"picked":"SKIP","floor":48}],"player_experience":55472,"relics_obtained":[{"floor":6,"key":"Gremlin Horn"},{"floor":9,"key":"Vajra"},{"floor":10,"key":"Question Card"},{"floor":23,"key":"Regal Pillow"},{"floor":26,"key":"War Paint"},{"floor":28,"key":"Peace Pipe"},{"floor":30,"key":"Potion Belt"},{"floor":41,"key":"Centennial Puzzle"},{"floor":43,"key":"Letter Opener"}],"event_choices":[{"damage_healed":0,"gold_gain":0,"player_choice":"Grow","damage_taken":0,"max_hp_gain":0,"max_hp_loss":0,"event_name":"Living Wall","floor":7,"gold_loss":0,"cards_upgraded":["Shockwave"]},{"damage_healed":0,"gold_gain":0,"player_choice":"Ignored","damage_taken":0,"max_hp_gain":0,"max_hp_loss":0,"event_name":"NoteForYourself","floor":21,"gold_loss":0},{"damage_healed":0,"gold_gain":0,"cards_transformed":["Strike_R"],"player_choice":"Transformed","damage_taken":0,"max_hp_gain":0,"max_hp_loss":0,"event_name":"Transmorgrifier","floor":36,"gold_loss":0,"cards_obtained":["Impervious"]},{"cards_removed":["Strike_R"],"damage_healed":0,"gold_gain":0,"player_choice":"Upgrade and Remove","damage_taken":0,"max_hp_gain":0,"max_hp_loss":0,"event_name":"Designer","floor":38,"gold_loss":90,"cards_upgraded":["Defend_R"]}],"is_beta":false,"boss_relics":[{"not_picked":["Tiny House","SacredBark"],"picked":"Mark of Pain"},{"not_picked":["Coffee Dripper","Astrolabe"],"picked":"Snecko Eye"}],"items_purged_floors":[39],"is_endless":false,"potions_floor_spawned":[4,6,10,11,13,14,16,22,23,24,30,37,41,42],"ascension_level":0}}