{"host":"4np54w3ai1r5lqo1","time":1608001415,"event":{"mods":["BaseMod","Colored Map","Minty Spire (QoL Compilation)","Quick Restart"],"gold_per_floor":[110,110,122,72,147,179,179,192,238,238,156,156,183,245,245,346,346,364,376,81,93,42,42,75,75,75],"floor_reached":25,"playtime":712,"items_purged":[],"score":438,"play_id":"87ed8dd5-d01e-42b5-9738-0105c0d2e037","local_time":"20201215010335","is_ascension_mode":true,"campfire_choices":[{"data":"Bane","floor":7,"key":"SMITH"},{"data":"Bane","floor":10,"key":"SMITH"},{"data":"Leg Sweep","floor":12,"key":"SMITH"},{"data":"Calculated Gamble","floor":15,"key":"SMITH"},{"data":"Backflip","floor":23,"key":"SMITH"}],"circlet_count":0,"master_deck":["Strike_G","Strike_G","Strike_G","Strike_G","Defend_G","Defend_G","Defend_G","Defend_G","Defend_G","Survivor","Neutralize+1","Bane+1","Sucker Punch","Deadly Poison","Bane+1","Leg Sweep+1","Calculated Gamble+1","Tools of the Trade","Deflect+1","Deadly Poison","Catalyst","Footwork","Expertise","Backflip+1","Infinite Blades"],"relics":["Ring of the Snake","NeowsBlessing","Dream Catcher","Boot","The Specimen","Black Star","Lee\u0027s Waffle","Smiling Mask","Bottled Tornado"],"acts_visited":["Exordium","TheCity"],"potions_floor_usage":[16,16,24,24],"damage_taken":[{"damage":0,"enemies":"2 Louse","floor":1,"turns":1},{"damage":0,"enemies":"Small Slimes","floor":3,"turns":1},{"damage":0,"enemies":"Gremlin Nob","floor":6,"turns":1},{"damage":1,"enemies":"Cultist","floor":8,"turns":3},{"damage":21,"enemies":"Lagavulin","floor":13,"turns":9},{"damage":21,"enemies":"The Guardian","floor":16,"turns":12},{"damage":13,"enemies":"Shell Parasite","floor":18,"turns":5},{"damage":5,"enemies":"Chosen","floor":19,"turns":4},{"damage":15,"enemies":"Centurion and Healer","floor":21,"turns":8},{"damage":51,"enemies":"Slavers","floor":24,"turns":8},{"damage":6,"enemies":"Shelled Parasite and Fungi","floor":25,"turns":4}],"seed_played":"-3408115841226624963","potions_obtained":[{"floor":3,"key":"Block Potion"},{"floor":8,"key":"Regen Potion"},{"floor":18,"key":"SneckoOil"},{"floor":21,"key":"Weak Potion"},{"floor":24,"key":"DuplicationPotion"}],"is_trial":false,"path_per_floor":["M","?","M","?","?","E","R","M","T","R","$","R","E","?","R","B",null,"M","M","$","M","$","R","E","M"],"character_chosen":"THE_SILENT","items_purchased":["Leg Sweep","Catalyst","Footwork","Lee\u0027s Waffle","Backflip"],"campfire_rested":0,"item_purchase_floors":[11,20,20,20,22],"current_hp_per_floor":[63,63,63,63,52,52,52,51,51,51,51,51,30,30,30,24,59,46,41,77,62,62,62,11,5,5],"gold":75,"neow_bonus":"THREE_ENEMY_KILL","is_daily":false,"chose_seed":false,"campfire_upgraded":5,"win_rate":0.0,"timestamp":1608001415,"path_taken":["M","?","M","?","?","E","R","M","T","R","$","R","E","?","R","BOSS","M","M","$","M","$","R","E","M"],"items_purchased_type":["Card","Card","Card","Relic","Card"],"build_version":"2020-12-13","purchased_purges":0,"victory":false,"max_hp_per_floor":[70,70,70,70,70,70,70,70,70,70,70,70,70,70,70,70,70,70,70,77,77,77,77,77,77,77],"card_choices":[{"not_picked":["Prepared","Tactician"],"picked":"Bane","floor":1},{"not_picked":["Underhanded Strike","Quick Slash"],"picked":"Sucker Punch","floor":3},{"not_picked":["Flying Knee","Slice"],"picked":"Deadly Poison","floor":6},{"not_picked":["Finisher","Distraction"],"picked":"Bane","floor":8},{"not_picked":["Predator","Quick Slash"],"picked":"Calculated Gamble","floor":13},{"not_picked":["Phantasmal Killer","Wraith Form v2"],"picked":"Tools of the Trade","floor":16},{"not_picked":["Slice+1","Infinite Blades"],"picked":"Deflect+1","floor":18},{"not_picked":["Backflip","Prepared"],"picked":"Deadly Poison","floor":19},{"not_picked":["Concentrate+1","Expertise","Bane"],"picked":"SKIP","floor":21},{"not_picked":["Concentrate+1","Bane"],"picked":"Expertise","floor":21},{"not_picked":["Riddle With Holes","Distraction"],"picked":"Infinite Blades","floor":24}],"player_experience":457921,"relics_obtained":[{"floor":6,"key":"Dream Catcher"},{"floor":9,"key":"Boot"},{"floor":13,"key":"The Specimen"},{"floor":24,"key":"Smiling Mask"},{"floor":24,"key":"Bottled Tornado"}],"event_choices":[{"damage_healed":0,"gold_gain":0,"player_choice":"Grow","damage_taken":0,"max_hp_gain":0,"max_hp_loss":0,"event_name":"Living Wall","floor":2,"gold_loss":0,"cards_upgraded":["Neutralize"]},{"cards_removed":["Strike_G"],"damage_healed":0,"gold_gain":0,"player_choice":"Card Removal","damage_taken":0,"max_hp_gain":0,"max_hp_loss":0,"event_name":"The Cleric","floor":4,"gold_loss":50},{"damage_healed":0,"gold_gain":75,"player_choice":"Gather Gold","damage_taken":11,"max_hp_gain":0,"max_hp_loss":0,"event_name":"World of Goop","floor":5,"gold_loss":0},{"damage_healed":0,"gold_gain":62,"player_choice":"Gained Gold","damage_taken":0,"max_hp_gain":0,"max_hp_loss":0,"event_name":"Golden Wing","floor":14,"gold_loss":0}],"is_beta":false,"boss_relics":[{"not_picked":["Fusion Hammer","Ring of the Serpent"],"picked":"Black Star"}],"items_purged_floors":[],"is_endless":false,"potions_floor_spawned":[3,8,18,21,24],"killed_by":"Shelled Parasite and Fungi","ascension_level":9}}