{"host":"0z6l31g9ps0v9zzp","time":1608041133,"event":{"mods":["Act Like it!","BaseMod","CapriCore","Minty Spire (QoL Compilation)","MostiFishMod","StSLib"],"gold_per_floor":[115,115,131,149,22,52,71,102,102,116,116,145,145,180,180,253,253,271,196,216,231,281,311,321,321,348,140,166,194,194,205,205,281,281,296,306,306,306,318,318,344,344,371,396,410,443,197,215,215,215,215,215,45,79,79],"floor_reached":56,"playtime":1444,"items_purged":["Strike_R","Defend_R","Perfected Strike+1"],"score":3069,"play_id":"651d0d87-5d2c-403c-bea3-2453bd0bc03d","local_time":"20201215220533","is_ascension_mode":true,"campfire_choices":[{"data":"Armaments","floor":11.0,"key":"SMITH"},{"data":"Whirlwind","floor":15.0,"key":"SMITH"},{"data":"Burning Pact","floor":25,"key":"SMITH"},{"data":"Heavy Blade","floor":30,"key":"SMITH"},{"data":"Battle Trance","floor":32,"key":"SMITH"},{"floor":40,"key":"RECALL"},{"floor":42,"key":"REST"},{"data":"MostiFishMod:JungleRules","floor":49,"key":"SMITH"},{"floor":52,"key":"REST"}],"circlet_count":0,"master_deck":["AscendersBane","Strike_R+1","Strike_R+1","Strike_R+1","Strike_R+1","Defend_R+1","Defend_R+1","Bash+1","Armaments+1","Pummel+1","Battle Trance+1","Pommel Strike+1","Whirlwind+1","Burning Pact+1","Uppercut+1","Heavy Blade+1","Double Tap+1","MostiFishMod:JungleRules+1","Sword Boomerang"],"relics":["DaveBox","OneHitWonderSystem","ShadowXiaoBlade","Question Card","Charon\u0027s Ashes","DianPoetry","HornCleat","Singing Bowl","Bronze Scales","ImportantClient","Black Star","TungstenRod","Gremlin Horn","SynthV","Red Mask","Dream Catcher","Nunchaku","RhineSuit","Mark of the Bloom","Potion Belt","Pear","Strawberry","DaCapo","Whetstone","Ancient Tea Set","Lantern","Bag of Preparation","Sundial","StoneCalendar"],"acts_visited":["Exordium","TheCity","TheBeyond","TheEnding"],"potions_floor_usage":[50,55,55],"damage_taken":[{"damage":0.0,"enemies":"Jaw Worm","floor":1.0,"turns":2.0},{"damage":0.0,"enemies":"Cultist","floor":3.0,"turns":2.0},{"damage":0.0,"enemies":"2 Louse","floor":4.0,"turns":2.0},{"damage":0.0,"enemies":"Lagavulin","floor":6.0,"turns":4.0},{"damage":0.0,"enemies":"Exordium Thugs","floor":7.0,"turns":3.0},{"damage":0.0,"enemies":"3 Sentries","floor":8.0,"turns":4.0},{"damage":0.0,"enemies":"2 Fungi Beasts","floor":10.0,"turns":2.0},{"damage":0.0,"enemies":"Gremlin Nob","floor":12.0,"turns":3.0},{"damage":0.0,"enemies":"3 Sentries","floor":14.0,"turns":3.0},{"damage":0.0,"enemies":"The Guardian","floor":16.0,"turns":4.0},{"damage":0,"enemies":"Spheric Guardian","floor":18,"turns":2},{"damage":0,"enemies":"Shell Parasite","floor":20,"turns":2},{"damage":0,"enemies":"Shelled Parasite and Fungi","floor":21,"turns":2},{"damage":0,"enemies":"Gremlin Leader","floor":23,"turns":3},{"damage":0,"enemies":"Snecko","floor":24,"turns":2},{"damage":0,"enemies":"Masked Bandits","floor":28,"turns":2},{"damage":0,"enemies":"Book of Stabbing","floor":29,"turns":3},{"damage":0,"enemies":"Centurion and Healer","floor":31,"turns":2},{"damage":0,"enemies":"Automaton","floor":33,"turns":4},{"damage":0,"enemies":"3 Darklings","floor":35,"turns":1},{"damage":0,"enemies":"Orb Walker","floor":36,"turns":2},{"damage":0,"enemies":"Sphere and 2 Shapes","floor":39,"turns":1},{"damage":0,"enemies":"Reptomancer","floor":41,"turns":2},{"damage":0,"enemies":"Nemesis","floor":44,"turns":3},{"damage":0,"enemies":"3 Darklings","floor":45,"turns":1},{"damage":0,"enemies":"Giant Head","floor":46,"turns":3},{"damage":0,"enemies":"4 Shapes","floor":48,"turns":1},{"damage":0,"enemies":"Donu and Deca","floor":50,"turns":3},{"damage":0,"enemies":"Shield and Spear","floor":54,"turns":1},{"damage":0,"enemies":"The Heart","floor":55,"turns":4}],"seed_played":"6858666632759590805","potions_obtained":[{"floor":1.0,"key":"Ancient Potion"},{"floor":6.0,"key":"ElixirPotion"},{"floor":16.0,"key":"Block Potion"},{"floor":41,"key":"ElixirPotion"},{"floor":45,"key":"Energy Potion"}],"is_trial":false,"path_per_floor":["M","?","M","M","$","E","M","E","T","M","R","E","?","E","R","B",null,"M","?","M","M","?","E","M","R","T","$","?","E","R","M","R","B",null,"M","M","?","?","M","R","E","R","T","E","M","E","$","M","R","B",null,"R","$","E","B",null],"character_chosen":"IRONCLAD","items_purchased":["Armaments","SynthV","MostiFishMod:JungleRules","Bag of Preparation","Sword Boomerang"],"campfire_rested":2,"item_purchase_floors":[5,27,47,53,53],"current_hp_per_floor":[1,1,1,1,1,1,1,1,1,1,1,3,1,1,1,3,1,3,1,1,3,1,1,3,1,1,1,3,1,1,3,1,1,1,3,3,1,1,1,1,1,1,1,1,1,1,1,1,1,1,1,1,1,1,1],"gold":79,"neow_bonus":"BOSS_RELIC","is_daily":false,"chose_seed":false,"campfire_upgraded":6,"win_rate":0.0,"timestamp":1608041133,"path_taken":["M","?","M","M","$","E","M","E","T","?","R","E","?","E","R","BOSS","M","?","M","M","?","E","M","R","T","$","?","E","R","M","R","BOSS","M","M","?","?","M","R","E","R","T","E","M","E","$","M","R","BOSS","R","$","E","BOSS"],"items_purchased_type":["Card","Relic","Card","Relic","Card"],"build_version":"2020-12-13","purchased_purges":3,"victory":true,"max_hp_per_floor":[1,1,1,1,1,1,1,1,1,1,1,3,1,1,1,3,1,3,1,1,3,1,1,3,1,1,1,3,1,1,3,1,1,1,3,3,1,1,3,1,13,3,8,1,3,3,1,3,1,1,1,3,1,3,1],"card_choices":[{"not_picked":["Entrench","Havoc","Clothesline"],"picked":"SKIP","floor":1.0},{"not_picked":["Body Slam","Reckless Charge","Flame Barrier","Headbutt"],"picked":"SKIP","floor":3.0},{"not_picked":["Dropkick","Twin Strike","Shrug It Off","Flame Barrier"],"picked":"SKIP","floor":4.0},{"not_picked":["Sentinel","Perfected Strike","Ghostly Armor"],"picked":"Pummel","floor":6.0},{"not_picked":["Armaments","Twin Strike","Ghostly Armor"],"picked":"Battle Trance","floor":7.0},{"not_picked":["Seeing Red","Shockwave","Armaments","Ghostly Armor"],"picked":"SKIP","floor":8.0},{"not_picked":["Iron Wave","Flex","Body Slam"],"picked":"Pommel Strike","floor":10.0},{"not_picked":["Infernal Blade","Feel No Pain","Evolve","Dropkick"],"picked":"Singing Bowl","floor":12.0},{"not_picked":["True Grit","MostiFishMod:BrandingRite","Wild Strike"],"picked":"Whirlwind","floor":14.0},{"not_picked":["Barricade","MostiFishMod:NewArrival","MostiFishMod:404NotFound","Juggernaut"],"picked":"Singing Bowl","floor":16.0},{"not_picked":["Feel No Pain","Second Wind","Warcry","True Grit+1"],"picked":"Singing Bowl","floor":18},{"not_picked":["Armaments+1","Shrug It Off","Evolve"],"picked":"Burning Pact","floor":20},{"not_picked":["Flex","Wild Strike+1","Pummel","Carnage"],"picked":"Singing Bowl","floor":21},{"not_picked":["Demon Form","Fire Breathing","Flame Barrier"],"picked":"Uppercut","floor":23},{"not_picked":["Carnage","Body Slam","Blood for Blood","Anger"],"picked":"Singing Bowl","floor":24},{"not_picked":["MostiFishMod:BrandingRite","Evolve","Clash","Combust+1"],"picked":"Singing Bowl","floor":28},{"not_picked":["Cleave","Inflame","Body Slam"],"picked":"Heavy Blade","floor":29},{"not_picked":["Warcry","Second Wind","Intimidate","Pommel Strike"],"picked":"Singing Bowl","floor":31},{"not_picked":["Barricade","Berserk","MostiFishMod:FlyOverUtopia"],"picked":"Double Tap","floor":33},{"not_picked":["Shrug It Off+1","Metallicize","Twin Strike","Hemokinesis"],"picked":"Singing Bowl","floor":35},{"not_picked":["Whirlwind","Twin Strike+1","Warcry","Iron Wave"],"picked":"Singing Bowl","floor":36},{"not_picked":["True Grit","Seeing Red+1","Armaments+1","Clothesline"],"picked":"Singing Bowl","floor":39},{"not_picked":["Battle Trance","Dark Embrace","Whirlwind","Twin Strike"],"picked":"Singing Bowl","floor":41},{"not_picked":["Reckless Charge","Searing Blow","Intimidate","Havoc"],"picked":"Singing Bowl","floor":42},{"not_picked":["Cleave","Combust","Dark Embrace+1"],"picked":"Perfected Strike+1","floor":44},{"not_picked":["Pommel Strike","Sword Boomerang","True Grit+1","Reckless Charge"],"picked":"Singing Bowl","floor":45},{"not_picked":["MostiFishMod:NewArrival","Havoc+1","Disarm","Metallicize"],"picked":"Singing Bowl","floor":46},{"not_picked":["Perfected Strike+1","Iron Wave","Twin Strike","Wild Strike+1"],"picked":"Singing Bowl","floor":48},{"not_picked":["True Grit","Hemokinesis","Armaments","Heavy Blade+1"],"picked":"Singing Bowl","floor":52},{"not_picked":["Dual Wield","Flex","Carnage","Twin Strike"],"picked":"Singing Bowl","floor":54}],"player_experience":262175,"relics_obtained":[{"floor":1.0,"key":"Question Card"},{"floor":6.0,"key":"Charon\u0027s Ashes"},{"floor":8.0,"key":"DianPoetry"},{"floor":9.0,"key":"HornCleat"},{"floor":12.0,"key":"Singing Bowl"},{"floor":14.0,"key":"Bronze Scales"},{"floor":16.0,"key":"ImportantClient"},{"floor":23,"key":"TungstenRod"},{"floor":23,"key":"Gremlin Horn"},{"floor":28,"key":"Red Mask"},{"floor":29,"key":"Dream Catcher"},{"floor":29,"key":"Nunchaku"},{"floor":41,"key":"Potion Belt"},{"floor":41,"key":"Pear"},{"floor":43,"key":"Strawberry"},{"floor":44,"key":"DaCapo"},{"floor":44,"key":"Whetstone"},{"floor":46,"key":"Ancient Tea Set"},{"floor":46,"key":"Lantern"},{"floor":54,"key":"Sundial"},{"floor":54,"key":"StoneCalendar"}],"event_choices":[{"damage_healed":0.0,"max_hp_gain":0.0,"max_hp_loss":0.0,"gold_gain":0.0,"event_name":"Wheel of Change","player_choice":"Cursed","floor":2.0,"gold_loss":0.0,"damage_taken":0.0,"cards_obtained":["Decay"]},{"damage_healed":0.0,"max_hp_gain":0.0,"max_hp_loss":0.0,"gold_gain":0.0,"cards_transformed":["Decay"],"event_name":"Transmorgrifier","player_choice":"Transformed","floor":13.0,"gold_loss":0.0,"damage_taken":0.0,"cards_obtained":["Injury"]},{"cards_removed":["Injury"],"damage_healed":0,"gold_gain":0,"player_choice":"Gave Gold","damage_taken":0,"max_hp_gain":0,"max_hp_loss":0,"event_name":"Beggar","floor":19,"gold_loss":75},{"damage_healed":0,"gold_gain":50,"player_choice":"Stole From Cult","damage_taken":0,"max_hp_gain":0,"max_hp_loss":0,"event_name":"Nest","floor":22,"gold_loss":0},{"damage_healed":0,"gold_gain":0,"player_choice":"Fought Bandits","damage_taken":0,"max_hp_gain":0,"max_hp_loss":0,"event_name":"Masked Bandits","floor":28,"gold_loss":0},{"damage_healed":0,"gold_gain":0,"player_choice":"Upgrade","damage_taken":0,"relics_obtained":["Mark of the Bloom"],"max_hp_gain":0,"max_hp_loss":0,"event_name":"MindBloom","floor":37,"gold_loss":0,"cards_upgraded":["Strike_R","Strike_R","Strike_R","Strike_R","Defend_R","Defend_R","Defend_R","Bash","Pummel","Pommel Strike","Uppercut","Double Tap"]},{"cards_removed":["Defend_R"],"damage_healed":0,"gold_gain":0,"player_choice":"Removed Skill","damage_taken":0,"max_hp_gain":0,"max_hp_loss":0,"event_name":"Falling","floor":38,"gold_loss":0}],"is_beta":false,"boss_relics":[{"not_picked":["Astrolabe","FixedStarFall"],"picked":"Black Star"},{"not_picked":["Fusion Hammer","xbg"],"picked":"RhineSuit"}],"items_purged_floors":[5,27,47],"is_endless":false,"potions_floor_spawned":[1,6,7,14,16,20,24,28,31,36,41,45],"ascension_level":16}}