{"host":"yciysiy0jlorh0h5","time":1608051901,"event":{"mods":["2.2 Compatiblity","Act Like it!","BaseMod","Bestiary","Better Match","BetterRewards","Curses Come First","Elementarium","Hallownest","Hermit","Hubris","Infinite Spire","Minty Spire (QoL Compilation)","Rare Cards Sparkle","Replay The Spire","Shade Mod","StSLib","The Alterego","The Construct","The Cursed","The Hierophant","The Judge","The Mystic","The Runesmith","The Servant 0.9.4","Wandering Minibosses","vexMod"],"gold_per_floor":[113,38,53,70,70,70,103,120,120,120,120,138,154,182,182,285,951,962,979,995,373,430,430,447,447,447,422,442,714,714,749,749,852,852,872,527,544,544,469,499,499,514,514,532,532,197,259,287,287,388],"floor_reached":51,"playtime":6402,"items_purged":["Pride","Pride","Strike_S"],"score":1112,"play_id":"8186b4ee-4e64-4816-912c-b464ac7dc769","local_time":"20201215110501","is_ascension_mode":false,"campfire_choices":[{"data":"ReturningBlade","floor":6.0,"key":"SMITH"},{"data":"Hightail","floor":10.0,"key":"SMITH"},{"data":"FanOfKnives","floor":15.0,"key":"SMITH"},{"data":"ReturningBlade+1","floor":23.0,"key":"SMITH"},{"floor":30.0,"key":"REST"},{"data":"Pride","floor":32.0,"key":"PURGE"},{"data":"MurderousAura","floor":41,"key":"SMITH"},{"floor":45,"key":"REST"},{"floor":49,"key":"REST"}],"circlet_count":0,"master_deck":["Strike_S","Strike_S","Strike_S","Defend_S","Defend_S","Defend_S","Defend_S","KidneyShot","Exchange","SpecialFormula+1","Ricochet+1","ReturningBlade+2","Potential","Misdirection","Hightail+1","Reset","FanOfKnives+1","FloweringNight","Initiator","Snipe","Collapse","Luminosity+1","TimeWarp","RealityMarble","FastForward","Spin+1","MurderousAura+1","Starlight","Bandage Up+1","Foresight+1","GearUp","InstantArmor+1","KillingDoll"],"relics":["Uniform","Ice Cream","Iron Hammer","InkBottle","Hallownest:DreamNailRelic","hubris:64BitClover","vexMod:RockOfEvil","Pan","Juzu Bracelet","Replay:Bottled Flurry","hubris:ScarierMask","vexMod:CardConverter","Happy Flower","hubris:HollowSoul","Membership Card","vexMod:RetaliationKit","Gambling Chip","hubris:CrystalStatue","Mercury Hourglass","OrangePellets","vexMod:FocusSash","infinitespire:CursedDice","wanderingMiniBosses:Inkheart","Anchor"],"acts_visited":["Hallownest:Greenpath","Hallownest:CityofTears","Hallownest:KingdomsEdge"],"potions_floor_usage":[33,44,47,47],"damage_taken":[{"damage":5.0,"enemies":"Hallownest:2_MossCreeps","floor":1.0,"turns":6.0},{"damage":7.0,"enemies":"Hallownest:monsterHuskGuard","floor":3.0,"turns":4.0},{"damage":2.0,"enemies":"Hallownest:monsterHuskWarrior","floor":4.0,"turns":5.0},{"damage":4.0,"enemies":"Hallownest:eliteVengeflyKing","floor":7.0,"turns":6.0},{"damage":0.0,"enemies":"Hallownest:monsterMossCharger","floor":8.0,"turns":6.0},{"damage":0.0,"enemies":"Hallownest:2_Tiktiks_1_Baldur_1_Crawlid","floor":12.0,"turns":7.0},{"damage":0.0,"enemies":"Hallownest:1_Ooma_and_2_Uuma","floor":13.0,"turns":4.0},{"damage":6.0,"enemies":"Hallownest:eliteMossKnight","floor":14.0,"turns":11.0},{"damage":53.0,"enemies":"Hallownest:BossBrokenVessel","floor":16.0,"turns":15.0},{"damage":15.0,"enemies":"Hallownest:Guard_and_Sentry","floor":18.0,"turns":8.0},{"damage":13.0,"enemies":"Hallownest:3_Youths","floor":19.0,"turns":9.0},{"damage":17.0,"enemies":"Hallownest:Warrior_and_Youth","floor":20.0,"turns":4.0},{"damage":13.0,"enemies":"Hallownest:Glutton_and_Coward","floor":22.0,"turns":3.0},{"damage":22.0,"enemies":"Hallownest:2_Flukemon","floor":24.0,"turns":7.0},{"damage":0.0,"enemies":"Hallownest:2_Husk_Sentries","floor":28.0,"turns":5.0},{"damage":0.0,"enemies":"Hallownest:Nosk","floor":31.0,"turns":7.0},{"damage":56,"enemies":"Hallownest:BossMantisLord","floor":33,"turns":6},{"damage":0,"enemies":"Hallownest:Shield_Heavy","floor":35,"turns":4},{"damage":6,"enemies":"Hallownest:2_Littles","floor":37,"turns":4},{"damage":26,"enemies":"Hallownest:StalkingDevout","floor":40,"turns":6},{"damage":14,"enemies":"Hallownest:2_Great","floor":42,"turns":3},{"damage":29,"enemies":"Hallownest:2_Wing_and_1_Kings","floor":44,"turns":3},{"damage":8,"enemies":"Hallownest:2_Primals","floor":47,"turns":5},{"damage":26,"enemies":"Hallownest:eliteHiveKnight","floor":48,"turns":8},{"damage":0,"enemies":"Hallownest:Radiance","floor":50,"turns":12}],"seed_played":"7733283681906197038","potions_obtained":[{"floor":1.0,"key":"Strength Potion"},{"floor":12.0,"key":"Adrenaline Potion"},{"floor":13.0,"key":"ColorlessPotion"},{"floor":14.0,"key":"Adrenaline Potion"},{"floor":16.0,"key":"Weak Potion"},{"floor":18.0,"key":"Elixir"},{"floor":24.0,"key":"Dexterity Potion"},{"floor":28.0,"key":"SkillPotion"},{"floor":33,"key":"DistilledChaos"},{"floor":42,"key":"Energy Potion"},{"floor":44,"key":"Block Potion"},{"floor":50,"key":"BlessingOfTheForge"}],"is_trial":false,"path_per_floor":["M","?","M","M","?","R","E","M","T","R","?","M","M","E","R","B",null,"M","M","M","$","M","R","M","AVR","T","?","M","?","R","E","R","B",null,"M","$","M","?","?","E","R","M","T","M","R","$","?","E","R","B",null],"character_chosen":"THE_SERVANT","items_purchased":["Ice Cream","Pan","Juzu Bracelet","Replay:Bottled Flurry","Membership Card","vexMod:RetaliationKit","Mercury Hourglass","OrangePellets","vexMod:FocusSash"],"campfire_rested":3,"item_purchase_floors":[0,21,21,21,36,36,46,46,46],"current_hp_per_floor":[43,43,41,44,44,44,48,56,56,56,56,64,65,59,59,12,65,58,52,43,43,38,38,24,24,24,24,34,34,54,64,64,18,71,73,73,73,69,71,51,51,45,45,16,39,39,47,37,61,77],"gold":388,"neow_bonus":"","is_daily":false,"chose_seed":false,"campfire_upgraded":5,"win_rate":0.0,"timestamp":1608051901,"path_taken":["M","?","M","M","?","R","E","M","T","R","?","M","M","E","R","BOSS","M","M","M","$","M","R","M","AVR","T","?","M","?","R","E","R","BOSS","M","$","M","?","?","E","R","M","T","M","R","$","?","E","R","BOSS"],"items_purchased_type":["Relic","Relic","Relic","Relic","Relic","Relic","Relic","Relic","Relic"],"build_version":"2020-12-13","purchased_purges":3,"victory":true,"max_hp_per_floor":[65,65,65,65,65,65,65,65,65,65,65,65,65,65,65,65,65,65,65,65,65,65,65,65,65,65,65,67,67,67,69,69,71,71,73,73,73,73,75,77,77,77,77,77,77,77,79,81,81,83],"card_choices":[{"not_picked":["DualDimension","FastForward"],"picked":"SpecialFormula","floor":1.0},{"not_picked":["Unruled+1","Revamp+1"],"picked":"Ricochet+1","floor":2.0},{"not_picked":["Unruled","TimeWarp"],"picked":"ReturningBlade","floor":3.0},{"not_picked":["BottledTime","ShiftingGears"],"picked":"Potential","floor":4.0},{"not_picked":["Comet","Spin"],"picked":"Misdirection","floor":7.0},{"not_picked":["FastForward","Potential"],"picked":"Hightail","floor":8.0},{"not_picked":["Rewind","Contraction"],"picked":"Reset","floor":12.0},{"not_picked":["FastForward","ShatteredReality"],"picked":"FanOfKnives","floor":13.0},{"not_picked":["Potential","SoulSculpture"],"picked":"FloweringNight","floor":14.0},{"not_picked":["FloweringNight","ForgedInTime"],"picked":"Initiator","floor":16.0},{"not_picked":["Gouge+1","Defy"],"picked":"Snipe","floor":18.0},{"not_picked":["Barrier","Ricochet+1"],"picked":"Collapse","floor":19.0},{"not_picked":["Moondial+1","Ricochet"],"picked":"Luminosity+1","floor":20.0},{"not_picked":["ShatteredReality","Potential"],"picked":"TimeWarp","floor":22.0},{"not_picked":["BestPractice+1","Ricochet+1"],"picked":"RealityMarble","floor":24.0},{"not_picked":["Manipulate","FloweringNight"],"picked":"FastForward","floor":28.0},{"not_picked":["FastForward","Defy"],"picked":"Spin+1","floor":31.0},{"not_picked":["Embodiment","Deny"],"picked":"MurderousAura","floor":33},{"not_picked":["Unruled","FastForward"],"picked":"Starlight","floor":35},{"not_picked":["DoubleEdge+1","Rearm","Revamp+1"],"picked":"SKIP","floor":37},{"not_picked":["Finesse+1","ReplayTheSpireMod:Trickstab+1"],"picked":"Bandage Up+1","floor":39},{"not_picked":["Snipe","Starlight+1"],"picked":"Foresight+1","floor":40},{"not_picked":["TimeWarp","Spin+1","Starlight+1"],"picked":"SKIP","floor":42},{"not_picked":["FastForward","Hightail+1","Spin"],"picked":"SKIP","floor":44},{"not_picked":["ShatteredReality","Sabotage"],"picked":"GearUp","floor":47},{"not_picked":["FloweringNight","Foresight+1"],"picked":"InstantArmor+1","floor":48},{"not_picked":["Deny","Solidify"],"picked":"KillingDoll","floor":50}],"player_experience":287381,"relics_obtained":[{"floor":7.0,"key":"Iron Hammer"},{"floor":9.0,"key":"InkBottle"},{"floor":14.0,"key":"hubris:64BitClover"},{"floor":28.0,"key":"Regal Pillow"},{"floor":31.0,"key":"Happy Flower"},{"floor":40,"key":"Gambling Chip"},{"floor":43,"key":"hubris:CrystalStatue"},{"floor":47,"key":"infinitespire:CursedDice"},{"floor":47,"key":"wanderingMiniBosses:Inkheart"},{"floor":48,"key":"Anchor"}],"event_choices":[{"damage_healed":0.0,"max_hp_gain":0.0,"max_hp_loss":0.0,"gold_gain":0.0,"event_name":"betterMatch:BetterMatch","player_choice":"2","floor":2.0,"gold_loss":0.0,"damage_taken":0.0,"cards_obtained":["betterMatch:CommonCard"]},{"damage_healed":0,"gold_gain":0,"player_choice":"2","damage_taken":0,"max_hp_gain":0,"max_hp_loss":0,"event_name":"betterMatch:BetterMatch","floor":39,"gold_loss":0,"cards_obtained":["betterMatch:ColorlessUncommonCard"]}],"is_beta":false,"boss_relics":[{"not_picked":["Replay:Grab Bag","Replay:Bronze Core"],"picked":"vexMod:RockOfEvil"},{"not_picked":["hubris:TerracottaHorce","Tiny House"],"picked":"hubris:HollowSoul"}],"items_purged_floors":[21,36,46],"is_endless":false,"potions_floor_spawned":[1,12,13,14,16,18,24,28,33,42,44,50],"ascension_level":0}}