{"host":"07ljfmttuzqopd7f","time":1608073772,"event":{"mods":["2.2 Compatiblity","BaseMod","Bestiary","Block Reminder","Colored Map","Colored Powertips","Curses Come First","Hermit","Minty Spire (QoL Compilation)","Quick Restart","Random Character Button","Rare Cards Sparkle","Relic Stats","StSLib","The Cursed","UnlockEverythingMod"],"gold_per_floor":[114,189,201,49,49,49,84,84,158,170,180,198,198,29,29,128,128,138,138,53,8,8,34,34,34,59,73,91,91,102,113,113,208,208,228,228,241,251,28,63,63,95,95,114,129,139,139,27,27,27],"floor_reached":51,"playtime":2905,"items_purged":["TheCursedMod:Strike_TheCursed","TheCursedMod:Strike_TheCursed"],"score":970,"play_id":"2feb8be0-4f41-4889-9f46-232af645e7a2","local_time":"20201215180932","is_ascension_mode":true,"campfire_choices":[{"data":"TheCursedMod:SpitefulPlan","floor":6,"key":"SMITH"},{"floor":8,"key":"REST"},{"data":"TheCursedMod:WearCloak","floor":13,"key":"SMITH"},{"floor":15,"key":"REST"},{"data":"TheCursedMod:LuckyCharm","floor":25,"key":"SMITH"},{"data":"TheCursedMod:CursedRelics","floor":29,"key":"SMITH"},{"data":"TheCursedMod:PrepareRite","floor":32,"key":"SMITH"},{"data":"TheCursedMod:CursedBoomerang","floor":41,"key":"SMITH"},{"data":"TheCursedMod:AntiAging","floor":47,"key":"SMITH"},{"floor":49,"key":"REST"}],"circlet_count":0,"master_deck":["TheCursedMod:Defend_TheCursed","TheCursedMod:Defend_TheCursed","TheCursedMod:Defend_TheCursed","TheCursedMod:Defend_TheCursed","TheCursedMod:CursedWand","TheCursedMod:CleanUpWorkshop","TheCursedMod:Dregs","TheCursedMod:SpitefulPlan+1","TheCursedMod:WearCloak+1","TheCursedMod:DemonSword","TheCursedMod:LuckyCharm+1","TheCursedMod:CursedShiv","TheCursedMod:SmokeScreen","TheCursedMod:CursedShiv","TheCursedMod:CursedArmor","TheCursedMod:CursedRelics+1","TheCursedMod:PrepareRite+1","Bite","Bite","Bite","Bite","Bite","TheCursedMod:CursedBlade","Decay","Clumsy","TheCursedMod:RapidMovement","TheCursedMod:AntiAging+1","TheCursedMod:CursedBoomerang+1","Pain","TheCursedMod:ReleasedStrength","TheCursedMod:LuckyCharm","Regret","TheCursedMod:SoulReap+1","TheCursedMod:HellfireBreathing","TheCursedMod:CircleOfWindfury"],"relics":["TheCursedMod:BlackMagic101","Nunchaku","TheCursedMod:BloodyHarpoon","Bottled Flame","Cursed Key","Singing Bowl","TheCursedMod:CrystalBall","Bag of Marbles","TheCursedMod:FourLeafCloverCharm","WarpedTongs","Lee\u0027s Waffle","Strawberry","Bottled Lightning","InkBottle"],"acts_visited":["Exordium","TheCity","TheBeyond"],"potions_floor_usage":[23,44,50],"damage_taken":[{"damage":7,"enemies":"2 Louse","floor":1,"turns":3},{"damage":8,"enemies":"Small Slimes","floor":3,"turns":4},{"damage":26,"enemies":"3 Sentries","floor":7,"turns":9},{"damage":5,"enemies":"Cultist","floor":10,"turns":4},{"damage":11,"enemies":"Lots of Slimes","floor":11,"turns":5},{"damage":4,"enemies":"2 Fungi Beasts","floor":12,"turns":4},{"damage":5,"enemies":"Slime Boss","floor":16,"turns":12},{"damage":11,"enemies":"Spheric Guardian","floor":18,"turns":5},{"damage":23,"enemies":"Book of Stabbing","floor":23,"turns":8},{"damage":9,"enemies":"Shell Parasite","floor":27,"turns":3},{"damage":6,"enemies":"Snake Plant","floor":28,"turns":4},{"damage":0,"enemies":"Centurion and Healer","floor":30,"turns":4},{"damage":8,"enemies":"Snecko","floor":31,"turns":4},{"damage":16,"enemies":"Champ","floor":33,"turns":10},{"damage":5,"enemies":"Orb Walker","floor":35,"turns":5},{"damage":39,"enemies":"3 Darklings","floor":37,"turns":5},{"damage":10,"enemies":"Sphere and 2 Shapes","floor":38,"turns":6},{"damage":21,"enemies":"Nemesis","floor":40,"turns":9},{"damage":44,"enemies":"Giant Head","floor":42,"turns":10},{"damage":34,"enemies":"4 Shapes","floor":44,"turns":8},{"damage":17,"enemies":"Spire Growth","floor":45,"turns":6},{"damage":25,"enemies":"3 Darklings","floor":46,"turns":6},{"damage":30,"enemies":"Time Eater","floor":50,"turns":11}],"seed_played":"-4916614145492826824","potions_obtained":[{"floor":3,"key":"Strength Potion"},{"floor":11,"key":"Dexterity Potion"},{"floor":12,"key":"Block Potion"},{"floor":30,"key":"FearPotion"},{"floor":31,"key":"LiquidBronze"},{"floor":33,"key":"SmokeBomb"},{"floor":42,"key":"DistilledChaos"},{"floor":45,"key":"ColorlessPotion"}],"is_trial":false,"path_per_floor":["M","?","M","$","?","R","E","R","T","M","M","M","R","$","R","B",null,"M","?","?","$","?","E","$","R","T","M","M","R","M","M","R","B",null,"M","?","M","M","$","E","R","E","T","M","M","M","R","$","R","B",null],"character_chosen":"THE_CURSED","items_purchased":["TheCursedMod:DemonSword","TheCursedMod:CursedArmor","TheCursedMod:CursedBlade","Lee\u0027s Waffle","TheCursedMod:LuckyCharm","TheCursedMod:HellfireBreathing","TheCursedMod:CircleOfWindfury"],"campfire_rested":3,"item_purchase_floors":[4,14,21,39,39,48,48],"current_hp_per_floor":[68,57,51,51,51,51,27,49,49,46,37,35,35,35,57,54,75,64,64,64,64,64,63,63,63,63,62,66,66,78,79,79,83,83,84,84,61,59,96,99,99,88,88,66,72,69,69,69,105,109],"gold":27,"neow_bonus":"RANDOM_COMMON_RELIC","is_daily":false,"chose_seed":false,"campfire_upgraded":7,"win_rate":0.0,"timestamp":1608073772,"path_taken":["M","?","M","$","?","R","E","R","T","M","M","?","R","?","R","BOSS","M","?","?","$","?","E","?","R","T","M","M","R","M","M","R","BOSS","M","?","M","?","?","E","R","E","T","M","M","M","R","$","R","BOSS"],"items_purchased_type":["Card","Card","Card","Relic","Card","Card","Card"],"build_version":"2020-12-13","purchased_purges":2,"victory":true,"max_hp_per_floor":[75,75,75,75,75,75,75,75,75,75,75,75,75,75,75,75,75,75,75,75,75,75,77,77,77,77,79,79,79,81,83,83,83,83,85,85,87,89,96,107,107,112,112,114,118,123,123,123,123,126],"relic_stats":{"Nunchaku":[29],"Lee\u0027s Waffle":37,"Singing Bowl":18,"counters":[23,145],"Cursed Key":2,"obtain_stats":[{"TheCursedMod:BloodyHarpoon":7,"TheCursedMod:BlackMagic101":0,"TheCursedMod:FourLeafCloverCharm":34,"Lee\u0027s Waffle":39,"Singing Bowl":20,"Cursed Key":17,"WarpedTongs":36,"Blood Vial":0,"Nunchaku":5,"Bottled Flame":9,"Strawberry":40,"TheCursedMod:CrystalBall":23,"Bag of Marbles":26,"Bottled Lightning":42,"InkBottle":43},{"TheCursedMod:BloodyHarpoon":3,"TheCursedMod:BlackMagic101":0,"TheCursedMod:FourLeafCloverCharm":14,"Lee\u0027s Waffle":17,"Singing Bowl":8,"Cursed Key":7,"WarpedTongs":15,"Blood Vial":0,"Nunchaku":2,"Bottled Flame":3,"Strawberry":18,"TheCursedMod:CrystalBall":9,"Bag of Marbles":9,"Bottled Lightning":19,"InkBottle":19},{"TheCursedMod:BloodyHarpoon":16,"TheCursedMod:BlackMagic101":0,"TheCursedMod:FourLeafCloverCharm":79,"Lee\u0027s Waffle":95,"Singing Bowl":46,"Cursed Key":41,"WarpedTongs":84,"Blood Vial":0,"Nunchaku":7,"Bottled Flame":16,"Strawberry":104,"TheCursedMod:CrystalBall":54,"Bag of Marbles":54,"Bottled Lightning":114,"InkBottle":114}],"InkBottle":[13],"WarpedTongs":[61]},"card_choices":[{"not_picked":["TheCursedMod:CursedAmulet","TheCursedMod:FuryStrike"],"picked":"TheCursedMod:SpitefulPlan","floor":1},{"not_picked":["TheCursedMod:SaltUponWound","TheCursedMod:CircleOfAmplification"],"picked":"TheCursedMod:WearCloak","floor":3},{"not_picked":["TheCursedMod:CursedShiv","TheCursedMod:CursedRelics"],"picked":"TheCursedMod:LuckyCharm","floor":7},{"not_picked":["TheCursedMod:CircleOfFocus","TheCursedMod:TacticalStrike"],"picked":"TheCursedMod:CursedShiv","floor":10},{"not_picked":["TheCursedMod:FuryStrike","TheCursedMod:Stretching"],"picked":"TheCursedMod:SmokeScreen","floor":11},{"not_picked":["TheCursedMod:Stretching","TheCursedMod:ReleasedKnowledge"],"picked":"TheCursedMod:CursedShiv","floor":12},{"not_picked":["TheCursedMod:OutForBlood","TheCursedMod:ForbiddenAlchemy"],"picked":"TheCursedMod:CursedRelics","floor":16},{"not_picked":["TheCursedMod:SpitefulStrike+1","TheCursedMod:CircleOfCorruption"],"picked":"TheCursedMod:PrepareRite","floor":18},{"not_picked":["TheCursedMod:PrepareRite","TheCursedMod:ReleasedKnowledge","TheCursedMod:Grudge"],"picked":"Singing Bowl","floor":23},{"not_picked":["TheCursedMod:Obscuration+1","TheCursedMod:Grudge","TheCursedMod:CircleOfFocus"],"picked":"Singing Bowl","floor":27},{"not_picked":["TheCursedMod:SoulCrush","TheCursedMod:SpitefulStrike+1"],"picked":"TheCursedMod:RapidMovement","floor":28},{"not_picked":["TheCursedMod:VitalStrike","TheCursedMod:Obscuration","TheCursedMod:CursedShiv"],"picked":"Singing Bowl","floor":30},{"not_picked":["TheCursedMod:CircleOfCorruption","TheCursedMod:SaltUponWound","TheCursedMod:CursedAmulet"],"picked":"Singing Bowl","floor":31},{"not_picked":["TheCursedMod:OutForBlood","TheCursedMod:Neurasthenia"],"picked":"TheCursedMod:AntiAging","floor":33},{"not_picked":["TheCursedMod:CursedMace","TheCursedMod:CircleOfCorruption"],"picked":"TheCursedMod:CursedBoomerang","floor":35},{"not_picked":["TheCursedMod:SmokeScreen+1","TheCursedMod:CircleOfBlood"],"picked":"TheCursedMod:ReleasedStrength","floor":37},{"not_picked":["TheCursedMod:FleshFromBone","TheCursedMod:TacticalStrike","TheCursedMod:WearCloak+1"],"picked":"Singing Bowl","floor":38},{"not_picked":["TheCursedMod:ReleasedStrength+1","TheCursedMod:CursedRelics","TheCursedMod:RapidMovement+1"],"picked":"Singing Bowl","floor":40},{"not_picked":["TheCursedMod:FleshFromBone+1","TheCursedMod:TacticalStrike","TheCursedMod:SpitefulStrike"],"picked":"Singing Bowl","floor":42},{"not_picked":["TheCursedMod:WearCloak+1","TheCursedMod:RavingStaff"],"picked":"TheCursedMod:SoulReap+1","floor":44},{"not_picked":["TheCursedMod:Torture","TheCursedMod:RapidMovement","TheCursedMod:SpitefulPlan+1"],"picked":"Singing Bowl","floor":45},{"not_picked":["TheCursedMod:CursedBlade+1","TheCursedMod:SurpriseAttack","TheCursedMod:Wield+1"],"picked":"Singing Bowl","floor":46}],"player_experience":419257,"relics_obtained":[{"floor":7,"key":"TheCursedMod:BloodyHarpoon"},{"floor":9,"key":"Bottled Flame"},{"floor":23,"key":"TheCursedMod:CrystalBall"},{"floor":26,"key":"Bag of Marbles"},{"floor":40,"key":"Strawberry"},{"floor":42,"key":"Bottled Lightning"},{"floor":43,"key":"InkBottle"}],"event_choices":[{"damage_healed":0,"gold_gain":75,"player_choice":"Gather Gold","damage_taken":11,"max_hp_gain":0,"max_hp_loss":0,"event_name":"World of Goop","floor":2,"gold_loss":0},{"damage_healed":0,"gold_gain":0,"player_choice":"Gave Potion","damage_taken":0,"relics_obtained":["Nunchaku"],"max_hp_gain":0,"max_hp_loss":0,"event_name":"WeMeetAgain","floor":5,"gold_loss":0},{"damage_healed":0,"gold_gain":0,"player_choice":"Became a vampire (Vial)","damage_taken":0,"max_hp_gain":0,"max_hp_loss":0,"event_name":"Vampires","floor":19,"relics_lost":["Blood Vial"],"gold_loss":0,"cards_obtained":["Bite","Bite","Bite","Bite","Bite"]},{"damage_healed":0,"gold_gain":0,"player_choice":"Obtained Relic","damage_taken":0,"relics_obtained":["Singing Bowl"],"max_hp_gain":0,"max_hp_loss":0,"event_name":"Addict","floor":20,"gold_loss":85},{"damage_healed":0,"gold_gain":0,"player_choice":"Smashed Altar","damage_taken":0,"max_hp_gain":0,"max_hp_loss":0,"event_name":"Forgotten Altar","floor":22,"gold_loss":0,"cards_obtained":["Decay"]},{"damage_healed":0,"gold_gain":0,"player_choice":"Rummage","damage_taken":0,"relics_obtained":["WarpedTongs"],"max_hp_gain":0,"max_hp_loss":0,"event_name":"Accursed Blacksmith","floor":36,"gold_loss":0,"cards_obtained":["Pain"]}],"is_beta":false,"boss_relics":[{"not_picked":["SlaversCollar","SacredBark"],"picked":"Cursed Key"},{"not_picked":["TheCursedMod:BlackMagicAdvanced","Runic Dome"],"picked":"TheCursedMod:FourLeafCloverCharm"}],"items_purged_floors":[4,14],"is_endless":false,"potions_floor_spawned":[3,11,12,30,31,33,35,40,42,45],"ascension_level":2}}