{"host":"thovpxgnyjc4psom","time":1608021905,"event":{"mods":["AchievementEnabler","BaseMod","Block Reminder","Colored Powertips","Highlight Path","Keyboard Shortcuts","Minty Spire (QoL Compilation)","MonsterHotkey","Quick Restart","Random Character Button","Rare Cards Sparkle","Relic Sorter","Relic Stats"],"gold_per_floor":[109,59,74,86,86,86,119,119,201,212,212,212,228,228,228,228,228],"floor_reached":16,"playtime":473,"items_purged":[],"score":165,"play_id":"62c59cef-6652-42ef-a6c5-99ed8fedda1b","local_time":"20201215094505","is_ascension_mode":true,"campfire_choices":[{"data":"Neutralize","floor":6.0,"key":"SMITH"},{"data":"Doppelganger","floor":8.0,"key":"SMITH"},{"data":"Calculated Gamble","floor":12,"key":"SMITH"},{"floor":15,"key":"REST"}],"circlet_count":0,"master_deck":["AscendersBane","Strike_G+1","Strike_G","Strike_G","Strike_G","Defend_G","Defend_G","Defend_G","Defend_G","Defend_G","Survivor+1","Neutralize+1","Swift Strike","Poisoned Stab","Backstab","Calculated Gamble+1","Doppelganger+1","Quick Slash","Footwork"],"relics":["Ring of the Snake","MealTicket","Shuriken","Incense Burner"],"acts_visited":["Exordium"],"potions_floor_usage":[14],"damage_taken":[{"damage":7.0,"enemies":"Jaw Worm","floor":1.0,"turns":6.0},{"damage":0.0,"enemies":"Small Slimes","floor":3.0,"turns":4.0},{"damage":0.0,"enemies":"2 Louse","floor":4.0,"turns":2.0},{"damage":29.0,"enemies":"Gremlin Nob","floor":7.0,"turns":5.0},{"damage":0,"enemies":"Exordium Wildlife","floor":10,"turns":3},{"damage":0,"enemies":"Blue Slaver","floor":13,"turns":2},{"damage":47,"enemies":"Hexaghost","floor":16,"turns":11}],"seed_played":"6697889032116005131","potions_obtained":[{"floor":13,"key":"Fruit Juice"}],"is_trial":false,"path_per_floor":["M","?","M","M","?","R","E","R","T","M","T","R","M","?","R","B"],"character_chosen":"THE_SILENT","items_purchased":[],"campfire_rested":1,"item_purchase_floors":[],"current_hp_per_floor":[56,56,56,56,56,56,27,27,27,27,27,27,27,18,40,0,0],"gold":228,"neow_bonus":"RANDOM_COLORLESS","is_daily":false,"chose_seed":false,"campfire_upgraded":3,"win_rate":0.0,"timestamp":1608021905,"path_taken":["M","?","M","M","?","R","E","R","T","M","?","R","M","?","R","BOSS"],"items_purchased_type":[],"build_version":"2020-12-13","purchased_purges":0,"victory":false,"max_hp_per_floor":[70,70,70,70,70,70,70,70,70,70,70,70,70,75,75,75,75],"relic_stats":{"counters":[7,33],"Shuriken":[10],"MealTicket":0,"obtain_stats":[{"Shuriken":9,"MealTicket":7,"Incense Burner":11,"Ring of the Snake":0},{"Shuriken":4,"MealTicket":4,"Incense Burner":5,"Ring of the Snake":0},{"Shuriken":17,"MealTicket":17,"Incense Burner":20,"Ring of the Snake":0}],"Ring of the Snake":[14]},"card_choices":[{"not_picked":["Forethought","Panacea"],"picked":"Swift Strike","floor":0.0},{"not_picked":["Catalyst","Tactician"],"picked":"Poisoned Stab","floor":1.0},{"not_picked":["Bane","PiercingWail"],"picked":"Backstab","floor":3.0},{"not_picked":["Infinite Blades","Finisher"],"picked":"Calculated Gamble","floor":4.0},{"not_picked":["Dagger Spray","Escape Plan"],"picked":"Doppelganger","floor":7.0},{"not_picked":["Outmaneuver","Flying Knee"],"picked":"Quick Slash","floor":10},{"not_picked":["Bane","Flying Knee"],"picked":"Footwork","floor":13}],"player_experience":885244,"relics_obtained":[{"floor":7.0,"key":"MealTicket"},{"floor":9.0,"key":"Shuriken"},{"floor":11,"key":"Incense Burner"}],"event_choices":[{"cards_removed":["Strike_G"],"damage_healed":0.0,"max_hp_gain":0.0,"max_hp_loss":0.0,"gold_gain":0.0,"event_name":"The Cleric","player_choice":"Card Removal","floor":2.0,"gold_loss":50.0,"damage_taken":0.0},{"damage_healed":0.0,"max_hp_gain":0.0,"max_hp_loss":0.0,"gold_gain":0.0,"event_name":"Liars Game","player_choice":"Ignored","floor":5.0,"gold_loss":0.0,"damage_taken":0.0},{"damage_healed":0,"gold_gain":0,"player_choice":"Entered Light","damage_taken":14,"max_hp_gain":0,"max_hp_loss":0,"event_name":"Shining Light","floor":14,"gold_loss":0,"cards_upgraded":["Strike_G","Survivor"]}],"is_beta":false,"boss_relics":[],"items_purged_floors":[],"is_endless":false,"potions_floor_spawned":[13],"killed_by":"Hexaghost","ascension_level":13}}