{"host":"8rgizj6m5sl53afx","time":1608028402,"event":{"mods":["AchievementEnabler","BaseMod","Colored Map","Minty Spire (QoL Compilation)","Permanent Neow","Relic Stats","Slay-I","StSLib","SuperFastMode"],"gold_per_floor":[115,40,40,40,51,86,86,5,29,29,29,46,46,110,110,110,110],"floor_reached":16,"playtime":333,"items_purged":["Regret"],"score":115,"play_id":"ea0f22b2-4ce6-42a0-a2c5-ef075e850652","local_time":"20201215193322","is_ascension_mode":true,"campfire_choices":[{"data":"Flex","floor":7,"key":"SMITH"},{"floor":11,"key":"REST"},{"floor":15,"key":"REST"}],"circlet_count":0,"master_deck":["Strike_R","Strike_R","Strike_R","Strike_R","Strike_R","Defend_R","Defend_R","Defend_R","Defend_R","Bash","Offering","Pommel Strike","Flex+1","Seeing Red","True Grit","Armaments"],"relics":["Burning Blood","Juzu Bracelet","Omamori","Golden Idol","Potion Belt"],"acts_visited":["Exordium"],"potions_floor_usage":[6,14,14],"damage_taken":[{"damage":7,"enemies":"Small Slimes","floor":1,"turns":5},{"damage":8,"enemies":"2 Louse","floor":5,"turns":2},{"damage":51,"enemies":"3 Sentries","floor":6,"turns":12},{"damage":6,"enemies":"Cultist","floor":12,"turns":4},{"damage":47,"enemies":"3 Sentries","floor":14,"turns":9},{"damage":64,"enemies":"Slime Boss","floor":16,"turns":10}],"seed_played":"3621412190253817676","potions_obtained":[{"floor":4,"key":"FearPotion"},{"floor":4,"key":"BloodPotion"},{"floor":4,"key":"Swift Potion"},{"floor":12,"key":"LiquidBronze"}],"is_trial":false,"path_per_floor":["M","$","?","?","M","E","R","$","T","?","R","M","?","?","R","B"],"character_chosen":"IRONCLAD","items_purchased":["Seeing Red"],"campfire_rested":2,"item_purchase_floors":[8],"current_hp_per_floor":[79,79,84,84,82,37,37,37,37,37,62,62,62,36,59,0,0],"gold":110,"neow_bonus":"THREE_RARE_CARDS","is_daily":false,"chose_seed":false,"campfire_upgraded":1,"win_rate":0.0,"timestamp":1608028402,"path_taken":["M","$","?","?","M","E","R","$","T","?","R","M","?","?","R","BOSS"],"items_purchased_type":["Card"],"build_version":"2020-12-13","purchased_purges":1,"victory":false,"max_hp_per_floor":[80,80,85,85,85,85,85,85,85,85,85,85,79,79,79,79,79],"relic_stats":{"counters":[6,42],"Golden Idol":7,"Juzu Bracelet":1,"obtain_stats":[{"Potion Belt":14,"Golden Idol":13,"Juzu Bracelet":6,"Omamori":9,"Burning Blood":0},{"Potion Belt":5,"Golden Idol":4,"Juzu Bracelet":3,"Omamori":3,"Burning Blood":0},{"Potion Belt":32,"Golden Idol":23,"Juzu Bracelet":19,"Omamori":19,"Burning Blood":0}],"Burning Blood":30},"card_choices":[{"not_picked":["Brutality","Feed"],"picked":"Offering","floor":0},{"not_picked":["Body Slam","Battle Trance"],"picked":"Pommel Strike","floor":1},{"not_picked":["Thunderclap","Twin Strike"],"picked":"Flex","floor":5},{"not_picked":["Warcry","Twin Strike","Thunderclap"],"picked":"SKIP","floor":6},{"not_picked":["Shockwave","Flame Barrier"],"picked":"True Grit","floor":12},{"not_picked":["Twin Strike","Headbutt"],"picked":"Armaments","floor":14}],"player_experience":230739,"relics_obtained":[{"floor":6,"key":"Juzu Bracelet"},{"floor":9,"key":"Omamori"},{"floor":14,"key":"Potion Belt"}],"event_choices":[{"damage_healed":0,"gold_gain":0,"player_choice":"Donut","damage_taken":0,"max_hp_gain":5,"max_hp_loss":0,"event_name":"Big Fish","floor":3,"gold_loss":0},{"damage_healed":0,"gold_gain":0,"player_choice":"Got Potions","damage_taken":0,"max_hp_gain":0,"max_hp_loss":0,"event_name":"Lab","floor":4,"gold_loss":0},{"damage_healed":0,"gold_gain":0,"player_choice":"Ignored","damage_taken":0,"max_hp_gain":0,"max_hp_loss":0,"event_name":"Shining Light","floor":10,"gold_loss":0},{"damage_healed":0,"gold_gain":0,"player_choice":"Lose Max HP","damage_taken":0,"relics_obtained":["Golden Idol"],"max_hp_gain":0,"max_hp_loss":6,"event_name":"Golden Idol","floor":13,"gold_loss":0},{"damage_healed":0,"gold_gain":30,"player_choice":"Searched \u00273\u0027 times","damage_taken":0,"max_hp_gain":0,"max_hp_loss":0,"event_name":"Dead Adventurer","floor":14,"gold_loss":0}],"is_beta":false,"boss_relics":[],"items_purged_floors":[2],"is_endless":false,"potions_floor_spawned":[5,12],"killed_by":"Slime Boss","ascension_level":4}}