{"host":"5uvzo7moqy5vd63g","time":1608053915,"event":{"mods":["Aspiration","BaseMod","Conspire","Dio Mod","Downfall","Hermit","Hubris","Jedi Mod","Jorbs\u0027s Wanderer Trilogy","Mimic Mod","Minty Spire (QoL Compilation)","Replay The Spire","StSLib","The Animator","Wandering Minibosses"],"gold_per_floor":[111,122,122,122,147,176,212,212,250,250,281,19,19,49,49,148,148,179,191,191,191,191],"floor_reached":21,"playtime":1856,"items_purged":[],"score":234,"play_id":"55d08cda-3ccf-4ab0-b618-e13f24bb8441","local_time":"20201215123835","is_ascension_mode":true,"campfire_choices":[{"data":"animator:Pride","floor":8,"key":"SMITH"},{"data":"animator:Kira","floor":13,"key":"SMITH"}],"circlet_count":0,"master_deck":["animator:Strike_FullmetalAlchemist","animator:Defend_FullmetalAlchemist","animator:Strike","animator:Strike","animator:Defend","animator:Defend","animator:ElricEdward","animator:ElricAlphonse","animator:Add","animator:CowGirl","animator:Pride+1","animator:WinryRockbell+1","animator:ElricEdward","animator:ElricEdward","animator:WinryRockbell","animator:Kira+1","animator:Magilou","animator:Kagari","animator:Priestess","animator:Guren","animator:MaesHughes","animator:WinryRockbell"],"relics":["animator:LivingPicture","animator:TheMissingPiece","animator:PurgingStone","NeowsBlessing","Oddly Smooth Stone","aspiration:HiddenCompartment","Garlic","Bronze Scales","Ring of Chaos","Nloth\u0027s Gift"],"acts_visited":["Exordium","TheCity"],"potions_floor_usage":[6,21],"damage_taken":[{"damage":0,"enemies":"Jaw Worm","floor":1,"turns":1},{"damage":0,"enemies":"Cultist","floor":2,"turns":1},{"damage":0,"enemies":"2 Louse","floor":5,"turns":1},{"damage":24,"enemies":"Lagavulin","floor":6,"turns":6},{"damage":6,"enemies":"Looter","floor":7,"turns":5},{"damage":0,"enemies":"Looter","floor":9,"turns":4},{"damage":12,"enemies":"Gremlin Nob","floor":11,"turns":4},{"damage":0,"enemies":"Looter","floor":14,"turns":3},{"damage":16,"enemies":"Slime Boss","floor":16,"turns":7},{"damage":28,"enemies":"Chosen","floor":18,"turns":6},{"damage":0,"enemies":"Shell Parasite","floor":19,"turns":7},{"damage":38,"enemies":"3 Cultists","floor":21,"turns":5}],"seed_played":"1025475485703657621","potions_obtained":[{"floor":2,"key":"jedi:tentaclejuice"},{"floor":6,"key":"Venom Potion"},{"floor":11,"key":"Adrenaline Potion"},{"floor":14,"key":"Strength Potion"}],"is_trial":false,"path_per_floor":["M","M","?","?","M","E","MIM","R","MIM","?","E","$","R","M","R","B",null,"M","M","?","M"],"character_chosen":"THE_ANIMATOR","items_purchased":["Bronze Scales","ReplayTheSpireMod:ShopPack"],"campfire_rested":0,"item_purchase_floors":[12,12],"current_hp_per_floor":[66,66,59,59,59,36,30,30,30,35,23,23,23,23,44,28,61,33,33,33,0,0],"gold":191,"neow_bonus":"THREE_ENEMY_KILL","is_daily":false,"chose_seed":false,"campfire_upgraded":2,"win_rate":0.0,"timestamp":1608053915,"path_taken":["M","M","?","?","?","E","?","R","MIM","?","E","?","R","M","R","BOSS","M","M","?","?"],"items_purchased_type":["Relic","Relic"],"build_version":"2020-12-13","purchased_purges":0,"victory":false,"max_hp_per_floor":[66,66,66,66,66,67,67,67,67,72,72,72,72,72,72,72,72,72,72,72,72,72],"card_choices":[{"not_picked":["animator:ZankiKiguchi","animator:Guy"],"picked":"animator:Add","floor":1},{"not_picked":["animator:Mitsuba","animator:Ciel","animator:TsurugaMeisai"],"picked":"SKIP","floor":2},{"not_picked":["animator:SayakaMiki","animator:ElricAlphonse"],"picked":"animator:Pride","floor":5},{"not_picked":["animator:Pride","animator:Gluttony"],"picked":"animator:WinryRockbell","floor":6},{"not_picked":["animator:ElricAlphonse","animator:ChaikaBohdan"],"picked":"animator:ElricEdward","floor":7},{"not_picked":["animator:TukaLunaMarceau","animator:HighElfArcher"],"picked":"animator:ElricEdward","floor":9},{"not_picked":["animator:Shichika","animator:Rena"],"picked":"animator:WinryRockbell","floor":11},{"not_picked":["animator:Hibiki","animator:HarukoHaruhara"],"picked":"animator:Kira","floor":12},{"not_picked":["animator:Canti","animator:Zero"],"picked":"animator:Magilou","floor":12},{"not_picked":["animator:LimeBell","animator:TakanashiRikka"],"picked":"animator:Kagari","floor":12},{"not_picked":["animator:Cocytus","animator:ChaikaBohdan"],"picked":"animator:Priestess","floor":14},{"not_picked":["animator:Envy","animator:Kyubey"],"picked":"animator:Guren","floor":16},{"not_picked":["animator:ElricAlphonse","animator:IrohaTamaki+1"],"picked":"animator:MaesHughes","floor":18},{"not_picked":["animator:ElricAlphonse","animator:RoyMustang"],"picked":"animator:WinryRockbell","floor":19}],"player_experience":1323128,"relics_obtained":[{"floor":6,"key":"Oddly Smooth Stone"},{"floor":9,"key":"aspiration:HiddenCompartment"},{"floor":11,"key":"Garlic"}],"event_choices":[{"cards_removed":["animator:Strike"],"damage_healed":0,"gold_gain":0,"player_choice":"Card Removal","damage_taken":7,"max_hp_gain":0,"max_hp_loss":0,"event_name":"Golden Wing","floor":3,"gold_loss":0},{"damage_healed":0,"gold_gain":0,"cards_transformed":["animator:Defend"],"player_choice":"Transformed","damage_taken":0,"max_hp_gain":0,"max_hp_loss":0,"event_name":"Transmorgrifier","floor":4,"gold_loss":0,"cards_obtained":["animator:CowGirl"]},{"damage_healed":0,"gold_gain":0,"player_choice":"Donut","damage_taken":0,"max_hp_gain":5,"max_hp_loss":0,"event_name":"Big Fish","floor":10,"gold_loss":0},{"damage_healed":0,"gold_gain":0,"player_choice":"Traded Relic","damage_taken":0,"relics_obtained":["Nloth\u0027s Gift"],"max_hp_gain":0,"max_hp_loss":0,"event_name":"N\u0027loth","floor":20,"relics_lost":["ReplayTheSpireMod:ShopPack"],"gold_loss":0}],"is_beta":false,"boss_relics":[{"not_picked":["hubris:Stopwatch","Ectoplasm"],"picked":"Ring of Chaos"}],"items_purged_floors":[],"is_endless":false,"potions_floor_spawned":[2,6,11,14,19],"killed_by":"3 Cultists","ascension_level":5}}