{"host":"dth8fvkfiulu86fi","time":1608058323,"event":{"mods":["2.2 Compatiblity","AchievementEnabler","BaseMod","Better Third Choice","Colored Map","Colored Powertips","Minty Spire (QoL Compilation)","Rare Cards Sparkle","StSLib","SuperFastMode","Synergy Search"],"gold_per_floor":[113,113,123,133,151,176,195,195,195],"floor_reached":8,"playtime":299,"items_purged":[],"score":69,"play_id":"37c507c6-ee35-444d-921b-8bf371c930d5","local_time":"20201215195203","is_ascension_mode":true,"campfire_choices":[],"circlet_count":0,"master_deck":["Strike_G","Strike_G","Strike_G","Strike_G","Strike_G","Defend_G","Defend_G","Defend_G","Defend_G","Defend_G","Survivor+1","Neutralize","Crippling Poison","PiercingWail+1","Slice","Backflip"],"relics":["Ring of the Snake","NeowsBlessing","War Paint"],"acts_visited":["Exordium"],"potions_floor_usage":[3,6,6,6],"damage_taken":[{"damage":0,"enemies":"Jaw Worm","floor":1,"turns":1},{"damage":0,"enemies":"Cultist","floor":3,"turns":1},{"damage":0,"enemies":"2 Louse","floor":4,"turns":1},{"damage":14,"enemies":"Looter","floor":5,"turns":3},{"damage":32,"enemies":"Lagavulin","floor":6,"turns":8},{"damage":10,"enemies":"Blue Slaver","floor":7,"turns":4},{"damage":31,"enemies":"Gremlin Nob","floor":8,"turns":4}],"seed_played":"-1520394727263844124","potions_obtained":[{"floor":1,"key":"DuplicationPotion"},{"floor":2,"key":"CunningPotion"},{"floor":2,"key":"DistilledChaos"},{"floor":2,"key":"Fruit Juice"},{"floor":5,"key":"Block Potion"}],"is_trial":false,"path_per_floor":["M","?","M","M","M","E","M","E"],"character_chosen":"THE_SILENT","items_purchased":[],"campfire_rested":0,"item_purchase_floors":[],"current_hp_per_floor":[70,70,75,75,61,29,19,0,0],"gold":195,"neow_bonus":"THREE_ENEMY_KILL","is_daily":false,"chose_seed":false,"campfire_upgraded":0,"win_rate":0.0,"timestamp":1608058323,"path_taken":["M","?","M","M","M","E","?","E"],"items_purchased_type":[],"build_version":"2020-12-13","purchased_purges":0,"victory":false,"max_hp_per_floor":[70,70,75,75,75,75,75,75,75],"card_choices":[{"not_picked":["Deadly Poison","Underhanded Strike"],"picked":"Crippling Poison","floor":1},{"not_picked":["Dagger Spray","All Out Attack"],"picked":"PiercingWail","floor":3},{"not_picked":["Dagger Spray","Blade Dance"],"picked":"Slice","floor":4},{"not_picked":["Flying Knee","Cloak And Dagger","Sucker Punch"],"picked":"SKIP","floor":5},{"not_picked":["Finisher","Sucker Punch"],"picked":"Backflip","floor":6},{"not_picked":["Night Terror","Blade Dance","Underhanded Strike"],"picked":"SKIP","floor":7}],"player_experience":1107627,"relics_obtained":[{"floor":6,"key":"War Paint"}],"event_choices":[{"damage_healed":0,"gold_gain":0,"player_choice":"Got Potions","damage_taken":0,"max_hp_gain":0,"max_hp_loss":0,"event_name":"Lab","floor":2,"gold_loss":0}],"is_beta":false,"boss_relics":[],"items_purged_floors":[],"is_endless":false,"potions_floor_spawned":[1,5],"killed_by":"Gremlin Nob","ascension_level":3}}