{"host":"llpusn9usp8rznkj","time":1608012499,"event":{"mods":["2.2 Compatiblity","BaseMod","Colored Map","Colored Powertips","Conspire","Downfall","Hubris","Minty Spire (QoL Compilation)","Rare Cards Sparkle","Replay The Spire","StSLib","The Cursed"],"gold_per_floor":[115,95,113,113,113,113,142,142,191,116,131,149,168,184,184,258,258,274,274,305,305,320,349,366,366,393,408,408,99,114,114,114],"floor_reached":31,"playtime":2257,"items_purged":["Strike_B"],"score":664,"play_id":"12f6bca9-95fc-44c1-9214-e4d960d896e0","local_time":"20201215010819","is_ascension_mode":true,"campfire_choices":[{"data":"White Noise","floor":6.0,"key":"SMITH"},{"data":"Chaos","floor":8.0,"key":"SMITH"},{"floor":15.0,"key":"REST"},{"data":"Mirror Shield","floor":25.0,"key":"SMITH"},{"data":"Panic Button","floor":28.0,"key":"SMITH"}],"circlet_count":0,"master_deck":["AscendersBane","Defend_B","Defend_B","Defend_B","Zap","Dualcast","Chaos+1","Ball Lightning+1","White Noise+1","ReplayTheSpireMod:Calculation Training+1","Panic Button+1","Auto Shields","Chill","Crystallizer","Mirror Shield+1","Machine Learning+1","Tempest+1","hubris:DoWhile+1","hubris:DoWhile+1","Deep Breath","Deep Breath"],"relics":["Cracked Core","NeowsBlessing","Blue Doll","Orrery","Pen Nib","Gremlin Food","Replay:Grab Bag","conspire:RoyalGoblet","Coffee Dripper","Astrolabe","hubris:HollowSoul","hubris:Towel","Red Mask","Singing Bowl","Replay:Antivirus Software"],"acts_visited":["Exordium","TheCity"],"potions_floor_usage":[],"damage_taken":[{"damage":0.0,"enemies":"Cultist","floor":1.0,"turns":1.0},{"damage":0.0,"enemies":"Small Slimes","floor":3.0,"turns":1.0},{"damage":0.0,"enemies":"Lagavulin","floor":7.0,"turns":1.0},{"damage":2.0,"enemies":"Jaw Worm","floor":11.0,"turns":3.0},{"damage":6.0,"enemies":"Exordium Thugs","floor":12.0,"turns":4.0},{"damage":14.0,"enemies":"Exordium Wildlife","floor":13.0,"turns":6.0},{"damage":7.0,"enemies":"Large Slime","floor":14.0,"turns":4.0},{"damage":15.0,"enemies":"Hexaghost","floor":16.0,"turns":9.0},{"damage":28.0,"enemies":"2 Thieves","floor":18.0,"turns":3.0},{"damage":12.0,"enemies":"Masked Bandits","floor":20.0,"turns":3.0},{"damage":0.0,"enemies":"3 Byrds","floor":22.0,"turns":4.0},{"damage":0.0,"enemies":"Slavers","floor":23.0,"turns":1.0},{"damage":14.0,"enemies":"Centurion and Healer","floor":24.0,"turns":6.0},{"damage":0.0,"enemies":"Cultist and Chosen","floor":27.0,"turns":3.0},{"damage":0.0,"enemies":"Snake Plant","floor":30.0,"turns":1.0},{"damage":19,"enemies":"Chosen and Byrds","floor":31,"turns":5}],"seed_played":"2678205413318798457","potions_obtained":[{"floor":1.0,"key":"Swift Potion"},{"floor":2.0,"key":"FocusPotion"},{"floor":13.0,"key":"SteroidPotion"},{"floor":20.0,"key":"PowerPotion"},{"floor":27.0,"key":"Swift Potion"}],"is_trial":false,"path_per_floor":["M","?","M","$","?","R","E","R","T","?","M","M","M","M","R","B",null,"M","?","?","?","M","E","M","R","T","M","R","$","M","M"],"character_chosen":"DEFECT","items_purchased":["Blue Doll","Orrery","hubris:DoWhile+1","Deep Breath","SkillPotion"],"campfire_rested":1,"item_purchase_floors":[4,4,29,29,29],"current_hp_per_floor":[64,64,64,44,44,44,44,44,44,44,42,36,22,15,36,21,59,31,31,19,13,13,15,3,3,3,5,5,5,7,0,0],"gold":114,"neow_bonus":"THREE_ENEMY_KILL","is_daily":false,"chose_seed":false,"campfire_upgraded":4,"win_rate":0.0,"timestamp":1608012499,"path_taken":["M","?","M","?","?","R","E","R","T","?","M","?","M","M","R","BOSS","M","?","?","?","M","E","M","R","T","M","R","$","M","M"],"items_purchased_type":["Relic","Relic","Card","Card","Potion"],"build_version":"2020-12-13","purchased_purges":1,"victory":false,"max_hp_per_floor":[71,71,71,71,71,71,71,71,71,71,71,71,71,71,71,71,71,71,71,71,71,71,73,75,75,75,77,77,77,79,79,79],"card_choices":[{"not_picked":["Rip and Tear","Fusion"],"picked":"Chaos","floor":1.0},{"not_picked":["ReplaySort","Blizzard","Stack"],"picked":"SKIP","floor":3.0},{"not_picked":["Consume","Beam Cell"],"picked":"Ball Lightning","floor":4.0},{"not_picked":["Rip and Tear","BasicCrystalCard"],"picked":"White Noise","floor":4.0},{"not_picked":["Reprogram","Turbo"],"picked":"ReplayTheSpireMod:Calculation Training","floor":4.0},{"not_picked":["ReplayTheSpireMod:System Scan","Stack"],"picked":"Panic Button","floor":4.0},{"not_picked":["Steam","Barrage"],"picked":"Auto Shields","floor":4.0},{"not_picked":["Turbo","ReplayTheSpireMod:Dual Polarity","Conserve Battery"],"picked":"SKIP","floor":7.0},{"not_picked":["conspire:Rain","Conserve Battery","Ball Lightning"],"picked":"SKIP","floor":11.0},{"not_picked":["Ball Lightning","Steam"],"picked":"Chill","floor":12.0},{"not_picked":["Steam","Static Discharge"],"picked":"Crystallizer","floor":13.0},{"not_picked":["Double Energy","Barrage","Gash"],"picked":"SKIP","floor":14.0},{"not_picked":["Thunder Strike","Hyperbeam"],"picked":"Mirror Shield","floor":16.0},{"not_picked":["ReplayTheSpireMod:GoodbyeWorld+1","Cold Snap","Sweeping Beam"],"picked":"SKIP","floor":18.0},{"not_picked":["Hologram","Blizzard","Recycle"],"picked":"SKIP","floor":22.0},{"not_picked":["ReplayTheSpireMod:System Scan","hubris:Ukulele+1","Meteor Strike"],"picked":"Singing Bowl","floor":23.0},{"not_picked":["Rebound","Leap","Ball Lightning"],"picked":"Singing Bowl","floor":24.0},{"not_picked":["ReplayTheSpireMod:Omega Cannon","Conserve Battery","Defragment"],"picked":"Singing Bowl","floor":27.0},{"not_picked":["Consume","Ball Lightning","Gash"],"picked":"Singing Bowl","floor":30.0}],"player_experience":970323,"relics_obtained":[{"floor":7.0,"key":"Pen Nib"},{"floor":9.0,"key":"Gremlin Food"},{"floor":20.0,"key":"Red Mask"},{"floor":23.0,"key":"Singing Bowl"},{"floor":26.0,"key":"Replay:Antivirus Software"}],"event_choices":[{"damage_healed":0.0,"max_hp_gain":0.0,"max_hp_loss":0.0,"gold_gain":0.0,"event_name":"The Woman in Blue","player_choice":"Bought 1 Potion","floor":2.0,"gold_loss":0.0,"damage_taken":0.0},{"damage_healed":0.0,"max_hp_gain":0.0,"max_hp_loss":0.0,"gold_gain":0.0,"event_name":"Living Wall","player_choice":"Grow","floor":5.0,"gold_loss":0.0,"damage_taken":0.0,"cards_upgraded":["ReplayTheSpireMod:Calculation Training"]},{"cards_removed":["Strike_B"],"damage_healed":0.0,"max_hp_gain":0.0,"max_hp_loss":0.0,"gold_gain":0.0,"event_name":"The Cleric","player_choice":"Card Removal","floor":10.0,"gold_loss":75.0,"damage_taken":0.0},{"damage_healed":0.0,"max_hp_gain":0.0,"max_hp_loss":0.0,"gold_gain":0.0,"event_name":"Masked Bandits","player_choice":"Fought Bandits","floor":20.0,"gold_loss":0.0,"damage_taken":0.0},{"damage_healed":0.0,"max_hp_gain":0.0,"max_hp_loss":0.0,"gold_gain":0.0,"event_name":"Knowing Skull","player_choice":"","floor":21.0,"potions_obtained":[],"gold_loss":0.0,"damage_taken":6.0,"cards_obtained":[]}],"is_beta":false,"boss_relics":[{"not_picked":["Philosopher\u0027s Stone","hubris:Backtick"],"picked":"Replay:Grab Bag"},{"not_picked":["ReplayTheSpireMod:Onyx Gauntlets","Replay:Bronze Core"],"picked":"conspire:RoyalGoblet"},{"not_picked":["Painkiller Herb","Busted Crown"],"picked":"Coffee Dripper"},{"not_picked":["Pandora\u0027s Box","hubris:Stopwatch"],"picked":"Astrolabe"},{"not_picked":["Kintsugi","hubris:BlackHole"],"picked":"hubris:HollowSoul"}],"items_purged_floors":[29],"is_endless":false,"potions_floor_spawned":[1,13,20,27],"killed_by":"Chosen and Byrds","ascension_level":20}}