{"host":"st1kg310ms6sytc5","time":1608045740,"event":{"mods":["Act Like it!","BaseMod","CapriCore","Downfall","Friendly Minions","Minty Spire (QoL Compilation)","Relic Stats","StSLib","SuperFastMode"],"gold_per_floor":[99,127,127,127,161,174,225,238,303,334,334,197,297,316,328,424,424,349,367,414,414,428,457,457,476,476,511,446,461,479,479,492,597,597,522,522,522,552,571,571,597,632,652,577,592,592,605,659,676,676],"floor_reached":51,"playtime":2608,"items_purged":["champ:Strike","champ:HeavySlash"],"score":915,"play_id":"c7b473fe-24b7-4e1e-816a-ad9babadc12d","local_time":"20201215232220","is_ascension_mode":false,"campfire_choices":[{"data":"champ:Execute","floor":1.0,"key":"SMITH"},{"data":"champ:Encircle","floor":18.0,"key":"SMITH"},{"data":"champ:StanceDance","floor":35.0,"key":"SMITH"},{"floor":37.0,"key":"RECALL"},{"data":"champ:AdrenalArmor","floor":44.0,"key":"SMITH"}],"circlet_count":0,"master_deck":["champ:Strike","champ:Strike","champ:Defend","champ:Defend","champ:Defend","champ:Execute+1","champ:Taunt","champ:EndlessRage","champ:AdrenalArmor","champ:RecklessLeap","champ:AdrenalArmor+1","champ:Encircle+1","champ:FanOfKnives","champ:Backstep","champ:StanceDance+1","champ:VampiricStrike","champ:DeathBlow","champ:Control+1","champ:BerserkerStyle","champ:VampiricStrike","champ:SteelEdge","champ:GladiatorsShout","expansioncontent:GoopSpray","expansioncontent:DonusPower","champ:RisingSlash+1"],"relics":["champ:ChampionCrown","downfall:HeartsMalice","Shovel","Anchor","Orichalcum","Dream Catcher","Mango","Runic Dome","downfall:HeartBlessingGreen","Incense Burner","Smiling Mask","Matryoshka","Coffee Dripper","downfall:HeartBlessingBlue","Question Card","hexamod:BolsterEngine","Lantern","Pen Nib","downfall:HeartBlessingRed","Ice Cream"],"acts_visited":["Exordium","TheCity","TheBeyond"],"potions_floor_usage":[],"damage_taken":[{"damage":0.0,"enemies":"3 Sentries","floor":2.0,"turns":1.0},{"damage":0.0,"enemies":"Small Slimes","floor":3.0,"turns":1.0},{"damage":0.0,"enemies":"Cultist","floor":4.0,"turns":1.0},{"damage":64.0,"enemies":"Gremlin Nob","floor":5.0,"turns":5.0},{"damage":26.0,"enemies":"Jaw Worm","floor":6.0,"turns":6.0},{"damage":27.0,"enemies":"Exordium Thugs","floor":8.0,"turns":5.0},{"damage":29.0,"enemies":"Gremlin Nob","floor":9.0,"turns":4.0},{"damage":40.0,"enemies":"3 Sentries","floor":10.0,"turns":8.0},{"damage":36.0,"enemies":"downfall:FleeingMerchant","floor":12.0,"turns":4.0},{"damage":41.0,"enemies":"Large Slime","floor":14.0,"turns":7.0},{"damage":30.0,"enemies":"Blue Slaver","floor":15.0,"turns":5.0},{"damage":92.0,"enemies":"downfall:Defect","floor":16.0,"turns":8.0},{"damage":37.0,"enemies":"Shell Parasite","floor":19.0,"turns":6.0},{"damage":48.0,"enemies":"Shelled Parasite and Fungi","floor":22.0,"turns":7.0},{"damage":103.0,"enemies":"Book of Stabbing","floor":23.0,"turns":6.0},{"damage":43.0,"enemies":"Snecko","floor":25.0,"turns":2.0},{"damage":93.0,"enemies":"Gremlin Leader","floor":27.0,"turns":8.0},{"damage":66.0,"enemies":"downfall:FleeingMerchant","floor":28.0,"turns":4.0},{"damage":55.0,"enemies":"Snake Plant","floor":29.0,"turns":4.0},{"damage":58.0,"enemies":"Shelled Parasite and Fungi","floor":30.0,"turns":3.0},{"damage":52.0,"enemies":"Cultist and Chosen","floor":32.0,"turns":4.0},{"damage":94.0,"enemies":"downfall:Silent","floor":33.0,"turns":7.0},{"damage":129.0,"enemies":"Nemesis","floor":38.0,"turns":7.0},{"damage":37.0,"enemies":"3 Shapes","floor":39.0,"turns":3.0},{"damage":112.0,"enemies":"Reptomancer","floor":42.0,"turns":4.0},{"damage":31.0,"enemies":"Orb Walker","floor":43.0,"turns":3.0},{"damage":47.0,"enemies":"Spire Growth","floor":45.0,"turns":5.0},{"damage":71.0,"enemies":"Transient","floor":47.0,"turns":5.0},{"damage":12.0,"enemies":"2 Orb Walkers","floor":48.0,"turns":3.0},{"damage":42,"enemies":"Writhing Mass","floor":49,"turns":2},{"damage":84,"enemies":"downfall:Watcher","floor":50,"turns":5}],"seed_played":"8658444673308808522","potions_obtained":[{"floor":5.0,"key":"FearPotion"},{"floor":8.0,"key":"SkillPotion"},{"floor":9.0,"key":"Strength Potion"},{"floor":14.0,"key":"Strength Potion"},{"floor":15.0,"key":"Energy Potion"},{"floor":23.0,"key":"SpeedPotion"}],"is_trial":false,"path_per_floor":["R","E","M","M","E","M","T","M","?","E","?","$","?","M","M","B",null,"R","M","T","?","M","E","T","M","?","E","$","M","M","?","M","B",null,"R","?","R","E","M","?","T","E","M","R","M","?","M","?","M","B",null],"character_chosen":"THE_CHAMP","items_purchased":["champ:Backstep"],"campfire_rested":0,"item_purchase_floors":[12],"current_hp_per_floor":[90,90,90,90,58,56,56,58,49,54,54,56,56,62,59,23,104,104,104,104,83,93,76,76,98,98,109,109,109,104,104,109,114,114,124,124,124,124,124,114,114,109,124,124,124,124,124,124,124,124],"gold":676,"neow_bonus":"THREE_ENEMY_KILL","is_daily":false,"chose_seed":false,"campfire_upgraded":4,"win_rate":0.0,"timestamp":1608045740,"path_taken":["R","E","M","M","E","M","T","M","?","E","?","$","?","M","M","BOSS","R","M","?","?","M","E","T","M","?","E","$","M","?","?","M","BOSS","R","?","R","E","M","?","T","E","M","R","M","?","M","?","M","BOSS"],"items_purchased_type":["Card"],"build_version":"2020-12-13","purchased_purges":2,"victory":true,"max_hp_per_floor":[90,90,90,90,90,90,90,90,90,104,104,104,104,104,104,104,104,104,104,104,109,109,109,109,109,109,109,109,109,109,109,109,114,114,124,124,124,124,124,124,124,124,124,124,124,124,124,124,124,124],"relic_stats":{"Dream Catcher":0,"Shovel":0,"counters":[31,140],"Pen Nib":[5],"Orichalcum":[96],"Smiling Mask":50,"Question Card":13,"obtain_stats":[{"Ice Cream":48,"Lantern":41,"downfall:HeartBlessingRed":44,"champ:ChampionCrown":0,"downfall:HeartsMalice":0,"Mango":10,"downfall:HeartBlessingGreen":18,"Pen Nib":42,"Incense Burner":23,"Orichalcum":7,"Smiling Mask":24,"Question Card":38,"Runic Dome":17,"Anchor":5,"Dream Catcher":9,"Shovel":2,"Matryoshka":27,"downfall:HeartBlessingBlue":35,"Coffee Dripper":34,"hexamod:BolsterEngine":41},{"Ice Cream":29,"Lantern":24,"downfall:HeartBlessingRed":26,"champ:ChampionCrown":0,"downfall:HeartsMalice":0,"Mango":8,"downfall:HeartBlessingGreen":12,"Pen Nib":25,"Incense Burner":15,"Orichalcum":5,"Smiling Mask":15,"Question Card":23,"Runic Dome":12,"Anchor":4,"Dream Catcher":7,"Shovel":1,"Matryoshka":17,"downfall:HeartBlessingBlue":22,"Coffee Dripper":22,"hexamod:BolsterEngine":24},{"Ice Cream":133,"Lantern":113,"downfall:HeartBlessingRed":120,"champ:ChampionCrown":0,"downfall:HeartsMalice":0,"Mango":28,"downfall:HeartBlessingGreen":52,"Pen Nib":117,"Incense Burner":71,"Orichalcum":11,"Smiling Mask":71,"Question Card":110,"Runic Dome":52,"Anchor":5,"Dream Catcher":20,"Shovel":0,"Matryoshka":81,"downfall:HeartBlessingBlue":103,"Coffee Dripper":103,"hexamod:BolsterEngine":113}]},"card_choices":[{"not_picked":["champ:Circumvent","champ:CalledShot"],"picked":"champ:EndlessRage","floor":2.0},{"not_picked":["champ:BringItOn","champ:StanceDance"],"picked":"champ:AdrenalArmor","floor":3.0},{"not_picked":["champ:DefensiveShout","champ:PreciseThrust"],"picked":"champ:RecklessLeap","floor":4.0},{"not_picked":["champ:CrookedStrike","champ:GladiatorsShout"],"picked":"champ:AdrenalArmor","floor":5.0},{"not_picked":["champ:BladeFlurry","champ:Balance"],"picked":"champ:HeavySlash","floor":6.0},{"not_picked":["champ:ViciousMockery","champ:GladiatorStyle","champ:FlashCut"],"picked":"SKIP","floor":8.0},{"not_picked":["champ:Circumvent","champ:FlashCut"],"picked":"champ:Encircle","floor":9.0},{"not_picked":["champ:AdrenalArmor","champ:CalledShot"],"picked":"champ:FanOfKnives","floor":10.0},{"not_picked":["champ:CheapShot","champ:FanOfKnives","champ:Duel"],"picked":"SKIP","floor":12.0},{"not_picked":["champ:DefensiveShout","champ:Encircle","champ:BringItOn"],"picked":"SKIP","floor":14.0},{"not_picked":["champ:IronFortress","champ:FightOn"],"picked":"champ:StanceDance","floor":15.0},{"not_picked":["champ:LastStand","champ:Devastate"],"picked":"champ:VampiricStrike","floor":16.0},{"not_picked":["champ:Duel","champ:TornadoPunch","champ:GutPunch+1"],"picked":"SKIP","floor":19.0},{"not_picked":["champ:RecklessLeap+1","champ:DefensiveShout+1"],"picked":"champ:DeathBlow","floor":22.0},{"not_picked":["champ:StanceDance","champ:FocusedGladiator"],"picked":"champ:Control+1","floor":23.0},{"not_picked":["champ:GutPunch","champ:Haymaker+1"],"picked":"champ:BerserkerStyle","floor":25.0},{"not_picked":["champ:Lariat","champ:IronFortress","champ:EnragedBash"],"picked":"SKIP","floor":27.0},{"not_picked":["champ:GutPunch+1","champ:BerserkersShout","champ:Circumvent+1"],"picked":"SKIP","floor":28.0},{"not_picked":["champ:EndlessRage","champ:Circumvent","champ:FocusedGladiator"],"picked":"SKIP","floor":29.0},{"not_picked":["champ:FalseCounter+1","champ:GladiatorsShout+1","champ:BladeFlurry"],"picked":"SKIP","floor":30.0},{"not_picked":["champ:FocusedBerserking","champ:CalledShot"],"picked":"champ:FightOn","floor":32.0},{"not_picked":["champ:VampiricStrike","champ:SwordThrow"],"picked":"champ:SteelEdge","floor":33.0},{"not_picked":["champ:GladiatorStyle","champ:FaceSlap","champ:GladiatorsShout"],"picked":"SKIP","floor":38.0},{"not_picked":["champ:FanOfKnives","champ:RecklessLeap+1","champ:DefensiveShout+1"],"picked":"champ:GladiatorsShout","floor":39.0},{"not_picked":["expansioncontent:Torchfire","expansioncontent:FaceSlap","expansioncontent:DarkVoid"],"picked":"expansioncontent:GoopSpray","floor":40.0},{"not_picked":["expansioncontent:TimeRipple","expansioncontent:DarkVoid","expansioncontent:PolyBeam"],"picked":"expansioncontent:DonusPower","floor":40.0},{"not_picked":["champ:Backstep","champ:FanOfKnives+1","champ:CalledShot+1","champ:HeavySlash"],"picked":"SKIP","floor":42.0},{"not_picked":["champ:Backstep","champ:FanOfKnives+1","champ:CalledShot+1","champ:HeavySlash"],"picked":"SKIP","floor":42.0},{"not_picked":["champ:BringItOn","champ:EndlessRage","champ:TornadoPunch+1"],"picked":"champ:RisingSlash+1","floor":43.0},{"not_picked":["champ:StanceDance","champ:TornadoPunch+1","champ:HeavySlash","champ:FocusedDefense"],"picked":"SKIP","floor":45.0},{"not_picked":["champ:GladiatorsShout","champ:DeathBlow+1","champ:Circumvent","champ:FocusedBerserking+1"],"picked":"SKIP","floor":47.0},{"not_picked":["champ:Lariat+1","champ:BladeFlurry+1","champ:EnGarde+1","champ:FightOn"],"picked":"SKIP","floor":49}],"player_experience":1472259,"relics_obtained":[{"floor":2.0,"key":"Shovel"},{"floor":5.0,"key":"Anchor"},{"floor":7.0,"key":"Orichalcum"},{"floor":9.0,"key":"Dream Catcher"},{"floor":10.0,"key":"Mango"},{"floor":23.0,"key":"Incense Burner"},{"floor":24.0,"key":"Smiling Mask"},{"floor":27.0,"key":"Matryoshka"},{"floor":38.0,"key":"Question Card"},{"floor":41.0,"key":"hexamod:BolsterEngine"},{"floor":41.0,"key":"Lantern"},{"floor":42.0,"key":"Pen Nib"},{"floor":48.0,"key":"Ice Cream"}],"event_choices":[{"cards_removed":["champ:Strike"],"damage_healed":0.0,"max_hp_gain":0.0,"max_hp_loss":0.0,"gold_gain":0.0,"event_name":"The Cleric","player_choice":"Card Removal","floor":11.0,"gold_loss":0.0,"damage_taken":0.0},{"damage_healed":0.0,"max_hp_gain":0.0,"max_hp_loss":0.0,"gold_gain":100.0,"event_name":"Wheel of Change","player_choice":"Gold","floor":13.0,"gold_loss":0.0,"damage_taken":0.0},{"damage_healed":0.0,"max_hp_gain":0.0,"max_hp_loss":0.0,"gold_gain":0.0,"event_name":"Duplicator","player_choice":"Copied","floor":26.0,"gold_loss":0.0,"damage_taken":0.0,"cards_obtained":["champ:VampiricStrike"]},{"cards_removed":["champ:Defend"],"damage_healed":0.0,"max_hp_gain":0.0,"max_hp_loss":0.0,"gold_gain":0.0,"event_name":"Falling","player_choice":"Removed Skill","floor":36.0,"gold_loss":0.0,"damage_taken":0.0},{"damage_healed":0.0,"max_hp_gain":0.0,"max_hp_loss":0.0,"gold_gain":0.0,"event_name":"Mysterious Sphere","player_choice":"Fight","floor":48.0,"gold_loss":0.0,"damage_taken":0.0}],"is_beta":false,"boss_relics":[{"not_picked":["Philosopher\u0027s Stone","Snecko Eye"],"picked":"Runic Dome"},{"not_picked":["Tiny House","Astrolabe"],"picked":"Coffee Dripper"}],"items_purged_floors":[12,28],"is_endless":false,"potions_floor_spawned":[5,8,9,14,15,22,23,27,29,32,42,47,48,49],"ascension_level":0}}