{"host":"2n2g1vowfllvjtvi","time":1608023306,"event":{"mods":["AchievementEnabler","BaseMod","Custom Start","GifTheSpireLib","Keyboard Shortcuts","Minty Spire (QoL Compilation)","Quick Restart","Rare Cards Sparkle","StSLib","SuperFastMode"],"gold_per_floor":[111,111,59,73,90,90,125,16,16,16,16,48,59,59,59,130,130,142,142,42,61,61,61,89,89,159,159,159,4,4,54,54,140,140,156,156,218,67,78,78,98,139,139,156,177,177,46,46,46,46],"floor_reached":51,"playtime":1208,"items_purged":["Strike_G","Strike_G"],"score":1571,"play_id":"596c649d-a2ab-4597-bb11-d70abdda7de4","local_time":"20201215180826","is_ascension_mode":true,"campfire_choices":[{"data":"Neutralize","floor":6.0,"key":"SMITH"},{"data":"Poisoned Stab","floor":10.0,"key":"SMITH"},{"data":"Cloak And Dagger","floor":15.0,"key":"SMITH"},{"data":"Terror","floor":23.0,"key":"SMITH"},{"data":"Eviscerate","floor":25.0,"key":"SMITH"},{"data":"Adrenaline","floor":27.0,"key":"SMITH"},{"data":"Dagger Throw","floor":30.0,"key":"SMITH"},{"data":"Backstab","floor":32.0,"key":"SMITH"},{"data":"Prepared","floor":40.0,"key":"SMITH"},{"data":"Phantasmal Killer","floor":46,"key":"SMITH"},{"data":"Concentrate","floor":49,"key":"SMITH"}],"circlet_count":0,"master_deck":["AscendersBane","Defend_G","Defend_G","Defend_G","Defend_G","Survivor","Neutralize+1","Poisoned Stab+1","Cloak And Dagger+1","Backstab+1","Terror+1","Escape Plan","PiercingWail","Adrenaline+1","Eviscerate+1","Dagger Throw+1","Reflex+1","Phantasmal Killer+1","Prepared+1","Grand Finale+1","Blur","Backflip+1","Dodge and Roll+1","Concentrate+1","Grand Finale+1"],"relics":["Ring of the Snake","NeowsBlessing","CaptainsWheel","MealTicket","White Beast Statue","Kunai","Runic Pyramid","Molten Egg 2","Ornamental Fan","ClockworkSouvenir","CeramicFish","SlaversCollar","FossilizedHelix","Centennial Puzzle","Pantograph"],"acts_visited":["Exordium","TheCity","TheBeyond"],"potions_floor_usage":[45,45],"damage_taken":[{"damage":0.0,"enemies":"Cultist","floor":1.0,"turns":1.0},{"damage":0.0,"enemies":"2 Louse","floor":4.0,"turns":1.0},{"damage":0.0,"enemies":"Small Slimes","floor":5.0,"turns":1.0},{"damage":12.0,"enemies":"Gremlin Nob","floor":7.0,"turns":4.0},{"damage":7.0,"enemies":"3 Sentries","floor":12.0,"turns":11.0},{"damage":1.0,"enemies":"Exordium Thugs","floor":13.0,"turns":4.0},{"damage":1.0,"enemies":"Hexaghost","floor":16.0,"turns":11.0},{"damage":11.0,"enemies":"2 Thieves","floor":18.0,"turns":5.0},{"damage":1.0,"enemies":"Shell Parasite","floor":21.0,"turns":4.0},{"damage":0.0,"enemies":"Book of Stabbing","floor":24.0,"turns":5.0},{"damage":20.0,"enemies":"Champ","floor":33.0,"turns":12.0},{"damage":0.0,"enemies":"Orb Walker","floor":35.0,"turns":4.0},{"damage":41.0,"enemies":"2 Orb Walkers","floor":37.0,"turns":5.0},{"damage":0.0,"enemies":"3 Shapes","floor":39.0,"turns":3.0},{"damage":0,"enemies":"Maw","floor":41,"turns":5},{"damage":0,"enemies":"Giant Head","floor":42,"turns":5},{"damage":0,"enemies":"3 Darklings","floor":44,"turns":4},{"damage":0,"enemies":"Transient","floor":45,"turns":5},{"damage":22,"enemies":"Time Eater","floor":50,"turns":9}],"seed_played":"6068791549208706806","potions_obtained":[{"floor":4.0,"key":"DuplicationPotion"},{"floor":7.0,"key":"Swift Potion"},{"floor":12.0,"key":"Explosive Potion"},{"floor":13.0,"key":"SteroidPotion"},{"floor":16.0,"key":"CultistPotion"},{"floor":18.0,"key":"FearPotion"},{"floor":33.0,"key":"LiquidBronze"},{"floor":35.0,"key":"Dexterity Potion"},{"floor":41,"key":"LiquidMemories"},{"floor":42,"key":"BlessingOfTheForge"},{"floor":45,"key":"Fruit Juice"}],"is_trial":false,"path_per_floor":["M","?","?","M","M","R","E","$","T","R","$","E","M","?","R","B",null,"M","?","$","M","$","R","E","R","T","R","?","$","R","T","R","B",null,"M","?","?","$","M","R","M","E","T","M","M","R","$","?","R","B",null],"character_chosen":"THE_SILENT","items_purchased":["Terror","ClockworkSouvenir","Grand Finale+1","Concentrate","Grand Finale+1"],"campfire_rested":0,"item_purchase_floors":[8,29,38,47,47],"current_hp_per_floor":[63,56,56,56,56,56,44,59,59,59,70,63,62,62,62,61,68,57,57,70,69,70,70,70,70,70,70,57,72,72,72,72,52,69,69,69,28,43,43,43,43,43,43,43,48,48,63,63,63,54],"gold":46,"neow_bonus":"THREE_ENEMY_KILL","is_daily":false,"chose_seed":false,"campfire_upgraded":11,"win_rate":0.0,"timestamp":1608023306,"path_taken":["M","?","?","?","M","R","E","$","T","R","?","E","M","?","R","BOSS","M","?","?","M","$","R","E","R","T","R","?","$","R","?","R","BOSS","M","?","?","$","M","R","M","E","T","M","?","R","$","?","R","BOSS"],"items_purchased_type":["Card","Relic","Card","Card","Card"],"build_version":"2020-12-13","purchased_purges":2,"victory":true,"max_hp_per_floor":[70,70,70,70,70,70,70,70,70,70,70,70,70,70,70,70,70,70,70,70,70,70,70,70,70,70,70,75,75,75,75,75,75,75,75,71,71,71,71,71,71,71,71,71,76,76,76,76,76,76],"card_choices":[{"not_picked":["Dagger Spray","Deflect"],"picked":"Poisoned Stab","floor":1.0},{"not_picked":["Finisher","Dodge and Roll"],"picked":"Cloak And Dagger","floor":4.0},{"not_picked":["Calculated Gamble","PiercingWail"],"picked":"Backstab","floor":5.0},{"not_picked":["PiercingWail","Backstab","Concentrate"],"picked":"SKIP","floor":7.0},{"not_picked":["Heel Hook","Catalyst"],"picked":"Escape Plan","floor":12.0},{"not_picked":["Blade Dance","Dodge and Roll"],"picked":"PiercingWail","floor":13.0},{"not_picked":["Night Terror","Glass Knife"],"picked":"Adrenaline","floor":16.0},{"not_picked":["Underhanded Strike","Cloak And Dagger"],"picked":"Eviscerate","floor":18.0},{"not_picked":["Escape Plan","Prepared"],"picked":"Reflex+1","floor":21.0},{"not_picked":["Outmaneuver+1","Dodge and Roll","PiercingWail"],"picked":"SKIP","floor":24.0},{"not_picked":["Doppelganger","Venomology"],"picked":"Phantasmal Killer","floor":33.0},{"not_picked":["Skewer+1","Terror","Blade Dance"],"picked":"SKIP","floor":35.0},{"not_picked":["All Out Attack+1","Backstab+1"],"picked":"Prepared","floor":37.0},{"not_picked":["Reflex+1","Cloak And Dagger","Noxious Fumes"],"picked":"SKIP","floor":39.0},{"not_picked":["Sucker Punch+1","Slice+1"],"picked":"Blur","floor":41},{"not_picked":["Heel Hook+1","Bane+1"],"picked":"Backflip+1","floor":42},{"not_picked":["Finisher+1","Cloak And Dagger","Sucker Punch+1"],"picked":"SKIP","floor":44},{"not_picked":["Quick Slash+1","Poisoned Stab+1"],"picked":"Dodge and Roll+1","floor":45}],"player_experience":421940,"relics_obtained":[{"floor":7.0,"key":"MealTicket"},{"floor":9.0,"key":"White Beast Statue"},{"floor":12.0,"key":"Kunai"},{"floor":24.0,"key":"Molten Egg 2"},{"floor":26.0,"key":"Ornamental Fan"},{"floor":31.0,"key":"CeramicFish"},{"floor":37.0,"key":"FossilizedHelix"},{"floor":42,"key":"Centennial Puzzle"},{"floor":43,"key":"Pantograph"}],"event_choices":[{"cards_removed":["Strike_G"],"damage_healed":0.0,"max_hp_gain":0.0,"max_hp_loss":0.0,"gold_gain":0.0,"event_name":"Golden Wing","player_choice":"Card Removal","floor":2.0,"gold_loss":0.0,"damage_taken":7.0},{"damage_healed":0.0,"max_hp_gain":0.0,"max_hp_loss":0.0,"gold_gain":0.0,"event_name":"WeMeetAgain","player_choice":"Paid Gold","floor":3.0,"gold_loss":52.0,"damage_taken":0.0,"relics_obtained":["CaptainsWheel"]},{"cards_removed":["Strike_G"],"damage_healed":0.0,"max_hp_gain":0.0,"max_hp_loss":0.0,"gold_gain":0.0,"event_name":"Living Wall","player_choice":"Forget","floor":14.0,"gold_loss":0.0,"damage_taken":0.0},{"damage_healed":0.0,"max_hp_gain":0.0,"max_hp_loss":0.0,"gold_gain":0.0,"cards_transformed":["Strike_G"],"event_name":"Transmorgrifier","player_choice":"Transformed","floor":19.0,"gold_loss":0.0,"damage_taken":0.0,"cards_obtained":["Dagger Throw"]},{"damage_healed":0.0,"max_hp_gain":5.0,"max_hp_loss":0.0,"gold_gain":0.0,"event_name":"Forgotten Altar","player_choice":"Shed Blood","floor":28.0,"gold_loss":0.0,"damage_taken":18.0},{"damage_healed":0.0,"max_hp_gain":0.0,"max_hp_loss":4.0,"gold_gain":0.0,"event_name":"Winding Halls","player_choice":"Max HP","floor":36.0,"gold_loss":0.0,"damage_taken":0.0},{"damage_healed":0.0,"max_hp_gain":0.0,"max_hp_loss":0.0,"gold_gain":0.0,"event_name":"Mysterious Sphere","player_choice":"Fight","floor":37.0,"gold_loss":0.0,"damage_taken":0.0},{"cards_removed":["Defend_G"],"damage_healed":0,"gold_gain":0,"player_choice":"Offered Basic","damage_taken":0,"max_hp_gain":0,"max_hp_loss":0,"event_name":"Bonfire Elementals","floor":48,"gold_loss":0}],"is_beta":false,"boss_relics":[{"not_picked":["HoveringKite","Tiny House"],"picked":"Runic Pyramid"},{"not_picked":["Runic Dome","WristBlade"],"picked":"SlaversCollar"}],"items_purged_floors":[8,20],"is_endless":false,"potions_floor_spawned":[4,7,12,13,16,18,21,24,33,35,37,39,41,42,44,45],"ascension_level":13}}