{"host":"fhxb6lstqf7mbqu1","time":1608013413,"event":{"mods":["BaseMod","BetterRewards","Colored Map","Infinite Spire","Minty Spire (QoL Compilation)","Replay The Spire","StSLib"],"gold_per_floor":[99991928,99991943,99991124,99991140,99991140,99991140,99991165,99991183,99991183,99991183,99991183,99991196,99991226,99991226,99991242,99990547,99990547,99990650,99990650,99990668,99990668,99990687,99990687,99990706,99989435,99989455,99989313,99989313,99989327,99989527,99989527,99989556,99989570,99989570,99989678,99989678,99989688,99988569,99988618,99987587,99987615,99987680,99987680,99987715,99987715,99987715,99987198,99986567,99986567,99986605,99986605,99986645],"floor_reached":53,"playtime":2932,"items_purged":["Strike_R","Defend_R","Defend_R","Strike_R","Strike_R","Defend_R","Defend_R","Survey Options"],"score":1267,"play_id":"ced9b91b-3a06-48d2-add9-c53e6e98158f","local_time":"20201215172333","is_ascension_mode":false,"campfire_choices":[{"data":"Replay:BasicMightCard","floor":6.0,"key":"SMITH"},{"data":"Corruption","floor":6.0,"key":"SMITH"},{"data":"Berserk","floor":14.0,"key":"SMITH"},{"data":"ReplayTheSpireMod:Brewmster","floor":14.0,"key":"SMITH"},{"data":"Sword Boomerang","floor":17.0,"key":"SMITH"},{"data":"Double Tap","floor":17.0,"key":"SMITH"},{"data":"ReplayReversal","floor":31.0,"key":"SMITH"},{"data":"Brutality","floor":31.0,"key":"SMITH"},{"data":"Run Through","floor":34.0,"key":"SMITH"},{"data":"Bloodletting","floor":34.0,"key":"SMITH"},{"data":"infinitespire:FutureSight","floor":43,"key":"SMITH"},{"data":"Eclipse","floor":43,"key":"SMITH"},{"data":"infinitespire:Starlight","floor":51,"key":"SMITH"},{"data":"Limit Break","floor":51,"key":"SMITH"}],"circlet_count":0,"master_deck":["Shrug It Off","Armaments","Replay:BasicMightCard+1","Pommel Strike","Disarm","Body Slam","Finesse","Bludgeon+1","Replay:Bootleg Shield Generator","Berserk+1","Chrysalis","Shockwave","Run Through+1","Run Through","Defy Death","ReplayTheSpireMod:Brewmster+1","Enlightenment","ReplayTheSpireMod:Private Reserves","Armaments","Twin Strike","Inflame","Headbutt","Headbutt","Bandage Up","Corruption+1","Double Tap+1","Flame Barrier","Pummel","Massacre","Impervious+1","Sword Boomerang+1","Brutality+1","ReplayTheSpireMod:LeadingStrike","Flex","ReplayTheSpireMod:Private Reserves","Limit Break+1","Body Slam","Transmutation+1","Inflame+1","ReplayReversal+1","Second Wind+1","Flame Barrier","Bloodletting+1","Eclipse+1","infinitespire:Pacifist","Neutralize","Limit Break+1","infinitespire:FutureSight+1","ReplayTheSpireMod:Limb From Limb","Rage","Rage","Sword Boomerang","ReplayTheSpireMod:Necrogeddon","Twin Strike+1","Reaper","Impervious","Dark Embrace","Replay:Sssssssssshield","Clothesline+1","Bloodletting","Juggernaut","Hallucinations","infinitespire:Starlight+1","Seeing Red","Metallicize","ReplayReversal","Iron Wave+1"],"relics":["Burning Blood","Brimstone","Sundial","HornCleat","Counterbalance","MealTicket","infinitespire:Lucky Rock","HandDrill","Charon\u0027s Ashes","Anchor","WingedGreaves","Unceasing Top","infinitespire:Joker Card","Happy Flower","King of Hearts","Cauldron","Replay:Multitool","ReplayTheSpireMod:TigerMarble","Lee\u0027s Waffle","Replay:Arrowhead","infinitespire:Magic Flask","Letter Opener","ClockworkSouvenir","Strange Spoon","Strawberry","Red Skull","Regal Pillow","Bronze Scales","Kunai","infinitespire:Midas Blood","Replay:Ringing Soul","Replay:Bronze Core","infinitespire:Broken Mirror","Replay:Kaleidoscope","Dream Catcher","Guide Book","FossilizedHelix","War Paint","infinitespire:EmpoweringShard","ReplayTheSpireMod:SealedPack","Toy Ornithopter","ReplayFunnel","Toolbox","Mango","Centennial Puzzle","Replay:Bandana","Sling","PreservedInsect","Question Card","Ring of Searing","Ring of Chaos","Membership Card","Replay:Bottled Flurry","infinitespire:Golems Mask"],"acts_visited":["Exordium","TheCity","TheBeyond"],"potions_floor_usage":[35,35,35,35,41,42,50,52],"damage_taken":[{"damage":0.0,"enemies":"2 Louse","floor":1.0,"turns":2.0},{"damage":0.0,"enemies":"Cultist","floor":2.0,"turns":2.0},{"damage":0.0,"enemies":"Jaw Worm","floor":4.0,"turns":2.0},{"damage":0.0,"enemies":"Replay:BlueRogue","floor":7.0,"turns":3.0},{"damage":0.0,"enemies":"Exordium Thugs","floor":8.0,"turns":3.0},{"damage":0.0,"enemies":"Blue Slaver","floor":12.0,"turns":1.0},{"damage":0.0,"enemies":"Gremlin Nob","floor":13.0,"turns":2.0},{"damage":0.0,"enemies":"Lots of Slimes","floor":15.0,"turns":1.0},{"damage":0.0,"enemies":"Slime Boss","floor":18.0,"turns":4.0},{"damage":0.0,"enemies":"Shell Parasite","floor":20.0,"turns":2.0},{"damage":0.0,"enemies":"Chosen","floor":22.0,"turns":2.0},{"damage":1.0,"enemies":"3 Cultists","floor":24.0,"turns":3.0},{"damage":0.0,"enemies":"Snake Plant","floor":26.0,"turns":1.0},{"damage":0.0,"enemies":"Snecko","floor":29.0,"turns":2.0},{"damage":0.0,"enemies":"Book of Stabbing","floor":32.0,"turns":2.0},{"damage":3.0,"enemies":"Centurion and Healer","floor":33.0,"turns":2.0},{"damage":5,"enemies":"Automaton","floor":35,"turns":4},{"damage":0,"enemies":"3 Darklings","floor":37,"turns":1},{"damage":1,"enemies":"2 Orb Walkers","floor":39,"turns":2},{"damage":0,"enemies":"Orb Walker","floor":41,"turns":1},{"damage":2,"enemies":"Nemesis","floor":42,"turns":3},{"damage":5,"enemies":"Spire Growth","floor":44,"turns":3},{"damage":19,"enemies":"Maw","floor":50,"turns":4},{"damage":20,"enemies":"Awakened One","floor":52,"turns":3}],"seed_played":"3184337508223417913","potions_obtained":[{"floor":33.0,"key":"Reflective Coating"},{"floor":35,"key":"CultistPotion"},{"floor":37,"key":"AttackPotion"},{"floor":44,"key":"BloodPotion"}],"is_trial":false,"path_per_floor":["M","M","$","M","?","R","E","M","T","PTL","PTL","M","E","R","M","$","R","B",null,"M","T","M","AVR","M","$","M","?","T","M","?","R","E","M","R_BF","B",null,"M","$","?","$","M","E","R","M","T","?","?","$","?","M","R","B",null],"character_chosen":"IRONCLAD","items_purchased":["Brimstone","Sundial","HornCleat","Shrug It Off","Armaments","Flashbang","BlessingOfTheForge","Weak Potion","Replay:BasicMightCard","Pommel Strike","Bludgeon","Berserk","Chrysalis","MealTicket","infinitespire:Lucky Rock","HandDrill","Anchor","WingedGreaves","Survey Options","Shockwave","Happy Flower","King of Hearts","Cauldron","Run Through","Defy Death","Replay:Multitool","ReplayTheSpireMod:TigerMarble","Lee\u0027s Waffle","ReplayTheSpireMod:Brewmster","Enlightenment","ReplayTheSpireMod:Private Reserves","infinitespire:Magic Flask","Letter Opener","ClockworkSouvenir","Strange Spoon","Strawberry","Red Skull","Adrenaline Potion","Inflame","Headbutt","Bandage Up","infinitespire:Midas Blood","Replay:Ringing Soul","Sword Boomerang","Replay:Kaleidoscope","Dream Catcher","Guide Book","ReplayTheSpireMod:Private Reserves","Limit Break","Body Slam","Transmutation","Inflame+1","Toy Ornithopter","ReplayFunnel","Toolbox","Adrenaline Potion","Elixir","ReplayTheSpireMod:Limb From Limb","Rage","Sword Boomerang","ReplayTheSpireMod:Necrogeddon","Centennial Puzzle","Replay:Bandana","Sling","Reaper","Impervious","Dark Embrace","Replay:Sssssssssshield","Membership Card","Replay:Bottled Flurry","infinitespire:Golems Mask","Seeing Red","Metallicize","ReplayReversal"],"campfire_rested":0,"item_purchase_floors":[0,0,0,0,0,0,0,0,0,0,0,0,0,0,0,0,0,0,0,0,0,0,0,0,0,0,0,0,0,0,0,0,0,0,3,3,3,3,3,3,3,16,16,16,25,25,25,25,25,25,25,25,38,38,38,38,38,38,38,38,38,40,40,40,40,40,40,40,48,48,48,48,48,48],"current_hp_per_floor":[82,82,89,89,89,89,89,89,89,89,89,89,89,89,89,92,92,95,95,98,98,101,101,101,104,107,107,107,110,110,110,113,116,116,119,122,122,125,142,145,148,151,151,154,154,157,160,163,163,166,166,166],"gold":99986645,"neow_bonus":"","is_daily":false,"chose_seed":false,"campfire_upgraded":14,"win_rate":0.0,"timestamp":1608013413,"path_taken":["M","M","$","M","?","R","E","M","T","PTL","PTL","M","E","R","M","$","R","BOSS","M","?","M","AVR","M","$","M","?","T","?","?","R","E","M","R_BF","BOSS","M","?","?","$","M","E","R","M","T","?","?","$","?","M","R","BOSS"],"items_purchased_type":["Relic","Relic","Relic","Card","Card","Potion","Potion","Potion","Card","Card","Card","Card","Card","Relic","Relic","Relic","Relic","Relic","Card","Card","Relic","Relic","Relic","Card","Card","Relic","Relic","Relic","Card","Card","Card","Relic","Relic","Relic","Relic","Relic","Relic","Potion","Card","Card","Card","Relic","Relic","Card","Relic","Relic","Relic","Card","Card","Card","Card","Card","Relic","Relic","Relic","Potion","Potion","Card","Card","Card","Card","Relic","Relic","Relic","Card","Card","Card","Card","Relic","Relic","Relic","Card","Card","Card"],"build_version":"2020-11-30","purchased_purges":8,"victory":true,"max_hp_per_floor":[82,82,89,89,89,89,89,89,89,89,89,89,89,89,89,92,92,95,95,98,98,101,101,101,104,107,107,107,110,110,110,113,116,116,119,122,122,125,142,145,148,151,151,154,154,157,160,163,163,166,166,166],"card_choices":[{"not_picked":["Life Link","Carnage"],"picked":"Armaments","floor":1.0},{"not_picked":["Headbutt","Massacre"],"picked":"Twin Strike","floor":2.0},{"not_picked":["ReplayTheSpireMod:Strike From Hell","Iron Wave"],"picked":"Corruption","floor":4.0},{"not_picked":["Searing Blow","Fire Breathing"],"picked":"Double Tap","floor":7.0},{"not_picked":["Replay:Undeath\u0027s Touch","Entrench"],"picked":"Flame Barrier","floor":8.0},{"not_picked":["Dark Embrace","Cleave"],"picked":"Pummel","floor":12.0},{"not_picked":["Clothesline","Combust"],"picked":"Massacre","floor":13.0},{"not_picked":["Sword Boomerang","Flex"],"picked":"Impervious","floor":15.0},{"not_picked":["Double Tap","Corruption"],"picked":"Brutality","floor":18.0},{"not_picked":["Pummel","Defy Death"],"picked":"ReplayTheSpireMod:LeadingStrike","floor":20.0},{"not_picked":["Replay:Undeath\u0027s Touch","Iron Wave"],"picked":"Flex","floor":22.0},{"not_picked":["Clothesline","Pommel Strike","Rupture"],"picked":"SKIP","floor":24.0},{"not_picked":["Fire Breathing","Armaments"],"picked":"ReplayReversal","floor":26.0},{"not_picked":["ReplayTheSpireMod:LeadingStrike","Warcry+1"],"picked":"Second Wind+1","floor":29.0},{"not_picked":["ReplayTheSpireMod:Strike From Hell+1","Spot Weakness"],"picked":"Flame Barrier","floor":32.0},{"not_picked":["Anger","Entrench"],"picked":"Bloodletting","floor":33.0},{"not_picked":["Juggernaut","Feed"],"picked":"Eclipse","floor":35},{"not_picked":["Dualcast","Survivor"],"picked":"Neutralize","floor":36},{"not_picked":["Demonic Infusion","Brutality"],"picked":"Limit Break","floor":36},{"not_picked":["infinitespire:FinalStrike","infinitespire:DeathsTouch"],"picked":"infinitespire:FutureSight","floor":36},{"not_picked":["Combust","Armaments","Warcry"],"picked":"SKIP","floor":37},{"not_picked":["Ghostly Armor","Iron Wave"],"picked":"Twin Strike+1","floor":39},{"not_picked":["Anger+1","ReplayTheSpireMod:Corrosion Curse+1"],"picked":"Clothesline+1","floor":41},{"not_picked":["Replay:Undeath\u0027s Touch+1","Shockwave+1"],"picked":"Bloodletting","floor":42},{"not_picked":["Warcry","Clothesline+1"],"picked":"Juggernaut","floor":44},{"not_picked":["infinitespire:DeathsTouch","infinitespire:Execution"],"picked":"infinitespire:Starlight","floor":47},{"not_picked":["Cleave+1","Infernal Blade","True Grit+1"],"picked":"Iron Wave+1","floor":50}],"player_experience":3007,"relics_obtained":[{"floor":7.0,"key":"Regal Pillow"},{"floor":9.0,"key":"Bronze Scales"},{"floor":13.0,"key":"Kunai"},{"floor":21.0,"key":"infinitespire:Broken Mirror"},{"floor":28.0,"key":"War Paint"},{"floor":32.0,"key":"infinitespire:EmpoweringShard"},{"floor":39,"key":"Mango"},{"floor":42,"key":"PreservedInsect"},{"floor":45,"key":"Question Card"},{"floor":46,"key":"Ring of Searing"},{"floor":46,"key":"Ring of Chaos"}],"event_choices":[{"cards_removed":["Strike_R"],"damage_healed":0.0,"max_hp_gain":0.0,"max_hp_loss":0.0,"gold_gain":0.0,"event_name":"Wheel of Change","player_choice":"Card Removal","floor":5.0,"gold_loss":0.0,"damage_taken":0.0},{"damage_healed":0.0,"max_hp_gain":0.0,"max_hp_loss":0.0,"gold_gain":0.0,"event_name":"WeMeetAgain","player_choice":"Paid Gold","floor":27.0,"gold_loss":142.0,"damage_taken":0.0,"relics_obtained":["FossilizedHelix"]},{"damage_healed":0.0,"max_hp_gain":0.0,"max_hp_loss":0.0,"gold_gain":250.0,"event_name":"The Joust","player_choice":"Bet on Owner","floor":30.0,"gold_loss":50.0,"damage_taken":0.0},{"damage_healed":0,"gold_gain":0,"player_choice":"Fight","damage_taken":0,"max_hp_gain":0,"max_hp_loss":0,"event_name":"Mysterious Sphere","floor":39,"gold_loss":0},{"damage_healed":0,"gold_gain":0,"player_choice":"Ignored","damage_taken":0,"max_hp_gain":0,"max_hp_loss":0,"event_name":"Tomb of Lord Red Mask","floor":49,"gold_loss":0}],"is_beta":false,"boss_relics":[{"not_picked":["Astrolabe","infinitespire:Burning Sword"],"picked":"Replay:Bronze Core"},{"not_picked":["Ring of Chaos","Black Blood"],"picked":"ReplayTheSpireMod:SealedPack"}],"items_purged_floors":[0,0,3,16,25,38,40,48],"is_endless":false,"potions_floor_spawned":[4,8,12,22,24,32,33,35,37,44],"ascension_level":0}}