{"host":"c2vrdknshfutmcsq","time":1608048927,"event":{"mods":["BaseMod","Minty Spire (QoL Compilation)"],"gold_per_floor":[114,114,39,4,24,60,87,162,189,213,213,232,255,296,296,403,403,425,447,522,522,522],"floor_reached":21,"playtime":1221,"items_purged":["Strike_B"],"score":346,"play_id":"d96f3f86-2cca-47d3-a73a-31edc1cc127d","local_time":"20201215171527","is_ascension_mode":true,"campfire_choices":[{"data":"Dualcast","floor":11.0,"key":"SMITH"},{"data":"Zap","floor":15.0,"key":"SMITH"}],"circlet_count":0,"master_deck":["AscendersBane","Strike_B","Strike_B","Strike_B","Defend_B","Defend_B","Defend_B","Defend_B","Zap+1","Dualcast+1","Streamline","Undo","Genetic Algorithm","Self Repair","Undo","Conserve Battery","Conserve Battery","Defragment","Thunder Strike","Conserve Battery","Genetic Algorithm"],"relics":["Cracked Core","NeowsBlessing","CeramicFish","DataDisk","Emotion Chip","Cursed Key"],"acts_visited":["Exordium","TheCity"],"potions_floor_usage":[],"damage_taken":[{"damage":0.0,"enemies":"Jaw Worm","floor":1.0,"turns":1.0},{"damage":0.0,"enemies":"Small Slimes","floor":5.0,"turns":1.0},{"damage":0.0,"enemies":"3 Sentries","floor":6.0,"turns":1.0},{"damage":0.0,"enemies":"Cultist","floor":7.0,"turns":3.0},{"damage":7.0,"enemies":"3 Louse","floor":10.0,"turns":4.0},{"damage":10.0,"enemies":"2 Fungi Beasts","floor":12.0,"turns":4.0},{"damage":8.0,"enemies":"Lots of Slimes","floor":13.0,"turns":5.0},{"damage":38.0,"enemies":"Gremlin Nob","floor":14.0,"turns":5.0},{"damage":38.0,"enemies":"Hexaghost","floor":16.0,"turns":12.0},{"damage":2.0,"enemies":"2 Thieves","floor":18.0,"turns":5.0},{"damage":13.0,"enemies":"Shell Parasite","floor":19.0,"turns":7.0},{"damage":37,"enemies":"3 Cultists","floor":21,"turns":6}],"seed_played":"749013984152147927","potions_obtained":[{"floor":1.0,"key":"Strength Potion"},{"floor":10.0,"key":"Regen Potion"},{"floor":16.0,"key":"Energy Potion"},{"floor":18.0,"key":"Dexterity Potion"}],"is_trial":false,"path_per_floor":["M","?","$","?","M","E","M","?","T","M","R","M","M","E","R","B",null,"M","M","?","M"],"character_chosen":"DEFECT","items_purchased":[],"campfire_rested":0,"item_purchase_floors":[],"current_hp_per_floor":[68,73,73,80,80,80,80,69,69,69,69,66,65,34,34,8,62,60,54,46,9,9],"gold":522,"neow_bonus":"THREE_ENEMY_KILL","is_daily":false,"chose_seed":false,"campfire_upgraded":2,"win_rate":0.0,"timestamp":1608048927,"path_taken":["M","?","$","?","M","E","?","?","T","M","R","M","M","E","R","BOSS","M","M","?","?"],"items_purchased_type":[],"build_version":"2020-12-13","purchased_purges":1,"victory":false,"max_hp_per_floor":[75,80,80,80,80,80,80,80,80,80,80,80,80,80,80,80,80,80,80,80,80,80],"card_choices":[{"not_picked":["Force Field","Redo"],"picked":"Streamline","floor":1.0},{"not_picked":["Compile Driver","Steam"],"picked":"Undo","floor":5.0},{"not_picked":["Darkness","Streamline"],"picked":"Genetic Algorithm","floor":6.0},{"not_picked":["Chill","Tempest"],"picked":"Self Repair","floor":7.0},{"not_picked":["Force Field","Redo"],"picked":"Undo","floor":10.0},{"not_picked":["Static Discharge","Leap"],"picked":"Conserve Battery","floor":12.0},{"not_picked":["Force Field","Leap"],"picked":"Conserve Battery","floor":13.0},{"not_picked":["Capacitor","Conserve Battery"],"picked":"Defragment","floor":14.0},{"not_picked":["Hyperbeam","Buffer"],"picked":"Thunder Strike","floor":16.0},{"not_picked":["Turbo","Hologram"],"picked":"Conserve Battery","floor":18.0},{"not_picked":["Leap","Beam Cell"],"picked":"Genetic Algorithm","floor":19.0}],"player_experience":1133345,"relics_obtained":[{"floor":6.0,"key":"CeramicFish"},{"floor":9.0,"key":"DataDisk"},{"floor":14.0,"key":"Emotion Chip"}],"event_choices":[{"damage_healed":0.0,"max_hp_gain":5.0,"max_hp_loss":0.0,"gold_gain":0.0,"event_name":"Big Fish","player_choice":"Donut","floor":2.0,"gold_loss":0.0,"damage_taken":0.0},{"damage_healed":20.0,"max_hp_gain":0.0,"max_hp_loss":0.0,"gold_gain":0.0,"event_name":"The Cleric","player_choice":"Healed","floor":4.0,"gold_loss":35.0,"damage_taken":0.0},{"damage_healed":0.0,"max_hp_gain":0.0,"max_hp_loss":0.0,"gold_gain":75.0,"event_name":"World of Goop","player_choice":"Gather Gold","floor":8.0,"gold_loss":0.0,"damage_taken":11.0},{"damage_healed":0.0,"max_hp_gain":0.0,"max_hp_loss":0.0,"gold_gain":75.0,"event_name":"FaceTrader","player_choice":"Touch","floor":20.0,"gold_loss":0.0,"damage_taken":8.0}],"is_beta":false,"boss_relics":[{"not_picked":["Fusion Hammer","Ectoplasm"],"picked":"Cursed Key"}],"items_purged_floors":[3],"is_endless":false,"potions_floor_spawned":[1,10,12,16,18,19],"killed_by":"3 Cultists","ascension_level":12}}