{"host":"0xoib765171ofkym","time":1608040916,"event":{"mods":["AchievementEnabler","BaseMod","Colored Map","Minty Spire (QoL Compilation)","StSLib"],"gold_per_floor":[100111,99597,99608,99623,99310,99310,99336,99336,99336,99336,99350,99378,99453,99097,99097,99202,99202,99216,98873,98873,98901,98920,98920,98951,98951,98951,98951,98586,98598,98609,98625,98625,98730,98730,98743,98762,98453,98453,98466,98466,98501,98501,98501,98528,98558,98605,98633,98659,98671,98683],"floor_reached":51,"playtime":1972,"items_purged":["Defend_B","Defend_B","Strike_B","Strike_B+1","Storm"],"score":1248,"play_id":"66ce45cc-bae1-454c-89bb-a8ede1bcc236","local_time":"20201215230156","is_ascension_mode":true,"campfire_choices":[{"data":"Zap","floor":6,"key":"SMITH"},{"data":"Dualcast","floor":8,"key":"SMITH"},{"data":"Seek","floor":10,"key":"SMITH"},{"data":"Defragment","floor":15,"key":"SMITH"},{"data":"Seek","floor":23,"key":"SMITH"},{"data":"1","floor":27,"key":"LIFT"},{"data":"Capacitor","floor":32,"key":"SMITH"},{"data":"Defragment","floor":40,"key":"SMITH"},{"floor":42,"key":"REST"},{"floor":49,"key":"REST"}],"circlet_count":0,"master_deck":["Strike_B+1","Defend_B+1","Defend_B+1","Zap+1","Dualcast+1","Seek+1","Defragment+1","Genetic Algorithm","Genetic Algorithm","Seek+1","Glacier","Capacitor+1","Machine Learning","Defragment+1","Gash+1","Ball Lightning+1","Blizzard+1"],"relics":["Cracked Core","Membership Card","PreservedInsect","Anchor","Bag of Marbles","Happy Flower","HandDrill","Whetstone","Singing Bowl","Dream Catcher","Oddly Smooth Stone","Mercury Hourglass","DollysMirror","Inserter","Bronze Scales","ClockworkSouvenir","Omamori","Girya","Red Mask","Smiling Mask","Molten Egg 2","Regal Pillow","Cauldron","Eternal Feather","Black Star","DataDisk","Pocketwatch","Akabeko","Juzu Bracelet","MawBank","Ice Cream","StrikeDummy"],"acts_visited":["Exordium","TheCity","TheBeyond"],"potions_floor_usage":[7,12,12,16,16,21,24,50,50,50],"damage_taken":[{"damage":2,"enemies":"Jaw Worm","floor":1,"turns":4},{"damage":0,"enemies":"2 Louse","floor":3,"turns":2},{"damage":10,"enemies":"Small Slimes","floor":4,"turns":3},{"damage":10,"enemies":"Gremlin Nob","floor":7,"turns":3},{"damage":0,"enemies":"Blue Slaver","floor":11,"turns":2},{"damage":0,"enemies":"3 Sentries","floor":12,"turns":5},{"damage":8,"enemies":"Hexaghost","floor":16,"turns":6},{"damage":11,"enemies":"3 Byrds","floor":18,"turns":3},{"damage":2,"enemies":"Masked Bandits","floor":21,"turns":3},{"damage":0,"enemies":"2 Thieves","floor":22,"turns":3},{"damage":4,"enemies":"Book of Stabbing","floor":24,"turns":3},{"damage":0,"enemies":"Snecko","floor":29,"turns":4},{"damage":0,"enemies":"3 Cultists","floor":30,"turns":4},{"damage":3,"enemies":"Shelled Parasite and Fungi","floor":31,"turns":4},{"damage":23,"enemies":"Collector","floor":33,"turns":14},{"damage":9,"enemies":"3 Shapes","floor":35,"turns":4},{"damage":17,"enemies":"3 Darklings","floor":36,"turns":6},{"damage":3,"enemies":"Spire Growth","floor":39,"turns":6},{"damage":0,"enemies":"Giant Head","floor":41,"turns":10},{"damage":12,"enemies":"Maw","floor":44,"turns":7},{"damage":25,"enemies":"3 Darklings","floor":45,"turns":4},{"damage":14,"enemies":"Reptomancer","floor":46,"turns":4},{"damage":3,"enemies":"Spire Growth","floor":47,"turns":4},{"damage":0,"enemies":"Transient","floor":48,"turns":5},{"damage":0,"enemies":"Time Eater","floor":50,"turns":9}],"seed_played":"-1790945791985308064","potions_obtained":[{"floor":4,"key":"Strength Potion"},{"floor":11,"key":"Fruit Juice"},{"floor":16,"key":"AttackPotion"},{"floor":21,"key":"GamblersBrew"},{"floor":22,"key":"AttackPotion"},{"floor":28,"key":"EssenceOfSteel"},{"floor":28,"key":"EssenceOfSteel"},{"floor":35,"key":"Fire Potion"},{"floor":46,"key":"PowerPotion"}],"is_trial":false,"path_per_floor":["M","$","M","M","$","R","E","R","T","R","M","E","?","$","R","B",null,"M","$","?","?","M","R","E","?","T","R","$","M","M","M","R","B",null,"M","M","$","?","M","R","E","R","T","M","M","E","M","M","R","B",null],"character_chosen":"DEFECT","items_purchased":["Seek","Defragment","Membership Card","PreservedInsect","Anchor","PowerPotion","Bag of Marbles","Happy Flower","HandDrill","Regen Potion","Oddly Smooth Stone","Mercury Hourglass","DollysMirror","PowerPotion","Bronze Scales","ClockworkSouvenir","Omamori","Block Potion","FearPotion","Regal Pillow","Cauldron","Eternal Feather","Capacitor","Defragment","DataDisk","Pocketwatch"],"campfire_rested":2,"item_purchase_floors":[2,2,2,2,2,2,5,5,5,5,14,14,14,14,19,19,19,19,19,28,28,28,28,37,37,37],"current_hp_per_floor":[66,66,66,56,56,56,46,46,46,46,48,53,42,42,42,49,74,65,65,65,65,67,67,63,63,63,63,63,65,67,66,72,49,83,76,61,61,61,60,66,68,102,102,90,67,55,54,56,110,110],"gold":98695,"neow_bonus":"REMOVE_CARD","is_daily":false,"chose_seed":false,"campfire_upgraded":7,"win_rate":0.0,"timestamp":1608040916,"path_taken":["M","$","M","M","$","R","E","R","T","R","M","E","?","$","R","BOSS","M","$","?","?","M","R","E","?","T","R","$","M","M","M","R","BOSS","M","M","$","?","?","R","E","R","T","M","M","E","M","M","R","BOSS"],"items_purchased_type":["Card","Card","Relic","Relic","Relic","Potion","Relic","Relic","Relic","Potion","Relic","Relic","Relic","Potion","Relic","Relic","Relic","Potion","Potion","Relic","Relic","Relic","Card","Card","Relic","Relic"],"build_version":"2020-12-13","purchased_purges":5,"victory":true,"max_hp_per_floor":[75,75,75,75,75,75,75,75,75,75,77,82,82,82,82,82,82,84,84,84,86,88,88,88,88,88,88,88,90,92,94,94,94,94,96,98,98,98,100,100,102,102,102,102,104,106,108,110,110,110],"card_choices":[{"not_picked":["Hologram","Turbo","Sweeping Beam"],"picked":"SKIP","floor":1},{"not_picked":["Rebound","Double Energy"],"picked":"Genetic Algorithm","floor":3},{"not_picked":["White Noise","Go for the Eyes","Hologram"],"picked":"SKIP","floor":4},{"not_picked":["Barrage","Hologram","Fusion"],"picked":"SKIP","floor":7},{"not_picked":["Hologram","Recycle","Hello World"],"picked":"Singing Bowl","floor":11},{"not_picked":["Biased Cognition","Barrage"],"picked":"Storm","floor":12},{"not_picked":["Echo Form","Biased Cognition"],"picked":"Seek","floor":16},{"not_picked":["Compile Driver","Hologram","Rebound+1"],"picked":"Singing Bowl","floor":18},{"not_picked":["Gash","Streamline","Storm"],"picked":"Singing Bowl","floor":21},{"not_picked":["Streamline","Scrape","Rebound"],"picked":"Singing Bowl","floor":22},{"not_picked":["Scrape+1","Streamline"],"picked":"Glacier","floor":24},{"not_picked":["Barrage+1","Cold Snap+1","Rip and Tear+1"],"picked":"Singing Bowl","floor":29},{"not_picked":["Cold Snap+1","Go for the Eyes+1","Melter+1"],"picked":"Singing Bowl","floor":30},{"not_picked":["Blizzard+1","Lockon+1","Streamline+1"],"picked":"Singing Bowl","floor":31},{"not_picked":["Buffer","Multi-Cast"],"picked":"Machine Learning","floor":33},{"not_picked":["Go for the Eyes+1","Steam+1","Streamline+1"],"picked":"Singing Bowl","floor":35},{"not_picked":["Barrage+1","Gash+1","Leap+1"],"picked":"Singing Bowl","floor":36},{"not_picked":["Steam","BootSequence","Conserve Battery"],"picked":"Singing Bowl","floor":39},{"not_picked":["Lockon+1","Melter+1","Chill"],"picked":"Singing Bowl","floor":41},{"not_picked":["Auto Shields+1","Go for the Eyes+1"],"picked":"Gash+1","floor":42},{"not_picked":["Stack+1","Recycle"],"picked":"Ball Lightning+1","floor":44},{"not_picked":["Compile Driver+1","Cold Snap+1","Coolheaded+1"],"picked":"Singing Bowl","floor":45},{"not_picked":["Multi-Cast","Scrape+1","Hello World+1"],"picked":"Singing Bowl","floor":46},{"not_picked":["Ball Lightning+1","Chaos+1","Stack"],"picked":"Singing Bowl","floor":47},{"not_picked":["Auto Shields+1","Steam","Barrage+1"],"picked":"Singing Bowl","floor":48},{"not_picked":["Cold Snap+1","FTL+1"],"picked":"Blizzard+1","floor":49}],"player_experience":266962,"relics_obtained":[{"floor":7,"key":"Whetstone"},{"floor":9,"key":"Singing Bowl"},{"floor":12,"key":"Dream Catcher"},{"floor":21,"key":"Red Mask"},{"floor":24,"key":"Smiling Mask"},{"floor":26,"key":"Molten Egg 2"},{"floor":41,"key":"Akabeko"},{"floor":41,"key":"Juzu Bracelet"},{"floor":43,"key":"MawBank"},{"floor":46,"key":"Ice Cream"},{"floor":46,"key":"StrikeDummy"}],"event_choices":[{"damage_healed":0,"gold_gain":75,"player_choice":"Gather Gold","damage_taken":11,"max_hp_gain":0,"max_hp_loss":0,"event_name":"World of Goop","floor":13,"gold_loss":0},{"damage_healed":0,"gold_gain":0,"player_choice":"Opened","damage_taken":0,"relics_obtained":["Girya"],"max_hp_gain":0,"max_hp_loss":0,"event_name":"The Mausoleum","floor":20,"gold_loss":0,"cards_obtained":["Writhe"]},{"damage_healed":0,"gold_gain":0,"player_choice":"Fought Bandits","damage_taken":0,"max_hp_gain":0,"max_hp_loss":0,"event_name":"Masked Bandits","floor":21,"gold_loss":0},{"damage_healed":0,"gold_gain":0,"player_choice":"Simplicity","damage_taken":0,"max_hp_gain":0,"max_hp_loss":0,"event_name":"Back to Basics","floor":25,"gold_loss":0,"cards_upgraded":["Defend_B","Defend_B"]},{"damage_healed":0,"gold_gain":0,"player_choice":"Ignored","damage_taken":0,"max_hp_gain":0,"max_hp_loss":0,"event_name":"SecretPortal","floor":38,"gold_loss":0}],"is_beta":false,"boss_relics":[{"not_picked":["Runic Dome","Snecko Eye"],"picked":"Inserter"},{"not_picked":["Nuclear Battery","Sozu"],"picked":"Black Star"}],"items_purged_floors":[5,14,19,28,37],"is_endless":false,"potions_floor_spawned":[4,11,16,21,22,31,33,35,36,41,46],"ascension_level":6}}