{"host":"dusk7mhlix1mqn14","time":1608035619,"event":{"mods":["BaseMod","Colored Powertips","Downfall","Hero for Fun","Highlight Path","Kratos Character Expansion","Marisa（F雨　魔理沙）","Minty Spire (QoL Compilation)","Prisma Mod","Remilia（蕾米莉亚）","Replay The Spire","Ryuuou龙王","SIMod","Shop Mod","StSLib","The Alterego","The Bug Knight","The Death Knight","The Forsaken","The Servant 0.9.4","TheWitcher","【东方二次创作】八云紫mod"],"gold_per_floor":[99,99,132,57,57,75,156,156,81,107,282,282,292,105,120,223,223,148,161,186,186,186,186,209,221,221,240,259,344,344,359,377,377,377],"floor_reached":33,"playtime":2144,"items_purged":["Doubt"],"score":323,"play_id":"150cb30b-ad71-4f91-a41b-205ef7eaed59","local_time":"20201215203339","is_ascension_mode":false,"campfire_choices":[{"floor":1.0,"key":"RECALL"},{"data":"Slimebound:SplitMire","floor":4.0,"key":"SMITH"},{"data":"Slimebound:GrowthPunch","floor":9.0,"key":"SMITH"},{"data":"Slimebound:LeechEnergy","floor":22.0,"key":"SMITH"},{"data":"Slimebound:Gluttony","floor":26.0,"key":"SMITH"}],"circlet_count":0,"master_deck":["Slimebound:Strike_Slimebound","Slimebound:Strike_Slimebound","Slimebound:Tackle","Slimebound:Defend_Slimebound","Slimebound:Defend_Slimebound","Slimebound:Defend_Slimebound","Slimebound:Split","Slimebound:CorrosiveSpit","Slimebound:SplitMire+1","Slimebound:ForwardTackle","Slimebound:ItLooksTasty+1","Slimebound:GrowthPunch+1","Slimebound:SplitAcid+1","Slimebound:GoopTackle","expansioncontent:Sear","Slimebound:OneTwoCombo+1","Slimebound:FinishingTackle","Slimebound:LeechEnergy+1","Slimebound:Gluttony+1","Slimebound:LevelUp+1","Slimebound:SplitAcid"],"relics":["Slimebound:AbsorbEndCombat","downfall:HeartsMalice","Singing Bowl","downfall:HeartBlessingRed","downfall:HeartBlessingBlue","Art of War","Ring of Chaos","downfall:HeartBlessingGreen","Shuriken","alterego_mod:FleetingLove","Whetstone"],"acts_visited":["Exordium","TheCity"],"potions_floor_usage":[33],"damage_taken":[{"damage":0.0,"enemies":"2 Louse","floor":2.0,"turns":1.0},{"damage":0.0,"enemies":"Lagavulin","floor":3.0,"turns":1.0},{"damage":0.0,"enemies":"Jaw Worm","floor":5.0,"turns":1.0},{"damage":9.0,"enemies":"Small Slimes","floor":6.0,"turns":2.0},{"damage":40.0,"enemies":"HollowMod:MossKnight","floor":10.0,"turns":6.0},{"damage":24.0,"enemies":"Red Slaver","floor":13.0,"turns":2.0},{"damage":16.0,"enemies":"downfall:FleeingMerchant","floor":14.0,"turns":4.0},{"damage":10.0,"enemies":"2 Fungi Beasts","floor":15.0,"turns":2.0},{"damage":92.0,"enemies":"downfall:Ironclad","floor":16.0,"turns":7.0},{"damage":27.0,"enemies":"Chosen","floor":19.0,"turns":3.0},{"damage":40.0,"enemies":"Replay:Snechameleon","floor":20.0,"turns":3.0},{"damage":27.0,"enemies":"Centurion and Healer","floor":25.0,"turns":3.0},{"damage":16.0,"enemies":"Chosen and Byrds","floor":27.0,"turns":4.0},{"damage":27.0,"enemies":"Snake Plant","floor":28.0,"turns":3.0},{"damage":27,"enemies":"3 Cultists","floor":31,"turns":3},{"damage":47,"enemies":"Shelled Parasite and Fungi","floor":32,"turns":3},{"damage":91,"enemies":"downfall:Silent","floor":33,"turns":6}],"seed_played":"-6091282572883069824","potions_obtained":[{"floor":6.0,"key":"SkillPotion"},{"floor":10.0,"key":"DistilledChaos"},{"floor":15.0,"key":"CultistPotion"},{"floor":20.0,"key":"Weak Potion"},{"floor":28.0,"key":"SkillPotion"}],"is_trial":false,"path_per_floor":["R","M","E","R","M","M","T","?","R","E","?","?","M","$","M","B",null,"R","M","E","?","R","?","T","M","R","M","M","?","?","M","M","B"],"character_chosen":"SLIMEBOUND","items_purchased":["expansioncontent:Sear"],"campfire_rested":0,"item_purchase_floors":[14],"current_hp_per_floor":[60,60,60,60,60,59,59,59,69,64,64,64,58,74,74,18,76,76,72,58,58,58,58,58,59,59,75,71,59,59,56,43,0,0],"gold":377,"neow_bonus":"THREE_ENEMY_KILL","is_daily":false,"chose_seed":false,"campfire_upgraded":4,"win_rate":0.0,"timestamp":1608035619,"path_taken":["R","M","E","R","M","M","T","?","R","E","?","?","?","$","M","BOSS","R","M","E","?","R","?","T","?","R","M","M","?","?","M","M","BOSS"],"items_purchased_type":["Card"],"build_version":"2020-12-13","purchased_purges":1,"victory":false,"max_hp_per_floor":[60,60,60,60,60,60,60,60,70,72,72,72,74,74,76,76,76,76,76,78,78,78,78,78,78,78,78,80,80,80,80,82,82,82],"card_choices":[{"not_picked":["Slimebound:SamplingLick","Slimebound:SlimeTap"],"picked":"Slimebound:SplitMire","floor":2.0},{"not_picked":["Slimebound:Prepare","Slimebound:TongueLash"],"picked":"Slimebound:ForwardTackle","floor":3.0},{"not_picked":["Slimebound:GoopSpray","Slimebound:Replication"],"picked":"Slimebound:ItLooksTasty","floor":5.0},{"not_picked":["Slimebound:GoopTackle","Slimebound:Grow"],"picked":"Slimebound:GrowthPunch","floor":6.0},{"not_picked":["Slimebound:SlimeBarrage","Slimebound:PressTheAttack","Slimebound:Dissolve"],"picked":"Singing Bowl","floor":10.0},{"not_picked":["Slimebound:Dissolve","Slimebound:RejuvenatingLick","Slimebound:LeechEnergy"],"picked":"Singing Bowl","floor":13.0},{"not_picked":["Slimebound:SplitMire","Slimebound:ViciousTackle"],"picked":"Slimebound:GoopTackle","floor":14.0},{"not_picked":["Slimebound:GoopSpray","Slimebound:FinishingTackle","Slimebound:AcidTongue"],"picked":"Singing Bowl","floor":15.0},{"not_picked":["Slimebound:Teamwork","Slimebound:Overexert"],"picked":"Slimebound:OneTwoCombo","floor":16.0},{"not_picked":["Slimebound:SplitBruiser+1","Slimebound:SplitAcid"],"picked":"Slimebound:LeechEnergy","floor":19.0},{"not_picked":["Slimebound:FinishingTackle","Slimebound:ForwardTackle","Slimebound:AcidTongue"],"picked":"Singing Bowl","floor":20.0},{"not_picked":["Slimebound:SplitMire","Slimebound:ComboTackle"],"picked":"Slimebound:Gluttony","floor":25.0},{"not_picked":["Slimebound:SpikyOuterGoop","Slimebound:PressTheAttack"],"picked":"Slimebound:LevelUp+1","floor":27.0},{"not_picked":["Slimebound:Schlurp+1","Slimebound:DisruptingSlam","Slimebound:BestDefense"],"picked":"Singing Bowl","floor":28.0},{"not_picked":["Slimebound:ComboTackle+1","Slimebound:MassRepurpose"],"picked":"Slimebound:SplitAcid","floor":31},{"not_picked":["Slimebound:GoopSpray","Slimebound:LeechEnergy","Slimebound:ViciousTackle+1"],"picked":"Singing Bowl","floor":32}],"player_experience":240440,"relics_obtained":[{"floor":3.0,"key":"Singing Bowl"},{"floor":10.0,"key":"Art of War"},{"floor":20.0,"key":"Shuriken"},{"floor":24.0,"key":"Whetstone"}],"event_choices":[{"damage_healed":0.0,"max_hp_gain":0.0,"max_hp_loss":0.0,"gold_gain":0.0,"event_name":"NoteForYourself","player_choice":"Ignored","floor":12.0,"gold_loss":0.0,"damage_taken":0.0},{"damage_healed":0.0,"max_hp_gain":0.0,"max_hp_loss":0.0,"gold_gain":0.0,"event_name":"爱的神圣花园","player_choice":"Choice 1","floor":21.0,"gold_loss":0.0,"damage_taken":0.0,"relics_obtained":["alterego_mod:FleetingLove"]}],"is_beta":false,"boss_relics":[{"not_picked":["Philosopher\u0027s Stone","Runic Dome"],"picked":"Ring of Chaos"}],"items_purged_floors":[14],"is_endless":false,"potions_floor_spawned":[6,10,15,20,28,31],"killed_by":"downfall:Silent","ascension_level":0}}