{"host":"mkv3lj8gfkr85ioo","time":1608029691,"event":{"mods":["AchievementEnabler","BaseMod","Colored Map","Minty Spire (QoL Compilation)","SuperFastMode"],"gold_per_floor":[110,110,126,126,126,126,161,171,224,236,266,291,303,327,339,428,440,469,32,51,51,51,83,83,83,83,83,93,93,93],"floor_reached":29,"playtime":633,"items_purged":["Strike_R"],"score":536,"play_id":"097934a0-0c4b-4a21-8f7f-7eaca2e1fd5d","local_time":"20201215195451","is_ascension_mode":true,"campfire_choices":[{"data":"Bash","floor":6.0,"key":"SMITH"},{"data":"Strike_R","floor":10.0,"key":"SMITH"},{"data":"Pommel Strike","floor":13.0,"key":"SMITH"},{"floor":15.0,"key":"REST"},{"floor":25.0,"key":"REST"},{"floor":27.0,"key":"REST"}],"circlet_count":0,"master_deck":["AscendersBane","Strike_R","Strike_R+1","Strike_R","Strike_R","Defend_R","Defend_R","Defend_R","Defend_R","Bash+1","Pommel Strike+1","Second Wind","Barricade","Evolve","Shrug It Off","Feel No Pain","Decay"],"relics":["Burning Blood","NeowsBlessing","Bronze Scales","MawBank","Mark of Pain","Membership Card","Potion Belt","Girya","Frozen Egg 2"],"acts_visited":["Exordium","TheCity"],"potions_floor_usage":[],"damage_taken":[{"damage":0.0,"enemies":"Jaw Worm","floor":1.0,"turns":1.0},{"damage":0.0,"enemies":"2 Louse","floor":3.0,"turns":1.0},{"damage":0.0,"enemies":"Lagavulin","floor":7.0,"turns":1.0},{"damage":7.0,"enemies":"Small Slimes","floor":8.0,"turns":4.0},{"damage":22.0,"enemies":"3 Louse","floor":11.0,"turns":3.0},{"damage":22.0,"enemies":"Looter","floor":12.0,"turns":2.0},{"damage":18.0,"enemies":"Exordium Wildlife","floor":14.0,"turns":3.0},{"damage":36.0,"enemies":"Hexaghost","floor":16.0,"turns":9.0},{"damage":49.0,"enemies":"Shell Parasite","floor":18.0,"turns":6.0},{"damage":12.0,"enemies":"Spheric Guardian","floor":20.0,"turns":5.0},{"damage":10.0,"enemies":"Gremlin Leader","floor":23.0,"turns":6.0},{"damage":21.0,"enemies":"Snake Plant","floor":28.0,"turns":4.0},{"damage":38,"enemies":"Book of Stabbing","floor":29,"turns":5}],"seed_played":"-3685575712037778708","potions_obtained":[{"floor":7.0,"key":"SpeedPotion"},{"floor":8.0,"key":"FearPotion"},{"floor":14.0,"key":"SneckoOil"},{"floor":18.0,"key":"SteroidPotion"},{"floor":28.0,"key":"Energy Potion"}],"is_trial":false,"path_per_floor":["M","$","M","?","$","R","E","M","T","R","M","M","R","M","R","B",null,"M","$","M","?","?","E","?","R","T","R","M","E"],"character_chosen":"IRONCLAD","items_purchased":["Membership Card","Evolve","Shrug It Off","Potion Belt","EntropicBrew","Swift Potion","Block Potion"],"campfire_rested":3,"item_purchase_floors":[19,19,19,19,19,19,19],"current_hp_per_floor":[74,74,75,75,75,75,75,74,74,74,58,42,42,30,52,22,62,19,19,13,13,13,9,9,31,31,53,38,0,0],"gold":93,"neow_bonus":"THREE_ENEMY_KILL","is_daily":false,"chose_seed":false,"campfire_upgraded":3,"win_rate":0.0,"timestamp":1608029691,"path_taken":["M","$","M","?","$","R","E","M","T","R","M","M","R","M","R","BOSS","M","$","M","?","?","E","?","R","T","R","M","E"],"items_purchased_type":["Relic","Card","Card","Relic","Potion","Potion","Potion"],"build_version":"2020-12-13","purchased_purges":1,"victory":false,"max_hp_per_floor":[75,75,75,75,75,75,75,75,75,75,75,75,75,75,75,75,75,75,75,75,75,75,75,75,75,75,75,75,75,75],"card_choices":[{"not_picked":["Twin Strike","Pommel Strike","Clothesline"],"picked":"SKIP","floor":1.0},{"not_picked":["Dual Wield","Pommel Strike","Flex"],"picked":"SKIP","floor":3.0},{"not_picked":["Searing Blow","True Grit","Spot Weakness"],"picked":"SKIP","floor":7.0},{"not_picked":["Thunderclap","Feel No Pain","Heavy Blade"],"picked":"SKIP","floor":8.0},{"not_picked":["Clash","Dropkick"],"picked":"Pommel Strike","floor":11.0},{"not_picked":["Metallicize","Sentinel","Feel No Pain"],"picked":"SKIP","floor":12.0},{"not_picked":["Clothesline","Searing Blow"],"picked":"Second Wind","floor":14.0},{"not_picked":["Offering","Corruption"],"picked":"Barricade","floor":16.0},{"not_picked":["Bloodletting","Dropkick","Headbutt"],"picked":"SKIP","floor":18.0},{"not_picked":["Anger","Headbutt"],"picked":"Feel No Pain","floor":20.0},{"not_picked":["Clothesline","Spot Weakness","Flex+1"],"picked":"SKIP","floor":23.0},{"not_picked":["Searing Blow","Anger","Double Tap"],"picked":"SKIP","floor":28.0}],"player_experience":148348,"relics_obtained":[{"floor":7.0,"key":"Bronze Scales"},{"floor":9.0,"key":"MawBank"},{"floor":23.0,"key":"Girya"},{"floor":26.0,"key":"Frozen Egg 2"}],"event_choices":[{"damage_healed":0.0,"max_hp_gain":0.0,"max_hp_loss":0.0,"gold_gain":0.0,"event_name":"Shining Light","player_choice":"Ignored","floor":4.0,"gold_loss":0.0,"damage_taken":0.0},{"damage_healed":0.0,"max_hp_gain":0.0,"max_hp_loss":0.0,"gold_gain":0.0,"event_name":"Forgotten Altar","player_choice":"Smashed Altar","floor":22.0,"gold_loss":0.0,"damage_taken":0.0,"cards_obtained":["Decay"]},{"damage_healed":0.0,"max_hp_gain":0.0,"max_hp_loss":0.0,"gold_gain":0.0,"event_name":"Cursed Tome","player_choice":"Ignored","floor":24.0,"gold_loss":0.0,"damage_taken":0.0}],"is_beta":false,"boss_relics":[{"not_picked":["Black Blood","Empty Cage"],"picked":"Mark of Pain"}],"items_purged_floors":[19],"is_endless":false,"potions_floor_spawned":[7,8,12,14,18,28],"killed_by":"Book of Stabbing","ascension_level":20}}