{"host":"d8hh7rr4yzitjeuj","time":1608037290,"event":{"mods":["2.2 Compatiblity","AchievementEnabler","BaseMod","CapriCore","Colored Map","Colored Powertips","Highlight Path","Keyboard Shortcuts","Minty Spire (QoL Compilation)","Permanent Neow","Quick Restart","StSLib","SuperFastMode"],"gold_per_floor":[112,125,140,7,7,7,39,39,66,66,84,96,109,129,129,205,205,215,73,83,8,8,8,43,43,43,62,62,62],"floor_reached":28,"playtime":630,"items_purged":[],"score":480,"play_id":"ffc3d5a8-4ab9-407a-8cf6-dde1d54ee4f5","local_time":"20201215220130","is_ascension_mode":true,"campfire_choices":[{"data":"Defragment","floor":6.0,"key":"SMITH"},{"floor":8.0,"key":"REST"},{"data":"Zap","floor":10.0,"key":"SMITH"},{"floor":15.0,"key":"REST"},{"floor":23,"key":"REST"}],"circlet_count":0,"master_deck":["AscendersBane","Strike_B","Strike_B","Strike_B","Defend_B","Defend_B","Defend_B","Defend_B","Zap+1","Dualcast","Streamline","Steam Power","Ball Lightning+1","Defragment+1","Go for the Eyes+1","Glacier","White Noise","Lockon","Defragment","Self Repair","Biased Cognition","Tempest","Echo Form","Coolheaded","Decay","Force Field","Zap","BootSequence"],"relics":["Inserter","Blood Vial","Bag of Marbles","Velvet Choker","Cables"],"acts_visited":["Exordium","TheCity"],"potions_floor_usage":[24,28],"damage_taken":[{"damage":3.0,"enemies":"2 Louse","floor":1.0,"turns":4.0},{"damage":2.0,"enemies":"Jaw Worm","floor":2.0,"turns":3.0},{"damage":2.0,"enemies":"Cultist","floor":3.0,"turns":4.0},{"damage":34.0,"enemies":"Lagavulin","floor":7.0,"turns":6.0},{"damage":13.0,"enemies":"3 Louse","floor":11.0,"turns":5.0},{"damage":0.0,"enemies":"2 Fungi Beasts","floor":12.0,"turns":5.0},{"damage":10.0,"enemies":"Gremlin Gang","floor":13.0,"turns":4.0},{"damage":4.0,"enemies":"Looter","floor":14.0,"turns":4.0},{"damage":15.0,"enemies":"The Guardian","floor":16.0,"turns":10.0},{"damage":39.0,"enemies":"Shell Parasite","floor":18.0,"turns":5.0},{"damage":3,"enemies":"Spheric Guardian","floor":20,"turns":4},{"damage":37,"enemies":"Slavers","floor":24,"turns":6},{"damage":21,"enemies":"Snake Plant","floor":27,"turns":4},{"damage":23,"enemies":"Chosen and Byrds","floor":28,"turns":5}],"seed_played":"4199376682561566073","potions_obtained":[{"floor":2.0,"key":"Ancient Potion"},{"floor":11.0,"key":"Fire Potion"},{"floor":12.0,"key":"FocusPotion"},{"floor":16.0,"key":"AttackPotion"},{"floor":27,"key":"Regen Potion"}],"is_trial":false,"path_per_floor":["M","M","M","$","?","R","E","R","T","R","M","M","M","M","R","B",null,"M","$","M","?","?","R","E","?","T","M","M"],"character_chosen":"DEFECT","items_purchased":["Defragment","Go for the Eyes","Echo Form","Coolheaded"],"campfire_rested":3,"item_purchase_floors":[4,4,19,19],"current_hp_per_floor":[61,59,57,57,36,36,2,23,23,23,12,14,6,4,25,19,58,28,28,27,27,27,48,20,20,20,1,0,0],"gold":62,"neow_bonus":"BOSS_RELIC","is_daily":false,"chose_seed":false,"campfire_upgraded":2,"win_rate":0.0,"timestamp":1608037290,"path_taken":["M","M","M","$","?","R","E","R","T","R","M","M","M","M","R","BOSS","M","$","M","?","?","R","E","?","T","M","?"],"items_purchased_type":["Card","Card","Card","Card"],"build_version":"2020-12-13","purchased_purges":0,"victory":false,"max_hp_per_floor":[71,71,71,71,71,71,71,71,71,71,71,71,71,71,71,71,71,71,71,71,71,71,71,71,71,71,71,71,71],"card_choices":[{"not_picked":["Turbo","Storm"],"picked":"Streamline","floor":1.0},{"not_picked":["Hello World","Scrape"],"picked":"Steam Power","floor":2.0},{"not_picked":["Aggregate","Double Energy"],"picked":"Ball Lightning","floor":3.0},{"not_picked":["Coolheaded","Redo"],"picked":"Glacier","floor":7.0},{"not_picked":["Cold Snap","Rebound"],"picked":"White Noise","floor":11.0},{"not_picked":["Fusion","Steam"],"picked":"Lockon","floor":12.0},{"not_picked":["Doom and Gloom","Reprogram"],"picked":"Defragment","floor":13.0},{"not_picked":["Compile Driver","Gash"],"picked":"Self Repair","floor":14.0},{"not_picked":["Meteor Strike","Amplify"],"picked":"Biased Cognition","floor":16.0},{"not_picked":["Go for the Eyes","Leap+1"],"picked":"Tempest","floor":18.0},{"not_picked":["Leap","Double Energy","Cold Snap"],"picked":"SKIP","floor":20},{"not_picked":["Chill","Rip and Tear"],"picked":"Force Field","floor":24},{"not_picked":["Force Field","Genetic Algorithm"],"picked":"BootSequence","floor":27}],"player_experience":1342118,"relics_obtained":[{"floor":7.0,"key":"Blood Vial"},{"floor":9.0,"key":"Bag of Marbles"},{"floor":24,"key":"Cables"}],"event_choices":[{"damage_healed":0.0,"max_hp_gain":0.0,"max_hp_loss":0.0,"gold_gain":0.0,"event_name":"Shining Light","player_choice":"Entered Light","floor":5.0,"gold_loss":0.0,"damage_taken":21.0,"cards_upgraded":["Go for the Eyes","Ball Lightning"]},{"cards_removed":["Strike_B"],"damage_healed":0,"gold_gain":0,"player_choice":"Gave Gold","damage_taken":0,"max_hp_gain":0,"max_hp_loss":0,"event_name":"Beggar","floor":21,"gold_loss":75},{"damage_healed":0,"gold_gain":0,"player_choice":"Smashed Altar","damage_taken":0,"max_hp_gain":0,"max_hp_loss":0,"event_name":"Forgotten Altar","floor":22,"gold_loss":0,"cards_obtained":["Decay"]},{"damage_healed":0,"gold_gain":0,"player_choice":"1 cards matched","damage_taken":0,"max_hp_gain":0,"max_hp_loss":0,"event_name":"Match and Keep!","floor":25,"gold_loss":0,"cards_obtained":["Zap"]}],"is_beta":false,"boss_relics":[{"not_picked":["Coffee Dripper","Tiny House"],"picked":"Velvet Choker"}],"items_purged_floors":[],"is_endless":false,"potions_floor_spawned":[2,11,12,16,27],"killed_by":"Chosen and Byrds","ascension_level":20}}