{"host":"d9m9v0h6vo0edadb","time":1608031202,"event":{"mods":["BaseMod","Hermit","Keyboard Shortcuts","Minty Spire (QoL Compilation)","StSLib","SuperFastMode","The Cursed"],"gold_per_floor":[15,31,45,61,81,81,108,108,132,179,214,232,14,33,33,111,111,123,123,135,147,147,147,147,147,147],"floor_reached":25,"playtime":538,"items_purged":[],"score":419,"play_id":"fefc785b-f335-43b3-85ee-b083b56d2c68","local_time":"20201215202002","is_ascension_mode":true,"campfire_choices":[{"data":"Defragment","floor":6.0,"key":"SMITH"},{"data":"Dualcast","floor":8.0,"key":"SMITH"},{"floor":15.0,"key":"REST"},{"data":"Coolheaded","floor":23.0,"key":"SMITH"}],"circlet_count":0,"master_deck":["AscendersBane","Strike_B","Strike_B","Defend_B","Defend_B","Defend_B","Defend_B","Zap","Dualcast+1","Glacier","Ball Lightning","Rebound","Defragment+1","Storm","Cold Snap","Coolheaded+1","Compile Driver","Biased Cognition","Coolheaded"],"relics":["Cracked Core","Toy Ornithopter","Tiny Chest","Anchor","Oddly Smooth Stone","DataDisk","Nuclear Battery"],"acts_visited":["Exordium","TheCity"],"potions_floor_usage":[25],"damage_taken":[{"damage":1.0,"enemies":"Cultist","floor":1.0,"turns":4.0},{"damage":0.0,"enemies":"2 Louse","floor":2.0,"turns":2.0},{"damage":0.0,"enemies":"Small Slimes","floor":3.0,"turns":4.0},{"damage":1.0,"enemies":"Looter","floor":4.0,"turns":3.0},{"damage":0.0,"enemies":"2 Fungi Beasts","floor":5.0,"turns":4.0},{"damage":30.0,"enemies":"3 Sentries","floor":7.0,"turns":4.0},{"damage":15.0,"enemies":"Lagavulin","floor":11.0,"turns":6.0},{"damage":1.0,"enemies":"Gremlin Gang","floor":12.0,"turns":5.0},{"damage":8.0,"enemies":"3 Louse","floor":14.0,"turns":4.0},{"damage":24.0,"enemies":"The Guardian","floor":16.0,"turns":14.0},{"damage":6.0,"enemies":"2 Thieves","floor":18.0,"turns":4.0},{"damage":0.0,"enemies":"Shell Parasite","floor":20.0,"turns":5.0},{"damage":10.0,"enemies":"3 Cultists","floor":21.0,"turns":5.0},{"damage":50,"enemies":"Gremlin Leader","floor":25,"turns":9}],"seed_played":"1749530519973935985","potions_obtained":[{"floor":1.0,"key":"Dexterity Potion"},{"floor":2.0,"key":"PowerPotion"},{"floor":14.0,"key":"SteroidPotion"},{"floor":20.0,"key":"BlessingOfTheForge"}],"is_trial":false,"path_per_floor":["M","M","M","M","M","R","E","R","T","T","E","M","$","M","R","B",null,"M","$","M","M","$","R","?","E"],"character_chosen":"DEFECT","items_purchased":["DataDisk","Coolheaded"],"campfire_rested":1,"item_purchase_floors":[13,13],"current_hp_per_floor":[63,63,63,62,62,62,32,32,32,32,17,16,16,8,29,5,55,49,49,49,44,44,44,44,0,0],"gold":147,"neow_bonus":"REMOVE_TWO","is_daily":false,"chose_seed":false,"campfire_upgraded":3,"win_rate":0.0,"timestamp":1608031202,"path_taken":["M","M","M","M","M","R","E","R","T","?","E","M","$","M","R","BOSS","M","$","M","M","$","R","?","E"],"items_purchased_type":["Relic","Card"],"build_version":"2020-12-13","purchased_purges":0,"victory":false,"max_hp_per_floor":[71,71,71,71,71,71,71,71,71,71,71,71,71,71,71,71,71,71,71,71,71,71,71,71,71,71],"card_choices":[{"not_picked":["Static Discharge","Compile Driver"],"picked":"Glacier","floor":1.0},{"not_picked":["Turbo","Go for the Eyes"],"picked":"Ball Lightning","floor":2.0},{"not_picked":["Streamline","Go for the Eyes"],"picked":"Rebound","floor":3.0},{"not_picked":["Turbo","Static Discharge"],"picked":"Defragment","floor":4.0},{"not_picked":["Go for the Eyes","Auto Shields"],"picked":"Echo Form","floor":5.0},{"not_picked":["Hologram","Reinforced Body"],"picked":"Storm","floor":7.0},{"not_picked":["Fusion","Storm","Go for the Eyes"],"picked":"SKIP","floor":11.0},{"not_picked":["Consume","Hologram"],"picked":"Cold Snap","floor":12.0},{"not_picked":["BootSequence","Recycle"],"picked":"Compile Driver","floor":14.0},{"not_picked":["Meteor Strike","Hyperbeam"],"picked":"Biased Cognition","floor":16.0},{"not_picked":["Cold Snap","Reinforced Body","Hologram+1"],"picked":"SKIP","floor":18.0},{"not_picked":["Sweeping Beam","Force Field"],"picked":"Coolheaded","floor":20.0},{"not_picked":["Genetic Algorithm","Auto Shields","Beam Cell"],"picked":"SKIP","floor":21.0}],"player_experience":933798,"relics_obtained":[{"floor":7.0,"key":"Toy Ornithopter"},{"floor":9.0,"key":"Tiny Chest"},{"floor":10.0,"key":"Anchor"},{"floor":11.0,"key":"Oddly Smooth Stone"}],"event_choices":[{"cards_removed":["Echo Form"],"damage_healed":0.0,"max_hp_gain":0.0,"max_hp_loss":0.0,"gold_gain":0.0,"event_name":"Back to Basics","player_choice":"Elegance","floor":24.0,"gold_loss":0.0,"damage_taken":0.0}],"is_beta":false,"boss_relics":[{"not_picked":["SacredBark","Tiny House"],"picked":"Nuclear Battery"}],"items_purged_floors":[],"is_endless":false,"potions_floor_spawned":[1,2,3,14,20],"killed_by":"Gremlin Leader","ascension_level":19}}