{"host":"t61y2h917t9s2x5y","time":1608066172,"event":{"mods":["AchievementEnabler","BaseMod","Colored Map","Colored Powertips","DeckTracker","Minty Spire (QoL Compilation)","Rare Cards Sparkle"],"gold_per_floor":[118,118,138,154,170,196,196,210,210,235,245,257,276,276,276,373,373,373,313,313,313,313,313,313,313],"floor_reached":24,"playtime":22998,"items_purged":[],"score":248,"play_id":"03039250-ebe8-48d1-8532-93f011d05130","local_time":"20201215160252","is_ascension_mode":true,"campfire_choices":[{"data":"Bash","floor":7.0,"key":"SMITH"},{"data":"Cleave","floor":15,"key":"SMITH"}],"circlet_count":0,"master_deck":["Strike_R","Strike_R+1","Strike_R","Strike_R","Strike_R+1","Defend_R","Defend_R","Defend_R","Defend_R","Bash+1","Shame","Rupture","Heavy Blade","Heavy Blade","Bludgeon","Flex","Flex+1","Pommel Strike","Cleave+1","Spot Weakness+1","Limit Break+1","Flex+1","Inflame"],"relics":["Burning Blood","Magic Flower","StoneCalendar","Red Skull","Orichalcum","Toxic Egg 2","Ectoplasm","Whetstone"],"acts_visited":["Exordium","TheCity"],"potions_floor_usage":[12,16,20,22],"damage_taken":[{"damage":6.0,"enemies":"2 Louse","floor":1.0,"turns":3.0},{"damage":1.0,"enemies":"Jaw Worm","floor":3.0,"turns":3.0},{"damage":9.0,"enemies":"Cultist","floor":4.0,"turns":4.0},{"damage":8.0,"enemies":"2 Fungi Beasts","floor":5.0,"turns":4.0},{"damage":38.0,"enemies":"3 Sentries","floor":6.0,"turns":7.0},{"damage":20.0,"enemies":"Exordium Thugs","floor":8.0,"turns":4.0},{"damage":10.0,"enemies":"Gremlin Nob","floor":10.0,"turns":3.0},{"damage":4.0,"enemies":"Looter","floor":11.0,"turns":2.0},{"damage":0,"enemies":"3 Louse","floor":12,"turns":2},{"damage":3,"enemies":"2 Fungi Beasts","floor":13,"turns":2},{"damage":27,"enemies":"Hexaghost","floor":16,"turns":6},{"damage":8,"enemies":"Shell Parasite","floor":18,"turns":3},{"damage":29,"enemies":"2 Thieves","floor":19,"turns":4},{"damage":19,"enemies":"Sentry and Sphere","floor":20,"turns":4},{"damage":15,"enemies":"3 Cultists","floor":21,"turns":4},{"damage":4,"enemies":"Cultist and Chosen","floor":22,"turns":3},{"damage":48,"enemies":"Gremlin Leader","floor":23,"turns":4},{"damage":10,"enemies":"Centurion and Healer","floor":24,"turns":1}],"seed_played":"-7952869767833235068","potions_obtained":[{"floor":4.0,"key":"Dexterity Potion"},{"floor":5.0,"key":"Block Potion"},{"floor":10.0,"key":"SteroidPotion"},{"floor":13,"key":"Dexterity Potion"},{"floor":19,"key":"SkillPotion"},{"floor":21,"key":"Swift Potion"}],"is_trial":false,"path_per_floor":["M","?","M","M","M","E","R","M","T","E","M","M","M","?","R","B",null,"M","M","M","M","M","E","M"],"character_chosen":"IRONCLAD","items_purchased":[],"campfire_rested":0,"item_purchase_floors":[],"current_hp_per_floor":[80,73,80,80,80,51,51,40,40,39,44,53,59,59,59,41,80,80,60,50,44,49,10,0,0],"gold":313,"neow_bonus":"ONE_RARE_RELIC","is_daily":false,"chose_seed":false,"campfire_upgraded":2,"win_rate":0.0,"timestamp":1608066172,"path_taken":["M","?","M","M","M","E","R","M","T","E","M","M","M","?","R","BOSS","M","M","M","M","M","E","M"],"items_purchased_type":[],"build_version":"2020-12-13","purchased_purges":0,"victory":false,"max_hp_per_floor":[80,80,80,80,80,80,80,80,80,80,80,80,80,80,80,80,80,80,80,80,80,80,80,80,80],"card_choices":[{"not_picked":["Perfected Strike","True Grit"],"picked":"Rupture","floor":1.0},{"not_picked":["Infernal Blade","Power Through"],"picked":"Heavy Blade","floor":3.0},{"not_picked":["Body Slam","Anger","Fire Breathing"],"picked":"SKIP","floor":4.0},{"not_picked":["Feel No Pain","Warcry"],"picked":"Heavy Blade","floor":5.0},{"not_picked":["Seeing Red","True Grit"],"picked":"Bludgeon","floor":6.0},{"not_picked":["Armaments","Pommel Strike"],"picked":"Flex","floor":8.0},{"not_picked":["Iron Wave","Disarm+1"],"picked":"Flex+1","floor":10.0},{"not_picked":["Iron Wave","Warcry+1"],"picked":"Pommel Strike","floor":11},{"not_picked":["Metallicize","Intimidate+1"],"picked":"Cleave","floor":12},{"not_picked":["Pommel Strike","Bloodletting+1"],"picked":"Spot Weakness+1","floor":13},{"not_picked":["Offering+1","Impervious+1"],"picked":"Limit Break+1","floor":16},{"not_picked":["Body Slam","Perfected Strike","Seeing Red+1"],"picked":"SKIP","floor":18},{"not_picked":["Body Slam+1","Rage+1","Flame Barrier+1"],"picked":"SKIP","floor":19},{"not_picked":["True Grit+1","Headbutt","Body Slam"],"picked":"SKIP","floor":20},{"not_picked":["Anger","Warcry+1"],"picked":"Flex+1","floor":21},{"not_picked":["Reckless Charge+1","Blood for Blood","Clash"],"picked":"SKIP","floor":22},{"not_picked":["Cleave","Disarm+1"],"picked":"Inflame","floor":23}],"player_experience":3270,"relics_obtained":[{"floor":6.0,"key":"Red Skull"},{"floor":9.0,"key":"Orichalcum"},{"floor":10.0,"key":"Toxic Egg 2"},{"floor":23,"key":"Whetstone"}],"event_choices":[{"damage_healed":0.0,"max_hp_gain":0.0,"max_hp_loss":0.0,"gold_gain":0.0,"event_name":"Scrap Ooze","player_choice":"Success","floor":2.0,"gold_loss":0.0,"damage_taken":7.0,"relics_obtained":["StoneCalendar"]},{"damage_healed":0,"gold_gain":0,"player_choice":"Ignored","damage_taken":0,"max_hp_gain":0,"max_hp_loss":0,"event_name":"Golden Idol","floor":14,"gold_loss":0}],"is_beta":false,"boss_relics":[{"not_picked":["Snecko Eye","SacredBark"],"picked":"Ectoplasm"}],"items_purged_floors":[],"is_endless":false,"potions_floor_spawned":[4,5,10,13,19,21],"killed_by":"Centurion and Healer","ascension_level":1}}