{"host":"6bsan6hkua32tfq7","time":1608029468,"event":{"mods":["BaseMod","Better Third Choice","Colored Map","Downfall","Highlight Path","Minty Spire (QoL Compilation)","StSLib"],"gold_per_floor":[114,128,128,144,164,164,48,107,107,107,107],"floor_reached":10,"playtime":370,"items_purged":["Defend_G"],"score":116,"play_id":"b29b0e5a-8317-4c0d-9571-bbf4c1e66380","local_time":"20201215115108","is_ascension_mode":true,"campfire_choices":[{"data":"Transmutation","floor":6,"key":"SMITH"}],"circlet_count":0,"master_deck":["AscendersBane","Strike_G","Strike_G","Strike_G","Strike_G","Strike_G","Defend_G","Defend_G","Defend_G","Defend_G","Survivor","Neutralize","Transmutation+1","Deflect","Cloak And Dagger","Storm of Steel","Infinite Blades"],"relics":["Ring of the Snake","Paper Crane","Shovel"],"acts_visited":["Exordium"],"potions_floor_usage":[8,10],"damage_taken":[{"damage":0,"enemies":"2 Louse","floor":1,"turns":3},{"damage":13,"enemies":"Cultist","floor":2,"turns":6},{"damage":0,"enemies":"Small Slimes","floor":4,"turns":5},{"damage":10,"enemies":"Blue Slaver","floor":5,"turns":8},{"damage":8,"enemies":"Gremlin Nob","floor":8,"turns":4},{"damage":30,"enemies":"3 Sentries","floor":10,"turns":4}],"seed_played":"2144998388165044781","potions_obtained":[{"floor":4,"key":"LiquidBronze"},{"floor":5,"key":"GhostInAJar"}],"is_trial":false,"path_per_floor":["M","M","?","M","M","R","$","?","T","E"],"character_chosen":"THE_SILENT","items_purchased":["Infinite Blades"],"campfire_rested":0,"item_purchase_floors":[7],"current_hp_per_floor":[59,46,46,46,36,36,36,28,28,0,0],"gold":107,"neow_bonus":"RANDOM_COLORLESS_2","is_daily":false,"chose_seed":false,"campfire_upgraded":1,"win_rate":0.0,"timestamp":1608029468,"path_taken":["M","M","?","?","M","R","$","?","T","E"],"items_purchased_type":["Card"],"build_version":"2020-12-13","purchased_purges":1,"victory":false,"max_hp_per_floor":[60,60,60,60,60,60,60,60,60,60,60],"card_choices":[{"not_picked":["Violence","expansioncontent:QuickStudy"],"picked":"Transmutation","floor":0},{"not_picked":["Bane","Dodge and Roll"],"picked":"Deflect","floor":1},{"not_picked":["Choke","Flechettes","Dodge and Roll"],"picked":"SKIP","floor":2},{"not_picked":["Backflip","Sucker Punch"],"picked":"Cloak And Dagger","floor":4},{"not_picked":["Deadly Poison","Dagger Throw"],"picked":"Storm of Steel","floor":5}],"player_experience":5168670,"relics_obtained":[{"floor":8,"key":"Paper Crane"},{"floor":9,"key":"Shovel"}],"event_choices":[{"damage_healed":0,"gold_gain":0,"player_choice":"0 cards matched","damage_taken":0,"max_hp_gain":0,"max_hp_loss":0,"event_name":"Match and Keep!","floor":3,"gold_loss":0,"cards_obtained":[]},{"damage_healed":0,"gold_gain":0,"player_choice":"Searched \u00272\u0027 times","damage_taken":0,"max_hp_gain":0,"max_hp_loss":0,"event_name":"Dead Adventurer","floor":8,"gold_loss":0}],"is_beta":false,"boss_relics":[],"items_purged_floors":[7],"is_endless":false,"potions_floor_spawned":[4,5],"killed_by":"3 Sentries","ascension_level":20}}