{"host":"oc5h2hqz0xgb0igf","time":1608015401,"event":{"mods":["AchievementEnabler","BaseMod","Colored Map","Colored Powertips","Minty Spire (QoL Compilation)","Rare Cards Sparkle"],"gold_per_floor":[117,117,130,55,55,82,82,101,125,200,220,220,231,253,253,353,353,368,268,287,162,181,181,207,225,225,244,255,284,294,311,311,414,414,433,446,456,366,380,380,400,400,400,415,259,290,13,45,45,45],"floor_reached":51,"playtime":6111,"items_purged":["Strike_G","Strike_G","Strike_G","Defend_G"],"score":778,"play_id":"bb813dcf-2e25-4868-885f-0864ef0ca676","local_time":"20201214225641","is_ascension_mode":false,"campfire_choices":[{"data":"Neutralize","floor":7,"key":"SMITH"},{"data":"Terror","floor":12,"key":"SMITH"},{"data":"Backflip","floor":15,"key":"SMITH"},{"floor":23,"key":"REST"},{"floor":32,"key":"REST"},{"floor":49,"key":"REST"}],"circlet_count":0,"master_deck":["Defend_G","Defend_G","Survivor","Neutralize+1","Well Laid Plans","Backflip+1","Terror+1","Malaise","PiercingWail","Cloak And Dagger+1","Night Terror","Flechettes","Crippling Poison+1","PiercingWail+1","PiercingWail+1","Escape Plan+1","Acrobatics+1","PiercingWail+1","Envenom","Heel Hook+1","Tools of the Trade+1","Dodge and Roll+1","Backflip+1","Flechettes","Crippling Poison","Burst","Parasite","Crippling Poison+1","Bullet Time+1","Tactician+1"],"relics":["Ring of the Snake","NeowsBlessing","Bag of Preparation","Boot","Odd Mushroom","Fusion Hammer","Juzu Bracelet","Incense Burner","Pear","Astrolabe","Kunai","Membership Card","Dream Catcher","OrangePellets","Toxic Egg 2"],"acts_visited":["Exordium","TheCity","TheBeyond"],"potions_floor_usage":[16,18,20,29,29,47,50,50],"damage_taken":[{"damage":0,"enemies":"2 Louse","floor":1,"turns":1},{"damage":0,"enemies":"Cultist","floor":3,"turns":1},{"damage":0,"enemies":"3 Sentries","floor":6,"turns":1},{"damage":0,"enemies":"Small Slimes","floor":8,"turns":3},{"damage":2,"enemies":"2 Fungi Beasts","floor":11,"turns":7},{"damage":14,"enemies":"Exordium Wildlife","floor":13,"turns":8},{"damage":2,"enemies":"The Mushroom Lair","floor":14,"turns":6},{"damage":6,"enemies":"The Guardian","floor":16,"turns":18},{"damage":0,"enemies":"3 Byrds","floor":18,"turns":3},{"damage":0,"enemies":"2 Thieves","floor":20,"turns":4},{"damage":2,"enemies":"Snake Plant","floor":22,"turns":3},{"damage":13,"enemies":"Gremlin Leader","floor":24,"turns":8},{"damage":0,"enemies":"3 Cultists","floor":25,"turns":5},{"damage":1,"enemies":"Chosen and Byrds","floor":27,"turns":10},{"damage":0,"enemies":"Shelled Parasite and Fungi","floor":28,"turns":9},{"damage":37,"enemies":"Slavers","floor":29,"turns":5},{"damage":0,"enemies":"Snecko","floor":30,"turns":2},{"damage":1,"enemies":"Centurion and Healer","floor":31,"turns":11},{"damage":57,"enemies":"Champ","floor":33,"turns":19},{"damage":4,"enemies":"Orb Walker","floor":35,"turns":4},{"damage":2,"enemies":"3 Darklings","floor":36,"turns":8},{"damage":12,"enemies":"Transient","floor":37,"turns":5},{"damage":12,"enemies":"Maw","floor":39,"turns":7},{"damage":0,"enemies":"Writhing Mass","floor":41,"turns":5},{"damage":8,"enemies":"4 Shapes","floor":44,"turns":5},{"damage":29,"enemies":"Giant Head","floor":46,"turns":9},{"damage":6,"enemies":"Nemesis","floor":48,"turns":7},{"damage":26,"enemies":"Donu and Deca","floor":50,"turns":10}],"seed_played":"8601352602657950489","potions_obtained":[{"floor":3,"key":"Block Potion"},{"floor":6,"key":"Ancient Potion"},{"floor":16,"key":"LiquidBronze"},{"floor":18,"key":"Fruit Juice"},{"floor":27,"key":"PowerPotion"},{"floor":28,"key":"BlessingOfTheForge"},{"floor":31,"key":"Ancient Potion"},{"floor":33,"key":"FairyPotion"},{"floor":42,"key":"LiquidBronze"},{"floor":42,"key":"Swift Potion"},{"floor":46,"key":"SkillPotion"}],"is_trial":false,"path_per_floor":["M","?","M","$","?","E","R","M","T","?","M","R","M","?","R","B",null,"M","$","M","$","M","R","E","M","T","M","M","E","M","M","R","B",null,"M","M","M","?","M","?","M","?","T","M","$","E","$","E","R","B",null],"character_chosen":"THE_SILENT","items_purchased":["Membership Card","DuplicationPotion","Fruit Juice","GamblersBrew","OrangePellets"],"campfire_rested":3,"item_purchase_floors":[45,47,47,47,47],"current_hp_per_floor":[70,70,70,70,75,75,75,75,75,64,62,62,48,46,46,40,75,75,75,80,80,78,80,67,67,67,66,66,39,39,38,65,8,90,86,84,72,72,60,60,60,60,60,52,52,23,28,22,50,24],"gold":45,"neow_bonus":"THREE_ENEMY_KILL","is_daily":false,"chose_seed":false,"campfire_upgraded":3,"win_rate":0.0,"timestamp":1608015401,"path_taken":["M","?","?","$","?","E","R","M","T","?","?","R","M","?","R","BOSS","M","$","M","$","M","R","E","M","T","M","M","E","M","M","R","BOSS","M","M","M","?","M","?","M","?","T","M","$","E","$","E","R","BOSS"],"items_purchased_type":["Relic","Potion","Potion","Potion","Relic"],"build_version":"2020-12-13","purchased_purges":4,"victory":true,"max_hp_per_floor":[70,70,70,70,75,75,75,75,75,75,75,75,75,75,75,75,75,75,75,80,80,80,80,80,80,80,80,80,90,90,90,90,90,90,90,90,90,90,90,90,90,90,90,90,90,90,95,95,95,95],"card_choices":[{"not_picked":["Deadly Poison","Acrobatics"],"picked":"Well Laid Plans","floor":1},{"not_picked":["PiercingWail","Underhanded Strike"],"picked":"Backflip","floor":3},{"not_picked":["Slice","Acrobatics"],"picked":"Terror","floor":6},{"not_picked":["Cloak And Dagger","Accuracy"],"picked":"Malaise","floor":8},{"not_picked":["Eviscerate","Blur"],"picked":"Flying Knee","floor":11},{"not_picked":["Deflect","Sucker Punch"],"picked":"PiercingWail","floor":13},{"not_picked":["Endless Agony","Terror"],"picked":"Cloak And Dagger","floor":14},{"not_picked":["Unload","Die Die Die"],"picked":"Night Terror","floor":16},{"not_picked":["Catalyst+1","Calculated Gamble"],"picked":"Flechettes","floor":18},{"not_picked":["Bane","Dagger Spray+1"],"picked":"Crippling Poison+1","floor":20},{"not_picked":["Dagger Spray","Quick Slash+1"],"picked":"PiercingWail+1","floor":22},{"not_picked":["Bullet Time","All Out Attack"],"picked":"PiercingWail+1","floor":24},{"not_picked":["Heel Hook","Infinite Blades"],"picked":"Escape Plan+1","floor":25},{"not_picked":["Dagger Spray","Underhanded Strike+1","Deadly Poison"],"picked":"SKIP","floor":27},{"not_picked":["Prepared","Poisoned Stab","PiercingWail"],"picked":"SKIP","floor":28},{"not_picked":["Dodge and Roll","Blade Dance","Outmaneuver"],"picked":"SKIP","floor":29},{"not_picked":["Poisoned Stab","Dodge and Roll"],"picked":"Acrobatics+1","floor":30},{"not_picked":["Dagger Spray","Blade Dance"],"picked":"PiercingWail+1","floor":31},{"not_picked":["Night Terror","Storm of Steel"],"picked":"Envenom","floor":33},{"not_picked":["Prepared","Cloak And Dagger"],"picked":"Backflip+1","floor":35},{"not_picked":["Underhanded Strike","Backstab"],"picked":"Flechettes","floor":36},{"not_picked":["Underhanded Strike","Bane+1"],"picked":"Crippling Poison","floor":37},{"not_picked":["Finisher","Calculated Gamble"],"picked":"Burst","floor":39},{"not_picked":["Slice","Sucker Punch","Deadly Poison+1"],"picked":"SKIP","floor":41},{"not_picked":["Predator","Bane"],"picked":"Crippling Poison+1","floor":44},{"not_picked":["Predator+1","Acrobatics","Endless Agony+1"],"picked":"SKIP","floor":46},{"not_picked":["Noxious Fumes","Dash"],"picked":"Bullet Time+1","floor":48},{"not_picked":["Backflip+1","Acrobatics+1"],"picked":"Tactician+1","floor":49}],"player_experience":59974,"relics_obtained":[{"floor":6,"key":"Bag of Preparation"},{"floor":9,"key":"Boot"},{"floor":14,"key":"Odd Mushroom"},{"floor":24,"key":"Juzu Bracelet"},{"floor":26,"key":"Incense Burner"},{"floor":29,"key":"Pear"},{"floor":43,"key":"Kunai"},{"floor":46,"key":"Dream Catcher"},{"floor":48,"key":"Toxic Egg 2"}],"event_choices":[{"damage_healed":0,"gold_gain":0,"player_choice":"Bought 0 Potions","damage_taken":0,"max_hp_gain":0,"max_hp_loss":0,"event_name":"The Woman in Blue","floor":2,"gold_loss":0},{"damage_healed":0,"gold_gain":0,"player_choice":"Donut","damage_taken":0,"max_hp_gain":5,"max_hp_loss":0,"event_name":"Big Fish","floor":5,"gold_loss":0},{"damage_healed":0,"gold_gain":75,"player_choice":"Gather Gold","damage_taken":11,"max_hp_gain":0,"max_hp_loss":0,"event_name":"World of Goop","floor":10,"gold_loss":0},{"damage_healed":0,"gold_gain":0,"player_choice":"Fought Mushrooms","damage_taken":0,"max_hp_gain":0,"max_hp_loss":0,"event_name":"Mushrooms","floor":14,"gold_loss":0},{"cards_removed":["Defend_G"],"damage_healed":0,"gold_gain":0,"player_choice":"Upgrade and Remove","damage_taken":0,"max_hp_gain":0,"max_hp_loss":0,"event_name":"Designer","floor":38,"gold_loss":90,"cards_upgraded":["Cloak And Dagger"]},{"cards_removed":["Flying Knee"],"damage_healed":0,"gold_gain":0,"player_choice":"Removed Attack","damage_taken":0,"max_hp_gain":0,"max_hp_loss":0,"event_name":"Falling","floor":40,"gold_loss":0},{"damage_healed":0,"gold_gain":0,"player_choice":"Got Potions","damage_taken":0,"max_hp_gain":0,"max_hp_loss":0,"event_name":"Lab","floor":42,"gold_loss":0}],"is_beta":false,"boss_relics":[{"not_picked":["Calling Bell","Busted Crown"],"picked":"Fusion Hammer"},{"not_picked":["Tiny House","Empty Cage"],"picked":"Astrolabe"}],"items_purged_floors":[4,19,21,47],"is_endless":false,"potions_floor_spawned":[3,6,16,18,27,28,31,33,35,41,46],"ascension_level":0}}