{"host":"tfkz8stxzb1up54p","time":1608039907,"event":{"mods":["AchievementEnabler","BaseMod","Block Reminder","Colored Powertips","Disable Question Mark Monsters","Emptier Cage","Gold Saver","Gremlin Skip","Highlight Path","Minty Spire (QoL Compilation)","Permanent Neow","StSLib"],"gold_per_floor":[804,818,993,993,769,800,816,816,864,890,890,901,915,318,318,318,318],"floor_reached":16,"playtime":1066,"items_purged":["Doubt","Regret"],"score":165,"play_id":"f4cba508-2934-4f2b-bb5a-c18bd130f828","local_time":"20201215134507","is_ascension_mode":true,"campfire_choices":[{"data":"Perfected Strike","floor":8,"key":"SMITH"},{"floor":15,"key":"REST"}],"circlet_count":0,"master_deck":["AscendersBane","Strike_R","Strike_R","Strike_R","Strike_R","Strike_R","Defend_R","Defend_R","Defend_R","Defend_R","Bash","Regret","Sadistic Nature","Perfected Strike+1","Ghostly Armor","Thunderclap"],"relics":["Burning Blood","Pen Nib","Vajra","Singing Bowl","Boot","Turnip","Matryoshka","White Beast Statue"],"acts_visited":["Exordium"],"potions_floor_usage":[6,6,6,10,10,12,12,16],"damage_taken":[{"damage":6,"enemies":"Small Slimes","floor":1,"turns":3},{"damage":4,"enemies":"2 Louse","floor":2,"turns":2},{"damage":22,"enemies":"Gremlin Nob","floor":6,"turns":4},{"damage":11,"enemies":"Jaw Worm","floor":7,"turns":4},{"damage":27,"enemies":"Lagavulin","floor":10,"turns":4},{"damage":10,"enemies":"Gremlin Gang","floor":12,"turns":5},{"damage":4,"enemies":"2 Fungi Beasts","floor":13,"turns":5},{"damage":63,"enemies":"Hexaghost","floor":16,"turns":9}],"seed_played":"-3464774309213623615","potions_obtained":[{"floor":2,"key":"EntropicBrew"},{"floor":7,"key":"Strength Potion"},{"floor":10,"key":"FairyPotion"},{"floor":11,"key":"SkillPotion"},{"floor":11,"key":"EssenceOfSteel"},{"floor":11,"key":"Ancient Potion"},{"floor":13,"key":"Dexterity Potion"}],"is_trial":false,"path_per_floor":["M","M","?","?","$","E","M","R","T","E","?","M","M","$","R","B"],"character_chosen":"IRONCLAD","items_purchased":["Vajra","Matryoshka","White Beast Statue"],"campfire_rested":1,"item_purchase_floors":[5,14,14],"current_hp_per_floor":[72,74,74,74,74,60,57,57,57,36,36,32,36,36,61,0,0],"gold":318,"neow_bonus":"RANDOM_COLORLESS_2","is_daily":false,"chose_seed":false,"campfire_upgraded":1,"win_rate":0.0,"timestamp":1608039907,"path_taken":["M","M","?","?","$","E","M","R","T","E","?","M","M","$","R","BOSS"],"items_purchased_type":["Relic","Relic","Relic"],"build_version":"2020-12-13","purchased_purges":2,"victory":false,"max_hp_per_floor":[80,80,80,80,80,82,84,84,84,84,84,84,86,86,86,86,86],"card_choices":[{"not_picked":["Secret Technique","Violence"],"picked":"Sadistic Nature","floor":0},{"not_picked":["Anger","Thunderclap"],"picked":"Perfected Strike","floor":1},{"not_picked":["Uppercut","True Grit","Power Through"],"picked":"SKIP","floor":2},{"not_picked":["Hemokinesis","Spot Weakness","Iron Wave"],"picked":"Singing Bowl","floor":6},{"not_picked":["Seeing Red","Exhume","True Grit"],"picked":"Singing Bowl","floor":7},{"not_picked":["Headbutt","Havoc"],"picked":"Ghostly Armor","floor":10},{"not_picked":["Dropkick","Ghostly Armor"],"picked":"Thunderclap","floor":12},{"not_picked":["Pummel","Havoc","Burning Pact"],"picked":"Singing Bowl","floor":13}],"player_experience":1213939,"relics_obtained":[{"floor":6,"key":"Singing Bowl"},{"floor":9,"key":"Boot"},{"floor":10,"key":"Turnip"}],"event_choices":[{"damage_healed":0,"gold_gain":175,"player_choice":"AGREE","damage_taken":0,"max_hp_gain":0,"max_hp_loss":0,"event_name":"Liars Game","floor":3,"gold_loss":0,"cards_obtained":["Doubt"]},{"damage_healed":0,"gold_gain":0,"player_choice":"Box","damage_taken":0,"relics_obtained":["Pen Nib"],"max_hp_gain":0,"max_hp_loss":0,"event_name":"Big Fish","floor":4,"gold_loss":0,"cards_obtained":["Regret"]},{"damage_healed":0,"gold_gain":0,"player_choice":"Got Potions","damage_taken":0,"max_hp_gain":0,"max_hp_loss":0,"event_name":"Lab","floor":11,"gold_loss":0}],"is_beta":false,"boss_relics":[],"items_purged_floors":[5,14],"is_endless":false,"potions_floor_spawned":[2,7,10,13],"killed_by":"Hexaghost","ascension_level":10}}