{"host":"5g4swet0bj9kkdb5","time":1608072696,"event":{"mods":["Aspiration","BaseMod","Colored Map","Colored Powertips","DeckTracker","Highlight Path","Hubris","Infinite Spire","Minty Spire (QoL Compilation)","Quick Restart","Random Character Button","Relic Sorter","Replay The Spire","StSLib","SuperFastMode","Synergy Search","The Cursed","The Disciple","The Jungle","The Runesmith"],"gold_per_floor":[114,389,404,404,354,384,384,11,11,11,38,55,55,67,67,171,171,183,183,198,198,198,208,218,247,272,222,222,222,222,222],"floor_reached":30,"playtime":2475,"items_purged":[],"score":256,"play_id":"c0a78754-4cc9-42f8-8fb9-ad0dc5f23c35","local_time":"20201215175136","is_ascension_mode":false,"campfire_choices":[{"floor":7,"key":"REST"},{"data":"Runesmith:Fortify","floor":10,"key":"SMITH"},{"floor":13,"key":"REST"},{"data":"Runesmith:FieryHammer","floor":15,"key":"SMITH"}],"circlet_count":0,"master_deck":["Runesmith:Strike_RS","Runesmith:Strike_RS","Runesmith:Strike_RS","Runesmith:Strike_RS","Runesmith:Defend_RS","Runesmith:Defend_RS","Runesmith:Defend_RS","Runesmith:CraftFirestone","Runesmith:Fortify+1","Runesmith:FieryHammer+1","Runesmith:Superposition","Runesmith:Repurpose","Violence","Runesmith:EnergizedChisel","Runesmith:HammerThrow","Runesmith:CraftMagma","Runesmith:NegativeSpace","Runesmith:RunicBlueprint","Runesmith:BackupBattery","Runesmith:ShiftingStrike","Runesmith:CraftMedicinae","Runesmith:ChiselStab+1","Runesmith:Reinforce","Runesmith:ReplicatingBarrier","Runesmith:HammerTime","Runesmith:EnergizedChisel"],"relics":["Runesmith:BrokenRuby","hubris:SphereOfDissonance","hubris:Metronome","hubris:Zylophone","Runesmith:MiniCore","Replay:Fungal Core","hubris:DisguiseKit","hubris:ToyBattleship"],"acts_visited":["Exordium","Exordium"],"potions_floor_usage":[16,16,25,25,25],"damage_taken":[{"damage":11,"enemies":"2 Louse","floor":1,"turns":4},{"damage":3,"enemies":"Cultist","floor":3,"turns":4},{"damage":7,"enemies":"Lagavulin","floor":6,"turns":5},{"damage":23,"enemies":"Gremlin Nob","floor":11,"turns":4},{"damage":0,"enemies":"Jaw Worm","floor":12,"turns":3},{"damage":0,"enemies":"Exordium Wildlife","floor":14,"turns":3},{"damage":32,"enemies":"Fading Forest","floor":16,"turns":11},{"damage":10,"enemies":"theJungle:Flameango_and_Byrd","floor":18,"turns":6},{"damage":5,"enemies":"theJungle:5_Spyders","floor":20,"turns":8},{"damage":9,"enemies":"theJungle:Snecko_Cultist_And_Trap","floor":23,"turns":4},{"damage":5,"enemies":"theJungle:Lyon","floor":24,"turns":4},{"damage":34,"enemies":"theJungle:Cassacara","floor":25,"turns":7},{"damage":15,"enemies":"Nightmare","floor":30,"turns":3}],"seed_played":"5116356817053448463","potions_obtained":[{"floor":1,"key":"LifebloodPotion"},{"floor":3,"key":"Block Potion"},{"floor":6,"key":"Languid Potion"},{"floor":23,"key":"Languid Potion"},{"floor":24,"key":"Dexterity Potion"}],"is_trial":false,"path_per_floor":["M","?","M","?","?","E","R","$","T","R","E","M","R","M","R","B",null,"M","?","M","PTL","PTL","M","M","E","T","?","T","AVR","NM"],"character_chosen":"RUNESMITH_CLASS","items_purchased":["Violence","Runesmith:EnergizedChisel","Runesmith:HammerThrow","Runesmith:CraftMagma","Runesmith:NegativeSpace"],"campfire_rested":2,"item_purchase_floors":[8,8,8,8,8],"current_hp_per_floor":[66,66,63,51,51,44,67,67,67,67,44,44,67,67,67,45,77,67,67,62,62,62,53,48,14,14,14,14,14,0,0],"gold":222,"neow_bonus":"TEN_PERCENT_HP_BONUS","is_daily":false,"chose_seed":false,"campfire_upgraded":2,"win_rate":0.0,"timestamp":1608072696,"path_taken":["M","?","?","?","?","E","R","?","T","R","E","M","R","M","R","BOSS","M","?","?","PTL","PTL","M","M","E","?","?","T","AVR","NM"],"items_purchased_type":["Card","Card","Card","Card","Card"],"build_version":"2020-12-13","purchased_purges":0,"victory":false,"max_hp_per_floor":[77,77,77,77,77,77,77,77,77,77,77,77,77,77,77,77,77,77,77,77,77,77,77,77,77,77,77,77,77,77,77],"card_choices":[{"not_picked":["Runesmith:CraftObretio","Runesmith:UnstableHammer"],"picked":"Runesmith:FieryHammer","floor":1},{"not_picked":["Runesmith:HeatExchange","Runesmith:CraftMagma"],"picked":"Runesmith:Superposition","floor":3},{"not_picked":["Runesmith:UnstableHammer","Runesmith:Retool"],"picked":"Runesmith:Repurpose","floor":6},{"not_picked":["Runesmith:RuneHurl","Runesmith:HammerAndChisel"],"picked":"Runesmith:RunicBlueprint","floor":11},{"not_picked":["Runesmith:ShiftingStrike","Runesmith:HammerThrow"],"picked":"Runesmith:BackupBattery","floor":12},{"not_picked":["Runesmith:HeatExchange","Runesmith:BackupBattery"],"picked":"Runesmith:ShiftingStrike","floor":14},{"not_picked":["Runesmith:GrandSlam","Runesmith:ReplicatingBarrier"],"picked":"Runesmith:CraftMedicinae","floor":16},{"not_picked":["Runesmith:Overpower","Runesmith:Discharge"],"picked":"Runesmith:ChiselStab+1","floor":18},{"not_picked":["Runesmith:BackupBattery+1","Runesmith:Overpower"],"picked":"Runesmith:Reinforce","floor":20},{"not_picked":["Runesmith:Grindstone","Runesmith:Reinforce"],"picked":"Runesmith:ReplicatingBarrier","floor":23},{"not_picked":["Runesmith:StaticCage","Runesmith:ShiftingStrike"],"picked":"Runesmith:HammerTime","floor":24},{"not_picked":["Runesmith:CraftProtectio","Runesmith:ShiftingStrike"],"picked":"Runesmith:EnergizedChisel","floor":25}],"player_experience":109895,"relics_obtained":[{"floor":6,"key":"hubris:Metronome"},{"floor":9,"key":"hubris:Zylophone"},{"floor":11,"key":"Runesmith:MiniCore"},{"floor":25,"key":"hubris:DisguiseKit"},{"floor":28,"key":"hubris:ToyBattleship"}],"event_choices":[{"damage_healed":0,"gold_gain":275,"player_choice":"Desecrate","damage_taken":0,"max_hp_gain":0,"max_hp_loss":0,"event_name":"Golden Shrine","floor":2,"gold_loss":0,"cards_obtained":["Regret"]},{"damage_healed":0,"gold_gain":0,"player_choice":"Success","damage_taken":12,"relics_obtained":["hubris:SphereOfDissonance"],"max_hp_gain":0,"max_hp_loss":0,"event_name":"Scrap Ooze","floor":4,"gold_loss":0},{"cards_removed":["Regret"],"damage_healed":0,"gold_gain":0,"player_choice":"Card Removal","damage_taken":0,"max_hp_gain":0,"max_hp_loss":0,"event_name":"The Cleric","floor":5,"gold_loss":50},{"cards_removed":["Runesmith:Defend_RS"],"damage_healed":0,"gold_gain":0,"player_choice":"Purged","damage_taken":0,"max_hp_gain":0,"max_hp_loss":0,"event_name":"Purifier","floor":19,"gold_loss":0}],"is_beta":false,"boss_relics":[{"not_picked":["aspiration:RitualDagger","Runic Pyramid"],"picked":"Replay:Fungal Core"}],"items_purged_floors":[],"is_endless":false,"potions_floor_spawned":[1,3,6,23,24],"killed_by":"Nightmare","ascension_level":0}}