{"host":"kh1j1cf337zr4nij","time":1608005532,"event":{"mods":["2.2 Compatiblity","AchievementEnabler","Act Like it!","Aspiration","BaseMod","Bestiary","CCEM","Colored Map","Colored Powertips","Conspire","Downfall","Energized Spire","Friendly Minions","GifTheSpireLib","Halation","Hermit","Highlight Path","Hubris","Minty Spire (QoL Compilation)","Quick Restart","Random Character Button","Relic Stats","Replay The Spire","StSLib","Stuff the Spire","SuperFastMode","Synergy Search","Trackpad"],"gold_per_floor":[99,15,30,65,75,94,94,19,38,38,55,55,55,40,57,57,57],"floor_reached":16,"playtime":705,"items_purged":[],"score":102,"play_id":"b3cc6203-0230-4a8c-872a-8da934895af7","local_time":"20201214231212","is_ascension_mode":false,"campfire_choices":[{"floor":1,"key":"RECALL"},{"data":"Slimebound:FormOfPuddle","floor":8,"key":"SMITH"},{"floor":10,"key":"REST"}],"circlet_count":0,"master_deck":["Slimebound:Strike_Slimebound","Slimebound:Strike_Slimebound","Slimebound:Strike_Slimebound","Slimebound:Tackle","Slimebound:Defend_Slimebound","Slimebound:Defend_Slimebound","Slimebound:Defend_Slimebound","Slimebound:Defend_Slimebound","Slimebound:Split","Slimebound:CorrosiveSpit","Slimebound:ViciousTackle","Slimebound:SlimeTap","Slimebound:SlimeBrawl","Slimebound:RainOfGoop","Slimebound:LeechEnergy","Slimebound:FormOfPuddle+1","Slimebound:LeechingTouch","Slimebound:PressTheAttack","Slimebound:GoopSpray","Slimebound:Replication"],"relics":["Slimebound:AbsorbEndCombat","StuffTheSpire:MayFlowers","aspiration:HiddenCompartment","hubris:Teleporter","downfall:HeartBlessingRed"],"acts_visited":["Exordium"],"potions_floor_usage":[11,16,16],"damage_taken":[{"damage":11,"enemies":"downfall:FleeingMerchant","floor":2,"turns":4},{"damage":7,"enemies":"2 Louse","floor":3,"turns":4},{"damage":29,"enemies":"Gremlin Nob","floor":4,"turns":3},{"damage":19,"enemies":"Small Slimes","floor":5,"turns":3},{"damage":13,"enemies":"Cultist","floor":6,"turns":3},{"damage":16,"enemies":"3 Louse","floor":9,"turns":3},{"damage":4,"enemies":"Blue Slaver","floor":11,"turns":3},{"damage":15,"enemies":"downfall:FleeingMerchant","floor":14,"turns":4},{"damage":17,"enemies":"Exordium Thugs","floor":15,"turns":4},{"damage":90,"enemies":"downfall:Defect","floor":16,"turns":9}],"seed_played":"4589761224635976238","potions_obtained":[{"floor":3,"key":"Energy Potion"},{"floor":5,"key":"Block Potion"},{"floor":6,"key":"Languid Potion"},{"floor":9,"key":"FairyPotion"},{"floor":15,"key":"Block Potion"}],"is_trial":false,"path_per_floor":["R","$","M","E","M","M","T","R","M","R","M","?","?","$","M","B"],"character_chosen":"SLIMEBOUND","items_purchased":["Slimebound:SlimeTap"],"campfire_rested":1,"item_purchase_floors":[2],"current_hp_per_floor":[60,57,57,40,33,32,32,32,24,42,46,46,46,39,46,0,0],"gold":57,"neow_bonus":"ONE_RARE_RELIC","is_daily":false,"chose_seed":false,"campfire_upgraded":1,"win_rate":0.0,"timestamp":1608005532,"path_taken":["R","$","M","E","M","M","T","R","M","R","M","?","?","$","M","BOSS"],"items_purchased_type":["Card"],"build_version":"2020-12-13","purchased_purges":0,"victory":false,"max_hp_per_floor":[60,60,60,60,60,60,60,60,60,60,60,60,60,60,60,60,60],"relic_stats":{"counters":[10,38],"obtain_stats":[{"hubris:Teleporter":7,"downfall:HeartBlessingRed":8,"StuffTheSpire:MayFlowers":0,"Slimebound:AbsorbEndCombat":0,"aspiration:HiddenCompartment":4},{"hubris:Teleporter":5,"downfall:HeartBlessingRed":5,"StuffTheSpire:MayFlowers":0,"Slimebound:AbsorbEndCombat":0,"aspiration:HiddenCompartment":3},{"hubris:Teleporter":16,"downfall:HeartBlessingRed":16,"StuffTheSpire:MayFlowers":0,"Slimebound:AbsorbEndCombat":0,"aspiration:HiddenCompartment":10}]},"card_choices":[{"not_picked":["Slimebound:SplitMire","Slimebound:GrowthPunch"],"picked":"Slimebound:ViciousTackle","floor":2},{"not_picked":["Slimebound:TongueLash","Slimebound:LeechingTouch"],"picked":"Slimebound:SlimeBrawl","floor":3},{"not_picked":["Slimebound:PressTheAttack","Slimebound:MegaLick"],"picked":"Slimebound:RainOfGoop","floor":4},{"not_picked":["Slimebound:ViciousTackle","Slimebound:PressTheAttack"],"picked":"Slimebound:LeechEnergy","floor":5},{"not_picked":["Slimebound:ComboTackle","Slimebound:TongueLash"],"picked":"Slimebound:FormOfPuddle","floor":6},{"not_picked":["Slimebound:SplitMire","Slimebound:ViciousTackle"],"picked":"Slimebound:LeechingTouch","floor":9},{"not_picked":["Slimebound:DivideAndConquer","Slimebound:HauntingLick"],"picked":"Slimebound:PressTheAttack","floor":11},{"not_picked":["Slimebound:HauntingLick","Slimebound:PressTheAttack"],"picked":"Slimebound:GoopSpray","floor":14},{"not_picked":["Slimebound:SamplingLick","Slimebound:SplitLeeching"],"picked":"Slimebound:Replication","floor":15}],"player_experience":11232,"relics_obtained":[{"floor":4,"key":"aspiration:HiddenCompartment"},{"floor":7,"key":"hubris:Teleporter"}],"event_choices":[{"cards_removed":["Hallucinations"],"damage_healed":0,"gold_gain":0,"player_choice":"Card Removal","damage_taken":0,"max_hp_gain":0,"max_hp_loss":0,"event_name":"The Cleric","floor":12,"gold_loss":0},{"damage_healed":0,"gold_gain":0,"player_choice":"Ignored","damage_taken":0,"max_hp_gain":0,"max_hp_loss":0,"event_name":"NoteForYourself","floor":13,"gold_loss":0}],"is_beta":false,"boss_relics":[],"items_purged_floors":[],"is_endless":false,"potions_floor_spawned":[3,5,6,9,15],"killed_by":"downfall:Defect","ascension_level":0}}