{"host":"8a3g9edf69u3epoz","time":1608026270,"event":{"mods":["BaseMod","Minty Spire (QoL Compilation)","MostiFishMod","Relic Stats","Remilia（蕾米莉亚）","StSLib","TestMod","UnlockEverythingMod","WarShipGirlsR/战舰少女R mod"],"gold_per_floor":[115,290,306,286,119,152,152,187,187,204,204,169,198,198,198,305,305,334,284,36,64,91,91,140,140,166,210,234,234,254,301,301,479,479,555,577,577,577,606,700,731,757,782,876,901,987,987,1068,1068,1206,1206,1206,482,580,658],"floor_reached":56,"playtime":8747,"items_purged":["Doubt","Strike_RM"],"score":1943,"play_id":"63ba42f6-2ccd-4711-9a78-f4e2cb1e5e82","local_time":"20201215175750","is_ascension_mode":true,"campfire_choices":[{"data":"DemonKingCradle","floor":11.0,"key":"SMITH"},{"data":"testmod-LifeRuler","floor":15.0,"key":"SMITH"},{"data":"BloodAndWine","floor":23,"key":"SMITH"},{"data":"BatForm","floor":25,"key":"SMITH"},{"floor":32,"key":"REST"},{"data":"ScarletMeister","floor":47,"key":"SMITH"},{"floor":49,"key":"RECALL"},{"data":"BloodySeventeenLaser","floor":52,"key":"SMITH"}],"circlet_count":0,"master_deck":["Strike_RM","Strike_RM","Defend_RM","Defend_RM","Defend_RM","RedMoon+1","ScarletShoot","DiffusionOfMisfortune","DemonKingCradle+1","testmod-LifeRuler+1","DiffusionOfMisfortune","FavorOfDestiny+1","BatForm+1","BloodAndWine+1","SuperhumanBloodyKnife","MastersStateliness+1","MillenniumVampire","ScarletMeister+1","BloodySeventeenLaser+1","BloodyCatastrophe","ScarletImprint+1","Master of Strategy","EquivalentExchange"],"relics":["DaveBox","testmod-TestBox","ArrowTower","testmod-Acrobat","ChiXiaoBlade","Question Card","Regal Pillow","Mercury Hourglass","Smiling Mask","Pear","ImportantClient","FeatherPendant","Strange Spoon","Omamori","testmod-IndustrialRevolution","Tiny Chest","Darkstone Periapt","Enchiridion","Art of War","Sozu","White Beast Statue","SynthV:C4","Strawberry","War Paint","Molten Egg 2","AntiCross","Kunai","Orrery","Bag of Marbles"],"acts_visited":["Exordium","TheCity","TheBeyond","TheEnding"],"potions_floor_usage":[24,27,28,30,55],"damage_taken":[{"damage":0.0,"enemies":"2 Louse","floor":1.0,"turns":2.0},{"damage":4.0,"enemies":"Jaw Worm","floor":3.0,"turns":3.0},{"damage":15.0,"enemies":"3 Sentries","floor":6.0,"turns":5.0},{"damage":16.0,"enemies":"Lagavulin","floor":8.0,"turns":4.0},{"damage":6.0,"enemies":"Cultist","floor":10.0,"turns":3.0},{"damage":30.0,"enemies":"3 Sentries","floor":13.0,"turns":4.0},{"damage":0,"enemies":"Slime Boss","floor":16,"turns":3},{"damage":16,"enemies":"Shell Parasite","floor":18,"turns":3},{"damage":0,"enemies":"Spheric Guardian","floor":21,"turns":2},{"damage":0,"enemies":"Snecko","floor":22,"turns":3},{"damage":11,"enemies":"Book of Stabbing","floor":24,"turns":4},{"damage":33,"enemies":"Slavers","floor":27,"turns":4},{"damage":0,"enemies":"Centurion and Healer","floor":28,"turns":4},{"damage":0,"enemies":"Shelled Parasite and Fungi","floor":30,"turns":1},{"damage":0,"enemies":"Gremlin Leader","floor":31,"turns":4},{"damage":22,"enemies":"Collector","floor":33,"turns":7},{"damage":0,"enemies":"Orb Walker","floor":35,"turns":4},{"damage":0,"enemies":"3 Darklings","floor":36,"turns":2},{"damage":17,"enemies":"Jaw Worm Horde","floor":39,"turns":2},{"damage":1,"enemies":"Reptomancer","floor":40,"turns":5},{"damage":30,"enemies":"Spire Growth","floor":41,"turns":3},{"damage":13,"enemies":"Nemesis","floor":44,"turns":3},{"damage":4,"enemies":"Sphere and 2 Shapes","floor":45,"turns":2},{"damage":0,"enemies":"Giant Head","floor":46,"turns":3},{"damage":0,"enemies":"Transient","floor":48,"turns":5},{"damage":32,"enemies":"Donu and Deca","floor":50,"turns":6},{"damage":14,"enemies":"Shield and Spear","floor":54,"turns":2},{"damage":24,"enemies":"The Heart","floor":55,"turns":5}],"seed_played":"7268021023024908378","potions_obtained":[{"floor":3.0,"key":"Weak Potion"},{"floor":8.0,"key":"PowerPotion"},{"floor":18,"key":"Fire Potion"},{"floor":18,"key":"AttackPotion"},{"floor":24,"key":"testmod-SpacePotion"},{"floor":28,"key":"testmod-SpacePotion"},{"floor":31,"key":"ColorlessPotion"},{"floor":33,"key":"SteroidPotion"}],"is_trial":false,"path_per_floor":["M","?","M","?","$","E","?","E","T","M","R","?","E","T","R","B",null,"M","?","$","M","M","R","E","R","T","E","M","?","M","E","R","B",null,"M","M","?","$","M","E","M","T","T","E","M","E","R","M","R","B",null,"R","$","E","B",null],"character_chosen":"REMILIA","items_purchased":["testmod-LifeRuler","Strange Spoon","Omamori","AntiCross","Kunai","Orrery","Master of Strategy"],"campfire_rested":1,"item_purchase_floors":[5,20,20,53,53,53,53],"current_hp_per_floor":[68,68,64,64,64,51,44,39,39,33,33,51,21,31,31,34,72,56,56,56,56,60,60,55,55,55,23,29,13,19,19,59,49,76,76,76,76,76,59,64,56,56,63,63,65,92,92,92,92,60,84,84,84,70,76],"gold":658,"neow_bonus":"BOSS_RELIC","is_daily":false,"chose_seed":false,"campfire_upgraded":6,"win_rate":0.0,"timestamp":1608026270,"path_taken":["M","?","M","?","$","E","?","E","T","M","R","?","E","?","R","BOSS","M","?","$","M","M","R","E","R","T","E","?","?","M","E","R","BOSS","M","M","?","$","M","E","M","?","T","E","?","E","R","M","R","BOSS","R","$","E","BOSS"],"items_purchased_type":["Card","Relic","Relic","Relic","Relic","Relic","Card"],"build_version":"2020-12-13","purchased_purges":2,"victory":true,"max_hp_per_floor":[75,75,75,75,75,75,75,75,75,75,75,75,75,85,85,85,85,85,85,85,85,85,85,85,85,85,85,85,85,85,85,85,85,85,85,85,85,85,85,85,85,85,92,92,92,92,92,92,92,92,92,92,92,92,92],"relic_stats":{"Darkstone Periapt":0,"Regal Pillow":15,"counters":[28,92],"War Paint":["RedMoon","FavorOfDestiny"],"Question Card":30,"Smiling Mask":50,"Mercury Hourglass":[334],"Sozu":14,"Strange Spoon":[41],"Tiny Chest":1,"Art of War":[4],"Kunai":[6],"obtain_stats":[{"Darkstone Periapt":27,"Regal Pillow":6,"DaveBox":0,"Enchiridion":29,"Smiling Mask":13,"ScarletHat":0,"SynthV:C4":42,"Sozu":34,"Strawberry":43,"Tiny Chest":26,"AntiCross":53,"Kunai":53,"ImportantClient":16,"testmod-TestBox":0,"Pear":14,"Omamori":20,"War Paint":44,"Question Card":1,"testmod-IndustrialRevolution":24,"White Beast Statue":40,"Mercury Hourglass":8,"Strange Spoon":20,"FeatherPendant":17,"testmod-Acrobat":0,"ChiXiaoBlade":0,"Orrery":53,"Molten Egg 2":46,"Art of War":31,"Bag of Marbles":54,"ArrowTower":0},{"Darkstone Periapt":12,"Regal Pillow":3,"DaveBox":0,"Enchiridion":13,"Smiling Mask":6,"ScarletHat":0,"SynthV:C4":21,"Sozu":16,"Strawberry":21,"Tiny Chest":11,"AntiCross":26,"Kunai":26,"ImportantClient":7,"testmod-TestBox":0,"Pear":6,"Omamori":8,"War Paint":22,"Question Card":1,"testmod-IndustrialRevolution":11,"White Beast Statue":20,"Mercury Hourglass":4,"Strange Spoon":8,"FeatherPendant":7,"testmod-Acrobat":0,"ChiXiaoBlade":0,"Orrery":26,"Molten Egg 2":24,"Art of War":15,"Bag of Marbles":27,"ArrowTower":0},{"Darkstone Periapt":37,"Regal Pillow":9,"DaveBox":0,"Enchiridion":40,"Smiling Mask":18,"ScarletHat":0,"SynthV:C4":66,"Sozu":51,"Strawberry":66,"Tiny Chest":33,"AntiCross":85,"Kunai":85,"ImportantClient":21,"testmod-TestBox":0,"Pear":18,"Omamori":24,"War Paint":69,"Question Card":2,"testmod-IndustrialRevolution":33,"White Beast Statue":63,"Mercury Hourglass":13,"Strange Spoon":24,"FeatherPendant":21,"testmod-Acrobat":0,"ChiXiaoBlade":0,"Orrery":85,"Molten Egg 2":74,"Art of War":45,"Bag of Marbles":87,"ArrowTower":0}]},"card_choices":[{"not_picked":["CharismaGuard","UnstableMagic","UnderTheZenith"],"picked":"SKIP","floor":1.0},{"not_picked":["RedRainbow","EndlessAdversity","ScarletDream"],"picked":"DiffusionOfMisfortune","floor":3.0},{"not_picked":[],"picked":"DemonKingCradle","floor":4.0},{"not_picked":["AfternoonTea","EndlessAdversity","ScarletImprint","NightDance"],"picked":"SKIP","floor":6.0},{"not_picked":["BloodyTrap","MastersStateliness","VampireClaw"],"picked":"DiffusionOfMisfortune","floor":8.0},{"not_picked":["RedRainbow","HunterOfTheNight","RedNightlessCastle"],"picked":"FavorOfDestiny","floor":10.0},{"not_picked":["BloodHunter","TwelveNightmare","ScarletDream","UnderTheZenith"],"picked":"SKIP","floor":13.0},{"not_picked":["EquivalentExchange","BloodyCatastrophe","BloodySeventeenLaser"],"picked":"BatForm","floor":16},{"not_picked":["ScarletImprint","DiffusionOfMisfortune","DevilSight","NightDance"],"picked":"SKIP","floor":18},{"not_picked":["FavorOfDestiny+1","EndlessAdversity+1","NightDance+1","CharismaGuard"],"picked":"SKIP","floor":21},{"not_picked":["ScarletDevil","BombardNight+1","LeisurelyOfLord"],"picked":"BloodAndWine","floor":22},{"not_picked":["BlasphemousPunishment","BloodHunter","DiffusionOfMisfortune","NightDance"],"picked":"SKIP","floor":24},{"not_picked":["Ultimatum","ScarletSymphony+1","VampireClaw+1"],"picked":"SuperhumanBloodyKnife","floor":27},{"not_picked":["UnstableMagic","StarOfDavid","EndlessAdversity"],"picked":"MastersStateliness+1","floor":28},{"not_picked":["BloodAndWine","Septette","RedNightlessCastle","ScarletDevilSign"],"picked":"SKIP","floor":30},{"not_picked":["ChainGang+1","ChaoticDestiny","VampirishNight+1"],"picked":"MillenniumVampire","floor":31},{"not_picked":["BatForm","HeartBreak","CeilingFear"],"picked":"ScarletMeister","floor":33},{"not_picked":["ChainGang+1","VampireKiss+1","Septette","DiffusionOfMisfortune"],"picked":"SKIP","floor":35},{"not_picked":["RedMagic","VampireKiss","FavorOfDestiny","ForbiddenFruit+1"],"picked":"SKIP","floor":36},{"not_picked":["NightLord","BloodyTrap","NightDance","Stigmanizer+1"],"picked":"SKIP","floor":39},{"not_picked":["NightDance","MiserableFate+1","BloodyMagicSquare+1"],"picked":"BloodySeventeenLaser","floor":40},{"not_picked":["ScarletImprint","FavorOfDestiny+1","UnstableMagic+1","BloodHunter+1"],"picked":"SKIP","floor":41},{"not_picked":["VampireKiss","UnstableMagic","FitfulNightmare","EndlessAdversity+1"],"picked":"SKIP","floor":44},{"not_picked":["RedRainbow+1","HunterOfTheNight","UnderTheZenith","BloodHunter"],"picked":"SKIP","floor":45},{"not_picked":["DevilSight","StarOfDavid+1","HellCatastrophe+1","EmergencyRegeneration"],"picked":"SKIP","floor":46},{"not_picked":["MillenniumVampire","NightDance+1","ScarletImprint+1","RedRainbow+1"],"picked":"SKIP","floor":48},{"not_picked":["VampireSweep+1","BlasphemousPunishment+1","MastersStateliness"],"picked":"BloodyCatastrophe","floor":53},{"not_picked":["BlasphemousPunishment","Ultimatum+1","NightLord+1"],"picked":"ScarletImprint+1","floor":53},{"not_picked":["Stigmanizer+1","NightDance+1","ScarletMeister"],"picked":"EquivalentExchange","floor":54}],"player_experience":65730,"relics_obtained":[{"floor":1.0,"key":"Question Card"},{"floor":6.0,"key":"Regal Pillow"},{"floor":8.0,"key":"Mercury Hourglass"},{"floor":13.0,"key":"Smiling Mask"},{"floor":14.0,"key":"Pear"},{"floor":16,"key":"ImportantClient"},{"floor":24,"key":"testmod-IndustrialRevolution"},{"floor":26,"key":"Tiny Chest"},{"floor":27,"key":"Darkstone Periapt"},{"floor":29,"key":"Enchiridion"},{"floor":31,"key":"Art of War"},{"floor":40,"key":"White Beast Statue"},{"floor":42,"key":"SynthV:C4"},{"floor":43,"key":"Strawberry"},{"floor":44,"key":"War Paint"},{"floor":46,"key":"Molten Egg 2"},{"floor":54,"key":"Bag of Marbles"}],"event_choices":[{"damage_healed":0.0,"max_hp_gain":0.0,"max_hp_loss":0.0,"gold_gain":175.0,"event_name":"Liars Game","player_choice":"AGREE","floor":2.0,"gold_loss":0.0,"damage_taken":0.0,"cards_obtained":["Doubt"]},{"cards_removed":["Strike_RM"],"damage_healed":0.0,"max_hp_gain":0.0,"max_hp_loss":0.0,"gold_gain":0.0,"event_name":"Golden Wing","player_choice":"Card Removal","floor":7.0,"gold_loss":0.0,"damage_taken":7.0},{"damage_healed":18.0,"max_hp_gain":0.0,"max_hp_loss":0.0,"gold_gain":0.0,"event_name":"The Cleric","player_choice":"Healed","floor":12.0,"gold_loss":35.0,"damage_taken":0.0},{"damage_healed":0,"gold_gain":0,"player_choice":"Bet on Murderer","damage_taken":0,"max_hp_gain":0,"max_hp_loss":0,"event_name":"The Joust","floor":19,"gold_loss":50},{"damage_healed":0,"gold_gain":0,"player_choice":"Obtained Book","damage_taken":16,"max_hp_gain":0,"max_hp_loss":0,"event_name":"Cursed Tome","floor":29,"gold_loss":0},{"cards_removed":["Defend_RM"],"damage_healed":0,"gold_gain":0,"player_choice":"Offered Basic","damage_taken":0,"max_hp_gain":0,"max_hp_loss":0,"event_name":"Bonfire Elementals","floor":37,"gold_loss":0}],"is_beta":false,"boss_relics":[{"not_picked":["testmod-Prudence","Tiny House"],"picked":"FeatherPendant"},{"not_picked":["testmod-StringDisintegrator","Calling Bell"],"picked":"Sozu"}],"items_purged_floors":[5,53],"is_endless":false,"potions_floor_spawned":[3,8,18,24,28,31,33,41,44,45,46,48,54],"ascension_level":8}}