{"host":"2ccem01eblg14btk","time":1608047838,"event":{"mods":["BaseMod","Colored Map","Downfall","Minty Spire (QoL Compilation)","Quick Restart","StSLib"],"gold_per_floor":[99,374,400,412,426,438,462,472,497,497,116,116,127,140,151,252,252,252,252,252,252],"floor_reached":20,"playtime":1912,"items_purged":["Regret"],"score":204,"play_id":"cfc6dc93-c63d-46e7-a010-563d95bfb889","local_time":"20201215165718","is_ascension_mode":false,"campfire_choices":[{"data":"hexamod:Float","floor":1,"key":"SMITH"},{"floor":10,"key":"REST"},{"data":"hexamod:TimeOfNeed","floor":18,"key":"SMITH"}],"circlet_count":0,"master_deck":["hexamod:Strike","hexamod:Strike+1","hexamod:Strike","hexamod:Strike","hexamod:Defend","hexamod:Defend","hexamod:Defend+1","hexamod:Defend+1","hexamod:Sear","hexamod:Float+1","hexamod:ThirdSeal","hexamod:ShieldOfDarkness","hexamod:FirstSeal","hexamod:HauntingEcho","hexamod:SpectersWail","hexamod:HexaLevel+1","hexamod:Hexaguard","hexamod:DynamicBlow+1","hexamod:VolcanoVisage","hexamod:Rewind","hexamod:SixthSeal","hexamod:PhantomCloak","hexamod:CatchUp","hexamod:TimeOfNeed+1","hexamod:FifthSeal","hexamod:VolcanoVisage","Shame"],"relics":["hexamod:SpiritBrand","Bird Faced Urn","Centennial Puzzle","Art of War","Kunai","Thread and Needle","Runic Dome","Girya"],"acts_visited":["Exordium","TheCity"],"potions_floor_usage":[9,20,20],"damage_taken":[{"damage":23,"enemies":"3 Sentries","floor":3,"turns":9},{"damage":9,"enemies":"Small Slimes","floor":4,"turns":4},{"damage":4,"enemies":"Cultist","floor":5,"turns":5},{"damage":6,"enemies":"2 Louse","floor":6,"turns":2},{"damage":14,"enemies":"Exordium Thugs","floor":8,"turns":6},{"damage":22,"enemies":"Gremlin Nob","floor":9,"turns":5},{"damage":2,"enemies":"downfall:FleeingMerchant","floor":11,"turns":4},{"damage":0,"enemies":"3 Louse","floor":13,"turns":4},{"damage":5,"enemies":"Gremlin Gang","floor":14,"turns":5},{"damage":0,"enemies":"Large Slime","floor":15,"turns":6},{"damage":19,"enemies":"downfall:Ironclad","floor":16,"turns":10},{"damage":32,"enemies":"Gremlin Leader","floor":20,"turns":4},{"damage":0,"enemies":"Gremlin Leader","floor":20,"turns":1}],"seed_played":"1939735393720691446","potions_obtained":[{"floor":3,"key":"SmokeBomb"},{"floor":8,"key":"Explosive Potion"},{"floor":14,"key":"champ:CounterPotion"},{"floor":16,"key":"Explosive Potion"}],"is_trial":false,"path_per_floor":["R","?","E","M","M","M","T","M","E","R","$","?","M","M","M","B",null,"R","?","E"],"character_chosen":"THE_SPIRIT","items_purchased":["Thread and Needle"],"campfire_rested":1,"item_purchase_floors":[11],"current_hp_per_floor":[63,63,40,33,40,45,45,44,35,53,62,62,63,63,63,50,63,63,63,37,37],"gold":252,"neow_bonus":"ONE_RARE_RELIC","is_daily":false,"chose_seed":false,"campfire_upgraded":2,"win_rate":0.0,"timestamp":1608047838,"path_taken":["R","?","E","M","M","M","T","?","E","R","$","?","?","M","M","BOSS","R","?","E"],"items_purchased_type":["Relic"],"build_version":"2020-12-13","purchased_purges":1,"victory":false,"max_hp_per_floor":[63,63,63,63,63,63,63,63,63,63,63,63,63,63,63,63,63,63,63,63,63],"card_choices":[{"not_picked":["hexamod:RetreatToShadows","hexamod:NightmareGuise"],"picked":"hexamod:ThirdSeal","floor":3},{"not_picked":["hexamod:NecessarySacrifice","hexamod:NightmareGuise"],"picked":"hexamod:ShieldOfDarkness","floor":4},{"not_picked":["hexamod:EtherealExpedition","hexamod:FourthSeal"],"picked":"hexamod:FirstSeal","floor":4},{"not_picked":["hexamod:PhantomCloak","hexamod:HeatCrush"],"picked":"hexamod:HauntingEcho","floor":5},{"not_picked":["hexamod:AdvancingGuard","hexamod:ThermalTransfer"],"picked":"hexamod:SpectersWail","floor":5},{"not_picked":["hexamod:InspiringFlames","hexamod:SpectersWail"],"picked":"hexamod:HexaLevel","floor":6},{"not_picked":["hexamod:BacktrackSmack","hexamod:Firestarter","hexamod:HauntingEcho"],"picked":"SKIP","floor":6},{"not_picked":["hexamod:ChargedBarrage","hexamod:GhostLash"],"picked":"hexamod:Hexaguard","floor":8},{"not_picked":["hexamod:NightmareGuise","hexamod:Hexaguard"],"picked":"hexamod:DynamicBlow","floor":8},{"not_picked":["hexamod:HeatShield","hexamod:BacktrackSmack"],"picked":"hexamod:VolcanoVisage","floor":9},{"not_picked":["hexamod:HauntingEcho","hexamod:RadiantFlame"],"picked":"hexamod:Rewind","floor":9},{"not_picked":["hexamod:SpectralAdrenaline","hexamod:ShieldOfDarkness"],"picked":"hexamod:SixthSeal","floor":11},{"not_picked":["hexamod:HauntingEcho","hexamod:Hexaguard"],"picked":"hexamod:PhantomCloak","floor":11},{"not_picked":["hexamod:Hexaguard","hexamod:SpectersWail","hexamod:HeatCrush"],"picked":"SKIP","floor":13},{"not_picked":["hexamod:Hexaguard","hexamod:RainOfEmbers","hexamod:Haunt"],"picked":"SKIP","floor":13},{"not_picked":["hexamod:NecessarySacrifice","hexamod:BurningTouch"],"picked":"hexamod:CatchUp","floor":14},{"not_picked":["hexamod:FastForward","hexamod:SpectralAdrenaline","hexamod:NightmareGuise"],"picked":"SKIP","floor":14},{"not_picked":["hexamod:BurningTouch","hexamod:ThermalTransfer"],"picked":"hexamod:TimeOfNeed","floor":15},{"not_picked":["hexamod:BacktrackSmack","hexamod:CatchUp","hexamod:SwordOfDarkness"],"picked":"SKIP","floor":15},{"not_picked":["hexamod:CrushingStance","hexamod:TimeOfNeed"],"picked":"hexamod:FifthSeal","floor":16},{"not_picked":["hexamod:EmpoweringStance","hexamod:ParanormalForm"],"picked":"hexamod:VolcanoVisage","floor":16}],"player_experience":128557,"relics_obtained":[{"floor":3,"key":"Centennial Puzzle"},{"floor":7,"key":"Art of War"},{"floor":9,"key":"Kunai"}],"event_choices":[{"damage_healed":0,"gold_gain":0,"player_choice":"Upgraded","damage_taken":0,"max_hp_gain":0,"max_hp_loss":0,"event_name":"Upgrade Shrine","floor":12,"gold_loss":0,"cards_upgraded":["hexamod:DynamicBlow"]},{"damage_healed":0,"gold_gain":0,"player_choice":"Stole Relic","damage_taken":0,"relics_obtained":["Girya"],"max_hp_gain":0,"max_hp_loss":0,"event_name":"Addict","floor":19,"gold_loss":0,"cards_obtained":["Shame"]}],"is_beta":false,"boss_relics":[{"not_picked":["SacredBark","Tiny House"],"picked":"Runic Dome"}],"items_purged_floors":[11],"is_endless":false,"potions_floor_spawned":[3,8,14,16],"killed_by":"Gremlin Leader","ascension_level":0}}