{"host":"efbmiwe3kdtynlc6","time":1608032567,"event":{"mods":["BaseMod","Colored Map","Minty Spire (QoL Compilation)","Permanent Neow","Quick Restart","Rare Cards Sparkle","StSLib","SuperFastMode","UnlockEverythingMod","everything is the same but u backflip on backflip"],"gold_per_floor":[114,128,128,140,65,65,65,76,76,76,93,93,128,128,128,200,200,210,235,248,248,265,265,290,301,301,319,319,109,109,123,123,202,202,219,231,231,59,59,93,109,120,146,146,146,146],"floor_reached":45,"playtime":2192,"items_purged":["Defend_G","Strike_G"],"score":1130,"play_id":"11707573-ccc0-4959-8263-86b5f4264744","local_time":"20201215204247","is_ascension_mode":true,"campfire_choices":[{"data":"Bouncing Flask","floor":6.0,"key":"SMITH"},{"data":"Dash","floor":10.0,"key":"SMITH"},{"data":"Burst","floor":12.0,"key":"SMITH"},{"data":"PiercingWail","floor":15.0,"key":"SMITH"},{"data":"Prepared","floor":23.0,"key":"SMITH"},{"data":"Backflip","floor":30.0,"key":"SMITH"},{"data":"Deadly Poison","floor":32.0,"key":"SMITH"},{"data":"Wraith Form v2","floor":44.0,"key":"SMITH"}],"circlet_count":0,"master_deck":["AscendersBane","Defend_G","Defend_G","Survivor","Neutralize","Doppelganger","Backstab","Dash+1","Bouncing Flask+1","PiercingWail+1","Burst+1","Prepared+1","Malaise+1","Blur+1","Backflip+1","Backflip+1","Deadly Poison+1","Wraith Form v2+1","Master of Strategy"],"relics":["Ring of the Snake","Meat on the Bone","Bag of Preparation","Mummified Hand","Sozu","Lantern","Mercury Hourglass","Membership Card","Empty Cage","Tough Bandages","Toy Ornithopter","Boot"],"acts_visited":["Exordium","TheCity","TheBeyond"],"potions_floor_usage":[],"damage_taken":[{"damage":0.0,"enemies":"Small Slimes","floor":1.0,"turns":4.0},{"damage":0.0,"enemies":"2 Louse","floor":2.0,"turns":2.0},{"damage":0.0,"enemies":"Cultist","floor":4.0,"turns":3.0},{"damage":0.0,"enemies":"Looter","floor":8.0,"turns":3.0},{"damage":9.0,"enemies":"Gremlin Gang","floor":11.0,"turns":6.0},{"damage":20.0,"enemies":"Gremlin Nob","floor":13.0,"turns":3.0},{"damage":4.0,"enemies":"Hexaghost","floor":16.0,"turns":5.0},{"damage":3.0,"enemies":"2 Thieves","floor":18.0,"turns":5.0},{"damage":3.0,"enemies":"Shell Parasite","floor":20.0,"turns":4.0},{"damage":0.0,"enemies":"Snake Plant","floor":22.0,"turns":4.0},{"damage":0.0,"enemies":"Book of Stabbing","floor":24.0,"turns":5.0},{"damage":0.0,"enemies":"Snecko","floor":25.0,"turns":3.0},{"damage":2.0,"enemies":"Centurion and Healer","floor":27.0,"turns":7.0},{"damage":0.0,"enemies":"Chosen and Byrds","floor":31.0,"turns":4.0},{"damage":0.0,"enemies":"Automaton","floor":33.0,"turns":10.0},{"damage":0.0,"enemies":"3 Shapes","floor":35.0,"turns":4.0},{"damage":6.0,"enemies":"3 Darklings","floor":36.0,"turns":6.0},{"damage":0.0,"enemies":"Nemesis","floor":40.0,"turns":7.0},{"damage":24.0,"enemies":"Spire Growth","floor":41.0,"turns":5.0},{"damage":0.0,"enemies":"Jaw Worm Horde","floor":42.0,"turns":4.0},{"damage":35,"enemies":"Reptomancer","floor":45,"turns":5}],"seed_played":"-1015997100326533284","potions_obtained":[{"floor":2.0,"key":"SteroidPotion"},{"floor":4.0,"key":"LiquidBronze"},{"floor":8.0,"key":"LiquidMemories"},{"floor":13.0,"key":"Explosive Potion"}],"is_trial":false,"path_per_floor":["M","M","?","M","$","R","?","M","T","R","M","R","E","?","R","B",null,"M","T","M","?","M","R","E","M","T","M","?","$","R","M","R","B",null,"M","M","?","$","?","E","M","M","T","R","E"],"character_chosen":"THE_SILENT","items_purchased":["Membership Card","Tough Bandages"],"campfire_rested":0,"item_purchase_floors":[29,38],"current_hp_per_floor":[44,44,37,37,37,37,37,37,37,37,40,40,32,32,32,40,60,57,57,54,54,54,54,54,54,54,52,52,52,52,52,52,52,63,63,57,57,57,47,47,35,35,35,35,0,0],"gold":146,"neow_bonus":"TRANSFORM_TWO_CARDS","is_daily":false,"chose_seed":false,"campfire_upgraded":8,"win_rate":0.0,"timestamp":1608032567,"path_taken":["M","M","?","M","$","R","?","M","T","R","M","R","E","?","R","BOSS","M","?","M","?","?","R","E","M","T","M","?","$","R","M","R","BOSS","M","M","?","$","?","E","M","M","T","R","E"],"items_purchased_type":["Relic","Relic"],"build_version":"2020-12-13","purchased_purges":2,"victory":false,"max_hp_per_floor":[66,66,66,66,66,66,66,66,66,66,66,66,66,66,66,66,66,66,66,66,66,66,66,66,66,66,66,66,66,66,66,66,66,66,66,66,63,63,63,63,63,63,63,63,63,63],"card_choices":[{"not_picked":["Flying Knee","Bane"],"picked":"Backstab","floor":1.0},{"not_picked":["Setup","Backflip"],"picked":"Dash","floor":2.0},{"not_picked":["Dagger Throw","Caltrops"],"picked":"Bouncing Flask","floor":4.0},{"not_picked":["Bane","Bouncing Flask"],"picked":"PiercingWail","floor":8.0},{"not_picked":["Dagger Throw","Dagger Spray"],"picked":"Burst","floor":11.0},{"not_picked":["Outmaneuver","Flying Knee"],"picked":"Prepared","floor":13.0},{"not_picked":["Tools of the Trade","Storm of Steel"],"picked":"Malaise","floor":16.0},{"not_picked":["Outmaneuver","Cloak And Dagger"],"picked":"Blur+1","floor":18.0},{"not_picked":["Outmaneuver","Flechettes"],"picked":"Backflip","floor":20.0},{"not_picked":["Bane","Cloak And Dagger"],"picked":"Backflip+1","floor":22.0},{"not_picked":["Distraction","Backflip","Dagger Throw"],"picked":"SKIP","floor":24.0},{"not_picked":["Bouncing Flask","Backflip","Cloak And Dagger"],"picked":"SKIP","floor":25.0},{"not_picked":["Storm of Steel","Slice","Dodge and Roll"],"picked":"SKIP","floor":27.0},{"not_picked":["PiercingWail+1","Flying Knee"],"picked":"Deadly Poison","floor":31.0},{"not_picked":["Die Die Die","Malaise"],"picked":"Wraith Form v2","floor":33.0},{"not_picked":["Cloak And Dagger","Riddle With Holes","Quick Slash"],"picked":"SKIP","floor":35.0},{"not_picked":["Predator","Masterful Stab","Outmaneuver"],"picked":"SKIP","floor":36.0},{"not_picked":["Sadistic Nature","Secret Weapon"],"picked":"Master of Strategy","floor":39.0},{"not_picked":["Dodge and Roll","Flying Knee","Wraith Form v2"],"picked":"SKIP","floor":40.0},{"not_picked":["Setup","Underhanded Strike","Bane+1"],"picked":"SKIP","floor":41.0},{"not_picked":["Outmaneuver","Sucker Punch","Blade Dance"],"picked":"SKIP","floor":42.0}],"player_experience":319291,"relics_obtained":[{"floor":9.0,"key":"Meat on the Bone"},{"floor":13.0,"key":"Bag of Preparation"},{"floor":19.0,"key":"Lantern"},{"floor":24.0,"key":"Mercury Hourglass"},{"floor":40.0,"key":"Toy Ornithopter"},{"floor":43.0,"key":"Boot"}],"event_choices":[{"cards_removed":["Strike_G"],"damage_healed":0.0,"max_hp_gain":0.0,"max_hp_loss":0.0,"gold_gain":0.0,"event_name":"Golden Wing","player_choice":"Card Removal","floor":3.0,"gold_loss":0.0,"damage_taken":7.0},{"cards_removed":["Strike_G"],"damage_healed":0.0,"max_hp_gain":0.0,"max_hp_loss":0.0,"gold_gain":0.0,"event_name":"Living Wall","player_choice":"Forget","floor":7.0,"gold_loss":0.0,"damage_taken":0.0},{"cards_removed":["Predator"],"damage_healed":0.0,"max_hp_gain":0.0,"max_hp_loss":0.0,"gold_gain":0.0,"event_name":"WeMeetAgain","player_choice":"Gave Card","floor":14.0,"gold_loss":0.0,"damage_taken":0.0,"relics_obtained":["Mummified Hand"]},{"damage_healed":0.0,"max_hp_gain":0.0,"max_hp_loss":0.0,"gold_gain":0.0,"event_name":"Upgrade Shrine","player_choice":"Upgraded","floor":21.0,"gold_loss":0.0,"damage_taken":0.0,"cards_upgraded":["Malaise"]},{"damage_healed":0.0,"max_hp_gain":0.0,"max_hp_loss":0.0,"gold_gain":0.0,"event_name":"Cursed Tome","player_choice":"Ignored","floor":28.0,"gold_loss":0.0,"damage_taken":0.0},{"damage_healed":0.0,"max_hp_gain":0.0,"max_hp_loss":3.0,"gold_gain":0.0,"event_name":"Winding Halls","player_choice":"Max HP","floor":37.0,"gold_loss":0.0,"damage_taken":0.0},{"damage_healed":0.0,"max_hp_gain":0.0,"max_hp_loss":0.0,"gold_gain":0.0,"event_name":"SensoryStone","player_choice":"Memory 3","floor":39.0,"gold_loss":0.0,"damage_taken":10.0}],"is_beta":false,"boss_relics":[{"not_picked":["Fusion Hammer","SacredBark"],"picked":"Sozu"},{"not_picked":["Philosopher\u0027s Stone","Runic Dome"],"picked":"Empty Cage"}],"items_purged_floors":[5,29],"is_endless":false,"potions_floor_spawned":[2,4,8,13,18,25,27,40,42],"killed_by":"Reptomancer","ascension_level":20}}