{"host":"os9owiyb0rak6c8n","time":1608063499,"event":{"mods":["AchievementEnabler","BaseMod","Beaked The Cultist","Better Third Choice","Block Reminder","Colored Map","Colored Powertips","Dio Mod","Minty Spire (QoL Compilation)","Spicy Shops","StSLib","The Death Knight","The Necromancer"],"gold_per_floor":[114,128,128,138,149,211,221,221,221,22,32,32,32],"floor_reached":12,"playtime":628,"items_purged":["DeathKnight:Strike_DeathKnight"],"score":79,"play_id":"06971194-0e34-4fa8-8f49-162d181017bd","local_time":"20201215211819","is_ascension_mode":true,"campfire_choices":[{"floor":8,"key":"REST"}],"circlet_count":0,"master_deck":["DeathKnight:Strike_DeathKnight","DeathKnight:Strike_DeathKnight","DeathKnight:Strike_DeathKnight","DeathKnight:Strike_DeathKnight","DeathKnight:Defend_DeathKnight","DeathKnight:Defend_DeathKnight","DeathKnight:Defend_DeathKnight","DeathKnight:Defend_DeathKnight","DeathKnight:Defend_DeathKnight","DeathKnight:RuneTap","DeathKnight:RuneStrike","DeathKnight:ScourgeStrike","DeathKnight:BladedArmor","DeathKnight:MutagenicPlague","DeathKnight:Contagion","DeathKnight:MindFreeze","DeathKnight:AntiMagicShell","DeathKnight:GargoyleSkin"],"relics":["DeathKnight:BrokenRuneblade","InkBottle"],"acts_visited":["Exordium"],"potions_floor_usage":[12,12],"damage_taken":[{"damage":2,"enemies":"Jaw Worm","floor":1,"turns":4},{"damage":12,"enemies":"Small Slimes","floor":2,"turns":4},{"damage":6,"enemies":"Cultist","floor":4,"turns":4},{"damage":31,"enemies":"Exordium Thugs","floor":5,"turns":5},{"damage":26,"enemies":"Exordium Wildlife","floor":7,"turns":6},{"damage":9,"enemies":"3 Louse","floor":11,"turns":5},{"damage":20,"enemies":"3 Sentries","floor":12,"turns":4}],"seed_played":"-593930932606755456","potions_obtained":[{"floor":1,"key":"AttackPotion"},{"floor":7,"key":"SteroidPotion"}],"is_trial":false,"path_per_floor":["M","M","$","M","M","?","M","R","T","$","M","E"],"character_chosen":"DEATH_KNIGHT","items_purchased":["DeathKnight:MindFreeze","DeathKnight:AntiMagicShell"],"campfire_rested":1,"item_purchase_floors":[10,10],"current_hp_per_floor":[80,68,68,62,31,31,5,29,29,29,20,0,0],"gold":32,"neow_bonus":"TEN_PERCENT_HP_BONUS","is_daily":false,"chose_seed":false,"campfire_upgraded":0,"win_rate":0.0,"timestamp":1608063499,"path_taken":["M","M","$","M","M","?","M","R","T","$","M","E"],"items_purchased_type":["Card","Card"],"build_version":"2020-12-13","purchased_purges":1,"victory":false,"max_hp_per_floor":[82,82,82,82,82,82,82,82,82,82,82,82,82],"card_choices":[{"not_picked":["DeathKnight:WraithWalk","DeathKnight:Ossuary"],"picked":"DeathKnight:ScourgeStrike","floor":1},{"not_picked":["DeathKnight:Ossuary","DeathKnight:DreadStrike"],"picked":"DeathKnight:BladedArmor","floor":2},{"not_picked":["DeathKnight:HartStrike","DeathKnight:DeathGrip"],"picked":"DeathKnight:MutagenicPlague","floor":4},{"not_picked":["DeathKnight:Culling","DeathKnight:MutagenicPlague","DeathKnight:ChainsOfIce"],"picked":"SKIP","floor":5},{"not_picked":["DeathKnight:BoneStorm","DeathKnight:FrostStrike"],"picked":"DeathKnight:Contagion","floor":7},{"not_picked":["DeathKnight:Hemostasis","DeathKnight:HornOfWinter"],"picked":"DeathKnight:GargoyleSkin","floor":11}],"player_experience":523709,"relics_obtained":[{"floor":9,"key":"InkBottle"}],"event_choices":[{"damage_healed":0,"gold_gain":62,"player_choice":"Gained Gold","damage_taken":0,"max_hp_gain":0,"max_hp_loss":0,"event_name":"Golden Wing","floor":6,"gold_loss":0}],"is_beta":false,"boss_relics":[],"items_purged_floors":[10],"is_endless":false,"potions_floor_spawned":[1,7],"killed_by":"3 Sentries","ascension_level":2}}