{"host":"5g4swet0bj9kkdb5","time":1608075476,"event":{"mods":["Aspiration","BaseMod","Better Altar","Better Note","BetterRewards","Colored Map","Colored Powertips","DeckTracker","Highlight Path","Hubris","Infinite Spire","Minty Spire (QoL Compilation)","Quick Restart","Random Character Button","Rare Cards Sparkle","Relic Sorter","Replay The Spire","StSLib","SuperFastMode","Synergy Search","The Cursed","The Disciple","The IronCluck","The Jungle","The Runesmith","The Servant 0.9.4","Waifu the Spire"],"gold_per_floor":[109,126,140,154,170,170,170],"floor_reached":6,"playtime":431,"items_purged":[],"score":40,"play_id":"abddd43b-3709-41e4-90c2-219adf56dbd2","local_time":"20201215183756","is_ascension_mode":false,"campfire_choices":[],"circlet_count":0,"master_deck":["Strike_S","Strike_S","Strike_S","Strike_S","Defend_S","Defend_S","Defend_S","Defend_S","KidneyShot","Exchange","Rearm","ShatteredReality","Ricochet","Sabotage","Snipe"],"relics":["Uniform","NeowsBlessing"],"acts_visited":["Exordium"],"potions_floor_usage":[],"damage_taken":[{"damage":0,"enemies":"infinitespire:Voidling","floor":1,"turns":1},{"damage":0,"enemies":"Jaw Worm","floor":2,"turns":1},{"damage":0,"enemies":"Cultist","floor":3,"turns":1},{"damage":27,"enemies":"Gremlin Gang","floor":4,"turns":4},{"damage":27,"enemies":"Exordium Thugs","floor":5,"turns":5},{"damage":11,"enemies":"Lagavulin","floor":6,"turns":3}],"seed_played":"1276677495960755673","potions_obtained":[{"floor":3,"key":"SkillPotion"}],"is_trial":false,"path_per_floor":["M","M","M","M","M","E"],"character_chosen":"THE_SERVANT","items_purchased":[],"campfire_rested":0,"item_purchase_floors":[],"current_hp_per_floor":[65,65,65,38,11,0,0],"gold":170,"neow_bonus":"THREE_ENEMY_KILL","is_daily":false,"chose_seed":false,"campfire_upgraded":0,"win_rate":0.0,"timestamp":1608075476,"path_taken":["M","M","M","?","M","E"],"items_purchased_type":[],"build_version":"2020-12-13","purchased_purges":0,"victory":false,"max_hp_per_floor":[65,65,65,65,65,65,65],"card_choices":[{"not_picked":["Foresight","Starlight"],"picked":"Rearm","floor":1},{"not_picked":["Rearm","FastForward"],"picked":"ShatteredReality","floor":2},{"not_picked":["Potential","Hightail"],"picked":"Ricochet","floor":3},{"not_picked":["Defy","ReturningBlade"],"picked":"Sabotage","floor":4},{"not_picked":["Ricochet","Luminosity"],"picked":"Snipe","floor":5}],"player_experience":113941,"relics_obtained":[],"event_choices":[],"is_beta":false,"boss_relics":[],"items_purged_floors":[],"is_endless":false,"potions_floor_spawned":[3],"killed_by":"Lagavulin","ascension_level":0}}