{"host":"ueef25wtkg2eer3h","time":1608068098,"event":{"mods":["AchievementEnabler","BaseMod","Colored Map","Colored Powertips","DeckTracker","Displayed Cursed Tome","Googly Eyes","Highlight Path","Minty Spire (QoL Compilation)","Slay the Relics Exporter","StSLib"],"gold_per_floor":[113,125,48,48,123,123,155,155,155,183,193,224,236,250,250,347,347,365,365,46,56,70,70,95,95,150,181,25,25,59,76,76,76,76],"floor_reached":33,"playtime":1227,"items_purged":["Purity"],"score":578,"play_id":"6647d4b3-6dfd-4f61-817c-5daf5cb3ed9b","local_time":"20201215223458","is_ascension_mode":true,"campfire_choices":[{"data":"Streamline","floor":6,"key":"SMITH"},{"data":"1","floor":8,"key":"LIFT"},{"data":"2","floor":15,"key":"LIFT"},{"floor":23,"key":"REST"},{"floor":25,"key":"REST"},{"floor":32,"key":"REST"}],"circlet_count":0,"master_deck":["AscendersBane","Strike_B","Strike_B","Strike_B","Strike_B","Defend_B","Defend_B","Defend_B","Defend_B","Zap","Dualcast","Cold Snap","Streamline+1","Ball Lightning","Gash","Reinforced Body","Gash","Reinforced Body","Chaos","Defragment","Seek","Chill","Panacea","Purity","Flash of Steel","Sweeping Beam","Defragment","Glacier+1","Sweeping Beam","Beam Cell","Thunder Strike","Static Discharge","Hologram"],"relics":["Cracked Core","NeowsBlessing","Centennial Puzzle","Girya","Symbiotic Virus","Eternal Feather","Orichalcum","Nuclear Battery","DataDisk","Oddly Smooth Stone","Vajra","Cables","PreservedInsect","MutagenicStrength","Shuriken"],"acts_visited":["Exordium","TheCity"],"potions_floor_usage":[10,22,22,33],"damage_taken":[{"damage":0,"enemies":"Small Slimes","floor":1,"turns":1},{"damage":0,"enemies":"Jaw Worm","floor":2,"turns":1},{"damage":0,"enemies":"Gremlin Nob","floor":7,"turns":1},{"damage":8,"enemies":"3 Sentries","floor":10,"turns":5},{"damage":0,"enemies":"Cultist","floor":11,"turns":2},{"damage":9,"enemies":"Gremlin Nob","floor":12,"turns":3},{"damage":0,"enemies":"2 Fungi Beasts","floor":13,"turns":2},{"damage":0,"enemies":"Blue Slaver","floor":14,"turns":2},{"damage":25,"enemies":"The Guardian","floor":16,"turns":9},{"damage":0,"enemies":"Chosen","floor":18,"turns":3},{"damage":6,"enemies":"Shell Parasite","floor":21,"turns":3},{"damage":13,"enemies":"Centurion and Healer","floor":22,"turns":5},{"damage":31,"enemies":"Book of Stabbing","floor":24,"turns":6},{"damage":33,"enemies":"Gremlin Leader","floor":27,"turns":8},{"damage":0,"enemies":"Slavers","floor":30,"turns":3},{"damage":0,"enemies":"Snecko","floor":31,"turns":3},{"damage":63,"enemies":"Automaton","floor":33,"turns":6}],"seed_played":"-7280506496115914582","potions_obtained":[{"floor":2,"key":"DistilledChaos"},{"floor":10,"key":"BlessingOfTheForge"},{"floor":12,"key":"SmokeBomb"},{"floor":13,"key":"SneckoOil"},{"floor":16,"key":"Explosive Potion"},{"floor":22,"key":"Dexterity Potion"},{"floor":27,"key":"Fire Potion"}],"is_trial":false,"path_per_floor":["M","M","$","?","?","R","E","R","T","E","M","E","M","M","R","B",null,"M","?","$","M","M","R","E","R","T","E","$","?","E","M","R","B"],"character_chosen":"DEFECT","items_purchased":["Ball Lightning","Gash","DataDisk","Sweeping Beam","Defragment","PreservedInsect"],"campfire_rested":3,"item_purchase_floors":[3,3,20,20,20,28],"current_hp_per_floor":[68,68,68,56,45,45,45,45,45,37,37,28,28,28,40,15,60,60,24,24,18,5,42,11,51,51,18,18,18,18,18,58,0,0],"gold":76,"neow_bonus":"THREE_ENEMY_KILL","is_daily":false,"chose_seed":false,"campfire_upgraded":1,"win_rate":0.0,"timestamp":1608068098,"path_taken":["M","M","$","?","?","R","E","R","T","E","M","E","M","?","R","BOSS","M","?","$","?","M","R","E","R","T","E","$","?","E","M","R","BOSS"],"items_purchased_type":["Card","Card","Relic","Card","Card","Relic"],"build_version":"2020-12-13","purchased_purges":1,"victory":false,"max_hp_per_floor":[75,75,75,75,75,75,75,75,75,75,75,75,75,75,75,75,75,75,75,75,75,75,75,75,75,75,75,75,75,75,75,75,75,75],"card_choices":[{"not_picked":["Gash","Ball Lightning"],"picked":"Cold Snap","floor":1},{"not_picked":["Loop","Steam Power"],"picked":"Streamline","floor":2},{"not_picked":["BootSequence","Leap"],"picked":"Reinforced Body","floor":7},{"not_picked":["Coolheaded","Storm"],"picked":"Gash","floor":10},{"not_picked":["Melter","Amplify"],"picked":"Reinforced Body","floor":11},{"not_picked":["Leap","Scrape"],"picked":"Chaos","floor":12},{"not_picked":["Auto Shields","Turbo"],"picked":"Defragment","floor":13},{"not_picked":["Streamline","Rebound","Lockon"],"picked":"SKIP","floor":14},{"not_picked":["Meteor Strike","Creative AI"],"picked":"Seek","floor":16},{"not_picked":["Steam","Streamline+1"],"picked":"Chill","floor":18},{"not_picked":["Barrage+1","Recycle+1"],"picked":"Glacier+1","floor":21},{"not_picked":["Lockon+1","Doom and Gloom"],"picked":"Sweeping Beam","floor":22},{"not_picked":["Hello World","Steam"],"picked":"Beam Cell","floor":24},{"not_picked":["Recycle","Stack"],"picked":"Thunder Strike","floor":27},{"not_picked":["Storm+1","Compile Driver"],"picked":"Static Discharge","floor":30},{"not_picked":["Auto Shields","Rebound"],"picked":"Hologram","floor":31}],"player_experience":261016,"relics_obtained":[{"floor":7,"key":"Girya"},{"floor":9,"key":"Symbiotic Virus"},{"floor":10,"key":"Eternal Feather"},{"floor":12,"key":"Orichalcum"},{"floor":24,"key":"Oddly Smooth Stone"},{"floor":26,"key":"Vajra"},{"floor":27,"key":"Cables"},{"floor":30,"key":"Shuriken"}],"event_choices":[{"damage_healed":0,"gold_gain":0,"player_choice":"Success","damage_taken":12,"relics_obtained":["Centennial Puzzle"],"max_hp_gain":0,"max_hp_loss":0,"event_name":"Scrap Ooze","floor":4,"gold_loss":0},{"damage_healed":0,"gold_gain":75,"player_choice":"Gather Gold","damage_taken":11,"max_hp_gain":0,"max_hp_loss":0,"event_name":"World of Goop","floor":5,"gold_loss":0},{"damage_healed":0,"gold_gain":0,"player_choice":"CARD CARD CARD CARD ","damage_taken":36,"max_hp_gain":0,"max_hp_loss":0,"event_name":"Knowing Skull","floor":19,"potions_obtained":[],"gold_loss":0,"cards_obtained":["Panacea","Purity","Purity","Flash of Steel"]},{"damage_healed":0,"gold_gain":0,"player_choice":"Inject Mutagens","damage_taken":0,"relics_obtained":["MutagenicStrength"],"max_hp_gain":0,"max_hp_loss":0,"event_name":"Drug Dealer","floor":29,"gold_loss":0}],"is_beta":false,"boss_relics":[{"not_picked":["Empty Cage","Sozu"],"picked":"Nuclear Battery"}],"items_purged_floors":[20],"is_endless":false,"potions_floor_spawned":[2,10,12,13,16,18,22,27,30],"killed_by":"Automaton","ascension_level":11}}