{"host":"poixavpewvabi3b6","time":1608046748,"event":{"mods":["BaseMod","DeckTracker","Minty Spire (QoL Compilation)","Replay The Spire","StSLib"],"gold_per_floor":[218,228,30,30,30,45,29,29,29,52,52,52,71,71,89,19,19,124,174,174],"floor_reached":19,"playtime":586,"items_purged":["Strike_B"],"score":157,"play_id":"130e9f9b-4a5b-41f0-b7fc-668025f867dd","local_time":"20201216003908","is_ascension_mode":false,"campfire_choices":[{"data":"White Noise","floor":8,"key":"SMITH"},{"data":"Dualcast","floor":12,"key":"SMITH"},{"data":"Go for the Eyes","floor":14,"key":"SMITH"},{"floor":17,"key":"REST"}],"circlet_count":0,"master_deck":["Strike_B","Strike_B","Strike_B","Defend_B+1","Defend_B","Defend_B","Defend_B","Zap","Dualcast+1","White Noise+1","Go for the Eyes+1","Gash","Go for the Eyes","Conserve Battery","Sweeping Beam","Gash","Go for the Eyes","Beam Cell","Machine Learning+1","Steam"],"relics":["Cracked Core","Smiling Mask","Frozen Egg 2","Tiny House"],"acts_visited":["Exordium","TheCity"],"potions_floor_usage":[18],"damage_taken":[{"damage":0,"enemies":"Small Slimes","floor":1,"turns":2},{"damage":6,"enemies":"Jaw Worm","floor":2,"turns":3},{"damage":4,"enemies":"2 Louse","floor":6,"turns":2},{"damage":10,"enemies":"Exordium Thugs","floor":7,"turns":4},{"damage":2,"enemies":"Large Slime","floor":13,"turns":4},{"damage":11,"enemies":"2 Fungi Beasts","floor":15,"turns":3},{"damage":34,"enemies":"The Guardian","floor":18,"turns":12}],"seed_played":"3074480504691355882","potions_obtained":[{"floor":1,"key":"LiquidMemories"},{"floor":13,"key":"SpeedPotion"},{"floor":18,"key":"Block Potion"},{"floor":19,"key":"BlessingOfTheForge"}],"is_trial":false,"path_per_floor":["M","M","$","PTL","PTL","M","M","R","?","T","T","R","M","R","M","$","R","B",null],"character_chosen":"DEFECT","items_purchased":["Gash","Go for the Eyes","Conserve Battery","Go for the Eyes","Beam Cell"],"campfire_rested":1,"item_purchase_floors":[3,3,3,16,16],"current_hp_per_floor":[75,69,69,69,69,65,55,55,55,55,55,55,53,53,42,42,64,30,80,80],"gold":174,"neow_bonus":"HUNDRED_GOLD","is_daily":false,"chose_seed":false,"campfire_upgraded":3,"win_rate":0.0,"timestamp":1608046748,"path_taken":["M","M","$","PTL","PTL","M","M","R","?","?","T","R","M","R","M","?","R","BOSS"],"items_purchased_type":["Card","Card","Card","Card","Card"],"build_version":"2020-12-13","purchased_purges":1,"victory":false,"max_hp_per_floor":[75,75,75,75,75,75,75,75,75,75,75,75,75,75,75,75,75,75,80,80],"card_choices":[{"not_picked":["Consume","BootSequence"],"picked":"White Noise","floor":1},{"not_picked":["Stack","Steam"],"picked":"Go for the Eyes","floor":2},{"not_picked":["Coolheaded","Cold Snap"],"picked":"Sweeping Beam","floor":6},{"not_picked":["Crystallizer","Steam","Rip and Tear"],"picked":"SKIP","floor":7},{"not_picked":["Reinforced Body","Barrage","ReplayTheSpireMod:Calculation Training"],"picked":"SKIP","floor":13},{"not_picked":["Melter","Steam Power"],"picked":"Gash","floor":15},{"not_picked":["Rainbow","Biased Cognition+1"],"picked":"Machine Learning+1","floor":18},{"not_picked":["ReplayTheSpireMod:System Scan","Stack"],"picked":"Steam","floor":19}],"player_experience":127816,"relics_obtained":[{"floor":10,"key":"Smiling Mask"},{"floor":11,"key":"Frozen Egg 2"}],"event_choices":[{"damage_healed":0,"gold_gain":0,"player_choice":"Ignored","damage_taken":0,"max_hp_gain":0,"max_hp_loss":0,"event_name":"Liars Game","floor":9,"gold_loss":0}],"is_beta":false,"boss_relics":[{"not_picked":["ChewingGum","Ring of Chaos"],"picked":"Tiny House"}],"items_purged_floors":[3],"is_endless":false,"potions_floor_spawned":[1,13,18],"ascension_level":0}}