{"host":"y89x8uui45kcjy42","time":1608032820,"event":{"mods":["2.2 Compatiblity","BaseMod","CapriCore","Colored Map","Colored Powertips","Custom Start","Friendly Minions","Highlight Path","Keyboard Shortcuts","Minty Spire (QoL Compilation)","Relic Stats","Slay the Relics Exporter","StSLib","SuperFastMode","The Immortal","Waifu the Spire"],"gold_per_floor":[109,129,129,129,129,129,154,5,5,38,58,8,8,18,18,114,114,131,131,142,142,153,153,179,179,179,197,209,225,150,150,150,248,248,264,276,292,292,94,94,121,133,133,133,147,165,178,193,193,193,193,193,73,101,101],"floor_reached":56,"playtime":2419,"items_purged":["MokouMod:Strike","MokouMod:Defend"],"score":1209,"play_id":"d61069e3-33f3-4003-bc84-7e7b6049a7f0","local_time":"20201215204700","is_ascension_mode":false,"campfire_choices":[{"data":"MokouMod:InfernalWave","floor":6,"key":"SMITH"},{"data":"MokouMod:ScorchedEarth","floor":13,"key":"SMITH"},{"data":"MokouMod:IgnitionBarrier","floor":15,"key":"SMITH"},{"data":"MokouMod:SacredFire","floor":23,"key":"SMITH"},{"data":"MokouMod:CrimsonArmoury","floor":25,"key":"SMITH"},{"data":"MokouMod:HeatSpark","floor":32,"key":"SMITH"},{"floor":40,"key":"RECALL"},{"data":"1","floor":44,"key":"LIFT"},{"data":"2","floor":49,"key":"LIFT"},{"data":"3","floor":52,"key":"LIFT"}],"circlet_count":0,"master_deck":["MokouMod:HeatSpark+1","MokouMod:InfernalWave+1","MokouMod:ScorchedEarth+1","MokouMod:IgnitionBarrier+1","MokouMod:SacredFire+1","MokouMod:Afterburner+1","MokouMod:IgneousBlow+1","MokouMod:Geothermal+1","MokouMod:CrimsonArmoury+1","MokouMod:WarmUp+1","MokouMod:ScorchedEarth+1","MokouMod:SacredFire+1"],"relics":["MokouMod:PhoenixFeather","Kunai","Vajra","Unceasing Top","Art of War","Membership Card","Astrolabe","Pen Nib","Toy Ornithopter","Meat on the Bone","Runic Pyramid","Mango","Girya","DollysMirror","Boot"],"acts_visited":["Exordium","TheCity","TheBeyond","TheEnding"],"potions_floor_usage":[7,10,16,24,24,24,33,33,41,42,45,48,55,55,55],"damage_taken":[{"damage":1,"enemies":"Jaw Worm","floor":1,"turns":5},{"damage":3,"enemies":"Small Slimes","floor":2,"turns":5},{"damage":24,"enemies":"Gremlin Nob","floor":7,"turns":5},{"damage":16,"enemies":"Lagavulin","floor":10,"turns":7},{"damage":0,"enemies":"2 Louse","floor":11,"turns":3},{"damage":62,"enemies":"Slime Boss","floor":16,"turns":12},{"damage":10,"enemies":"Chosen","floor":18,"turns":4},{"damage":22,"enemies":"Shell Parasite","floor":20,"turns":4},{"damage":0,"enemies":"Snecko","floor":22,"turns":4},{"damage":17,"enemies":"Gremlin Leader","floor":24,"turns":2},{"damage":15,"enemies":"Chosen and Byrds","floor":27,"turns":3},{"damage":30,"enemies":"Sentry and Sphere","floor":28,"turns":5},{"damage":12,"enemies":"3 Cultists","floor":29,"turns":3},{"damage":36,"enemies":"Automaton","floor":33,"turns":8},{"damage":24,"enemies":"3 Shapes","floor":35,"turns":4},{"damage":0,"enemies":"Orb Walker","floor":36,"turns":2},{"damage":0,"enemies":"Transient","floor":37,"turns":5},{"damage":22,"enemies":"Reptomancer","floor":41,"turns":4},{"damage":23,"enemies":"Writhing Mass","floor":42,"turns":5},{"damage":6,"enemies":"3 Darklings","floor":45,"turns":3},{"damage":30,"enemies":"Maw","floor":46,"turns":5},{"damage":62,"enemies":"4 Shapes","floor":47,"turns":4},{"damage":43,"enemies":"Writhing Mass","floor":48,"turns":4},{"damage":130,"enemies":"Awakened One","floor":50,"turns":9},{"damage":149,"enemies":"Shield and Spear","floor":54,"turns":7},{"damage":168,"enemies":"The Heart","floor":55,"turns":8}],"seed_played":"3274971016471701865","potions_obtained":[{"floor":1,"key":"Weak Potion"},{"floor":11,"key":"Dexterity Potion"},{"floor":20,"key":"SpeedPotion"},{"floor":22,"key":"Strength Potion"},{"floor":28,"key":"PowerPotion"},{"floor":29,"key":"Regen Potion"},{"floor":37,"key":"Energy Potion"},{"floor":41,"key":"Fruit Juice"},{"floor":42,"key":"Energy Potion"},{"floor":47,"key":"FearPotion"}],"is_trial":false,"path_per_floor":["M","M","?","?","?","R","E","$","T","E","M","?","R","$","R","B",null,"M","?","M","?","M","R","E","R","T","M","M","M","?","?","R","B",null,"M","M","M","?","$","R","E","M","T","R","M","M","M","M","R","B",null,"R","$","E","B",null],"character_chosen":"MKU","items_purchased":["Regen Potion","MokouMod:ProfanedFlare","Swift Potion","Mango","Energy Potion","Swift Potion","DollysMirror","PowerPotion","Weak Potion"],"campfire_rested":0,"item_purchase_floors":[8,14,14,39,39,39,53,53,53],"current_hp_per_floor":[53,50,43,43,68,68,44,44,44,43,43,43,43,43,43,48,75,65,65,43,43,43,43,75,75,75,60,42,42,42,42,42,43,75,51,51,51,51,65,65,53,47,47,47,46,90,40,80,80,90,90,90,90,90,78],"gold":101,"neow_bonus":"REMOVE_TWO","is_daily":false,"chose_seed":false,"campfire_upgraded":6,"win_rate":0.0,"timestamp":1608032820,"path_taken":["M","M","?","?","?","R","E","?","T","E","?","?","R","$","R","BOSS","M","?","M","?","M","R","E","R","T","M","M","M","?","?","R","BOSS","M","M","?","?","$","R","E","M","T","R","M","M","M","M","R","BOSS","R","$","E","BOSS"],"items_purchased_type":["Potion","Card","Potion","Relic","Potion","Potion","Relic","Potion","Potion"],"build_version":"2020-12-13","purchased_purges":2,"victory":true,"max_hp_per_floor":[75,75,75,75,75,75,75,75,75,75,75,75,75,75,75,75,75,75,75,75,75,75,75,75,75,75,75,75,75,75,75,75,75,75,75,75,75,71,85,85,90,90,90,90,90,90,90,90,90,90,90,90,90,90,90],"relic_stats":{"counters":[26,130],"Astrolabe":["MokouMod:Afterburner","MokouMod:IgneousBlow","MokouMod:Geothermal"],"Pen Nib":[28],"Art of War":[7],"Kunai":[73],"Boot":[0],"obtain_stats":[{"Girya":41,"Astrolabe":17,"Vajra":7,"Mango":39,"Pen Nib":19,"Boot":54,"DollysMirror":53,"MokouMod:PhoenixFeather":0,"Art of War":10,"Kunai":3,"Membership Card":14,"Unceasing Top":9,"Toy Ornithopter":24,"Meat on the Bone":26,"Runic Pyramid":34},{"Girya":18,"Astrolabe":6,"Vajra":3,"Mango":17,"Pen Nib":7,"Boot":25,"DollysMirror":24,"MokouMod:PhoenixFeather":0,"Art of War":4,"Kunai":2,"Membership Card":5,"Unceasing Top":3,"Toy Ornithopter":10,"Meat on the Bone":10,"Runic Pyramid":14},{"Girya":85,"Astrolabe":37,"Vajra":15,"Mango":81,"Pen Nib":41,"Boot":122,"DollysMirror":115,"MokouMod:PhoenixFeather":0,"Art of War":22,"Kunai":10,"Membership Card":25,"Unceasing Top":15,"Toy Ornithopter":51,"Meat on the Bone":51,"Runic Pyramid":70}],"Unceasing Top":[4],"Toy Ornithopter":36,"Meat on the Bone":60},"card_choices":[{"not_picked":["MokouMod:Meltdown","MokouMod:SearingShot"],"picked":"MokouMod:InfernalWave","floor":1},{"not_picked":["MokouMod:RetainTemperature","MokouMod:SearingShot"],"picked":"MokouMod:ScorchedEarth","floor":2},{"not_picked":["MokouMod:Scorch","MokouMod:ControlledCombustion"],"picked":"MokouMod:IgnitionBarrier","floor":7},{"not_picked":["MokouMod:RisingSunBarrier","MokouMod:ScorchingColumn","MokouMod:IgnitionBarrier"],"picked":"SKIP","floor":10},{"not_picked":["MokouMod:IgnitionBarrier","MokouMod:BurningDraft","MokouMod:HeatFactory"],"picked":"SKIP","floor":11},{"not_picked":["MokouMod:PhoenixForm","MokouMod:Ventilation"],"picked":"MokouMod:SacredFire","floor":16},{"not_picked":["MokouMod:ScorchingColumn","MokouMod:AdaptivePyromancy"],"picked":"MokouMod:CrimsonArmoury","floor":18},{"not_picked":["MokouMod:RisingSunBarrier","MokouMod:InfernalWave","MokouMod:IndiscriminateIgnition"],"picked":"SKIP","floor":20},{"not_picked":["MokouMod:ResoluteFlare+1","MokouMod:FlamingFireTalons","MokouMod:SearingShot+1"],"picked":"SKIP","floor":22},{"not_picked":["MokouMod:EternalBurstReactor+1","MokouMod:InfernalWave+1"],"picked":"MokouMod:WarmUp+1","floor":24},{"not_picked":["MokouMod:GuidingSmoke","MokouMod:FlareStarter","MokouMod:ResoluteFlare+1"],"picked":"SKIP","floor":27},{"not_picked":["MokouMod:RisingSunBarrier+1","MokouMod:Combust","MokouMod:InfernalWave"],"picked":"SKIP","floor":28},{"not_picked":["MokouMod:Firecracker","MokouMod:SearingShot+1","MokouMod:Singe"],"picked":"SKIP","floor":29},{"not_picked":["MokouMod:FujiyamaVolcano+1","MokouMod:CrimsonFlare+1","MokouMod:EternalBurstReactor+1"],"picked":"SKIP","floor":35},{"not_picked":["MokouMod:FlickeringFlame","MokouMod:BurningDraft+1","MokouMod:Ember"],"picked":"SKIP","floor":36},{"not_picked":["MokouMod:Overheat+1","MokouMod:HeartofFire","MokouMod:BurningDraft"],"picked":"SKIP","floor":37},{"not_picked":["MokouMod:FujiyamaVolcano+1","MokouMod:IcarusDive","MokouMod:DanceofFlames"],"picked":"SKIP","floor":41},{"not_picked":["MokouMod:Singe+1","MokouMod:ScorchingColumn+1","MokouMod:TemporalFireSeal"],"picked":"SKIP","floor":42},{"not_picked":["MokouMod:Cataclysm","MokouMod:ExplosiveFlame","MokouMod:Wildfire"],"picked":"SKIP","floor":45},{"not_picked":["MokouMod:BurningDraft+1","MokouMod:Firecracker+1","MokouMod:Afterburner+1"],"picked":"SKIP","floor":46},{"not_picked":["MokouMod:Ember+1","MokouMod:IndiscriminateIgnition+1"],"picked":"MokouMod:ScorchedEarth+1","floor":47},{"not_picked":["MokouMod:CrimsonArmoury","MokouMod:Overheat+1","MokouMod:AdaptivePyromancy+1"],"picked":"SKIP","floor":48},{"not_picked":["MokouMod:RisingSunBarrier+1","MokouMod:Refresh+1","MokouMod:ThermalPressure+1"],"picked":"SKIP","floor":54}],"player_experience":494521,"relics_obtained":[{"floor":7,"key":"Vajra"},{"floor":9,"key":"Unceasing Top"},{"floor":10,"key":"Art of War"},{"floor":24,"key":"Toy Ornithopter"},{"floor":26,"key":"Meat on the Bone"},{"floor":41,"key":"Girya"},{"floor":54,"key":"Boot"}],"event_choices":[{"damage_healed":0,"gold_gain":0,"player_choice":"Success","damage_taken":7,"relics_obtained":["Kunai"],"max_hp_gain":0,"max_hp_loss":0,"event_name":"Scrap Ooze","floor":3,"gold_loss":0},{"damage_healed":0,"gold_gain":0,"player_choice":"Ignored","damage_taken":0,"max_hp_gain":0,"max_hp_loss":0,"event_name":"Liars Game","floor":4,"gold_loss":0},{"damage_healed":25,"gold_gain":0,"player_choice":"Banana","damage_taken":0,"max_hp_gain":0,"max_hp_loss":0,"event_name":"Big Fish","floor":5,"gold_loss":0},{"cards_removed":["MokouMod:Defend"],"damage_healed":0,"gold_gain":0,"player_choice":"Card Removal","damage_taken":0,"max_hp_gain":0,"max_hp_loss":0,"event_name":"The Cleric","floor":12,"gold_loss":50},{"damage_healed":0,"gold_gain":0,"player_choice":"Opened","damage_taken":0,"relics_obtained":["Pen Nib"],"max_hp_gain":0,"max_hp_loss":0,"event_name":"The Mausoleum","floor":19,"gold_loss":0},{"cards_removed":["MokouMod:Defend"],"damage_healed":0,"gold_gain":0,"player_choice":"Elegance","damage_taken":0,"max_hp_gain":0,"max_hp_loss":0,"event_name":"Back to Basics","floor":21,"gold_loss":0},{"cards_removed":["MokouMod:ProfanedFlare"],"damage_healed":0,"gold_gain":0,"player_choice":"Gave Gold","damage_taken":0,"max_hp_gain":0,"max_hp_loss":0,"event_name":"Beggar","floor":30,"gold_loss":75},{"damage_healed":0,"gold_gain":0,"player_choice":"Ignored","damage_taken":0,"max_hp_gain":0,"max_hp_loss":0,"event_name":"Transmorgrifier","floor":31,"gold_loss":0},{"damage_healed":0,"gold_gain":0,"player_choice":"Max HP","damage_taken":0,"max_hp_gain":0,"max_hp_loss":4,"event_name":"Winding Halls","floor":38,"gold_loss":0}],"is_beta":false,"boss_relics":[{"not_picked":["SlaversCollar","Velvet Choker"],"picked":"Astrolabe"},{"not_picked":["Runic Dome","Pandora\u0027s Box"],"picked":"Runic Pyramid"}],"items_purged_floors":[8,14],"is_endless":false,"potions_floor_spawned":[1,11,20,22,28,29,37,41,42,47],"ascension_level":0}}