{"host":"ad1lywlk73qplbjq","time":1608072727,"event":{"mods":["AchievementEnabler","BaseMod","Curses Come First","Downfall","Minty Spire (QoL Compilation)","StSLib","The Necromancer"],"gold_per_floor":[99,99,130,130,130,130,156,187,187,112,125,18,33,51,61,61,61],"floor_reached":16,"playtime":1501,"items_purged":[],"score":133,"play_id":"f4ee8c82-dab0-49d9-a958-b5189651d92c","local_time":"20201215235207","is_ascension_mode":false,"campfire_choices":[{"floor":1.0,"key":"RECALL"},{"data":"Guardian:AncientConstruct","floor":10.0,"key":"SMITH"}],"circlet_count":0,"master_deck":["Guardian:Strike_Guardian","Guardian:Strike_Guardian","Guardian:Strike_Guardian","Guardian:Defend_Guardian","Guardian:Defend_Guardian","Guardian:Defend_Guardian","Guardian:Defend_Guardian","Guardian:CurlUp","Guardian:TwinSlam","Guardian:BronzeOrb","Guardian:Gem_Green","Guardian:AncientConstruct+1","Guardian:PrimingBeam","Guardian:StasisStrike+1","Guardian:Gem_Fragmented","Guardian:ArmoredProtocol","expansioncontent:DefensiveStance","Guardian:Gem_Red","Guardian:PrismaticBarrier","Guardian:Gem_Purple","Guardian:Harden"],"relics":["Guardian:ModeShifter","downfall:HeartsMalice","Prayer Wheel","Boot","Oddly Smooth Stone","downfall:HeartBlessingRed"],"acts_visited":["Exordium"],"potions_floor_usage":[12,16,16],"damage_taken":[{"damage":0.0,"enemies":"Lagavulin","floor":3.0,"turns":1.0},{"damage":0.0,"enemies":"2 Louse","floor":4.0,"turns":1.0},{"damage":0.0,"enemies":"Small Slimes","floor":6.0,"turns":1.0},{"damage":12.0,"enemies":"Gremlin Nob","floor":8.0,"turns":4.0},{"damage":0.0,"enemies":"Cultist","floor":11.0,"turns":4.0},{"damage":0,"enemies":"downfall:FleeingMerchant","floor":12,"turns":4},{"damage":0,"enemies":"Exordium Thugs","floor":13,"turns":5},{"damage":5,"enemies":"Blue Slaver","floor":14,"turns":4},{"damage":0,"enemies":"Large Slime","floor":15,"turns":8},{"damage":45,"enemies":"downfall:Defect","floor":16,"turns":9}],"seed_played":"3126549139891802341","potions_obtained":[{"floor":3.0,"key":"Fire Potion"},{"floor":11,"key":"Guardian:DefensiveModePotion"},{"floor":14,"key":"ColorlessPotion"},{"floor":15,"key":"Swift Potion"}],"is_trial":false,"path_per_floor":["R","?","E","M","?","M","T","E","?","R","M","$","M","M","M","B"],"character_chosen":"GUARDIAN","items_purchased":["expansioncontent:DefensiveStance"],"campfire_rested":0,"item_purchase_floors":[12],"current_hp_per_floor":[80,80,80,80,62,62,62,50,50,50,50,50,50,45,45,0,0],"gold":61,"neow_bonus":"THREE_ENEMY_KILL","is_daily":false,"chose_seed":false,"campfire_upgraded":1,"win_rate":0.0,"timestamp":1608072727,"path_taken":["R","?","E","M","?","M","T","E","?","R","M","$","M","M","M","BOSS"],"items_purchased_type":["Card"],"build_version":"2020-12-13","purchased_purges":0,"victory":false,"max_hp_per_floor":[80,80,80,80,80,80,80,80,80,80,80,80,80,80,80,80,80],"card_choices":[{"not_picked":["Guardian:ConstructionForm","Guardian:PrimingBeam"],"picked":"Guardian:BronzeOrb","floor":3.0},{"not_picked":["Guardian:GuardianWhirl","Guardian:VentSteam"],"picked":"Guardian:Gem_Green","floor":4.0},{"not_picked":["Guardian:ShieldCharger","Guardian:Gem_Cyan"],"picked":"Guardian:AncientConstruct","floor":4.0},{"not_picked":["Guardian:Emergency","Guardian:WalkerClaw"],"picked":"Guardian:PrimingBeam","floor":6.0},{"not_picked":["Guardian:ChargeCore","Guardian:Gem_Green"],"picked":"Guardian:StasisStrike","floor":6.0},{"not_picked":["Guardian:Clone","Guardian:ChargeCore"],"picked":"Guardian:Gem_Purple","floor":8.0},{"not_picked":["Guardian:RollAttack","Guardian:CrystalBeam"],"picked":"Guardian:Gem_Fragmented","floor":11},{"not_picked":["Guardian:Suspension","Guardian:SentryBeam"],"picked":"Guardian:ArmoredProtocol","floor":11},{"not_picked":["Guardian:VentSteam","Guardian:ShieldCharger","Guardian:Recover"],"picked":"SKIP","floor":12},{"not_picked":["Guardian:PrismaticBeam","Guardian:PrismaticBarrier"],"picked":"Guardian:Gem_Red","floor":13},{"not_picked":["Guardian:Clone","Guardian:Gem_Cyan"],"picked":"Guardian:PrismaticBarrier","floor":13},{"not_picked":["Guardian:TemporalStrike","Guardian:RollAttack"],"picked":"Guardian:Gem_Purple","floor":14},{"not_picked":["Guardian:Planning","Guardian:Recover"],"picked":"Guardian:Harden","floor":14},{"not_picked":["Guardian:Planning","Guardian:TemporalShield","Guardian:ChargeCore"],"picked":"SKIP","floor":15},{"not_picked":["Guardian:TemporalStrike","Guardian:WalkerClaw","Guardian:VentSteam"],"picked":"SKIP","floor":15}],"player_experience":167887,"relics_obtained":[{"floor":3.0,"key":"Prayer Wheel"},{"floor":8.0,"key":"Oddly Smooth Stone"}],"event_choices":[{"damage_healed":0.0,"max_hp_gain":0.0,"max_hp_loss":0.0,"gold_gain":0.0,"event_name":"Scrap Ooze","player_choice":"Success","floor":5.0,"gold_loss":0.0,"damage_taken":18.0,"relics_obtained":["Boot"]},{"damage_healed":0.0,"max_hp_gain":0.0,"max_hp_loss":0.0,"gold_gain":0.0,"event_name":"Living Wall","player_choice":"Grow","floor":9.0,"gold_loss":0.0,"damage_taken":0.0,"cards_upgraded":["Guardian:StasisStrike"]}],"is_beta":false,"boss_relics":[],"items_purged_floors":[],"is_endless":false,"potions_floor_spawned":[3,11,14,15],"killed_by":"downfall:Defect","ascension_level":0}}