{"host":"mq7pyadb5kndcn8l","time":1608003554,"event":{"mods":["AchievementEnabler","Act Like it!","Aspiration","BaseMod","Better Altar","Better Match","Better Note","Better Sensory Stone","Better Skull","Better Third Choice","BetterRewards","Block Reminder","CCEM","Challenge The Spire","ChefMod","Colored Map","Colored Powertips","Conspire","Defuse TimeMaze Blight","Dio Mod","Displayed Cursed Tome","Dota2Spire","Downfall","Duelist Mod","Energized Spire","Friendly Minions","GifTheSpireLib","Gremlin Skip","Highlight Path","Hubris","Ironclad Rager","Jedi Mod","Mad Scientist","Marked Mod","Mimic Mod","Minty Spire (QoL Compilation)","Permanent Neow","QueenMod","Quick Restart","Random Character Button","Rare Cards Sparkle","Relic Filter","Relic Sorter","Replay The Spire","Reworked Bosses","Shade Mod","Shop Mod","Spicy Shops","Spikes Relics","StSLib","Stuff the Spire","SuperFastMode","The Blue Laboratory","The Death Knight","The Exalted","The Necromancer","The Poker Player","TheBandit","Thieving Mod","Thrall Mod","Trackpad","Transform Curses","Unceasing Turn Reminder","Wandering Minibosses","vexMod"],"gold_per_floor":[117,135,90,90,100,100,126,138,138,138,158,158,194,33,33,128,128,142,6,6,21,32,32,48,48,48,67,67,67,87,114,114,219,219,238,258,3,14,30,55,30,30,79,79,9,44,64,91,91,91,91,91,52,77,77],"floor_reached":56,"playtime":3446,"items_purged":["Shade:Strike_Shade","Amnesia","Shade:Strike_Shade","Shade:Strike_Shade","Shade:Strike_Shade"],"score":1607,"play_id":"2a0d985c-7ea2-441c-9d67-93d526635a74","local_time":"20201214223914","is_ascension_mode":true,"campfire_choices":[{"floor":6.0,"key":"REST"},{"data":"Shade:LichForm","floor":12.0,"key":"SMITH"},{"data":"conspire:Banana","floor":15.0,"key":"SMITH"},{"data":"Shade:LoseControl","floor":23.0,"key":"SMITH"},{"data":"Shade:FleshToFlesh","floor":25.0,"key":"SMITH"},{"data":"Shade:Carnophage","floor":29,"key":"SMITH"},{"data":"Shade:AnimateDead","floor":32,"key":"SMITH"},{"data":"Shade:Brains","floor":42,"key":"SMITH"},{"floor":49,"key":"RECALL"},{"data":"Shade:Brains","floor":52,"key":"SMITH"}],"circlet_count":0,"master_deck":["Shade:Defend_Shade","Shade:Defend_Shade","Shade:Defend_Shade","Shade:Defend_Shade","Shade:AnimateDead+1","Shade:CarefulCut","Shade:AblativeArmor","Shade:CommandSoldier","Shade:LichForm+1","Shade:GraveStillness+1","Shade:FreshBones","Shade:OpenGraves","Shade:Coordination","Shade:Carnophage+1","conspire:Banana+1","Shade:LoseControl+1","Shade:OpenGraves","Shade:OpenGraves","Shade:Brains+1","Shade:Brains+1","Shade:FleshToFlesh+1","Shade:FleshToFlesh+1","Shade:OpenGraves","Shade:Carnophage+1"],"relics":["Shade:YorickSkull","Dota2Spire:LotusOrb","hubris:Icosahedron","Durian","hubris:Potato","MerchantsRug","Bromod:ArcaneVictory","jedi:cryingmask","ReplayTheSpireMod:CursedCoin","vexMod:Spyglass","Singing Bowl","StuffTheSpire:EmeraldSignet","Philosopher\u0027s Stone","ReplayTheSpireMod:Lightbulb","wanderingMiniBosses:CarrionFlame","TungstenRod","Busted Crown","trackpad:RapidFire","CCEMRelics:DissonantTune","conspire:Dentures","hubris:GlazedTorus","BargainBundle","ReplayTheSpireMod:Ninjato"],"acts_visited":["Exordium","TheCity","TheBeyond","TheEnding"],"potions_floor_usage":[33],"damage_taken":[{"damage":0.0,"enemies":"2 Louse","floor":1.0,"turns":3.0},{"damage":0.0,"enemies":"Cultist","floor":2.0,"turns":4.0},{"damage":0.0,"enemies":"conspire:RoseBush","floor":5.0,"turns":3.0},{"damage":39.0,"enemies":"3 Sentries","floor":7.0,"turns":8.0},{"damage":2.0,"enemies":"Gremlin Gang","floor":8.0,"turns":6.0},{"damage":0.0,"enemies":"2 Fungi Beasts","floor":11.0,"turns":4.0},{"damage":4.0,"enemies":"conspire:2 RoseBushes","floor":13.0,"turns":16.0},{"damage":14.0,"enemies":"Hexaghost","floor":16.0,"turns":8.0},{"damage":38.0,"enemies":"3 Byrds","floor":18.0,"turns":5.0},{"damage":0.0,"enemies":"conspire:FuzzyDice","floor":21.0,"turns":6.0},{"damage":2.0,"enemies":"Centurion and Healer","floor":22.0,"turns":7.0},{"damage":3.0,"enemies":"Sentry and Sphere","floor":24.0,"turns":5.0},{"damage":4,"enemies":"conspire:HollyBat","floor":27,"turns":6},{"damage":2,"enemies":"Cultist and Chosen","floor":30,"turns":6},{"damage":0,"enemies":"conspire:SneckoGhost","floor":31,"turns":7},{"damage":0,"enemies":"bossMod:newCollector","floor":33,"turns":7},{"damage":10,"enemies":"3 Shapes","floor":35,"turns":3},{"damage":0,"enemies":"3 Darklings","floor":36,"turns":5},{"damage":4,"enemies":"Transient","floor":38,"turns":5},{"damage":0,"enemies":"Spire Growth","floor":39,"turns":4},{"damage":0,"enemies":"Giant Head","floor":40,"turns":7},{"damage":0,"enemies":"Jaw Worm Horde","floor":46,"turns":6},{"damage":8,"enemies":"Jaw Worm Horde","floor":47,"turns":3},{"damage":0,"enemies":"R_Hoarder","floor":48,"turns":8},{"damage":0,"enemies":"Replay:Hell Engine","floor":50,"turns":9},{"damage":15,"enemies":"Shield and Spear","floor":54,"turns":7},{"damage":9,"enemies":"Kars","floor":55,"turns":9}],"seed_played":"-6674473865124416997","potions_obtained":[{"floor":7.0,"key":"blueLaboratory:HorrorPotion"},{"floor":8.0,"key":"Dota2Spire:Clarity"},{"floor":16.0,"key":"Death Potion"},{"floor":18.0,"key":"SkillPotion"},{"floor":27,"key":"blueLaboratory:BottleOfVodka"},{"floor":30,"key":"Strength Potion"},{"floor":33,"key":"Dota2Spire:Clarity"}],"is_trial":false,"path_per_floor":["M","M","$","?","M","R","E","M","T","?","M","R","MIM","$","R","B",null,"M","$","?","M","M","R","M","R","T","M","?","R","M","E","R","B",null,"M","M","$","M","M","E","?","R","T","T","$","MIM","M","E","R","B",null,"R","$","E","B",null],"character_chosen":"SHADE","items_purchased":["Durian","hubris:Potato","Chemical X","MerchantsRug","Shade:AblativeArmor","Bromod:ArcaneVictory","jedi:cryingmask","ReplayTheSpireMod:CursedCoin","Shade:CommandSoldier","Shade:LichForm","vexMod:Spyglass","Shade:GraveStillness+1","Shade:FreshBones","Shade:Carnophage","conspire:Banana","Shade:OpenGraves","Shade:Brains","trackpad:RapidFire","Shade:OpenGraves","BargainBundle","Dota2Spire:LotusOrb"],"campfire_rested":1,"item_purchase_floors":[0,0,0,0,0,0,0,0,0,0,0,0,3,14,14,19,19,37,45,53,53],"current_hp_per_floor":[31,32,32,32,33,54,18,20,20,43,47,47,46,46,46,35,76,43,43,43,49,53,53,54,54,54,56,56,56,62,67,67,80,102,96,103,103,104,109,118,118,118,118,118,118,122,121,126,126,132,132,132,132,123,117],"gold":77,"neow_bonus":"","is_daily":false,"chose_seed":false,"campfire_upgraded":8,"win_rate":0.0,"timestamp":1608003554,"path_taken":["M","M","$","?","M","R","E","M","T","?","M","R","?","$","R","BOSS","M","$","?","M","M","R","M","R","T","M","?","R","?","E","R","BOSS","M","M","$","M","M","E","?","R","T","?","?","?","M","E","R","BOSS","R","$","E","BOSS"],"items_purchased_type":["Relic","Relic","Relic","Relic","Card","Relic","Relic","Relic","Card","Card","Relic","Card","Card","Card","Card","Card","Card","Relic","Card","Relic","Relic"],"build_version":"2020-12-13","purchased_purges":5,"victory":true,"max_hp_per_floor":[70,70,70,70,70,70,70,70,70,70,72,72,74,74,74,76,76,78,78,78,82,86,86,88,88,88,90,90,90,94,98,98,102,102,104,108,108,112,116,120,120,120,120,120,120,122,126,130,130,132,132,132,132,136,138],"card_choices":[{"not_picked":["Shade:Trample","Shade:SkeletonHug","Shade:Premonition"],"picked":"SKIP","floor":1.0},{"not_picked":["Shade:FuneraryArmor","Shade:Frenzy","Shade:GreyBargain"],"picked":"SKIP","floor":2.0},{"not_picked":["Shade:FreshBones","Shade:PotionOfRestlessness","Shade:WallOfFlesh"],"picked":"SKIP","floor":5.0},{"not_picked":["Shade:SpontaneousRitual","Shade:Doomsay"],"picked":"Shade:OpenGraves","floor":7.0},{"not_picked":["Shade:GraveStillness","Shade:TouchOfTheGrave"],"picked":"Shade:Coordination","floor":8.0},{"not_picked":["Shade:GraveStillness","Shade:StitchTogether","Shade:Haruspicy"],"picked":"Singing Bowl","floor":11.0},{"not_picked":["Shade:Haruspicy","Shade:FuneraryArmor","Shade:SanguineRitual"],"picked":"Singing Bowl","floor":13.0},{"not_picked":["Shade:OneIsEnough","Shade:SelfBurial"],"picked":"Shade:LoseControl","floor":16.0},{"not_picked":["Shade:FreshBones","Shade:GreyBargain"],"picked":"Shade:OpenGraves","floor":18.0},{"not_picked":["Shade:Trample+1","Shade:Excise+1","Shade:ExtraLimbs+1"],"picked":"Singing Bowl","floor":21.0},{"not_picked":["Shade:Haruspicy","Shade:StitchTogether","Shade:Frenzy+1"],"picked":"Singing Bowl","floor":22.0},{"not_picked":["Shade:FuneraryArmor","Shade:Premonition"],"picked":"Shade:FleshToFlesh","floor":24.0},{"not_picked":["Shade:FuneraryArmor+1","Shade:CoffinDance"],"picked":"Shade:FleshToFlesh+1","floor":27},{"not_picked":["Shade:Bonestorm+1","Shade:Premonition","Shade:SensePrey+1"],"picked":"Singing Bowl","floor":30},{"not_picked":["Shade:PotionOfRestlessness","Shade:GreyBargain+1","Shade:SensePrey"],"picked":"Singing Bowl","floor":31},{"not_picked":["Shade:DarkOfNight","Shade:UnbarTheGrave","Shade:OminousRitual"],"picked":"Singing Bowl","floor":33},{"not_picked":["Shade:FeralStrike"],"picked":"Singing Bowl","floor":35},{"not_picked":["Shade:SoulToxin+1"],"picked":"Singing Bowl","floor":36},{"not_picked":["Shade:Trample"],"picked":"Singing Bowl","floor":38},{"not_picked":["Shade:FuneraryArmor"],"picked":"Singing Bowl","floor":39},{"not_picked":["Shade:GraveStillness"],"picked":"Singing Bowl","floor":40},{"not_picked":[],"picked":"Shade:Carnophage+1","floor":46},{"not_picked":["Shade:SpontaneousRitual"],"picked":"Singing Bowl","floor":47},{"not_picked":["Shade:Haruspicy+1"],"picked":"Singing Bowl","floor":48},{"not_picked":["Shade:FingerOfDeath"],"picked":"Singing Bowl","floor":54}],"player_experience":855336,"relics_obtained":[{"floor":7.0,"key":"Singing Bowl"},{"floor":13.0,"key":"StuffTheSpire:EmeraldSignet"},{"floor":20.0,"key":"ReplayTheSpireMod:Lightbulb"},{"floor":26.0,"key":"Dota2Spire:Mjollnir"},{"floor":27,"key":"wanderingMiniBosses:CarrionFlame"},{"floor":31,"key":"TungstenRod"},{"floor":40,"key":"CCEMRelics:DissonantTune"},{"floor":43,"key":"StuffTheSpire:GrapeVine"},{"floor":44,"key":"conspire:Dentures"},{"floor":46,"key":"Du-Vu Doll"},{"floor":48,"key":"hubris:GlazedTorus"},{"floor":54,"key":"ReplayTheSpireMod:Ninjato"}],"event_choices":[{"damage_healed":23.0,"max_hp_gain":0.0,"max_hp_loss":0.0,"gold_gain":0.0,"event_name":"Big Fish","player_choice":"Banana","floor":10.0,"gold_loss":0.0,"damage_taken":0.0}],"is_beta":false,"boss_relics":[{"not_picked":["Bromod:ArcaneBarrier","aspiration:SecretTechniqueScroll"],"picked":"Philosopher\u0027s Stone"},{"not_picked":["energizedSpire:StickyHand","vexMod:RockOfEvil"],"picked":"Busted Crown"}],"items_purged_floors":[0,0,0,0,53],"is_endless":false,"potions_floor_spawned":[7,8,16,18,27,30,33,35,39,40,54],"ascension_level":4}}