{"host":"iy58fyt9wsbv4cf1","time":1608010810,"event":{"mods":["BaseMod","Better Altar","Better Match","Better Skull","Better Third Choice","BetterRewards","Conspire","Custom Start","Defuse TimeMaze Blight","Hubris","Minty Spire (QoL Compilation)","Permanent Neow","Quick Restart","Spicy Shops","StSLib"],"gold_per_floor":[119,129,158,174,26,26,40,40,40,57,90,17,17,30,30,128,128,144,144,161,161,180,180,208,208,208,208,227,258,97,112,112,209,209,226,136,61,71,82,82,114,126,175,51,51,63,63,98,98,98,98,98,21,49,49],"floor_reached":56,"playtime":1418,"items_purged":["Defend_G","Defend_G","Decay","Strike_G"],"score":1777,"play_id":"877aa91e-94b3-4a2d-8b29-1363b5974683","local_time":"20201215004010","is_ascension_mode":false,"campfire_choices":[{"data":"Neutralize","floor":6.0,"key":"SMITH"},{"data":"Accuracy","floor":8.0,"key":"SMITH"},{"floor":13,"key":"REST"},{"data":"Accuracy","floor":15,"key":"SMITH"},{"floor":23,"key":"RECALL"},{"data":"Finisher","floor":25,"key":"SMITH"},{"floor":27,"key":"REST"},{"floor":32,"key":"DIG"},{"floor":40,"key":"DIG"},{"floor":49,"key":"DIG"},{"floor":52,"key":"DIG"}],"circlet_count":0,"master_deck":["Strike_G","Strike_G+1","Strike_G","Defend_G","Defend_G","Defend_G","Survivor","Neutralize+1","Backflip+1","Blade Dance+1","Backflip+1","Blade Dance+1","Accuracy+1","Bullet Time+1","Accuracy+1","Corpse Explosion+1","Terror+1","Cloak And Dagger+1","Finisher+1","Cloak And Dagger+1","Phantasmal Killer+1","Cloak And Dagger+1"],"relics":["Ring of the Snake","Toxic Egg 2","Membership Card","Paper Crane","Matryoshka","Kunai","TheAbacus","Potion Belt","hubris:MysteriousPyramids","Ornamental Fan","Bag of Preparation","hubris:Backtick","InkBottle","Bloody Idol","Orichalcum","MealTicket","Red Mask","Shovel","Bird Faced Urn","Vajra","Busted Crown","Pen Nib","conspire:BottledYoYo","Shuriken","hubris:Towel","Strawberry","Anchor","Pear","Happy Flower"],"acts_visited":["Exordium","TheCity","TheBeyond","TheEnding"],"potions_floor_usage":[55,55],"damage_taken":[{"damage":0.0,"enemies":"Jaw Worm","floor":1.0,"turns":2.0},{"damage":0.0,"enemies":"Small Slimes","floor":2.0,"turns":2.0},{"damage":0.0,"enemies":"conspire:MimicChest","floor":3.0,"turns":7.0},{"damage":0.0,"enemies":"Cultist","floor":4.0,"turns":2.0},{"damage":0.0,"enemies":"Looter","floor":7.0,"turns":2.0},{"damage":0,"enemies":"Exordium Wildlife","floor":10,"turns":1},{"damage":12,"enemies":"Lagavulin","floor":11,"turns":4},{"damage":0,"enemies":"3 Louse","floor":14,"turns":1},{"damage":0,"enemies":"Slime Boss","floor":16,"turns":6},{"damage":0,"enemies":"Shell Parasite","floor":18,"turns":3},{"damage":0,"enemies":"Spheric Guardian","floor":20,"turns":1},{"damage":4,"enemies":"Snecko","floor":22,"turns":3},{"damage":0,"enemies":"Slavers","floor":24,"turns":1},{"damage":0,"enemies":"Sentry and Sphere","floor":28,"turns":1},{"damage":0,"enemies":"Masked Bandits","floor":29,"turns":4},{"damage":0,"enemies":"Centurion and Healer","floor":31,"turns":4},{"damage":7,"enemies":"hubris:MusketHawk","floor":33,"turns":3},{"damage":0,"enemies":"3 Darklings","floor":35,"turns":3},{"damage":0,"enemies":"3 Shapes","floor":38,"turns":1},{"damage":6,"enemies":"Transient","floor":39,"turns":5},{"damage":0,"enemies":"Giant Head","floor":41,"turns":2},{"damage":0,"enemies":"Spire Growth","floor":42,"turns":2},{"damage":0,"enemies":"Sphere and 2 Shapes","floor":46,"turns":2},{"damage":0,"enemies":"Nemesis","floor":48,"turns":1},{"damage":36,"enemies":"Awakened One","floor":50,"turns":4},{"damage":0,"enemies":"Shield and Spear","floor":54,"turns":2},{"damage":34,"enemies":"The Heart","floor":55,"turns":4}],"seed_played":"-6226580501778287516","potions_obtained":[{"floor":1.0,"key":"Swift Potion"},{"floor":4.0,"key":"PowerPotion"},{"floor":7.0,"key":"ColorlessPotion"},{"floor":14,"key":"FairyPotion"},{"floor":16,"key":"SneckoOil"},{"floor":20,"key":"conspire:TimeTravelPotion"},{"floor":28,"key":"Swift Potion"},{"floor":29,"key":"FairyPotion"}],"is_trial":false,"path_per_floor":["M","M","?","M","$","R","M","R","T","M","E","$","R","M","R","B",null,"M","?","M","?","M","R","E","R","T","R","M","?","$","M","R","B",null,"M","?","$","M","M","R","E","M","T","$","$","M","?","E","R","B",null,"R","$","E","B",null],"character_chosen":"THE_SILENT","items_purchased":["Toxic Egg 2","Backflip+1","Membership Card","Blade Dance+1","Paper Crane","Matryoshka","Backflip+1","Kunai","Blade Dance+1","Accuracy","Bullet Time+1","TheAbacus","Bag of Preparation","Shovel","Cloak And Dagger+1","Bird Faced Urn","Shuriken","Cloak And Dagger+1"],"campfire_rested":2,"item_purchase_floors":[0,0,0,0,0,0,0,0,0,5,5,5,12,30,30,30,44,53],"current_hp_per_floor":[31,31,31,31,31,31,31,31,31,31,19,19,40,40,40,40,70,70,70,70,35,36,36,41,41,41,62,67,70,70,70,70,70,70,70,70,70,70,69,69,70,70,70,70,70,70,70,77,77,41,77,87,87,87,55],"gold":49,"neow_bonus":"","is_daily":false,"chose_seed":false,"campfire_upgraded":4,"win_rate":0.0,"timestamp":1608010810,"path_taken":["M","M","?","M","$","R","M","R","T","?","E","$","R","M","R","BOSS","M","?","M","?","M","R","E","R","T","R","M","?","?","M","R","BOSS","M","?","$","M","M","R","E","?","T","?","$","M","?","E","R","BOSS","R","$","E","BOSS"],"items_purchased_type":["Relic","Card","Relic","Card","Relic","Relic","Card","Relic","Card","Card","Card","Relic","Relic","Relic","Card","Relic","Relic","Card"],"build_version":"2020-12-13","purchased_purges":4,"victory":true,"max_hp_per_floor":[70,70,70,70,70,70,70,70,70,70,70,70,70,70,70,70,70,70,70,70,70,70,70,70,70,70,70,70,70,70,70,70,70,70,70,70,70,70,70,70,70,70,70,70,70,70,70,77,77,77,77,87,87,87,87],"card_choices":[{"not_picked":["Acrobatics+1","Distraction+1","Flying Knee"],"picked":"SKIP","floor":1.0},{"not_picked":["Bane","Prepared+1","Dagger Spray"],"picked":"SKIP","floor":2.0},{"not_picked":["Masterful Stab","Sucker Punch","Skewer"],"picked":"SKIP","floor":4.0},{"not_picked":["Unload","Heel Hook","Bouncing Flask+1"],"picked":"SKIP","floor":7.0},{"not_picked":["PiercingWail+1","hubris:Counter","Concentrate+1"],"picked":"SKIP","floor":10},{"not_picked":["Quick Slash","hubris:SlightOfHand+1","Underhanded Strike"],"picked":"SKIP","floor":11},{"not_picked":["Dagger Throw","Well Laid Plans"],"picked":"Accuracy","floor":14},{"not_picked":["Bullet Time+1","Envenom"],"picked":"Corpse Explosion+1","floor":16},{"not_picked":["Acrobatics+1","hubris:SlightOfHand+1","PiercingWail+1"],"picked":"SKIP","floor":18},{"not_picked":["Dagger Spray","Accuracy"],"picked":"Terror+1","floor":20},{"not_picked":["Accuracy","Dodge and Roll+1"],"picked":"Cloak And Dagger+1","floor":22},{"not_picked":["Dagger Spray+1","Dash+1"],"picked":"Finisher","floor":24},{"not_picked":["Deadly Poison+1","Noxious Fumes+1","Dagger Throw"],"picked":"SKIP","floor":28},{"not_picked":["Dagger Throw","Flying Knee+1","Tools of the Trade"],"picked":"SKIP","floor":31},{"not_picked":["Venomology+1","Wraith Form v2"],"picked":"Phantasmal Killer+1","floor":33},{"not_picked":["Dodge and Roll+1"],"picked":"SKIP","floor":35},{"not_picked":["Cloak And Dagger+1"],"picked":"SKIP","floor":38},{"not_picked":["Backflip+1"],"picked":"SKIP","floor":39},{"not_picked":["Dagger Throw"],"picked":"SKIP","floor":41},{"not_picked":["Grand Finale"],"picked":"SKIP","floor":42},{"not_picked":["Flechettes"],"picked":"SKIP","floor":46},{"not_picked":["Endless Agony+1"],"picked":"SKIP","floor":48},{"not_picked":["Bane"],"picked":"SKIP","floor":54}],"player_experience":75462,"relics_obtained":[{"floor":9.0,"key":"Potion Belt"},{"floor":9.0,"key":"hubris:MysteriousPyramids"},{"floor":11,"key":"Ornamental Fan"},{"floor":24,"key":"Orichalcum"},{"floor":26,"key":"MealTicket"},{"floor":29,"key":"Red Mask"},{"floor":32,"key":"Vajra"},{"floor":40,"key":"Pen Nib"},{"floor":41,"key":"conspire:BottledYoYo"},{"floor":48,"key":"Strawberry"},{"floor":49,"key":"Anchor"},{"floor":52,"key":"Pear"},{"floor":54,"key":"Happy Flower"}],"event_choices":[{"damage_healed":0,"gold_gain":0,"player_choice":"Ignored","damage_taken":0,"max_hp_gain":0,"max_hp_loss":0,"event_name":"Ghosts","floor":19,"gold_loss":0},{"damage_healed":0,"gold_gain":0,"player_choice":" Idol ","damage_taken":35,"relics_obtained":["Bloody Idol"],"max_hp_gain":70,"max_hp_loss":35,"event_name":"betterAltar:BetterAltar","floor":21,"potions_obtained":[],"relics_lost":[],"gold_loss":0},{"damage_healed":0,"gold_gain":0,"player_choice":"Fought Bandits","damage_taken":0,"max_hp_gain":0,"max_hp_loss":0,"event_name":"Masked Bandits","floor":29,"gold_loss":0},{"cards_removed":["Strike_G"],"damage_healed":0,"gold_gain":0,"player_choice":"Upgrade and Remove","damage_taken":0,"max_hp_gain":0,"max_hp_loss":0,"event_name":"Designer","floor":36,"gold_loss":90,"cards_upgraded":["Strike_G"]}],"is_beta":false,"boss_relics":[{"not_picked":["Ectoplasm","hubris:Stopwatch"],"picked":"hubris:Backtick"},{"not_picked":["conspire:SpecialSausage","Pandora\u0027s Box"],"picked":"Busted Crown"}],"items_purged_floors":[0,0,30,37],"is_endless":false,"potions_floor_spawned":[1,4,7,14,16,20,22,28,29,31,41,46,48,54],"ascension_level":0}}