{"host":"u4wwrwxco60h43l5","time":1608029129,"event":{"mods":["Always Whale","BaseMod","CapriCore","Koishi","Minty Spire (QoL Compilation)","Permanent Neow","StSLib","The Immortal","¡¼?Úª?ø«¡½REMEMod"],"gold_per_floor":[111,121,138,138,155,155,182,182,251,9,9,20,39,52,52,157,157,173,192,34,54,153,153,173,98,122,136,147,147,1,1,1,1,1],"floor_reached":33,"playtime":1122,"items_purged":["Strike_P"],"score":251,"play_id":"cbf2e838-11ed-42ef-a262-ab6dbd3196a6","local_time":"20201215194529","is_ascension_mode":false,"campfire_choices":[{"data":"Judgement","floor":6,"key":"SMITH"},{"floor":8,"key":"REST"},{"floor":11,"key":"REST"},{"data":"Pray","floor":15,"key":"SMITH"},{"floor":23,"key":"REST"},{"floor":29,"key":"REST"},{"floor":32,"key":"REST"}],"circlet_count":0,"master_deck":["Strike_P","Strike_P","Defend_P","Defend_P","Defend_P","Defend_P","Eruption","Vigilance","Judgement+1","Wireheading","ThirdEye","Swivel","Panache","ThirdEye","CutThroughFate","Pray+1","Consecrate","Alpha","CurseOfTheBell","PathToVictory+1","PathToVictory+1","Purity+1","PathToVictory+1","Pray+1","ClearTheMind+1","CutThroughFate+1","Writhe"],"relics":["REME_ComplimentaryCards","Sozu","Gambling Chip","Anchor","Pear","Calling Bell","Lantern","Toxic Egg 2","Calipers","Damaru","Medical Kit","Pocketwatch"],"acts_visited":["Exordium","TheCity"],"potions_floor_usage":[],"damage_taken":[{"damage":0,"enemies":"Jaw Worm","floor":1,"turns":2},{"damage":0,"enemies":"2 Louse","floor":2,"turns":2},{"damage":0,"enemies":"Small Slimes","floor":3,"turns":4},{"damage":9,"enemies":"Exordium Wildlife","floor":5,"turns":5},{"damage":23,"enemies":"Lagavulin","floor":7,"turns":3},{"damage":0,"enemies":"3 Louse","floor":12,"turns":3},{"damage":0,"enemies":"Lots of Slimes","floor":13,"turns":4},{"damage":0,"enemies":"2 Fungi Beasts","floor":14,"turns":3},{"damage":20,"enemies":"Slime Boss","floor":16,"turns":8},{"damage":14,"enemies":"Chosen","floor":18,"turns":5},{"damage":22,"enemies":"Shell Parasite","floor":19,"turns":5},{"damage":5,"enemies":"Snake Plant","floor":21,"turns":3},{"damage":17,"enemies":"Snecko","floor":24,"turns":5},{"damage":12,"enemies":"Sentry and Sphere","floor":27,"turns":4},{"damage":15,"enemies":"Cultist and Chosen","floor":28,"turns":4},{"damage":69,"enemies":"Automaton","floor":33,"turns":6}],"seed_played":"-1495394495122767041","potions_obtained":[],"is_trial":false,"path_per_floor":["M","M","M","?","M","R","E","R","T","$","R","M","M","M","R","B",null,"M","M","$","M","?","R","M","?","T","M","M","R","$","?","R","B"],"character_chosen":"WATCHER","items_purchased":["Panache","ThirdEye","Purity+1","Medical Kit"],"campfire_rested":5,"item_purchase_floors":[10,10,20,30],"current_hp_per_floor":[72,72,72,54,45,45,22,43,53,53,77,77,77,77,77,57,82,68,46,46,41,41,65,48,48,48,36,21,45,45,45,69,0,0],"gold":1,"neow_bonus":"BOSS_RELIC","is_daily":false,"chose_seed":false,"campfire_upgraded":2,"win_rate":0.0,"timestamp":1608029129,"path_taken":["M","M","M","?","M","R","E","R","T","$","R","M","M","M","R","BOSS","M","M","$","M","?","R","M","?","T","M","M","R","$","?","R","BOSS"],"items_purchased_type":["Card","Card","Card","Relic"],"build_version":"2020-12-13","purchased_purges":1,"victory":false,"max_hp_per_floor":[72,72,72,72,72,72,72,72,82,82,82,82,82,82,82,82,82,82,82,82,82,82,82,82,82,82,82,82,82,82,82,82,82,82],"card_choices":[{"not_picked":["EmptyBody","Vengeance"],"picked":"Wireheading","floor":1},{"not_picked":["FlurryOfBlows","MentalFortress"],"picked":"ThirdEye","floor":2},{"not_picked":["MasterReality","Crescendo"],"picked":"Swivel","floor":3},{"not_picked":["ReachHeaven","FlyingSleeves","Indignation"],"picked":"SKIP","floor":5},{"not_picked":["Study","WindmillStrike","InnerPeace"],"picked":"SKIP","floor":7},{"not_picked":["EmptyFist","CrushJoints"],"picked":"CutThroughFate","floor":12},{"not_picked":["EmptyMind","CutThroughFate"],"picked":"Pray","floor":13},{"not_picked":["FlyingSleeves","Perseverance"],"picked":"Consecrate","floor":14},{"not_picked":["Brilliance","LessonLearned"],"picked":"Alpha","floor":16},{"not_picked":["Crescendo+1","CarveReality"],"picked":"PathToVictory+1","floor":18},{"not_picked":["CrushJoints","Protect+1"],"picked":"PathToVictory+1","floor":19},{"not_picked":["Prostrate+1","Adaptation"],"picked":"PathToVictory+1","floor":21},{"not_picked":["Adaptation","BowlingBash"],"picked":"Pray+1","floor":24},{"not_picked":["ReachHeaven","EmptyFist"],"picked":"ClearTheMind+1","floor":27},{"not_picked":["Consecrate","Wallop+1"],"picked":"CutThroughFate+1","floor":28}],"player_experience":113557,"relics_obtained":[{"floor":7,"key":"Anchor"},{"floor":9,"key":"Pear"},{"floor":17,"key":"Lantern"},{"floor":17,"key":"Toxic Egg 2"},{"floor":17,"key":"Calipers"},{"floor":26,"key":"Damaru"}],"event_choices":[{"damage_healed":0,"gold_gain":0,"player_choice":"Success","damage_taken":18,"relics_obtained":["Gambling Chip"],"max_hp_gain":0,"max_hp_loss":0,"event_name":"Scrap Ooze","floor":4,"gold_loss":0},{"damage_healed":0,"gold_gain":99,"player_choice":"Stole From Cult","damage_taken":0,"max_hp_gain":0,"max_hp_loss":0,"event_name":"Nest","floor":22,"gold_loss":0},{"cards_removed":["Strike_P"],"damage_healed":0,"gold_gain":0,"player_choice":"Gave Gold","damage_taken":0,"max_hp_gain":0,"max_hp_loss":0,"event_name":"Beggar","floor":25,"gold_loss":75},{"damage_healed":0,"gold_gain":0,"player_choice":"Opened","damage_taken":0,"relics_obtained":["Pocketwatch"],"max_hp_gain":0,"max_hp_loss":0,"event_name":"The Mausoleum","floor":31,"gold_loss":0,"cards_obtained":["Writhe"]}],"is_beta":false,"boss_relics":[{"not_picked":["Philosopher\u0027s Stone","Busted Crown"],"picked":"Calling Bell"}],"items_purged_floors":[20],"is_endless":false,"potions_floor_spawned":[1,7,12,13,14,18,19,27],"killed_by":"Automaton","ascension_level":0}}