{"host":"mn5ze3eyhx81nlo2","time":1608024563,"event":{"mods":["BaseMod","Block Reminder","Challenge The Spire","Downfall","Hermit","Hubris","Infinite Spire","Minty Spire (QoL Compilation)","Quick Restart","Replay The Spire","Shade Mod","StSLib","The Cursed","The Druid","The Hierophant","The Runesmith","Unceasing Turn Reminder"],"gold_per_floor":[99,11,27,61,61,80,80,80,105,105,105,125,138,138,149,149,149],"floor_reached":16,"playtime":1029,"items_purged":[],"score":110,"play_id":"f09211db-8c57-4724-a4dd-ed8cca8e71ef","local_time":"20201215092923","is_ascension_mode":false,"campfire_choices":[{"data":"champ:Taunt","floor":1,"key":"SMITH"},{"data":"champ:Devastate","floor":5,"key":"SMITH"},{"floor":10,"key":"REST"}],"circlet_count":0,"master_deck":["champ:Strike","champ:Strike","champ:Strike","champ:Strike","champ:Defend","champ:Defend","champ:Defend","champ:Defend","champ:Execute","champ:Taunt+1","champ:Devastate+1","champ:CalledShot","champ:FightOn","champ:Aggression","Regret"],"relics":["champ:ChampionCrown","InkBottle","Replay:WaspNest","champ:DefensiveTrainingManual","Singing Bowl"],"acts_visited":["Exordium"],"potions_floor_usage":[4,9,16,16],"damage_taken":[{"damage":15,"enemies":"downfall:FleeingMerchant","floor":2,"turns":4},{"damage":7,"enemies":"Small Slimes","floor":3,"turns":3},{"damage":25,"enemies":"Replay:BlueRogue","floor":4,"turns":6},{"damage":6,"enemies":"Cultist","floor":6,"turns":4},{"damage":51,"enemies":"3 Sentries","floor":9,"turns":6},{"damage":16,"enemies":"Jaw Worm","floor":12,"turns":3},{"damage":21,"enemies":"Blue Slaver","floor":13,"turns":4},{"damage":8,"enemies":"Large Slime","floor":15,"turns":5},{"damage":45,"enemies":"downfall:Silent","floor":16,"turns":6}],"seed_played":"-9124392380313008859","potions_obtained":[{"floor":3,"key":"Weak Potion"},{"floor":6,"key":"AttackPotion"},{"floor":9,"key":"ColorlessPotion"},{"floor":13,"key":"BlessingOfTheForge"}],"is_trial":false,"path_per_floor":["R","$","M","E","R","M","T","?","E","R","?","M","M","?","M","B"],"character_chosen":"THE_CHAMP","items_purchased":["champ:FightOn"],"campfire_rested":1,"item_purchase_floors":[2],"current_hp_per_floor":[90,85,78,66,66,60,60,60,21,48,33,26,12,40,37,0,0],"gold":149,"neow_bonus":"ONE_RANDOM_RARE_CARD","is_daily":false,"chose_seed":false,"campfire_upgraded":2,"win_rate":0.0,"timestamp":1608024563,"path_taken":["R","$","M","E","R","M","T","?","E","R","?","?","M","?","M","BOSS"],"items_purchased_type":["Card"],"build_version":"2020-12-13","purchased_purges":0,"victory":false,"max_hp_per_floor":[90,90,90,90,90,90,90,90,92,92,92,94,96,96,98,98,98],"card_choices":[{"not_picked":["champ:Duel","champ:GutPunch"],"picked":"champ:CalledShot","floor":2},{"not_picked":["champ:EnGarde","champ:Circumvent"],"picked":"champ:Aggression","floor":3},{"not_picked":["champ:BringItOn","champ:RapidStrikes","champ:Backstep"],"picked":"SKIP","floor":4},{"not_picked":["champ:FaceSlap","champ:Duel","champ:Balance"],"picked":"SKIP","floor":6},{"not_picked":["champ:Circumvent","champ:Balance","champ:PerfectedStrike"],"picked":"Singing Bowl","floor":9},{"not_picked":["champ:FalseCounter","champ:BladeFlurry","champ:Haymaker"],"picked":"Singing Bowl","floor":12},{"not_picked":["champ:ShieldSlam","champ:BringItOn","champ:SkillfulDodge"],"picked":"Singing Bowl","floor":13},{"not_picked":["champ:FlashCut","champ:GladiatorsShout","champ:CalledShot"],"picked":"Singing Bowl","floor":15}],"player_experience":877085,"relics_obtained":[{"floor":4,"key":"InkBottle"},{"floor":7,"key":"Replay:WaspNest"},{"floor":9,"key":"Singing Bowl"}],"event_choices":[{"damage_healed":0,"gold_gain":0,"player_choice":"Box","damage_taken":0,"relics_obtained":["champ:DefensiveTrainingManual"],"max_hp_gain":0,"max_hp_loss":0,"event_name":"Big Fish","floor":8,"gold_loss":0,"cards_obtained":["Regret"]}],"is_beta":false,"boss_relics":[],"items_purged_floors":[],"is_endless":false,"potions_floor_spawned":[3,6,9,13],"killed_by":"downfall:Silent","ascension_level":0}}