{"host":"bi6hp2lw0u7dctop","time":1608020022,"event":{"mods":["BaseMod","GifTheSpireLib","Minty Spire (QoL Compilation)","Relic Stats","Replay The Spire","Spicy Shops","StSLib","°æπ¶ƒ‹Mod°øªÏ„Á÷Æª∑–ﬁ∏¥≤π∂°","°æ“≈ŒÔø®≈∆°øREMEMod"],"gold_per_floor":[217,234,234,234,247,273,273,292,292,302,320,335,14,27,27,130,130,148,73,91,109,109,109,119,129,129,129,141,141,41,41,41,145,195,211,57,57,72,82,82,82],"floor_reached":40,"playtime":6178,"items_purged":["Shame","Doubt"],"score":394,"play_id":"cd7ceb74-d278-4076-ae1b-e365579739dd","local_time":"20201215161342","is_ascension_mode":false,"campfire_choices":[{"data":"REME_BattleFury","floor":7,"key":"SMITH"},{"floor":15,"key":"REST"},{"floor":23,"key":"REST"},{"floor":27,"key":"REST"},{"floor":29,"key":"REST"},{"floor":32,"key":"REST"}],"circlet_count":0,"master_deck":["Strike_R+1","Strike_R","Strike_R+1","Strike_R","Defend_R+1","Defend_R","Defend_R+1","Defend_R","Bash","Twin Strike","REME_BattleFury+1","REME_Cut","Iron Wave","Dropkick+1","Perfected Strike","Dual Wield+1","Flex","Rage+1","Cleave","Flex","REME_ACTH+1","Injury","Pommel Strike+1","Flame Barrier+1","Demon Form","Dark Embrace","Flex","Forethought","Shockwave","Limit Break","Feel No Pain"],"relics":["Burning Blood","REME_ComplimentaryCards","Replay:Mystery Machine","MealTicket","Gremlin Food","Incense Burner","Replay:Ancient Bell","Red Skull","Sundial","REME_IWantAll","Darkstone Periapt","Question Card","Tiny House","Strange Spoon"],"acts_visited":["Exordium","TheCity","TheBeyond"],"potions_floor_usage":[6,10,16,16,20,20,24,33,38],"damage_taken":[{"damage":0,"enemies":"Small Slimes","floor":1,"turns":3},{"damage":6,"enemies":"Jaw Worm","floor":2,"turns":3},{"damage":1,"enemies":"Cultist","floor":5,"turns":3},{"damage":33,"enemies":"3 Sentries","floor":6,"turns":9},{"damage":6,"enemies":"Red Slaver","floor":8,"turns":3},{"damage":10,"enemies":"Exordium Thugs","floor":10,"turns":3},{"damage":10,"enemies":"Looter","floor":11,"turns":3},{"damage":10,"enemies":"3 Louse","floor":12,"turns":2},{"damage":7,"enemies":"Red Slaver","floor":14,"turns":3},{"damage":41,"enemies":"The Guardian","floor":16,"turns":8},{"damage":20,"enemies":"Spheric Guardian","floor":18,"turns":4},{"damage":25,"enemies":"3 Byrds","floor":20,"turns":6},{"damage":26,"enemies":"Centurion and Healer","floor":21,"turns":6},{"damage":39,"enemies":"Cultist and Chosen","floor":24,"turns":6},{"damage":10,"enemies":"Snecko","floor":25,"turns":3},{"damage":28,"enemies":"Centurion and Healer","floor":28,"turns":3},{"damage":63,"enemies":"Collector","floor":33,"turns":14},{"damage":0,"enemies":"3 Shapes","floor":35,"turns":5},{"damage":0,"enemies":"Orb Walker","floor":38,"turns":2},{"damage":71,"enemies":"Sphere and 2 Shapes","floor":39,"turns":5},{"damage":5,"enemies":"Giant Head","floor":40,"turns":4}],"seed_played":"-4293754216214819663","potions_obtained":[{"floor":2,"key":"DuplicationPotion"},{"floor":8,"key":"SkillPotion"},{"floor":11,"key":"Energy Potion"},{"floor":12,"key":"Strength Potion"},{"floor":16,"key":"Block Potion"},{"floor":18,"key":"SpeedPotion"},{"floor":21,"key":"SkillPotion"},{"floor":28,"key":"Energy Potion"},{"floor":34,"key":"Adrenaline Potion"},{"floor":35,"key":"Elixir"}],"is_trial":false,"path_per_floor":["M","M","?","?","M","E","R","M","T","M","M","M","$","M","R","B",null,"M","$","M","M","?","R","M","M","T","R","M","R","$","T","R","B",null,"M","$","?","M","M","E"],"character_chosen":"IRONCLAD","items_purchased":["Cleave","Gremlin Food","Incense Burner","Strange Spoon"],"campfire_rested":5,"item_purchase_floors":[13,13,13,36],"current_hp_per_floor":[80,80,80,80,80,53,53,53,53,49,45,41,56,55,79,44,80,66,80,61,41,41,65,32,28,28,52,30,54,69,69,80,23,85,85,85,85,85,20,15,15],"gold":82,"neow_bonus":"HUNDRED_GOLD","is_daily":false,"chose_seed":false,"campfire_upgraded":1,"win_rate":0.0,"timestamp":1608020022,"path_taken":["M","M","?","?","M","E","R","M","T","M","?","M","?","M","R","BOSS","M","$","M","M","?","R","M","M","T","R","M","R","$","?","R","BOSS","M","$","?","M","?","E"],"items_purchased_type":["Card","Relic","Relic","Relic"],"build_version":"2020-12-13","purchased_purges":2,"victory":false,"max_hp_per_floor":[80,80,80,80,80,80,80,80,80,80,80,80,80,80,80,80,80,80,80,80,80,80,80,80,80,80,80,80,80,80,80,80,80,85,85,85,85,85,85,85,85],"relic_stats":{"Darkstone Periapt":0,"Strange Spoon":[6],"counters":[21,98],"Sundial":[4],"MealTicket":44,"Question Card":5,"obtain_stats":[{"Gremlin Food":13,"Darkstone Periapt":26,"Tiny House":34,"Incense Burner":13,"Replay:Ancient Bell":17,"Replay:Mystery Machine":6,"REME_IWantAll":17,"Question Card":31,"Burning Blood":0,"Strange Spoon":36,"Sundial":17,"MealTicket":9,"Red Skull":17,"REME_ComplimentaryCards":0},{"Gremlin Food":8,"Darkstone Periapt":15,"Tiny House":17,"Incense Burner":8,"Replay:Ancient Bell":10,"Replay:Mystery Machine":4,"REME_IWantAll":10,"Question Card":16,"Burning Blood":0,"Strange Spoon":18,"Sundial":10,"MealTicket":5,"Red Skull":10,"REME_ComplimentaryCards":0},{"Gremlin Food":29,"Darkstone Periapt":65,"Tiny House":82,"Incense Burner":29,"Replay:Ancient Bell":40,"Replay:Mystery Machine":18,"REME_IWantAll":40,"Question Card":68,"Burning Blood":0,"Strange Spoon":87,"Sundial":40,"MealTicket":21,"Red Skull":40,"REME_ComplimentaryCards":0}],"Burning Blood":97},"card_choices":[{"not_picked":["Body Slam","Armaments"],"picked":"Twin Strike","floor":1},{"not_picked":["True Grit","Dual Wield"],"picked":"REME_Cut","floor":2},{"not_picked":["Replay:Undeath\u0027s Touch","Flex"],"picked":"Dropkick","floor":5},{"not_picked":["Twin Strike","Shrug It Off"],"picked":"Perfected Strike","floor":6},{"not_picked":["Sword Boomerang","REME_Fury","Clash"],"picked":"SKIP","floor":8},{"not_picked":["Uppercut","Life Link"],"picked":"Dual Wield","floor":10},{"not_picked":["Clothesline","True Grit"],"picked":"Flex","floor":11},{"not_picked":["Clash","Shrug It Off"],"picked":"Rage","floor":12},{"not_picked":["Warcry","Body Slam"],"picked":"Flex","floor":14},{"not_picked":["Berserk","Barricade"],"picked":"REME_ACTH","floor":16},{"not_picked":["ReplayTheSpireMod:Faulty Equipment","Overencumbered"],"picked":"Injury","floor":17},{"not_picked":["Amnesia","AbeCurse"],"picked":"Shame","floor":17},{"not_picked":["Shame","ReplayTheSpireMod:Restless Dread"],"picked":"Doubt","floor":17},{"not_picked":["Perfected Strike","Cleave","Combust"],"picked":"SKIP","floor":18},{"not_picked":["REME_SingleHolding","Sword Boomerang","Shrug It Off"],"picked":"SKIP","floor":20},{"not_picked":["Perfected Strike","Replay:Undeath\u0027s Touch","Juggernaut"],"picked":"SKIP","floor":21},{"not_picked":["ReplayTheSpireMod:Muscle Training+1","Replay:Undeath\u0027s Touch","Rupture+1"],"picked":"SKIP","floor":24},{"not_picked":["Perfected Strike","Heavy Blade"],"picked":"Pommel Strike+1","floor":25},{"not_picked":["ReplayTheSpireMod:Stacked","Shrug It Off"],"picked":"Flame Barrier+1","floor":28},{"not_picked":["Barricade","REME_Fury","Replay:Many Hands"],"picked":"Demon Form","floor":33},{"not_picked":["Iron Wave","Twin Strike+1","Heavy Blade+1"],"picked":"Dark Embrace","floor":34},{"not_picked":["Headbutt","Entrench","ReplayTheSpireMod:Corrosion Curse"],"picked":"Flex","floor":35},{"not_picked":["Anger","Clash+1","Flex+1"],"picked":"Limit Break","floor":38},{"not_picked":["Armaments+1","Clash","Entrench+1"],"picked":"Feel No Pain","floor":39}],"player_experience":159393,"relics_obtained":[{"floor":6,"key":"Replay:Mystery Machine"},{"floor":9,"key":"MealTicket"},{"floor":26,"key":"Darkstone Periapt"},{"floor":31,"key":"Question Card"}],"event_choices":[{"cards_removed":["Strike_R"],"damage_healed":0,"gold_gain":0,"player_choice":"Took Card","damage_taken":0,"max_hp_gain":0,"max_hp_loss":0,"event_name":"NoteForYourself","floor":4,"gold_loss":0,"cards_obtained":["Iron Wave"]},{"damage_healed":0,"gold_gain":0,"player_choice":"Forge","damage_taken":0,"max_hp_gain":0,"max_hp_loss":0,"event_name":"Accursed Blacksmith","floor":22,"gold_loss":0,"cards_upgraded":["REME_ACTH"]},{"damage_healed":0,"gold_gain":0,"player_choice":"2 cards matched","damage_taken":0,"max_hp_gain":0,"max_hp_loss":0,"event_name":"Match and Keep!","floor":37,"gold_loss":0,"cards_obtained":["Forethought","Shockwave"]}],"is_beta":false,"boss_relics":[{"not_picked":["Runic Dome","Kintsugi"],"picked":"Replay:Ancient Bell"},{"not_picked":["Tiny Chest","ReplayTheSpireMod:Spearhead"],"picked":"Red Skull"},{"not_picked":["Letter Opener","Replay:Bottled Flurry"],"picked":"Sundial"},{"not_picked":["Old Coin","Thread and Needle"],"picked":"REME_IWantAll"},{"not_picked":["Velvet Choker","Replay:Bronze Core"],"picked":"Tiny House"}],"items_purged_floors":[19,30],"is_endless":false,"potions_floor_spawned":[2,8,11,12,16,18,21,28,35],"killed_by":"Giant Head","ascension_level":0}}