{"host":"8jwif9mna8ud19ho","time":1608009405,"event":{"mods":["BaseMod","Better Vampires","Marisa£¨ìFÓê¡¡Ä§ÀíÉ³£©","Minty Spire (QoL Compilation)","Reimu£¨²©ÀöÁéÃÎ£©","RumiaBox-Â¶Ã×æ«µÄÉñÃØºÐ×Ó","StSLib","¡¾ÒÅÎï¿¨ÅÆ¡¿REMEMod"],"gold_per_floor":[117,117,42,54,54,54,68,68,68,68,83,99,112,12,12,87,87,102,115,115,115,128,153,77,77,77,103,103,103,118,218,218,295,295,306,331,59,79,152,184,59,87,161,87,112,162,196,211,211,211,211,211,38,71,71],"floor_reached":56,"playtime":1311,"items_purged":["Strike_P","Strike_P","Defend_P"],"score":2714,"play_id":"d01b443d-9829-42c1-ae9b-5c345c17c17a","local_time":"20201215131645","is_ascension_mode":true,"campfire_choices":[{"data":"Eruption","floor":6.0,"key":"SMITH"},{"data":"CasketOfStar","floor":8.0,"key":"SMITH"},{"data":"Scrawl","floor":10.0,"key":"SMITH"},{"floor":15.0,"key":"RECALL"},{"data":"TalkToTheHand","floor":25.0,"key":"SMITH"},{"data":"Vigilance","floor":28,"key":"SMITH"},{"data":"Defend_P","floor":32,"key":"SMITH"},{"data":"TalkToTheHand","floor":49,"key":"SMITH"},{"data":"SashWhip","floor":52,"key":"SMITH"}],"circlet_count":0,"master_deck":["AscendersBane","Defend_P","Defend_P","Defend_P+1","Eruption+1","Vigilance+1","CasketOfStar+1","Scrawl+1","TalkToTheHand+1","InnerPeace+1","SashWhip+1","TalkToTheHand+1","Vault+1"],"relics":["REME_ComplimentaryCards","Runic Pyramid","Centennial Puzzle","Shuriken","Coffee Dripper","MutagenicStrength","Happy Flower","Meat on the Bone","Toxic Egg 2","FossilizedHelix","Pear","Empty Cage","Gambling Chip","GodSword1","Eternal Feather","Nunchaku","REME_LimitBreaker","Blood Vial","HornCleat","REME_HandOfSuture","Anchor"],"acts_visited":["Exordium","TheCity","TheBeyond","TheEnding"],"potions_floor_usage":[],"damage_taken":[{"damage":1.0,"enemies":"Small Slimes","floor":1.0,"turns":4.0},{"damage":2.0,"enemies":"Jaw Worm","floor":4.0,"turns":3.0},{"damage":2.0,"enemies":"2 Louse","floor":7.0,"turns":4.0},{"damage":3.0,"enemies":"Blue Slaver","floor":11.0,"turns":3.0},{"damage":0.0,"enemies":"2 Fungi Beasts","floor":12.0,"turns":2.0},{"damage":0.0,"enemies":"Exordium Wildlife","floor":13.0,"turns":2.0},{"damage":25.0,"enemies":"Hexaghost","floor":16.0,"turns":8.0},{"damage":1.0,"enemies":"3 Byrds","floor":18.0,"turns":4.0},{"damage":6.0,"enemies":"Shell Parasite","floor":19.0,"turns":3.0},{"damage":14.0,"enemies":"Snake Plant","floor":22.0,"turns":3.0},{"damage":21.0,"enemies":"Slavers","floor":23.0,"turns":3.0},{"damage":0,"enemies":"Gremlin Leader","floor":27,"turns":1},{"damage":0,"enemies":"Centurion and Healer","floor":30,"turns":2},{"damage":7,"enemies":"Colosseum Slavers","floor":31,"turns":2},{"damage":0,"enemies":"Colosseum Nobs","floor":31,"turns":2},{"damage":0,"enemies":"Collector","floor":33,"turns":2},{"damage":0,"enemies":"Orb Walker","floor":35,"turns":1},{"damage":0,"enemies":"Mind Bloom Boss Battle","floor":36,"turns":2},{"damage":0,"enemies":"3 Darklings","floor":38,"turns":3},{"damage":0,"enemies":"Reptomancer","floor":40,"turns":1},{"damage":0,"enemies":"Nemesis","floor":42,"turns":1},{"damage":0,"enemies":"Giant Head","floor":45,"turns":1},{"damage":0,"enemies":"Nemesis","floor":47,"turns":1},{"damage":0,"enemies":"Jaw Worm Horde","floor":48,"turns":2},{"damage":0,"enemies":"Time Eater","floor":50,"turns":3},{"damage":0,"enemies":"Shield and Spear","floor":54,"turns":2},{"damage":0,"enemies":"The Heart","floor":55,"turns":3}],"seed_played":"3529388112429191046","potions_obtained":[{"floor":4.0,"key":"Energy Potion"},{"floor":12.0,"key":"ZuzhouPotion:ReiMu"},{"floor":13.0,"key":"Explosive Potion"},{"floor":16.0,"key":"PowerPotion"},{"floor":19.0,"key":"SteroidPotion"},{"floor":22.0,"key":"Ambrosia"},{"floor":27,"key":"Regen Potion"},{"floor":31,"key":"LiquidMemories"}],"is_trial":false,"path_per_floor":["M","?","$","M","T","R","M","R","T","R","M","M","M","$","R","B",null,"M","M","?","$","M","E","$","R","T","E","R","?","M","?","R","B",null,"M","?","$","M","T","E","$","E","T","$","E","?","E","M","R","B",null,"R","$","E","B",null],"character_chosen":"WATCHER","items_purchased":["TalkToTheHand","GodSword1","TalkToTheHand","REME_HandOfSuture"],"campfire_rested":0,"item_purchase_floors":[24,37,44,53],"current_hp_per_floor":[60,60,60,58,58,58,56,56,56,56,53,53,53,53,53,28,58,57,51,51,51,37,16,16,16,16,28,28,28,40,55,55,55,72,72,72,72,72,72,72,72,72,72,72,72,72,74,76,78,78,78,78,78,78,78],"gold":71,"neow_bonus":"BOSS_RELIC","is_daily":false,"chose_seed":false,"campfire_upgraded":8,"win_rate":0.0,"timestamp":1608009405,"path_taken":["M","?","$","M","?","R","M","R","T","R","M","M","M","$","R","BOSS","M","M","?","$","M","E","$","R","T","E","R","?","M","?","R","BOSS","M","?","$","M","?","E","$","E","T","$","E","?","E","M","R","BOSS","R","$","E","BOSS"],"items_purchased_type":["Card","Relic","Card","Relic"],"build_version":"2020-12-13","purchased_purges":3,"victory":true,"max_hp_per_floor":[68,68,68,68,68,68,68,68,68,68,68,68,68,68,68,68,68,68,68,68,68,68,68,68,68,68,68,68,68,68,78,78,78,78,78,78,78,78,78,78,78,78,78,78,78,78,78,78,78,78,78,78,78,78,78],"card_choices":[{"not_picked":["Protect","ClearTheMind","Crescendo"],"picked":"SKIP","floor":1.0},{"not_picked":["FlurryOfBlows","Vengeance","Perseverance"],"picked":"SKIP","floor":4.0},{"not_picked":["SashWhip","InnerPeace"],"picked":"Scrawl","floor":7.0},{"not_picked":["Nirvana","Conclude","CrushJoints"],"picked":"SKIP","floor":11.0},{"not_picked":["CutThroughFate","Meditate","Worship"],"picked":"SKIP","floor":12.0},{"not_picked":["Evaluate","BattleHymn","Weave"],"picked":"SKIP","floor":13.0},{"not_picked":["FlyingSleeves","REME_Repentance+1","Meditate"],"picked":"SKIP","floor":18.0},{"not_picked":["JustLucky","FlyingSleeves","ForeignInfluence"],"picked":"SKIP","floor":19.0},{"not_picked":["ClearTheMind","Protect","Prostrate"],"picked":"SKIP","floor":22.0},{"not_picked":["SashWhip+1","Protect","Worship"],"picked":"SKIP","floor":23.0},{"not_picked":["LikeWater","Evaluate+1","Consecrate"],"picked":"SKIP","floor":27},{"not_picked":["Evaluate+1","Consecrate+1"],"picked":"InnerPeace+1","floor":30},{"not_picked":["ForeignInfluence+1","REME_MusicOfDeath","Consecrate"],"picked":"SKIP","floor":35},{"not_picked":["Weave","REME_Repentance+1"],"picked":"SashWhip","floor":36},{"not_picked":["WreathOfFlame+1","Crescendo+1","Halt+1"],"picked":"SKIP","floor":38},{"not_picked":["FlyingSleeves","ThirdEye+1","JustLucky"],"picked":"SKIP","floor":40},{"not_picked":["Halt+1","BattleHymn","REME_Repentance+1"],"picked":"SKIP","floor":42},{"not_picked":["Crescendo+1","PathToVictory+1","SashWhip"],"picked":"SKIP","floor":45},{"not_picked":["Crescendo+1","PathToVictory+1","SashWhip"],"picked":"SKIP","floor":45},{"not_picked":["InnerPeace+1","Consecrate+1","FlurryOfBlows"],"picked":"SKIP","floor":47},{"not_picked":["Worship+1","WreathOfFlame+1","EmptyFist"],"picked":"SKIP","floor":48},{"not_picked":["BattleHymn","DeceiveReality+1"],"picked":"Vault+1","floor":54}],"player_experience":1094043,"relics_obtained":[{"floor":5.0,"key":"Centennial Puzzle"},{"floor":9.0,"key":"Shuriken"},{"floor":23.0,"key":"Happy Flower"},{"floor":26.0,"key":"Meat on the Bone"},{"floor":27,"key":"Toxic Egg 2"},{"floor":31,"key":"FossilizedHelix"},{"floor":31,"key":"Pear"},{"floor":36,"key":"Gambling Chip"},{"floor":40,"key":"Eternal Feather"},{"floor":42,"key":"Nunchaku"},{"floor":43,"key":"REME_LimitBreaker"},{"floor":45,"key":"Blood Vial"},{"floor":47,"key":"HornCleat"},{"floor":54,"key":"Anchor"}],"event_choices":[{"damage_healed":0.0,"max_hp_gain":0.0,"max_hp_loss":0.0,"gold_gain":0.0,"event_name":"Scrap Ooze","player_choice":"Fled","floor":2.0,"gold_loss":0.0,"damage_taken":0.0},{"damage_healed":0.0,"max_hp_gain":0.0,"max_hp_loss":0.0,"gold_gain":0.0,"event_name":"Drug Dealer","player_choice":"Inject Mutagens","floor":20.0,"gold_loss":0.0,"damage_taken":0.0,"relics_obtained":["MutagenicStrength"]},{"damage_healed":0,"gold_gain":0,"player_choice":"Fight","damage_taken":0,"max_hp_gain":0,"max_hp_loss":0,"event_name":"Colosseum","floor":31,"gold_loss":0},{"damage_healed":0,"gold_gain":0,"player_choice":"Fought Nobs","damage_taken":0,"max_hp_gain":0,"max_hp_loss":0,"event_name":"Colosseum","floor":31,"gold_loss":0},{"damage_healed":0,"gold_gain":0,"player_choice":"Fight","damage_taken":0,"max_hp_gain":0,"max_hp_loss":0,"event_name":"MindBloom","floor":36,"gold_loss":0},{"damage_healed":0,"gold_gain":50,"player_choice":"Pray","damage_taken":0,"max_hp_gain":0,"max_hp_loss":0,"event_name":"Golden Shrine","floor":46,"gold_loss":0}],"is_beta":false,"boss_relics":[{"not_picked":["Pandora\u0027s Box","Tiny House"],"picked":"Coffee Dripper"},{"not_picked":["Runic Dome","EasyGame_NEW"],"picked":"Empty Cage"}],"items_purged_floors":[3,14,41],"is_endless":false,"potions_floor_spawned":[4,12,13,16,19,22,27,31,33,36,40,42,47],"ascension_level":16}}