{"host":"kw4o7b3ro2ktmmbe","time":1608038158,"event":{"mods":["BaseMod","Minty Spire (QoL Compilation)","StSLib","The Death Knight","Treasure Hunter"],"gold_per_floor":[175,175,20,40,53,53,53,53,53,88,108,141,141,157,157,254,254,268,183,27,27,27,54,66,97,97,118,145,145,145,145,145,247,247,265,316,334,334,334,334,362,378,459,459,61,89,89,106,106,106],"floor_reached":51,"playtime":4673,"items_purged":[],"score":1005,"play_id":"99500273-2608-43a7-9cf8-4c94e2e34643","local_time":"20201216021558","is_ascension_mode":true,"campfire_choices":[{"data":"DeathKnight:FoulBulwark","floor":6.0,"key":"SMITH"},{"data":"DeathKnight:DancingRuneblade","floor":8.0,"key":"SMITH"},{"data":"DeathKnight:DarkSuccor","floor":15.0,"key":"SMITH"},{"data":"DeathKnight:Contagion","floor":30.0,"key":"SMITH"},{"data":"DeathKnight:DancingRuneblade","floor":32.0,"key":"SMITH"},{"data":"DeathKnight:MarkOfBlood","floor":40.0,"key":"SMITH"},{"data":"Sadistic Nature","floor":44.0,"key":"SMITH"},{"data":"DeathKnight:DarkSuccor","floor":49.0,"key":"SMITH"}],"circlet_count":0,"master_deck":["DeathKnight:Strike_DeathKnight","DeathKnight:Strike_DeathKnight","DeathKnight:Strike_DeathKnight","DeathKnight:Strike_DeathKnight","DeathKnight:Defend_DeathKnight","DeathKnight:Defend_DeathKnight","DeathKnight:Defend_DeathKnight","DeathKnight:Defend_DeathKnight","DeathKnight:Defend_DeathKnight","DeathKnight:DeathCoil+1","DeathKnight:Hemostasis+1","DeathKnight:BoneSpear+1","DeathKnight:FoulBulwark+1","DeathKnight:DancingRuneblade+1","TH:TreasureMap","TH:DeckOfManyThings","DeathKnight:DarkSuccor+1","DeathKnight:BoneShield","TH:ArmorSpikes","DeathKnight:PlagueStrike","DeathKnight:PlagueStrike","TH:CopperCoins","DeathKnight:MarkOfBlood+1","DeathKnight:UnholyPresence+1","TH:TreasureMap","DeathKnight:PathOfFrost+1","DeathKnight:Contagion+1","TH:Mimic","DeathKnight:UnholyFrenzy+1","TH:ArmorSpikes","DeathKnight:DancingRuneblade+1","DeathKnight:Hysteria+1","TH:CursedSword","TH:Mimic","DeathKnight:Frostscythe+1","DeathKnight:DarkSuccor+1","DeathKnight:DarkSuccor+1","Sadistic Nature+1","TH:TreasureMap","TH:CopperCoins","TH:TreasureMap","DeathKnight:Hemostasis+1","TH:CursedSword","DeathKnight:Frostscythe+1","TH:CursedSword","DeathKnight:WraithWalk"],"relics":["Astrolabe","Bag of Preparation","Happy Flower","Meat on the Bone","White Beast Statue","DeathKnight:SylvanasMusicBox","Coffee Dripper","Omamori","Centennial Puzzle","Turnip","Ginger","Orichalcum","Prayer Wheel","Molten Egg 2","Cursed Key","Bird Faced Urn","CaptainsWheel","Bottled Tornado","Membership Card","Strawberry","DeathKnight:SindragosasSkull","DeathKnight:LightbringersTabard"],"acts_visited":["Exordium","TheCity","TheBeyond"],"potions_floor_usage":[50,50,50],"damage_taken":[{"damage":0.0,"enemies":"Cultist","floor":1.0,"turns":4.0},{"damage":0.0,"enemies":"2 Louse","floor":4.0,"turns":2.0},{"damage":2.0,"enemies":"Jaw Worm","floor":5.0,"turns":5.0},{"damage":29.0,"enemies":"Gremlin Nob","floor":10.0,"turns":4.0},{"damage":18.0,"enemies":"Exordium Thugs","floor":11.0,"turns":3.0},{"damage":18.0,"enemies":"3 Sentries","floor":12.0,"turns":8.0},{"damage":7.0,"enemies":"3 Louse","floor":14.0,"turns":3.0},{"damage":25.0,"enemies":"The Guardian","floor":16.0,"turns":9.0},{"damage":14.0,"enemies":"3 Byrds","floor":18.0,"turns":5.0},{"damage":0.0,"enemies":"Gremlin Leader","floor":23.0,"turns":4.0},{"damage":10.0,"enemies":"Spheric Guardian","floor":24.0,"turns":6.0},{"damage":24.0,"enemies":"Book of Stabbing","floor":25.0,"turns":4.0},{"damage":6.0,"enemies":"Centurion and Healer","floor":27.0,"turns":6.0},{"damage":7.0,"enemies":"Slavers","floor":28.0,"turns":5.0},{"damage":19.0,"enemies":"Automaton","floor":33.0,"turns":6.0},{"damage":16.0,"enemies":"3 Shapes","floor":35.0,"turns":7.0},{"damage":10.0,"enemies":"Mind Bloom Boss Battle","floor":36.0,"turns":6.0},{"damage":18.0,"enemies":"Orb Walker","floor":37.0,"turns":4.0},{"damage":21.0,"enemies":"Giant Head","floor":41.0,"turns":7.0},{"damage":23.0,"enemies":"3 Darklings","floor":42.0,"turns":4.0},{"damage":26.0,"enemies":"Nemesis","floor":46.0,"turns":5.0},{"damage":48.0,"enemies":"Maw","floor":48.0,"turns":7.0},{"damage":8,"enemies":"Time Eater","floor":50,"turns":7}],"seed_played":"-989704296152940034","potions_obtained":[{"floor":1.0,"key":"PowerPotion"},{"floor":10.0,"key":"Weak Potion"},{"floor":11.0,"key":"Fruit Juice"},{"floor":12.0,"key":"BlessingOfTheForge"},{"floor":14.0,"key":"DeathKnight:RimePotion"},{"floor":16.0,"key":"Explosive Potion"},{"floor":18.0,"key":"PowerPotion"},{"floor":23.0,"key":"Fire Potion"},{"floor":24.0,"key":"DuplicationPotion"},{"floor":25.0,"key":"DeathKnight:PlagueVial"},{"floor":27.0,"key":"Fire Potion"},{"floor":28.0,"key":"DuplicationPotion"},{"floor":33.0,"key":"Weak Potion"},{"floor":35.0,"key":"SteroidPotion"},{"floor":36.0,"key":"Regen Potion"},{"floor":37.0,"key":"Strength Potion"},{"floor":41.0,"key":"SpeedPotion"},{"floor":42.0,"key":"SteroidPotion"},{"floor":46.0,"key":"Strength Potion"},{"floor":48.0,"key":"SpeedPotion"}],"is_trial":false,"path_per_floor":["M","?","$","M","M","R","$","R","T","E","M","E","?","M","R","B",null,"M","?","$","$","?","E","M","E","T","M","E","?","R","$","R","B",null,"M","?","M","?","?","R","E","M","T","R","$","E","?","M","R","B",null],"character_chosen":"DEATH_KNIGHT","items_purchased":["Happy Flower","Centennial Puzzle","Membership Card","Strawberry","DeathKnight:SindragosasSkull","DeathKnight:Frostscythe+1"],"campfire_rested":0,"item_purchase_floors":[3,20,45,45,45,45],"current_hp_per_floor":[75,75,75,75,73,73,73,73,73,44,43,37,42,47,47,34,72,58,58,58,58,58,58,48,36,36,42,47,47,47,47,47,40,74,58,48,52,42,42,42,43,40,40,40,47,43,43,19,19,35],"gold":106,"neow_bonus":"BOSS_RELIC","is_daily":false,"chose_seed":false,"campfire_upgraded":8,"win_rate":0.0,"timestamp":1608038158,"path_taken":["M","?","$","M","M","R","$","R","T","E","?","E","?","M","R","BOSS","M","?","?","$","?","E","M","E","T","M","E","?","R","?","R","BOSS","M","?","M","?","?","R","E","M","T","R","$","E","?","M","R","BOSS"],"items_purchased_type":["Relic","Relic","Relic","Relic","Relic","Card"],"build_version":"2020-12-13","purchased_purges":0,"victory":true,"max_hp_per_floor":[75,75,75,75,75,75,75,75,75,75,80,80,85,85,85,85,85,85,85,85,85,85,85,85,85,85,85,85,85,85,85,85,85,85,85,85,85,85,85,85,85,85,85,85,92,92,92,92,92,92],"card_choices":[{"not_picked":["DeathKnight:Hemostasis","DeathKnight:RuneShock"],"picked":"DeathKnight:FoulBulwark","floor":1.0},{"not_picked":["DeathKnight:DeathCoil","DeathKnight:HornOfWinter"],"picked":"DeathKnight:DancingRuneblade","floor":4.0},{"not_picked":["DeathKnight:IcyTouch","DeathKnight:DreadStrike","DeathKnight:Marrowrend"],"picked":"SKIP","floor":5.0},{"not_picked":["TH:Mimic"],"picked":"TH:TreasureMap","floor":9.0},{"not_picked":["TH:EnergyPotion"],"picked":"TH:DeckOfManyThings","floor":10.0},{"not_picked":["DeathKnight:RuneShock","DeathKnight:DancingRuneblade"],"picked":"DeathKnight:DarkSuccor","floor":10.0},{"not_picked":["DeathKnight:Marrowrend","DeathKnight:HowlingBlast"],"picked":"DeathKnight:BoneShield","floor":11.0},{"not_picked":["TH:PixieDust"],"picked":"TH:ArmorSpikes","floor":12.0},{"not_picked":["DeathKnight:Lichborne","DeathKnight:ScourgeStrike"],"picked":"DeathKnight:PlagueStrike","floor":12.0},{"not_picked":["DeathKnight:RunicCorruption","DeathKnight:BoneShield"],"picked":"DeathKnight:PlagueStrike","floor":14.0},{"not_picked":["TH:DeckOfManyThings"],"picked":"TH:CopperCoins","floor":16.0},{"not_picked":["DeathKnight:Frostscythe","DeathKnight:UnholyExperiment"],"picked":"DeathKnight:MarkOfBlood","floor":16.0},{"not_picked":["DeathKnight:MindFreeze","DeathKnight:BloodStrike"],"picked":"DeathKnight:UnholyPresence+1","floor":18.0},{"not_picked":["TH:ElvenBoots"],"picked":"TH:TreasureMap","floor":23.0},{"not_picked":["DeathKnight:MindFreeze","DeathKnight:UnholyAssault"],"picked":"DeathKnight:PathOfFrost+1","floor":23.0},{"not_picked":["DeathKnight:HornOfWinter","DeathKnight:BladedArmor"],"picked":"DeathKnight:Contagion","floor":24.0},{"not_picked":["TH:EnergyPotion"],"picked":"TH:Mimic","floor":25.0},{"not_picked":["DeathKnight:Rot+1","DeathKnight:MindFreeze"],"picked":"DeathKnight:UnholyFrenzy+1","floor":25.0},{"not_picked":["TH:EnergyPotion"],"picked":"TH:ArmorSpikes","floor":26.0},{"not_picked":["DeathKnight:BloodTap+1","DeathKnight:Hemostasis"],"picked":"DeathKnight:DancingRuneblade","floor":27.0},{"not_picked":["DeathKnight:DancingRuneblade","DeathKnight:Marrowrend+1"],"picked":"DeathKnight:Hysteria+1","floor":27.0},{"not_picked":["TH:CopperCoins"],"picked":"TH:CursedSword","floor":28.0},{"not_picked":["DeathKnight:HowlingBlast+1","DeathKnight:RaiseAlly","DeathKnight:DeathGrip"],"picked":"SKIP","floor":28.0},{"not_picked":["TH:EnergyPotion"],"picked":"TH:Mimic","floor":33.0},{"not_picked":["DeathKnight:RunicDetonation+1","DeathKnight:SindragosasBreath+1"],"picked":"DeathKnight:Frostscythe+1","floor":33.0},{"not_picked":["DeathKnight:PathOfFrost+1","DeathKnight:RunicCorruption+1"],"picked":"DeathKnight:DarkSuccor","floor":35.0},{"not_picked":["DeathKnight:DreadStrike+1","DeathKnight:ShatteringStrikes+1","DeathKnight:Parry+1"],"picked":"SKIP","floor":35.0},{"not_picked":["DeathKnight:Pestilence","DeathKnight:PathOfFrost+1"],"picked":"DeathKnight:DarkSuccor+1","floor":36.0},{"not_picked":["DeathKnight:DeathAndDecay+1","DeathKnight:ThirstingStrike+1","DeathKnight:PillarOfFrost"],"picked":"SKIP","floor":37.0},{"not_picked":["DeathKnight:ArmyOfTheDead","DeathKnight:Marrowrend+1","DeathKnight:UnholyFrenzy+1"],"picked":"SKIP","floor":37.0},{"not_picked":["Discovery","Thinking Ahead"],"picked":"Sadistic Nature","floor":38.0},{"not_picked":["Violence","Discovery"],"picked":"TH:TreasureMap","floor":38.0},{"not_picked":["The Bomb","Finesse"],"picked":"TH:CopperCoins","floor":38.0},{"not_picked":["TH:CopperCoins"],"picked":"TH:TreasureMap","floor":41.0},{"not_picked":["DeathKnight:MutagenicPlague","DeathKnight:Rot+1","DeathKnight:DeathGrip"],"picked":"SKIP","floor":41.0},{"not_picked":["DeathKnight:HartStrike+1","DeathKnight:BloodBoil"],"picked":"DeathKnight:Hemostasis+1","floor":42.0},{"not_picked":["DeathKnight:DeathAndDecay+1","DeathKnight:IceboundArmor","DeathKnight:BloodTap+1"],"picked":"SKIP","floor":42.0},{"not_picked":["TH:ArmorSpikes"],"picked":"TH:CursedSword","floor":43.0},{"not_picked":["TH:BikiniMail"],"picked":"TH:CursedSword","floor":46.0},{"not_picked":["DeathKnight:PathOfFrost","DeathKnight:Simulacrum"],"picked":"DeathKnight:WraithWalk","floor":46.0},{"not_picked":["DeathKnight:IcyTouch+1","DeathKnight:IceboundArmor+1","DeathKnight:DeathGrip+1"],"picked":"SKIP","floor":48.0},{"not_picked":["DeathKnight:BoneSpear+1","DeathKnight:DeathStrike+1","DeathKnight:PillarOfFrost"],"picked":"SKIP","floor":48.0}],"player_experience":1802372,"relics_obtained":[{"floor":9.0,"key":"Meat on the Bone"},{"floor":10.0,"key":"White Beast Statue"},{"floor":12.0,"key":"DeathKnight:SylvanasMusicBox"},{"floor":23.0,"key":"Ginger"},{"floor":25.0,"key":"Orichalcum"},{"floor":26.0,"key":"Prayer Wheel"},{"floor":28.0,"key":"Molten Egg 2"},{"floor":36.0,"key":"Bird Faced Urn"},{"floor":41.0,"key":"CaptainsWheel"},{"floor":43.0,"key":"Bottled Tornado"},{"floor":46.0,"key":"DeathKnight:LightbringersTabard"}],"event_choices":[{"damage_healed":0.0,"max_hp_gain":0.0,"max_hp_loss":0.0,"gold_gain":0.0,"event_name":"WeMeetAgain","player_choice":"Gave Potion","floor":2.0,"gold_loss":0.0,"damage_taken":0.0,"relics_obtained":["Bag of Preparation"]},{"damage_healed":0.0,"max_hp_gain":5.0,"max_hp_loss":0.0,"gold_gain":0.0,"event_name":"Big Fish","player_choice":"Donut","floor":13.0,"gold_loss":0.0,"damage_taken":0.0},{"damage_healed":0.0,"max_hp_gain":0.0,"max_hp_loss":0.0,"gold_gain":0.0,"event_name":"Addict","player_choice":"Obtained Relic","floor":19.0,"gold_loss":85.0,"damage_taken":0.0,"relics_obtained":["Omamori"]},{"damage_healed":0.0,"max_hp_gain":0.0,"max_hp_loss":0.0,"gold_gain":0.0,"event_name":"The Mausoleum","player_choice":"Opened","floor":22.0,"gold_loss":0.0,"damage_taken":0.0,"relics_obtained":["Turnip"]},{"damage_healed":0.0,"max_hp_gain":0.0,"max_hp_loss":0.0,"gold_gain":0.0,"event_name":"Ghosts","player_choice":"Ignored","floor":29.0,"gold_loss":0.0,"damage_taken":0.0},{"damage_healed":0.0,"max_hp_gain":0.0,"max_hp_loss":0.0,"gold_gain":0.0,"event_name":"MindBloom","player_choice":"Fight","floor":36.0,"gold_loss":0.0,"damage_taken":0.0},{"damage_healed":0.0,"max_hp_gain":0.0,"max_hp_loss":0.0,"gold_gain":0.0,"event_name":"SensoryStone","player_choice":"Memory 3","floor":38.0,"gold_loss":0.0,"damage_taken":10.0},{"damage_healed":0.0,"max_hp_gain":0.0,"max_hp_loss":0.0,"gold_gain":0.0,"event_name":"Mysterious Sphere","player_choice":"Ignored","floor":39.0,"gold_loss":0.0,"damage_taken":0.0},{"damage_healed":0.0,"max_hp_gain":0.0,"max_hp_loss":0.0,"gold_gain":0.0,"event_name":"The Moai Head","player_choice":"Ignored","floor":47.0,"gold_loss":0.0,"damage_taken":0.0}],"is_beta":false,"boss_relics":[{"not_picked":["Runic Pyramid","Black Star"],"picked":"Coffee Dripper"},{"not_picked":["Velvet Choker","Empty Cage"],"picked":"Cursed Key"}],"items_purged_floors":[],"is_endless":false,"potions_floor_spawned":[1,10,11,12,14,16,18,23,24,25,27,28,33,35,36,37,41,42,46,48],"ascension_level":5}}