{"host":"q9718omregw4er46","time":1608047665,"event":{"mods":["BaseMod","Bestiary","Colored Powertips","Custom Start","Highlight Path","Minty Spire (QoL Compilation)","Practice Mode","Quick Restart","Relic Stats"],"gold_per_floor":[109,34,34,51,51,51,76,76,76,107,107,120,137,164,164,239,239,259,12,12,12,12,12],"floor_reached":22,"playtime":421,"items_purged":["Strike_P"],"score":439,"play_id":"057677af-8aab-4f5c-bcf2-915235d78fe8","local_time":"20201215205425","is_ascension_mode":true,"campfire_choices":[{"data":"FearNoEvil","floor":6,"key":"SMITH"},{"data":"Wireheading","floor":8,"key":"SMITH"},{"data":"SignatureMove","floor":15,"key":"SMITH"}],"circlet_count":0,"master_deck":["AscendersBane","Strike_P","Strike_P+1","Defend_P","Defend_P","Defend_P","Defend_P","Eruption","Vigilance","FearNoEvil+1","Conclude+1","Wireheading+1","Adaptation","SignatureMove+1","LessonLearned","CurseOfTheBell","Tantrum+1","J.A.X."],"relics":["PureWater","NeowsBlessing","Boot","Damaru","HornCleat","Pantograph","Pen Nib","Calling Bell","Toy Ornithopter","Singing Bowl","FossilizedHelix","PreservedInsect"],"acts_visited":["Exordium","TheCity"],"potions_floor_usage":[14],"damage_taken":[{"damage":0,"enemies":"Small Slimes","floor":1,"turns":2},{"damage":0,"enemies":"2 Louse","floor":4,"turns":1},{"damage":0,"enemies":"Gremlin Nob","floor":7,"turns":1},{"damage":15,"enemies":"3 Sentries","floor":10,"turns":3},{"damage":0,"enemies":"Jaw Worm","floor":12,"turns":1},{"damage":0,"enemies":"2 Fungi Beasts","floor":13,"turns":1},{"damage":13,"enemies":"Gremlin Nob","floor":14,"turns":4},{"damage":33,"enemies":"Hexaghost","floor":16,"turns":6},{"damage":9,"enemies":"Shell Parasite","floor":18,"turns":5},{"damage":36,"enemies":"3 Byrds","floor":22,"turns":3}],"seed_played":"527585536852156682","potions_obtained":[{"floor":1,"key":"SpeedPotion"},{"floor":7,"key":"SmokeBomb"},{"floor":10,"key":"Block Potion"},{"floor":12,"key":"Dexterity Potion"}],"is_trial":false,"path_per_floor":["M","?","$","M","?","R","E","R","T","E","?","M","M","E","R","B",null,"M","$","?","?","M"],"character_chosen":"WATCHER","items_purchased":["PreservedInsect"],"campfire_rested":0,"item_purchase_floors":[19],"current_hp_per_floor":[61,61,61,61,61,61,61,61,61,46,28,28,28,15,15,7,53,44,44,44,44,8,8],"gold":12,"neow_bonus":"THREE_ENEMY_KILL","is_daily":false,"chose_seed":false,"campfire_upgraded":3,"win_rate":0.0,"timestamp":1608047665,"path_taken":["M","?","$","M","?","R","E","R","T","E","?","M","?","E","R","BOSS","M","$","?","?","M"],"items_purchased_type":["Relic"],"build_version":"2020-12-13","purchased_purges":1,"victory":false,"max_hp_per_floor":[68,68,68,68,68,68,68,68,68,68,68,68,68,68,68,68,68,68,68,68,68,68,68],"relic_stats":{"Singing Bowl":0,"counters":[10,26],"Pantograph":25,"Pen Nib":[2],"PreservedInsect":0,"Boot":[1],"obtain_stats":[{"Calling Bell":17,"HornCleat":10,"NeowsBlessing":0,"Singing Bowl":17,"Pantograph":11,"Damaru":9,"Pen Nib":14,"PreservedInsect":19,"PureWater":0,"Boot":7,"Toy Ornithopter":17,"FossilizedHelix":17},{"Calling Bell":8,"HornCleat":4,"NeowsBlessing":0,"Singing Bowl":8,"Pantograph":4,"Damaru":3,"Pen Nib":7,"PreservedInsect":9,"PureWater":0,"Boot":3,"Toy Ornithopter":8,"FossilizedHelix":8},{"Calling Bell":19,"HornCleat":7,"NeowsBlessing":0,"Singing Bowl":19,"Pantograph":7,"Damaru":4,"Pen Nib":13,"PreservedInsect":24,"PureWater":0,"Boot":4,"Toy Ornithopter":19,"FossilizedHelix":19}],"Toy Ornithopter":0},"card_choices":[{"not_picked":["EmptyMind","FlyingSleeves"],"picked":"FearNoEvil","floor":1},{"not_picked":["WheelKick","FlyingSleeves"],"picked":"Conclude","floor":4},{"not_picked":["Consecrate","Vengeance"],"picked":"Wireheading","floor":7},{"not_picked":["Crescendo","Weave","Halt"],"picked":"SKIP","floor":10},{"not_picked":["WheelKick","Evaluate"],"picked":"Adaptation","floor":12},{"not_picked":["Collect","WreathOfFlame","ThirdEye"],"picked":"SKIP","floor":13},{"not_picked":["FollowUp","Perseverance"],"picked":"SignatureMove","floor":14},{"not_picked":["Judgement","Brilliance"],"picked":"LessonLearned","floor":16},{"not_picked":["Fasting2","WheelKick"],"picked":"Tantrum+1","floor":18}],"player_experience":1023753,"relics_obtained":[{"floor":7,"key":"Boot"},{"floor":9,"key":"Damaru"},{"floor":10,"key":"HornCleat"},{"floor":14,"key":"Pen Nib"},{"floor":17,"key":"Toy Ornithopter"},{"floor":17,"key":"Singing Bowl"},{"floor":17,"key":"FossilizedHelix"}],"event_choices":[{"cards_removed":["Strike_P"],"damage_healed":0,"gold_gain":0,"player_choice":"Card Removal","damage_taken":0,"max_hp_gain":0,"max_hp_loss":0,"event_name":"The Cleric","floor":2,"gold_loss":75},{"damage_healed":0,"gold_gain":0,"player_choice":"Grow","damage_taken":0,"max_hp_gain":0,"max_hp_loss":0,"event_name":"Living Wall","floor":5,"gold_loss":0,"cards_upgraded":["Conclude"]},{"damage_healed":0,"gold_gain":0,"player_choice":"Success","damage_taken":18,"relics_obtained":["Pantograph"],"max_hp_gain":0,"max_hp_loss":0,"event_name":"Scrap Ooze","floor":11,"gold_loss":0},{"damage_healed":0,"gold_gain":0,"player_choice":"Obtain J.A.X.","damage_taken":0,"max_hp_gain":0,"max_hp_loss":0,"event_name":"Drug Dealer","floor":20,"gold_loss":0,"cards_obtained":["J.A.X."]},{"damage_healed":0,"gold_gain":0,"player_choice":"Ignored","damage_taken":0,"max_hp_gain":0,"max_hp_loss":0,"event_name":"Vampires","floor":21,"gold_loss":0}],"is_beta":false,"boss_relics":[{"not_picked":["SacredBark","Busted Crown"],"picked":"Calling Bell"}],"items_purged_floors":[19],"is_endless":false,"potions_floor_spawned":[1,7,10,12],"killed_by":"3 Byrds","ascension_level":19}}