{"host":"51fyd6gkml7xavq8","time":1608062766,"event":{"mods":["BaseMod","BetterRewards","Colored Map","Energized Spire","Infinite Spire","Minty Spire (QoL Compilation)","Replay The Spire","Shop Mod","Spicy Shops","StSLib","The Blue Laboratory","[IsaacMod]????"],"gold_per_floor":[616,0,15,15,32,32,49,49,72,83,71,71,71,90,90,590,590],"floor_reached":16,"playtime":695,"items_purged":["Dualcast","Regret"],"score":126,"play_id":"80b02517-3130-4f0d-b022-8c7673846480","local_time":"20201215170606","is_ascension_mode":true,"campfire_choices":[{"data":"Zap","floor":6.0,"key":"SMITH"},{"data":"Ball Lightning","floor":8.0,"key":"SMITH"},{"data":"Defend_B","floor":12.0,"key":"SMITH"},{"data":"Ball Lightning","floor":15.0,"key":"SMITH"}],"circlet_count":0,"master_deck":["Strike_B","Strike_B","Strike_B","Strike_B","Defend_B","Defend_B","Defend_B","Defend_B+1","Zap+1","Ball Lightning+1","Ball Lightning+1"],"relics":["Cracked Core","HushsDoor","MaYiHuaBei","MerchantsRug","BookOfRevelations"],"acts_visited":["Exordium"],"potions_floor_usage":[16],"damage_taken":[{"damage":6.0,"enemies":"Jaw Worm","floor":1.0,"turns":4.0},{"damage":8.0,"enemies":"2 Louse","floor":3.0,"turns":3.0},{"damage":7.0,"enemies":"Cultist","floor":5.0,"turns":5.0},{"damage":0.0,"enemies":"Looter","floor":7.0,"turns":1.0},{"damage":7.0,"enemies":"Large Slime","floor":10.0,"turns":4.0},{"damage":13.0,"enemies":"Lots of Slimes","floor":14.0,"turns":3.0},{"damage":34,"enemies":"The Guardian","floor":16,"turns":7}],"seed_played":"281409856637705908","potions_obtained":[{"floor":3.0,"key":"blueLaboratory:HorrorPotion"},{"floor":10.0,"key":"SmokeBomb"},{"floor":14.0,"key":"blueLaboratory:CreativityPotion"}],"is_trial":false,"path_per_floor":["M","$","M","?","M","R","M","R","T","M","$","R","$","M","R","B"],"character_chosen":"DEFECT","items_purchased":["MerchantsRug"],"campfire_rested":0,"item_purchase_floors":[2],"current_hp_per_floor":[69,69,61,61,54,54,54,54,54,47,47,47,47,34,34,0,0],"gold":590,"neow_bonus":"","is_daily":false,"chose_seed":false,"campfire_upgraded":4,"win_rate":0.0,"timestamp":1608062766,"path_taken":["M","$","M","?","M","R","M","R","T","M","$","R","$","M","R","BOSS"],"items_purchased_type":["Relic"],"build_version":"2020-12-13","purchased_purges":2,"victory":false,"max_hp_per_floor":[75,75,75,75,75,75,75,75,75,75,75,75,75,75,75,75,75],"card_choices":[{"not_picked":[],"picked":"Bomb","floor":0.0},{"not_picked":["Rebound","Panic Button","Coolheaded"],"picked":"SKIP","floor":1.0},{"not_picked":["Sunder","Gash","FIFO Queue"],"picked":"SKIP","floor":3.0},{"not_picked":["Cold Snap","Chill","Go for the Eyes"],"picked":"SKIP","floor":5.0},{"not_picked":["Coolheaded","BasicCrystalCard"],"picked":"Ball Lightning","floor":7.0},{"not_picked":["Beam Cell","Storm","Conserve Battery"],"picked":"SKIP","floor":10.0},{"not_picked":["Scrape","Hello World"],"picked":"Ball Lightning","floor":14.0}],"player_experience":398884,"relics_obtained":[{"floor":9.0,"key":"BookOfRevelations"}],"event_choices":[{"damage_healed":0.0,"max_hp_gain":0.0,"max_hp_loss":0.0,"gold_gain":0.0,"event_name":"Big Fish","player_choice":"Box","floor":4.0,"gold_loss":0.0,"damage_taken":0.0,"relics_obtained":["Bag of Preparation"],"cards_obtained":["Regret"]}],"is_beta":false,"boss_relics":[],"items_purged_floors":[0,11],"is_endless":false,"potions_floor_spawned":[3,10,14],"killed_by":"The Guardian","ascension_level":2}}