{"host":"i1h39d0gfh5c6uxl","time":1608057863,"event":{"mods":["AchievementEnabler","BaseMod","Colored Map","Colored Powertips","Highlight Path","Minty Spire (QoL Compilation)"],"gold_per_floor":[118,135,135,151,166,166,199,199,199,214,10,10,38,38,38,38,38],"floor_reached":16,"playtime":546,"items_purged":[],"score":220,"play_id":"36c159e9-1b2a-4d91-b68d-de115bcb810d","local_time":"20201216024423","is_ascension_mode":true,"campfire_choices":[{"floor":6.0,"key":"REST"},{"data":"Bash","floor":8.0,"key":"SMITH"},{"data":"Parasite","floor":15.0,"key":"PURGE"}],"circlet_count":0,"master_deck":["AscendersBane","Strike_R","Strike_R","Strike_R","Strike_R","Defend_R","Defend_R","Defend_R","Bash+1","Anger","Demon Form","Pommel Strike","Battle Trance","Cleave","Double Tap","Uppercut"],"relics":["Burning Blood","Magic Flower","Peace Pipe","Darkstone Periapt"],"acts_visited":["Exordium"],"potions_floor_usage":[16],"damage_taken":[{"damage":7.0,"enemies":"Jaw Worm","floor":1.0,"turns":3.0},{"damage":0.0,"enemies":"2 Louse","floor":2.0,"turns":3.0},{"damage":24.0,"enemies":"Small Slimes","floor":4.0,"turns":4.0},{"damage":11.0,"enemies":"Looter","floor":5.0,"turns":2.0},{"damage":8.0,"enemies":"Gremlin Nob","floor":7.0,"turns":3.0},{"damage":12.0,"enemies":"Large Slime","floor":10.0,"turns":3.0},{"damage":25.0,"enemies":"3 Sentries","floor":13.0,"turns":7.0},{"damage":67,"enemies":"The Guardian","floor":16,"turns":8}],"seed_played":"-7117507465179749654","potions_obtained":[{"floor":4.0,"key":"Explosive Potion"},{"floor":7.0,"key":"HeartOfIron"},{"floor":10.0,"key":"Dexterity Potion"},{"floor":13.0,"key":"Strength Potion"}],"is_trial":false,"path_per_floor":["M","M","?","M","M","R","E","R","T","M","$","$","E","?","R","B"],"character_chosen":"IRONCLAD","items_purchased":["Double Tap","Uppercut"],"campfire_rested":1,"item_purchase_floors":[11,11],"current_hp_per_floor":[67,73,66,48,43,65,63,63,63,60,60,60,44,68,68,1,1],"gold":38,"neow_bonus":"TRANSFORM_TWO_CARDS","is_daily":false,"chose_seed":false,"campfire_upgraded":1,"win_rate":0.0,"timestamp":1608057863,"path_taken":["M","M","?","M","M","R","E","R","T","M","?","$","E","?","R","BOSS"],"items_purchased_type":["Card","Card"],"build_version":"2020-12-13","purchased_purges":0,"victory":false,"max_hp_per_floor":[75,75,75,75,75,75,75,75,75,75,75,75,75,81,78,78,78],"card_choices":[{"not_picked":["Seeing Red","Heavy Blade"],"picked":"Pommel Strike","floor":1.0},{"not_picked":["Inflame","Burning Pact"],"picked":"Battle Trance","floor":2.0},{"not_picked":["Warcry","Clash","Spot Weakness"],"picked":"SKIP","floor":4.0},{"not_picked":["Body Slam","Anger","Dual Wield"],"picked":"SKIP","floor":5.0},{"not_picked":["Heavy Blade","Demon Form"],"picked":"Cleave","floor":7.0},{"not_picked":["Wild Strike","Flex","Feel No Pain"],"picked":"SKIP","floor":10.0},{"not_picked":["Bloodletting","Reckless Charge","Iron Wave"],"picked":"SKIP","floor":13.0}],"player_experience":1272721,"relics_obtained":[{"floor":7.0,"key":"Magic Flower"},{"floor":9.0,"key":"Peace Pipe"},{"floor":13.0,"key":"Darkstone Periapt"}],"event_choices":[{"cards_removed":["Shame"],"damage_healed":0.0,"max_hp_gain":0.0,"max_hp_loss":0.0,"gold_gain":0.0,"event_name":"Golden Wing","player_choice":"Card Removal","floor":3.0,"gold_loss":0.0,"damage_taken":7.0},{"damage_healed":18.0,"max_hp_gain":0.0,"max_hp_loss":0.0,"gold_gain":0.0,"event_name":"Mushrooms","player_choice":"Healed and dodged fight","floor":14.0,"gold_loss":0.0,"damage_taken":0.0,"cards_obtained":["Parasite"]}],"is_beta":false,"boss_relics":[],"items_purged_floors":[],"is_endless":false,"potions_floor_spawned":[4,7,10,13],"killed_by":"The Guardian","ascension_level":20}}