{"host":"ncjvx38sfs73mj1s","time":1608006446,"event":{"mods":["BaseMod","KinomotoSakuraMod(木之本樱)","Marisa（F雨　魔理沙）","Minty Spire (QoL Compilation)","Remilia（蕾米莉亚）","The Servant 0.9.4","Yuyuko"],"gold_per_floor":[110,110,110,128,128,128,171,192,215,229,229,126,142,166,166,291,291,314,338,353,207,207,207],"floor_reached":22,"playtime":2042,"items_purged":["Injury"],"score":238,"play_id":"089afe75-d028-4e33-99b3-9a139396daa0","local_time":"20201215122726","is_ascension_mode":false,"campfire_choices":[{"data":"Fondling of Papilio","floor":6.0,"key":"SMITH"},{"data":"Dancing Butterflies","floor":15,"key":"SMITH"}],"circlet_count":0,"master_deck":["Fantasy Butterflies","Fantasy Butterflies","Fantasy Butterflies","Fantasy Butterflies","Fantasy Butterflies","Dreamy Sakura","Dreamy Sakura","Dreamy Sakura","Dreamy Sakura","Dreamy Sakura","Deathly Ground","Faramita\u0027s Temptation","Fondling of Papilio+1","Cerasus Subhirtella","Gather the Spring","Song of Papilio","Dancing Butterflies+1","Open The Fan","Elegance","The Way to Death","Mini Ghostdom","Gone+1","Phantom Butterflies"],"relics":["Coronal","Yuyuko\u0027s fan","NeowsBlessing","Golden Idol","Strawberry","Pen Nib","PreservedInsect","Smiling Mask","Busted Crown"],"acts_visited":["Exordium","TheCity"],"potions_floor_usage":[16,22],"damage_taken":[{"damage":1.0,"enemies":"Jaw Worm","floor":1.0,"turns":1.0},{"damage":1.0,"enemies":"Small Slimes","floor":4.0,"turns":1.0},{"damage":1.0,"enemies":"Gremlin Nob","floor":7.0,"turns":1.0},{"damage":16,"enemies":"Cultist","floor":8,"turns":4},{"damage":27,"enemies":"Exordium Thugs","floor":10,"turns":4},{"damage":32,"enemies":"Large Slime","floor":13,"turns":7},{"damage":36,"enemies":"Gremlin Gang","floor":14,"turns":6},{"damage":117,"enemies":"Hexaghost","floor":16,"turns":14},{"damage":49,"enemies":"Chosen","floor":18,"turns":6},{"damage":25,"enemies":"Spheric Guardian","floor":19,"turns":3},{"damage":65,"enemies":"Centurion and Healer","floor":20,"turns":10},{"damage":37,"enemies":"Masked Bandits","floor":22,"turns":3}],"seed_played":"6917952861357697770","potions_obtained":[{"floor":1.0,"key":"PowerPotion"},{"floor":8,"key":"Firefly"},{"floor":20,"key":"Gelsemium Tea"}],"is_trial":false,"path_per_floor":["M","?","T","M","?","R","E","M","T","M","?","$","M","M","R","B",null,"M","M","M","$","?"],"character_chosen":"YUYOKO","items_purchased":["Open The Fan","Turbid Wine","Phantom Butterflies"],"campfire_rested":0,"item_purchase_floors":[12,21,21],"current_hp_per_floor":[39,39,46,45,42,42,41,39,39,36,36,36,27,36,36,25,47,19,13,25,25,0,0],"gold":207,"neow_bonus":"THREE_ENEMY_KILL","is_daily":false,"chose_seed":false,"campfire_upgraded":2,"win_rate":0.0,"timestamp":1608006446,"path_taken":["M","?","?","M","?","R","E","?","T","M","?","$","M","M","R","BOSS","M","?","M","$","?"],"items_purchased_type":["Card","Potion","Card"],"build_version":"2020-12-13","purchased_purges":1,"victory":false,"max_hp_per_floor":[40,40,47,47,47,47,47,47,47,47,47,47,47,47,47,47,47,47,47,47,47,47,47],"card_choices":[{"not_picked":["Unpaved Way","Reverse The Screen"],"picked":"Fondling of Papilio","floor":1.0},{"not_picked":["Dark Wind","Explore Ghostdom"],"picked":"Cerasus Subhirtella","floor":4.0},{"not_picked":["The Forgotten Winter","Dark Wind"],"picked":"Gather the Spring","floor":7.0},{"not_picked":["Cerasus Subhirtella","Steamed Phantom"],"picked":"Song of Papilio","floor":8},{"not_picked":["Final of Final","Wandering Soul"],"picked":"Dancing Butterflies","floor":10},{"not_picked":["Unstable Ward","Bomb","Steamed Phantom"],"picked":"SKIP","floor":13},{"not_picked":["Dying Sakura","Song of Papilio"],"picked":"Elegance","floor":14},{"not_picked":["Living to Die","Supernatural Nether"],"picked":"The Way to Death","floor":16},{"not_picked":[],"picked":"Mini Ghostdom","floor":18},{"not_picked":["Suicide"],"picked":"SKIP","floor":19},{"not_picked":[],"picked":"Gone+1","floor":20}],"player_experience":84635,"relics_obtained":[{"floor":3.0,"key":"Strawberry"},{"floor":7.0,"key":"PreservedInsect"},{"floor":9,"key":"Smiling Mask"}],"event_choices":[{"damage_healed":0.0,"max_hp_gain":0.0,"max_hp_loss":0.0,"gold_gain":0.0,"event_name":"Golden Idol","player_choice":"Take Wound","floor":2.0,"gold_loss":0.0,"damage_taken":0.0,"relics_obtained":["Golden Idol"],"cards_obtained":["Injury"]},{"damage_healed":0.0,"max_hp_gain":0.0,"max_hp_loss":0.0,"gold_gain":0.0,"event_name":"Scrap Ooze","player_choice":"Success","floor":5.0,"gold_loss":0.0,"damage_taken":3.0,"relics_obtained":["Pen Nib"]},{"damage_healed":0,"gold_gain":0,"player_choice":"Ignored","damage_taken":0,"max_hp_gain":0,"max_hp_loss":0,"event_name":"NoteForYourself","floor":11,"gold_loss":0},{"damage_healed":0,"gold_gain":0,"player_choice":"Fought Bandits","damage_taken":0,"max_hp_gain":0,"max_hp_loss":0,"event_name":"Masked Bandits","floor":22,"gold_loss":0}],"is_beta":false,"boss_relics":[{"not_picked":["Ectoplasm","Velvet Choker"],"picked":"Busted Crown"}],"items_purged_floors":[12],"is_endless":false,"potions_floor_spawned":[1,8,20],"killed_by":"Masked Bandits","ascension_level":0}}