{"host":"51f0ad793vly1w6u","time":1608032854,"event":{"mods":["BaseMod","Colored Map","DeckTracker","Minty Spire (QoL Compilation)","StSLib","SuperFastMode"],"gold_per_floor":[114,264,264,283,1,36,36,75,75,94,94,112,12,25,25,118,118,137,0,0,25,25,25],"floor_reached":22,"playtime":321,"items_purged":["Doubt","Strike_G"],"score":438,"play_id":"44170abd-1f08-49c4-93f4-d4368527ba3c","local_time":"20201215204734","is_ascension_mode":true,"campfire_choices":[{"data":"Noxious Fumes","floor":7.0,"key":"SMITH"},{"data":"Noxious Fumes","floor":11.0,"key":"SMITH"},{"data":"Neutralize","floor":15.0,"key":"SMITH"}],"circlet_count":0,"master_deck":["AscendersBane","Strike_G","Strike_G","Strike_G","Strike_G","Defend_G","Defend_G","Defend_G","Defend_G","Defend_G","Survivor","Neutralize+1","Accuracy","Slice","Noxious Fumes+1","Noxious Fumes+1","Dagger Spray+1","Eviscerate+1","Tactician","Dash+1","Burst","Dagger Throw+1"],"relics":["Ring of the Snake","NeowsBlessing","Golden Idol","Snake Skull","Potion Belt","Molten Egg 2","Letter Opener","HoveringKite"],"acts_visited":["Exordium","TheCity"],"potions_floor_usage":[],"damage_taken":[{"damage":0.0,"enemies":"Small Slimes","floor":1.0,"turns":1.0},{"damage":0.0,"enemies":"Jaw Worm","floor":4.0,"turns":1.0},{"damage":0.0,"enemies":"Gremlin Nob","floor":6.0,"turns":1.0},{"damage":7.0,"enemies":"Lagavulin","floor":8.0,"turns":6.0},{"damage":2.0,"enemies":"2 Louse","floor":10.0,"turns":3.0},{"damage":2.0,"enemies":"Gremlin Gang","floor":12.0,"turns":3.0},{"damage":6.0,"enemies":"Lots of Slimes","floor":14.0,"turns":4.0},{"damage":17.0,"enemies":"Hexaghost","floor":16.0,"turns":9.0},{"damage":23.0,"enemies":"Chosen","floor":18.0,"turns":6.0},{"damage":25,"enemies":"2 Thieves","floor":21,"turns":4},{"damage":5,"enemies":"Sentry and Sphere","floor":22,"turns":3}],"seed_played":"3764087217279495789","potions_obtained":[{"floor":10.0,"key":"Dexterity Potion"},{"floor":12.0,"key":"LiquidMemories"},{"floor":14.0,"key":"Poison Potion"},{"floor":16.0,"key":"Weak Potion"},{"floor":21,"key":"Block Potion"}],"is_trial":false,"path_per_floor":["M","?","?","M","$","E","R","E","T","M","R","M","$","M","R","B",null,"M","?","?","M","M"],"character_chosen":"THE_SILENT","items_purchased":["Noxious Fumes","Snake Skull"],"campfire_rested":0,"item_purchase_floors":[5,5],"current_hp_per_floor":[59,59,59,59,59,59,59,52,52,50,50,48,48,42,42,25,51,28,28,28,3,0,0],"gold":25,"neow_bonus":"THREE_ENEMY_KILL","is_daily":false,"chose_seed":false,"campfire_upgraded":3,"win_rate":0.0,"timestamp":1608032854,"path_taken":["M","?","?","M","$","E","R","E","T","M","R","M","$","M","R","BOSS","M","?","?","M","?"],"items_purchased_type":["Card","Relic"],"build_version":"2020-12-13","purchased_purges":2,"victory":false,"max_hp_per_floor":[66,66,60,60,60,60,60,60,60,60,60,60,60,60,60,60,60,60,60,60,60,60,60],"card_choices":[{"not_picked":["Outmaneuver","Cloak And Dagger"],"picked":"Accuracy","floor":1.0},{"not_picked":["Leg Sweep","Underhanded Strike"],"picked":"Slice","floor":4.0},{"not_picked":["Accuracy","Outmaneuver"],"picked":"Noxious Fumes","floor":6.0},{"not_picked":["Flechettes+1","Grand Finale+1"],"picked":"Dagger Spray+1","floor":8.0},{"not_picked":["Dodge and Roll","Infinite Blades"],"picked":"Eviscerate+1","floor":10.0},{"not_picked":["Distraction","Underhanded Strike+1"],"picked":"Tactician","floor":12.0},{"not_picked":["Underhanded Strike+1","Cloak And Dagger"],"picked":"Dash+1","floor":14.0},{"not_picked":["Wraith Form v2","Doppelganger"],"picked":"Burst","floor":16.0},{"not_picked":["Blade Dance","Outmaneuver"],"picked":"Dagger Throw+1","floor":18.0},{"not_picked":["Sucker Punch+1","Leg Sweep","Blade Dance"],"picked":"SKIP","floor":21}],"player_experience":1365503,"relics_obtained":[{"floor":6.0,"key":"Potion Belt"},{"floor":8.0,"key":"Molten Egg 2"},{"floor":9.0,"key":"Letter Opener"}],"event_choices":[{"damage_healed":0.0,"max_hp_gain":0.0,"max_hp_loss":0.0,"gold_gain":150.0,"event_name":"Liars Game","player_choice":"AGREE","floor":2.0,"gold_loss":0.0,"damage_taken":0.0,"cards_obtained":["Doubt"]},{"damage_healed":0.0,"max_hp_gain":0.0,"max_hp_loss":6.0,"gold_gain":0.0,"event_name":"Golden Idol","player_choice":"Lose Max HP","floor":3.0,"gold_loss":0.0,"damage_taken":0.0,"relics_obtained":["Golden Idol"]},{"damage_healed":0,"gold_gain":0,"player_choice":"Paid Fearfully","damage_taken":0,"max_hp_gain":0,"max_hp_loss":0,"event_name":"Masked Bandits","floor":19,"gold_loss":137},{"damage_healed":0,"gold_gain":0,"player_choice":"Ignored","damage_taken":0,"max_hp_gain":0,"max_hp_loss":0,"event_name":"WeMeetAgain","floor":20,"gold_loss":0}],"is_beta":false,"boss_relics":[{"not_picked":["Velvet Choker","Fusion Hammer"],"picked":"HoveringKite"}],"items_purged_floors":[5,13],"is_endless":false,"potions_floor_spawned":[10,12,14,16,21],"killed_by":"Sentry and Sphere","ascension_level":20}}