{"host":"nukjzc0ca34w6eem","time":1608047215,"event":{"mods":["2.2 Compatiblity","AchievementEnabler","BaseMod","Colored Powertips","Downfall","Minty Spire (QoL Compilation)","StSLib"],"gold_per_floor":[99,99,24,24,24,35,35,53,70,96,107,107,124,136,147,147,147],"floor_reached":16,"playtime":1027,"items_purged":[],"score":130,"play_id":"41a90c42-7824-404c-b12d-34e34faecf17","local_time":"20201215074655","is_ascension_mode":true,"campfire_choices":[{"floor":1,"key":"RECALL"},{"data":"Guardian:TwinSlam","floor":3,"key":"SMITH"}],"circlet_count":0,"master_deck":["Guardian:Strike_Guardian","Guardian:Strike_Guardian","Guardian:Strike_Guardian","Guardian:Defend_Guardian","Guardian:Defend_Guardian","Guardian:Defend_Guardian","Guardian:Defend_Guardian","Guardian:CurlUp","Guardian:TwinSlam+1","Guardian:Planning","Guardian:PrismaticBeam","Guardian:Gem_Fragmented","Guardian:Gem_Lightblue","Guardian:Gem_Green","Guardian:Gem_Red","Guardian:Incinerate"],"relics":["Guardian:ModeShifter","downfall:HeartsMalice","downfall:HeartBlessingRed","Turnip"],"acts_visited":["Exordium"],"potions_floor_usage":[10,14,16],"damage_taken":[{"damage":0,"enemies":"Cultist","floor":2,"turns":1},{"damage":0,"enemies":"Jaw Worm","floor":4,"turns":1},{"damage":0,"enemies":"2 Louse","floor":5,"turns":1},{"damage":7,"enemies":"Lots of Slimes","floor":6,"turns":4},{"damage":3,"enemies":"Blue Slaver","floor":8,"turns":3},{"damage":7,"enemies":"Exordium Wildlife","floor":9,"turns":4},{"damage":26,"enemies":"Lagavulin","floor":10,"turns":6},{"damage":10,"enemies":"2 Fungi Beasts","floor":11,"turns":3},{"damage":5,"enemies":"Large Slime","floor":13,"turns":6},{"damage":0,"enemies":"Gremlin Gang","floor":14,"turns":3},{"damage":5,"enemies":"Blue Slaver","floor":15,"turns":3},{"damage":15,"enemies":"downfall:Ironclad","floor":16,"turns":3}],"seed_played":"84978732894963376","potions_obtained":[{"floor":6,"key":"SmokeBomb"},{"floor":8,"key":"Explosive Potion"},{"floor":9,"key":"Slimebound:ThreeZeroPotion"},{"floor":11,"key":"SteroidPotion"},{"floor":14,"key":"GamblersBrew"}],"is_trial":false,"path_per_floor":["R","M","R","M","M","M","T","M","M","E","M","?","M","M","M","B"],"character_chosen":"GUARDIAN","items_purchased":[],"campfire_rested":0,"item_purchase_floors":[],"current_hp_per_floor":[80,80,80,80,80,73,73,70,63,37,27,27,22,22,17,2,2],"gold":147,"neow_bonus":"THREE_ENEMY_KILL","is_daily":false,"chose_seed":false,"campfire_upgraded":1,"win_rate":0.0,"timestamp":1608047215,"path_taken":["R","M","R","M","M","M","T","?","M","E","M","?","M","M","M","BOSS"],"items_purchased_type":[],"build_version":"2020-12-13","purchased_purges":0,"victory":false,"max_hp_per_floor":[80,80,80,80,80,80,80,80,80,80,80,80,80,80,80,80,80],"card_choices":[{"not_picked":["Guardian:CrystalBeam","Guardian:ChargeCore"],"picked":"Guardian:Planning","floor":2},{"not_picked":["Guardian:Recover","Guardian:ArmoredProtocol","Guardian:Repulse"],"picked":"SKIP","floor":4},{"not_picked":["Guardian:PrismaticBarrier","Guardian:HyperBeam_Guardian"],"picked":"Guardian:PrismaticBeam","floor":5},{"not_picked":["Guardian:FuturePlans","Guardian:ChargeCore"],"picked":"Guardian:Gem_Fragmented","floor":6},{"not_picked":["Guardian:CrystalBeam","Guardian:MultiBeam"],"picked":"Guardian:Gem_Lightblue","floor":8},{"not_picked":["Guardian:PrimingBeam","Guardian:TemporalStrike","Guardian:ShieldCharger"],"picked":"SKIP","floor":9},{"not_picked":["Guardian:ChargeCore","Guardian:Reroute","Guardian:ChargeUp"],"picked":"SKIP","floor":10},{"not_picked":["Guardian:ChargeCore","Guardian:WalkerClaw","Guardian:StasisEngine"],"picked":"SKIP","floor":11},{"not_picked":["Guardian:ChargeCore","Guardian:ChargeUp"],"picked":"Guardian:Gem_Green","floor":13},{"not_picked":["Guardian:ShieldCharger","Guardian:Planning"],"picked":"Guardian:Gem_Red","floor":14},{"not_picked":["Guardian:ArmoredProtocol","Guardian:ChargeUp"],"picked":"Guardian:Incinerate","floor":15}],"player_experience":416020,"relics_obtained":[{"floor":10,"key":"Turnip"}],"event_choices":[{"cards_removed":["Guardian:Strike_Guardian"],"damage_healed":0,"gold_gain":0,"player_choice":"Card Removal","damage_taken":0,"max_hp_gain":0,"max_hp_loss":0,"event_name":"The Cleric","floor":12,"gold_loss":0}],"is_beta":false,"boss_relics":[],"items_purged_floors":[],"is_endless":false,"potions_floor_spawned":[6,8,9,11,14],"killed_by":"downfall:Ironclad","ascension_level":5}}