{"host":"ooetke516h53yqww","time":1608039026,"event":{"mods":["2.2 Compatiblity","Abigail Mod","Act Like it!","Astrologer","Bartender","BaseMod","Beaked The Cultist","Better Match","Better Third Choice","Conspire","Elementarium","Friendly Minions","Hallownest","Hermit","HololiveMod","Hubris","Kiyohime????","Lobotomy","LobotomyExtend","Mari Mod (Legacy)","Mari\u0027s V1 Patch","Menagerie","Minty Spire (QoL Compilation)","Prisma Mod","Random Character Button","Replay The Spire","Robot Space Explorer","Spicy Shops","StSLib","Td1madao Mod","The Alterego","The Bug Knight","The Poker Player","The Senshi","TheSwordswoman","Uncapped","WarShipGirlsR/????R mod","Yohane!","???????????mod"],"gold_per_floor":[119,132,51,69,88,123,123,153,153,184,184,194,205,130,130,235,235,247,522,533,546,560,587,587,620,620,620,21,52,52,67,67,171,171,184,184,184,202,222,255,255,283,283,312,330,362,376,386,386,386],"floor_reached":51,"playtime":3935,"items_purged":["alterego_mod:Strike"],"score":1003,"play_id":"7edf71ec-2acc-4269-8773-16e99c0434bc","local_time":"20201215223026","is_ascension_mode":true,"campfire_choices":[{"data":"alterego_mod:TrashNCrash","floor":7.0,"key":"SMITH"},{"data":"alterego_mod:BusterCard","floor":11.0,"key":"SMITH"},{"data":"Hallownest:skillGreenpathMap","floor":15.0,"key":"SMITH"},{"data":"alterego_mod:Rake","floor":24.0,"key":"SMITH"},{"data":"alterego_mod:BreastValley","floor":27.0,"key":"SMITH"},{"data":"alterego_mod:Palingenesis","floor":30.0,"key":"SMITH"},{"data":"alterego_mod:Undulate","floor":41,"key":"SMITH"},{"floor":49,"key":"RECALL"}],"circlet_count":1,"master_deck":["alterego_mod:Strike","alterego_mod:Strike","alterego_mod:Defend","alterego_mod:Defend","alterego_mod:Defend","alterego_mod:Defend","alterego_mod:Impale","alterego_mod:BigMeatyClaws","alterego_mod:BrynhildrsRune","alterego_mod:Maid","alterego_mod:Undulate+1","alterego_mod:Birthday+1","alterego_mod:Bounce","alterego_mod:ChallengeComplete","alterego_mod:TrashNCrash+1","alterego_mod:BusterCard+1","alterego_mod:Rip+1","alterego_mod:ChallengeComplete","alterego_mod:BreastValley+1","Hallownest:skillGreenpathMap+1","alterego_mod:Palingenesis+1","alterego_mod:Bloomers","Regret","alterego_mod:Rake+1","alterego_mod:Undulate+1","alterego_mod:Clap+1","alterego_mod:BreastValley+1","alterego_mod:Birthday+1","alterego_mod:Schoolgirl+1","alterego_mod:Rake","alterego_mod:PainIsPleasure","alterego_mod:MagicResistance+1","alterego_mod:Undulate+1","alterego_mod:TrashNCrash+1","alterego_mod:MagicResistance+1","alterego_mod:Pet+1","alterego_mod:Pet+1","alterego_mod:IndependentAction+1","alterego_mod:Bloomers+1","alterego_mod:Bloomers+1","alterego_mod:Bounce+1","alterego_mod:Bunnysuit+1"],"relics":["alterego_mod:MasochisticConstitution","HollowMod:PaleOreRelic","Bird Faced Urn","conspire:Boomerang","Ancient Tea Set","hubris:TerracottaHorce","Regal Pillow","Question Card","Blue Candle","Toxic Egg 2","OrangePellets","Circlet","Replay:Grab Bag","Sozu","beaked:SacredNecklace","Runic Pyramid","conspire:SpecialSausage","Gremlin Horn","Happy Flower","Frozen Egg 2"],"acts_visited":["Hallownest:Greenpath","TheCity","TheBeyond"],"potions_floor_usage":[],"damage_taken":[{"damage":10.0,"enemies":"2_ Uuma","floor":1.0,"turns":8.0},{"damage":5.0,"enemies":"Hallownest:2_Baldur","floor":2.0,"turns":5.0},{"damage":1.0,"enemies":"Hallownest:monsterHuskWarrior","floor":4.0,"turns":4.0},{"damage":17.0,"enemies":"Hallownest:Guard_and_Warrior","floor":5.0,"turns":6.0},{"damage":12.0,"enemies":"Hallownest:eliteMossKnight","floor":6.0,"turns":12.0},{"damage":3.0,"enemies":"Hallownest:eliteVengeflyKing","floor":8.0,"turns":8.0},{"damage":20.0,"enemies":"Hallownest:eliteCrystalGuardian","floor":10.0,"turns":4.0},{"damage":28.0,"enemies":"Hallownest:1_Ooma_and_2_Uuma","floor":12.0,"turns":5.0},{"damage":9.0,"enemies":"Hallownest:monsterFoolEater","floor":13.0,"turns":4.0},{"damage":27.0,"enemies":"Hallownest:BossFalseKnight","floor":16.0,"turns":9.0},{"damage":1.0,"enemies":"3 Byrds","floor":18.0,"turns":7.0},{"damage":22.0,"enemies":"3 Cultists","floor":20.0,"turns":6.0},{"damage":26.0,"enemies":"Chosen and Byrds","floor":21.0,"turns":8.0},{"damage":51.0,"enemies":"Snake Plant","floor":22.0,"turns":6.0},{"damage":25.0,"enemies":"conspire:Head Lice","floor":23.0,"turns":7.0},{"damage":30.0,"enemies":"Slavers","floor":25.0,"turns":7.0},{"damage":36.0,"enemies":"Book of Stabbing","floor":29.0,"turns":7.0},{"damage":25.0,"enemies":"Centurion and Healer","floor":31.0,"turns":9.0},{"damage":51.0,"enemies":"Collector","floor":33.0,"turns":12.0},{"damage":26.0,"enemies":"3 Darklings","floor":35.0,"turns":5.0},{"damage":9.0,"enemies":"3 Shapes","floor":38.0,"turns":5.0},{"damage":36,"enemies":"Writhing Mass","floor":39,"turns":8},{"damage":11,"enemies":"beaked:SuperParasite","floor":40,"turns":8},{"damage":45,"enemies":"Nemesis","floor":42,"turns":11},{"damage":4,"enemies":"Giant Head","floor":44,"turns":8},{"damage":23,"enemies":"Spire Growth","floor":45,"turns":7},{"damage":15,"enemies":"Nemesis","floor":46,"turns":9},{"damage":12,"enemies":"Maw","floor":47,"turns":10},{"damage":2,"enemies":"Sphere and 2 Shapes","floor":48,"turns":5},{"damage":25,"enemies":"Time Eater","floor":50,"turns":16},{"damage":112,"enemies":"Malkuth","floor":51,"turns":12},{"damage":82,"enemies":"Netzach","floor":51,"turns":11},{"damage":26,"enemies":"Geburah","floor":51,"turns":12}],"seed_played":"8907210518598039496","potions_obtained":[{"floor":1.0,"key":"LifebloodPotion"},{"floor":8.0,"key":"Fire Potion"},{"floor":10.0,"key":"Explosive Potion"},{"floor":13.0,"key":"Explosive Potion"},{"floor":20.0,"key":"SteroidPotion"},{"floor":21.0,"key":"PowerPotion"},{"floor":25.0,"key":"Energy Potion"},{"floor":29.0,"key":"EntropicBrew"}],"is_trial":false,"path_per_floor":["M","M","$","M","M","E","R","E","T","E","R","M","M","?","R","B",null,"M","?","M","M","M","E","R","E","T","R","$","E","R","M","R","B",null,"M","?","?","M","M","E","R","E","T","E","M","E","M","M","R","B",null],"character_chosen":"The_Alterego","items_purchased":["alterego_mod:Birthday+1","alterego_mod:Bounce","Toxic Egg 2","OrangePellets","alterego_mod:Birthday+1","alterego_mod:Schoolgirl+1"],"campfire_rested":0,"item_purchase_floors":[3,3,28,28,28,28],"current_hp_per_floor":[68,71,71,72,59,51,51,59,59,45,45,23,29,29,29,19,65,72,72,60,60,28,41,41,35,35,35,35,16,16,37,78,83,88,90,68,90,91,72,85,85,55,55,95,96,87,98,99,99,91],"gold":386,"neow_bonus":"REMOVE_CARD","is_daily":false,"chose_seed":false,"campfire_upgraded":7,"win_rate":0.0,"timestamp":1608039026,"path_taken":["M","M","$","M","?","E","R","E","T","E","R","M","M","?","R","BOSS","M","?","M","?","M","E","R","E","T","R","$","E","R","M","R","BOSS","M","?","?","M","M","E","R","E","T","E","M","E","?","M","R","BOSS"],"items_purchased_type":["Card","Card","Relic","Relic","Card","Card"],"build_version":"2020-12-13","purchased_purges":1,"victory":true,"max_hp_per_floor":[71,72,72,73,74,75,75,76,76,77,77,78,79,79,79,80,80,81,81,82,83,84,85,85,86,86,86,86,87,87,88,88,89,89,90,90,90,91,92,93,93,94,94,95,96,97,98,99,99,100],"card_choices":[{"not_picked":["alterego_mod:Stockings","alterego_mod:Bunnysuit"],"picked":"alterego_mod:Maid","floor":1.0},{"not_picked":["alterego_mod:Schoolgirl","alterego_mod:ChallengeComplete"],"picked":"alterego_mod:Undulate","floor":2.0},{"not_picked":["alterego_mod:Swimsuit","alterego_mod:PerceptionDisorder","alterego_mod:Cycle"],"picked":"SKIP","floor":4.0},{"not_picked":["alterego_mod:DustData","alterego_mod:Skirt"],"picked":"alterego_mod:ChallengeComplete","floor":5.0},{"not_picked":["alterego_mod:MaintainEyeContact","alterego_mod:Valentines"],"picked":"alterego_mod:TrashNCrash","floor":6.0},{"not_picked":["alterego_mod:DeftHands","alterego_mod:Bounce"],"picked":"alterego_mod:BusterCard","floor":8.0},{"not_picked":["alterego_mod:Collar","alterego_mod:Lingerie"],"picked":"alterego_mod:Rip","floor":10.0},{"not_picked":["alterego_mod:GoddessCore","alterego_mod:DestructionOfProperty"],"picked":"alterego_mod:ChallengeComplete","floor":12.0},{"not_picked":["alterego_mod:SuperDuperMasochism","alterego_mod:DiscoLights"],"picked":"alterego_mod:BreastValley","floor":13.0},{"not_picked":["alterego_mod:VirginLaserPalladion","alterego_mod:InsideBaseball"],"picked":"alterego_mod:Palingenesis","floor":16.0},{"not_picked":["alterego_mod:Pet+1","alterego_mod:HighServant+1"],"picked":"alterego_mod:Bloomers","floor":18.0},{"not_picked":["alterego_mod:Jiggle+1","alterego_mod:Skirt+1"],"picked":"alterego_mod:Rake","floor":20.0},{"not_picked":["alterego_mod:Bloomers","alterego_mod:Complex"],"picked":"alterego_mod:Undulate+1","floor":21.0},{"not_picked":["alterego_mod:BiFurious+1","alterego_mod:Skirt"],"picked":"alterego_mod:Clap+1","floor":22.0},{"not_picked":["alterego_mod:Lingerie+1","alterego_mod:DustData","alterego_mod:Belle+1"],"picked":"SKIP","floor":23.0},{"not_picked":["alterego_mod:MagicResistance+1","alterego_mod:Cushion"],"picked":"alterego_mod:BreastValley+1","floor":25.0},{"not_picked":["alterego_mod:MagicResistance+1","alterego_mod:Cycle+1","alterego_mod:BiFurious"],"picked":"alterego_mod:Rake","floor":29.0},{"not_picked":["alterego_mod:HighServant+1","alterego_mod:Maid","alterego_mod:Skirt","alterego_mod:DestructionOfProperty+1"],"picked":"SKIP","floor":31.0},{"not_picked":["alterego_mod:Valkyrie","alterego_mod:GIGAMILK+1","alterego_mod:Venus"],"picked":"alterego_mod:PainIsPleasure","floor":33.0},{"not_picked":["alterego_mod:SuperDuperMasochism+1","alterego_mod:Skirt+1","alterego_mod:SakuraFive+1","alterego_mod:GoddessCore"],"picked":"SKIP","floor":35.0},{"not_picked":["alterego_mod:Crossover+1","alterego_mod:Maid","alterego_mod:Pet+1"],"picked":"alterego_mod:MagicResistance+1","floor":36.0},{"not_picked":["alterego_mod:Rip","alterego_mod:Maid+1","alterego_mod:Mirror+1"],"picked":"alterego_mod:Undulate+1","floor":36.0},{"not_picked":["alterego_mod:Rip","alterego_mod:Cooking+1","alterego_mod:1TonWallop+1"],"picked":"alterego_mod:TrashNCrash+1","floor":36.0},{"not_picked":["alterego_mod:Cooking+1","alterego_mod:MaintainEyeContact+1","alterego_mod:RingBreak"],"picked":"alterego_mod:MagicResistance+1","floor":38.0},{"not_picked":["alterego_mod:Bloomers+1","alterego_mod:Bounce+1","alterego_mod:Swimsuit+1"],"picked":"alterego_mod:Pet+1","floor":39},{"not_picked":["alterego_mod:Maid+1","alterego_mod:Punishment","alterego_mod:Mirror+1"],"picked":"alterego_mod:Pet+1","floor":40},{"not_picked":["alterego_mod:Exercise","alterego_mod:GachaTicket+1","alterego_mod:DestructionOfProperty+1"],"picked":"alterego_mod:IndependentAction+1","floor":42},{"not_picked":["alterego_mod:Bounce+1","alterego_mod:Skirt+1","alterego_mod:BiFurious"],"picked":"alterego_mod:Bloomers+1","floor":44},{"not_picked":["alterego_mod:Belts","alterego_mod:Mirror+1","alterego_mod:Skirt","alterego_mod:DestructionOfProperty+1"],"picked":"SKIP","floor":45},{"not_picked":["alterego_mod:Crossover+1","alterego_mod:InsideBaseball+1","alterego_mod:HighServant+1"],"picked":"alterego_mod:Bloomers+1","floor":46},{"not_picked":["alterego_mod:Undulate+1","alterego_mod:BiFurious+1","alterego_mod:HighServant+1"],"picked":"alterego_mod:Bounce+1","floor":47},{"not_picked":["alterego_mod:Smother+1","alterego_mod:HighServant+1","alterego_mod:GachaTicket+1"],"picked":"alterego_mod:Bunnysuit+1","floor":48}],"player_experience":1486545,"relics_obtained":[{"floor":6.0,"key":"HollowMod:PaleOreRelic"},{"floor":8.0,"key":"Bird Faced Urn"},{"floor":9.0,"key":"conspire:Boomerang"},{"floor":10.0,"key":"Ancient Tea Set"},{"floor":23.0,"key":"Regal Pillow"},{"floor":25.0,"key":"Question Card"},{"floor":26.0,"key":"Blue Candle"},{"floor":29.0,"key":"Dead Branch"},{"floor":40,"key":"Gremlin Horn"},{"floor":42,"key":"Happy Flower"},{"floor":46,"key":"Frozen Egg 2"}],"event_choices":[{"damage_healed":0.0,"max_hp_gain":0.0,"max_hp_loss":0.0,"gold_gain":275.0,"event_name":"Golden Shrine","player_choice":"Desecrate","floor":19.0,"gold_loss":0.0,"damage_taken":0.0,"cards_obtained":["Regret"]},{"damage_healed":22.0,"max_hp_gain":0.0,"max_hp_loss":0.0,"gold_gain":0.0,"event_name":"Wheel of Change","player_choice":"Full Heal","floor":37.0,"gold_loss":0.0,"damage_taken":0.0}],"is_beta":false,"boss_relics":[{"not_picked":["Calling Bell","Replay:Ancient Bell"],"picked":"hubris:TerracottaHorce"},{"not_picked":["SlaversCollar","Replay:Wanted Poster"],"picked":"Replay:Grab Bag"},{"not_picked":["conspire:SeveredTorchhead","ChewingGum"],"picked":"Sozu"},{"not_picked":["Philosopher\u0027s Stone","ReplayTheSpireMod:Onyx Gauntlets"],"picked":"beaked:SacredNecklace"},{"not_picked":["Hololive_TopUpMoneyS","hubris:Backtick"],"picked":"Runic Pyramid"},{"not_picked":["Astrolabe","hubris:ScarierMask"],"picked":"conspire:SpecialSausage"}],"items_purged_floors":[28],"is_endless":false,"potions_floor_spawned":[1,8,10,13,16,20,21,25,29,38,45,47,48],"ascension_level":2}}