{"host":"bjzqjr1ycgj8gt55","time":1608001089,"event":{"mods":["BaseMod","Better Altar","Better Match","Better Sensory Stone","Better Skull","Better Third Choice","Better Vampires","Block Reminder","Colored Map","Colored Powertips","Downfall","GifTheSpireLib","Minty Spire (QoL Compilation)","Shop Mod","StSLib","Waifu the Spire"],"gold_per_floor":[99,114,114,114,132,151,205,205,223,223,233,249,30,45,64,162,162,87,116,135,135,135,235,287,307,318,243,258,269,269,285,299,404,404,404,404,419,73,87,98,98,115,115,126,138,62,62,62,80,80],"floor_reached":51,"playtime":2348,"items_purged":["Regret","Guardian:Defend_Guardian"],"score":744,"play_id":"5ae6a2b2-d044-4727-a0bb-f52e95679b80","local_time":"20201214205809","is_ascension_mode":false,"campfire_choices":[{"data":"Guardian:TwinSlam","floor":1.0,"key":"SMITH"},{"data":"Guardian:ChargeUp","floor":3.0,"key":"SMITH"},{"data":"Guardian:Orbwalk","floor":8.0,"key":"SMITH"},{"floor":10.0,"key":"RECALL"},{"data":"Guardian:Suspension","floor":18.0,"key":"SMITH"},{"data":"Guardian:PrimingBeam","floor":22.0,"key":"SMITH"},{"floor":27.0,"key":"REST"},{"floor":35.0,"key":"REST"},{"floor":43.0,"key":"REST"}],"circlet_count":0,"master_deck":["Guardian:Defend_Guardian","Guardian:Defend_Guardian","Guardian:Defend_Guardian","Guardian:CurlUp+1","Guardian:TwinSlam+1","Guardian:ChargeUp+1","Guardian:Orbwalk+1","Guardian:Planning","Guardian:Suspension+1","Guardian:VentSteam","Guardian:GatlingBeam","Guardian:PrimingBeam+1","Guardian:PolyBeam","Guardian:ChargeCore","Guardian:BaubleBeam","CurseOfTheBell","Guardian:TimeCapacitor","Guardian:Emergency+1","Bite+1","Bite+1","Bite+1","Bite+1","Guardian:PiercingHide+1","Guardian:Orbwalk","Guardian:BronzeArmor","Guardian:SentryBeam+1","Guardian:TimeSifter","Guardian:MultiBeam+1","Guardian:RefractedBeam+1","Guardian:RefractedBeam+1","Guardian:TemporalShield","Guardian:Suspension+1","Guardian:PrimingBeam+1","Guardian:FloatingOrbs","Guardian:FloatingOrbs+1","Guardian:PrimingBeam+1","expansioncontent:CaCaw","Guardian:PolyBeam+1","Guardian:WalkerClaw+1","Guardian:TemporalShield","Guardian:Harden","expansioncontent:DefensiveStance","expansioncontent:DefensiveStance","Guardian:ShieldSpikes+1"],"relics":["Guardian:ModeShifter","Vajra","Calling Bell","Potion Belt","Molten Egg 2","Du-Vu Doll","downfall:HeartBlessingRed","Bottled Flame","Ginger","Gremlin Horn","downfall:HeartBlessingBlue","Fusion Hammer","Chemical X","Boot"],"acts_visited":["Exordium","TheCity","TheBeyond"],"potions_floor_usage":[49,50,50,50,50,50],"damage_taken":[{"damage":0.0,"enemies":"Small Slimes","floor":2.0,"turns":3.0},{"damage":2.0,"enemies":"2 Louse","floor":5.0,"turns":3.0},{"damage":2.0,"enemies":"Jaw Worm","floor":6.0,"turns":3.0},{"damage":19.0,"enemies":"Gremlin Gang","floor":9.0,"turns":6.0},{"damage":8.0,"enemies":"2 Fungi Beasts","floor":11.0,"turns":4.0},{"damage":3.0,"enemies":"3 Louse","floor":12.0,"turns":4.0},{"damage":0.0,"enemies":"downfall:FleeingMerchant","floor":13.0,"turns":4.0},{"damage":2.0,"enemies":"Blue Slaver","floor":14.0,"turns":3.0},{"damage":4.0,"enemies":"2 Fungi Beasts","floor":15.0,"turns":3.0},{"damage":18.0,"enemies":"downfall:Watcher","floor":16.0,"turns":6.0},{"damage":38.0,"enemies":"Slavers","floor":19.0,"turns":5.0},{"damage":10.0,"enemies":"Chosen","floor":20.0,"turns":4.0},{"damage":18.0,"enemies":"downfall:Silent","floor":23.0,"turns":4.0},{"damage":10.0,"enemies":"3 Byrds","floor":25.0,"turns":4.0},{"damage":3.0,"enemies":"Centurion and Healer","floor":26.0,"turns":4.0},{"damage":19.0,"enemies":"3 Cultists","floor":28.0,"turns":6.0},{"damage":13.0,"enemies":"Snake Plant","floor":29.0,"turns":3.0},{"damage":5.0,"enemies":"Centurion and Healer","floor":31.0,"turns":3.0},{"damage":0.0,"enemies":"Sentry and Sphere","floor":32.0,"turns":3.0},{"damage":17.0,"enemies":"downfall:Defect","floor":33.0,"turns":7.0},{"damage":0.0,"enemies":"2 Orb Walkers","floor":36.0,"turns":1.0},{"damage":3.0,"enemies":"3 Shapes","floor":37.0,"turns":5.0},{"damage":9.0,"enemies":"downfall:FleeingMerchant","floor":38.0,"turns":4.0},{"damage":14.0,"enemies":"3 Darklings","floor":39.0,"turns":2.0},{"damage":30.0,"enemies":"Sphere and 2 Shapes","floor":40.0,"turns":4.0},{"damage":20.0,"enemies":"Maw","floor":42.0,"turns":5.0},{"damage":23.0,"enemies":"4 Shapes","floor":44.0,"turns":5.0},{"damage":10.0,"enemies":"Writhing Mass","floor":45.0,"turns":3.0},{"damage":11.0,"enemies":"downfall:FleeingMerchant","floor":46.0,"turns":4.0},{"damage":6,"enemies":"Maw","floor":49,"turns":4},{"damage":11,"enemies":"downfall:Ironclad","floor":50,"turns":10}],"seed_played":"2364595869234928874","potions_obtained":[{"floor":2.0,"key":"Regen Potion"},{"floor":6.0,"key":"Dexterity Potion"},{"floor":9.0,"key":"Block Potion"},{"floor":11.0,"key":"FearPotion"},{"floor":19.0,"key":"SpeedPotion"},{"floor":28.0,"key":"Block Potion"},{"floor":30.0,"key":"Ancient Potion"},{"floor":30.0,"key":"SmokeBomb"},{"floor":39.0,"key":"champ:CounterPotion"},{"floor":44.0,"key":"FearPotion"},{"floor":45.0,"key":"Weak Potion"},{"floor":49,"key":"sneckomod:MuddlingPotion"}],"is_trial":false,"path_per_floor":["R","M","R","?","M","M","T","R","M","R","M","M","$","M","M","B",null,"R","E","M","?","R","?","T","M","M","R","M","M","?","M","M","B",null,"R","?","M","$","M","M","T","M","R","M","M","$","?","?","M","B",null],"character_chosen":"GUARDIAN","items_purchased":["Guardian:PrimingBeam","Guardian:PolyBeam","Guardian:RefractedBeam+1","Guardian:TemporalShield","Chemical X","expansioncontent:CaCaw","Guardian:PolyBeam+1","SpeedPotion","Swift Potion","Guardian:WalkerClaw+1","Guardian:TemporalShield","Guardian:Harden"],"campfire_rested":3,"item_purchase_floors":[13,13,38,38,38,46,46,46,46,46,46,46],"current_hp_per_floor":[88,88,88,88,86,84,84,84,65,65,57,54,54,52,48,30,88,88,50,40,40,40,28,28,24,33,65,64,54,54,58,61,56,76,76,76,73,70,59,35,35,24,46,23,22,17,17,17,11,6],"gold":80,"neow_bonus":"TEN_PERCENT_HP_BONUS","is_daily":false,"chose_seed":false,"campfire_upgraded":5,"win_rate":0.0,"timestamp":1608001089,"path_taken":["R","M","R","?","M","M","T","R","M","R","M","M","$","M","M","BOSS","R","E","M","?","R","?","T","M","M","R","M","M","?","?","M","BOSS","R","?","M","$","M","M","T","M","R","M","M","$","?","?","M","BOSS"],"items_purchased_type":["Card","Card","Card","Card","Relic","Card","Card","Potion","Potion","Card","Card","Card"],"build_version":"2020-12-13","purchased_purges":2,"victory":true,"max_hp_per_floor":[88,88,88,88,88,88,88,88,88,88,88,88,88,88,88,88,88,88,88,88,66,66,66,66,66,66,76,76,76,76,76,76,76,76,76,76,76,76,76,76,76,76,76,76,76,76,76,76,76,76],"card_choices":[{"not_picked":["Guardian:RollAttack","Guardian:ShieldSpikes"],"picked":"Guardian:ChargeUp","floor":2.0},{"not_picked":["Guardian:EvasiveProtocol","Guardian:ShieldCharger"],"picked":"Guardian:Gem_Crimson","floor":5.0},{"not_picked":["Guardian:Emergency","Guardian:Gem_Cyan"],"picked":"Guardian:Orbwalk","floor":6.0},{"not_picked":["Guardian:Repulse","Guardian:ChargeCore"],"picked":"Guardian:Planning","floor":9.0},{"not_picked":["Guardian:GuardianWhirl","Guardian:Gem_White"],"picked":"Guardian:Suspension","floor":11.0},{"not_picked":["Guardian:Repulse","Guardian:CrystalBeam"],"picked":"Guardian:VentSteam","floor":12.0},{"not_picked":["Guardian:DonusPower","Guardian:Planning"],"picked":"Guardian:GatlingBeam","floor":13.0},{"not_picked":["Guardian:CrystalBeam","Guardian:VentSteam"],"picked":"Guardian:Gem_Green","floor":14.0},{"not_picked":["Guardian:Gem_Lightblue","Guardian:Incinerate"],"picked":"Guardian:ChargeCore","floor":15.0},{"not_picked":["Guardian:SphericShield","Guardian:AncientConstruct"],"picked":"Guardian:BaubleBeam","floor":16.0},{"not_picked":["Guardian:RollAttack+1","Guardian:ShieldCharger+1"],"picked":"Guardian:TimeCapacitor","floor":19.0},{"not_picked":["Guardian:Reroute+1","Guardian:PrismaticBarrier"],"picked":"Guardian:Emergency+1","floor":20.0},{"not_picked":["Guardian:Harden+1","Guardian:Recover"],"picked":"Guardian:Gem_Cyan","floor":23.0},{"not_picked":["Guardian:ChargeCore+1","Guardian:TemporalStrike+1"],"picked":"Guardian:PiercingHide+1","floor":25.0},{"not_picked":["Guardian:Recover","Guardian:DonusPower"],"picked":"Guardian:Orbwalk","floor":26.0},{"not_picked":["Guardian:TemporalShield","Guardian:VentSteam"],"picked":"Guardian:Gem_Orange","floor":28.0},{"not_picked":["Guardian:Gem_Green","Guardian:Incinerate+1"],"picked":"Guardian:BronzeArmor","floor":29.0},{"not_picked":["Guardian:Gem_Purple","Guardian:PrismaticBarrier","Guardian:CrystalBeam+1"],"picked":"SKIP","floor":31.0},{"not_picked":["Guardian:MultiBeam+1","Guardian:TemporalShield"],"picked":"Guardian:SentryBeam+1","floor":32.0},{"not_picked":["Guardian:FastForward","Guardian:Gem_Orange"],"picked":"Guardian:TimeSifter","floor":33.0},{"not_picked":["Guardian:Reroute+1","Guardian:Gem_Lightblue"],"picked":"Guardian:MultiBeam+1","floor":37.0},{"not_picked":["Guardian:Gem_Crimson","Guardian:PiercingHide"],"picked":"Guardian:RefractedBeam+1","floor":38.0},{"not_picked":["Guardian:ConstructionForm","Guardian:Gem_Lightblue"],"picked":"Guardian:Suspension+1","floor":39.0},{"not_picked":["Guardian:ChargeCore+1","Guardian:Planning+1"],"picked":"Guardian:PrimingBeam+1","floor":40.0},{"not_picked":["Guardian:Reroute+1","Guardian:Incinerate+1","Guardian:RollAttack+1"],"picked":"SKIP","floor":42.0},{"not_picked":["Guardian:Gem_Blue","Guardian:DecasProtection+1"],"picked":"Guardian:FloatingOrbs","floor":44.0},{"not_picked":["Guardian:ChargeCore+1","Guardian:GuardianWhirl+1"],"picked":"Guardian:FloatingOrbs+1","floor":45.0},{"not_picked":["Guardian:PiercingHide","Guardian:MultiBeam+1"],"picked":"Guardian:PrimingBeam+1","floor":46.0},{"not_picked":["Flash of Steel+1","expansioncontent:SuperHexaguard"],"picked":"expansioncontent:DefensiveStance","floor":48.0},{"not_picked":["PanicButton","Metamorphosis"],"picked":"expansioncontent:DefensiveStance","floor":48.0},{"not_picked":["Guardian:PrismaticBeam+1","Guardian:ChargeUp+1"],"picked":"Guardian:ShieldSpikes+1","floor":49}],"player_experience":91642,"relics_obtained":[{"floor":7.0,"key":"Vajra"},{"floor":17.0,"key":"Potion Belt"},{"floor":17.0,"key":"Molten Egg 2"},{"floor":17.0,"key":"Du-Vu Doll"},{"floor":19.0,"key":"Bottled Flame"},{"floor":23.0,"key":"Ginger"},{"floor":23.0,"key":"Gremlin Horn"},{"floor":41.0,"key":"Boot"}],"event_choices":[{"damage_healed":0.0,"max_hp_gain":0.0,"max_hp_loss":22.0,"gold_gain":0.0,"event_name":"Vampires","player_choice":"Became a vampire","floor":21.0,"gold_loss":0.0,"damage_taken":0.0,"cards_obtained":["Bite","Bite","Bite","Bite"]},{"damage_healed":0.0,"max_hp_gain":0.0,"max_hp_loss":0.0,"gold_gain":0.0,"event_name":"Lab","player_choice":"Got Potions","floor":30.0,"gold_loss":0.0,"damage_taken":0.0},{"damage_healed":0.0,"max_hp_gain":0.0,"max_hp_loss":0.0,"gold_gain":0.0,"event_name":"Mysterious Sphere","player_choice":"Fight","floor":36.0,"gold_loss":0.0,"damage_taken":0.0},{"damage_healed":0.0,"max_hp_gain":0.0,"max_hp_loss":0.0,"gold_gain":3.0,"event_name":"betterStone:BetterStone","player_choice":"1","floor":48.0,"gold_loss":0.0,"damage_taken":0.0}],"is_beta":false,"boss_relics":[{"not_picked":["Runic Pyramid","Tiny House"],"picked":"Calling Bell"},{"not_picked":["Sozu","Runic Dome"],"picked":"Fusion Hammer"}],"items_purged_floors":[13,38],"is_endless":false,"potions_floor_spawned":[2,6,9,11,12,15,19,28,32,33,39,44,45,49],"ascension_level":0}}