{"host":"v4nyfngrgywi7zc6","time":1608012325,"event":{"mods":["2.2 Compatiblity","BaseMod","Custom Start","Downfall","Hermit","Minty Spire (QoL Compilation)","ReimuÅiîé??öÎÅj","Shop Mod","Slumbering Mod","StSLib","The Jungle"],"gold_per_floor":[116,130,130,35,56,56,56,56],"floor_reached":7,"playtime":1014,"items_purged":[],"score":41,"play_id":"f09c577a-cc7c-48a0-9c89-a7a59fa2bb97","local_time":"20201215000525","is_ascension_mode":false,"campfire_choices":[{"data":"theSlumbering:Yawn","floor":6,"key":"SMITH"}],"circlet_count":0,"master_deck":["theSlumbering:BasicAttack","theSlumbering:BasicAttack","theSlumbering:Strike_Slumbering","theSlumbering:Strike_Slumbering","theSlumbering:BasicDefend","theSlumbering:BasicDefend","theSlumbering:Defend_Slumbering","theSlumbering:Defend_Slumbering","theSlumbering:Invigorate","theSlumbering:DreamEater","theSlumbering:Redemption","theSlumbering:ForcedThought","theSlumbering:CountingSheep","theSlumbering:Stretch","theSlumbering:Yawn+1","theSlumbering:Yawn"],"relics":["theSlumbering:SlumberingRelic","theSlumbering:HeartCollector","NeowsBlessing","Golden Idol"],"acts_visited":["Exordium"],"potions_floor_usage":[],"damage_taken":[{"damage":0,"enemies":"Cultist","floor":1,"turns":1},{"damage":0,"enemies":"2 Louse","floor":2,"turns":2},{"damage":0,"enemies":"Jaw Worm","floor":5,"turns":1},{"damage":0,"enemies":"Gremlin Nob","floor":7,"turns":4}],"seed_played":"1211896785109522412","potions_obtained":[],"is_trial":false,"path_per_floor":["M","M","?","$","M","R","E"],"character_chosen":"THE_SLUMBERING","items_purchased":["theSlumbering:Stretch","theSlumbering:Yawn"],"campfire_rested":0,"item_purchase_floors":[4,4],"current_hp_per_floor":[1,1,1,1,1,1,1,1],"gold":56,"neow_bonus":"THREE_ENEMY_KILL","is_daily":false,"chose_seed":false,"campfire_upgraded":1,"win_rate":0.0,"timestamp":1608012325,"path_taken":["M","?","?","?","M","R","E"],"items_purchased_type":["Card","Card"],"build_version":"2020-12-13","purchased_purges":0,"victory":false,"max_hp_per_floor":[1,1,1,1,1,1,1,1],"card_choices":[{"not_picked":["theSlumbering:Sleepwalk","theSlumbering:StumblingBlow"],"picked":"theSlumbering:ForcedThought","floor":1},{"not_picked":["theSlumbering:Comfortable","theSlumbering:SleepParalysis"],"picked":"theSlumbering:CountingSheep","floor":2},{"not_picked":["theSlumbering:StrongFooting","theSlumbering:StumblingBlow"],"picked":"theSlumbering:Yawn","floor":5}],"player_experience":249890,"relics_obtained":[],"event_choices":[{"damage_healed":0,"gold_gain":0,"player_choice":"Lose Max HP","damage_taken":0,"relics_obtained":["Golden Idol"],"max_hp_gain":0,"max_hp_loss":0,"event_name":"Golden Idol","floor":3,"gold_loss":0}],"is_beta":false,"boss_relics":[],"items_purged_floors":[],"is_endless":false,"potions_floor_spawned":[],"killed_by":"Gremlin Nob","ascension_level":0}}