{"host":"gbop6m4qugddaz18","time":1608000033,"event":{"mods":["2.2 Compatiblity","BaseMod","Better Third Choice","Block Reminder","Downfall","GifTheSpireLib","Highlight Path","Minty Spire (QoL Compilation)","Replay The Spire","StSLib"],"gold_per_floor":[118,118,88,103,122,149,149,166,193,218,218,230,259,279,279,376,376,392,392,411,421,25,25,25,58,58,90,90,104,123,139,139,241,241,259,259,259,273,286,318,318,351,405,405,405],"floor_reached":44,"playtime":2664,"items_purged":[],"score":661,"play_id":"5d7f2e8c-d06a-45fd-af44-5814f782f518","local_time":"20201214214033","is_ascension_mode":true,"campfire_choices":[{"data":"Neutralize","floor":7,"key":"SMITH"},{"floor":11,"key":"REST"},{"data":"Blade Dance","floor":15,"key":"SMITH"},{"data":"Infinite Blades","floor":23,"key":"SMITH"},{"floor":28,"key":"REST"},{"floor":32,"key":"REST"},{"floor":41,"key":"REST"}],"circlet_count":0,"master_deck":["Strike_G","Strike_G","Strike_G","Strike_G","Strike_G","Defend_G","Defend_G","Defend_G","Defend_G+1","Defend_G","Survivor","Neutralize+1","Blade Dance+1","Sucker Punch","Flying Knee","Blur","Prepared","Quick Slash+1","Dagger Spray+1","A Thousand Cuts+1","Dagger Spray","Adrenaline","Backflip","Dodge and Roll","Hidden Blade","Hidden Blade+1","Backflip+1","Blade Dance+1","Infinite Blades+1","Fluid Movement","Deflect","Heel Hook+1","Backflip+1","Accuracy+1","Well Laid Plans+1","Sucker Punch","Sucker Punch","Predator","Backflip+1"],"relics":["Ring of the Serpent","NeowsBlessing","Gremlin Food","PreservedInsect","Toy Ornithopter","HornCleat","Bag of Marbles","SlaversCollar","Pantograph","Orrery","Golden Egg","Frozen Egg 2","Art of War","Bottled Flame","Replay:Mystery Machine","Smiling Mask"],"acts_visited":["Exordium","TheCity","TheBeyond"],"potions_floor_usage":[8,10,13,21,21,29,33,33,33,39,39,39],"damage_taken":[{"damage":0,"enemies":"2 Louse","floor":1,"turns":1},{"damage":0,"enemies":"Small Slimes","floor":4,"turns":1},{"damage":0,"enemies":"Cultist","floor":5,"turns":1},{"damage":20,"enemies":"3 Sentries","floor":6,"turns":11},{"damage":6,"enemies":"Large Slime","floor":8,"turns":6},{"damage":12,"enemies":"Gremlin Nob","floor":10,"turns":3},{"damage":0,"enemies":"Exordium Thugs","floor":12,"turns":6},{"damage":4,"enemies":"3 Sentries","floor":13,"turns":5},{"damage":0,"enemies":"3 Louse","floor":14,"turns":3},{"damage":20,"enemies":"Slime Boss","floor":16,"turns":8},{"damage":2,"enemies":"Chosen","floor":18,"turns":6},{"damage":9,"enemies":"2 Thieves","floor":20,"turns":4},{"damage":3,"enemies":"Snecko","floor":21,"turns":5},{"damage":9,"enemies":"Replay:Snechameleon","floor":25,"turns":3},{"damage":10,"enemies":"Gremlin Leader","floor":27,"turns":4},{"damage":32,"enemies":"Cultist and Chosen","floor":29,"turns":6},{"damage":19,"enemies":"Centurion and Healer","floor":30,"turns":5},{"damage":13,"enemies":"Sentry and Sphere","floor":31,"turns":4},{"damage":14,"enemies":"Pondfish","floor":33,"turns":6},{"damage":55,"enemies":"3 Darklings","floor":35,"turns":5},{"damage":13,"enemies":"3 Shapes","floor":38,"turns":4},{"damage":17,"enemies":"Spire Growth","floor":39,"turns":5},{"damage":15,"enemies":"Giant Head","floor":40,"turns":7},{"damage":44,"enemies":"Nemesis","floor":42,"turns":5},{"damage":11,"enemies":"3 Darklings","floor":44,"turns":2}],"seed_played":"5196724024844670366","potions_obtained":[{"floor":1,"key":"Energy Potion"},{"floor":3,"key":"SpeedPotion"},{"floor":3,"key":"Weak Potion"},{"floor":6,"key":"Energy Potion"},{"floor":8,"key":"AttackPotion"},{"floor":13,"key":"champ:CounterPotion"},{"floor":16,"key":"CunningPotion"},{"floor":25,"key":"BlessingOfTheForge"},{"floor":27,"key":"CultistPotion"},{"floor":29,"key":"Venom Potion"},{"floor":37,"key":"EssenceOfSteel"},{"floor":37,"key":"GhostInAJar"},{"floor":37,"key":"Dexterity Potion"},{"floor":38,"key":"AttackPotion"}],"is_trial":false,"path_per_floor":["M","?","?","M","M","E","R","M","T","E","R","M","E","M","R","B",null,"M","?","M","M","$","R","?","E","T","E","R","M","M","M","R","B",null,"M","?","?","M","M","E","R","E","T","M"],"character_chosen":"THE_SILENT","items_purchased":["Pantograph","Orrery"],"campfire_rested":4,"item_purchase_floors":[22,22],"current_hp_per_floor":[70,67,67,67,67,47,47,41,41,34,55,55,56,56,56,36,70,68,68,59,66,66,66,66,57,57,47,68,41,22,9,30,56,70,15,61,61,48,46,31,49,5,5,0,0],"gold":405,"neow_bonus":"THREE_ENEMY_KILL","is_daily":false,"chose_seed":false,"campfire_upgraded":3,"win_rate":0.0,"timestamp":1608000033,"path_taken":["M","?","?","M","?","E","R","M","T","E","R","M","E","M","R","BOSS","M","?","M","M","?","R","?","E","T","E","R","M","M","M","R","BOSS","M","?","?","M","?","E","R","E","T","?"],"items_purchased_type":["Relic","Relic"],"build_version":"2020-12-13","purchased_purges":0,"victory":false,"max_hp_per_floor":[70,70,70,70,70,70,70,70,70,70,70,70,70,70,70,70,70,70,70,70,70,70,70,70,70,70,70,70,70,70,70,70,70,70,70,61,61,61,61,61,61,61,61,61,61],"card_choices":[{"not_picked":["Blur","Deflect"],"picked":"Blade Dance","floor":1},{"not_picked":["Deflect","Leg Sweep"],"picked":"Sucker Punch","floor":4},{"not_picked":["Slice","Backflip"],"picked":"Flying Knee","floor":5},{"not_picked":["Dagger Spray","Replay:Poison Smokescreen"],"picked":"Blur","floor":6},{"not_picked":["Slice","Draining Mist"],"picked":"Prepared","floor":8},{"not_picked":["Reflex","Replay:Poison Smokescreen"],"picked":"Quick Slash","floor":10},{"not_picked":["Dagger Throw","Outmaneuver"],"picked":"Dagger Spray","floor":12},{"not_picked":["Flying Knee","Acrobatics"],"picked":"A Thousand Cuts","floor":13},{"not_picked":["Bane","Masterful Stab"],"picked":"Dagger Spray","floor":14},{"not_picked":["Night Terror","After Image"],"picked":"Adrenaline","floor":16},{"not_picked":["Bane","Dagger Spray"],"picked":"Backflip","floor":18},{"not_picked":["PiercingWail","Toxin Wave"],"picked":"Dodge and Roll","floor":20},{"not_picked":["Bouncing Flask","Concentrate"],"picked":"Hidden Blade","floor":21},{"not_picked":["Outmaneuver","All Out Attack"],"picked":"Hidden Blade+1","floor":22},{"not_picked":["Quick Slash","Riddle With Holes"],"picked":"Backflip","floor":22},{"not_picked":["Bullet Time","Poisoned Stab"],"picked":"Blade Dance+1","floor":22},{"not_picked":["Outmaneuver+1","Deadly Poison"],"picked":"Infinite Blades","floor":22},{"not_picked":["Backflip+1","Storm of Steel"],"picked":"Fluid Movement","floor":22},{"not_picked":["Acrobatics+1","Flying Knee"],"picked":"Deflect","floor":25},{"not_picked":["Night Terror","Acrobatics"],"picked":"Heel Hook+1","floor":27},{"not_picked":["Choke","Slice","Quick Slash"],"picked":"SKIP","floor":29},{"not_picked":["Underhanded Strike","Distraction+1"],"picked":"Backflip+1","floor":30},{"not_picked":["Finisher","Bane+1"],"picked":"Accuracy+1","floor":31},{"not_picked":["Expertise+1","Dagger Spray"],"picked":"Well Laid Plans+1","floor":35},{"not_picked":["Slice+1","Underhanded Strike+1"],"picked":"Sucker Punch","floor":38},{"not_picked":["ReplayTheSpireMod:Exploit Weakness+1","Skewer"],"picked":"Sucker Punch","floor":39},{"not_picked":["Riddle With Holes+1","Cloak And Dagger"],"picked":"Predator","floor":40},{"not_picked":["Catalyst","Underhanded Strike+1"],"picked":"Backflip+1","floor":42}],"player_experience":421398,"relics_obtained":[{"floor":6,"key":"PreservedInsect"},{"floor":9,"key":"Toy Ornithopter"},{"floor":10,"key":"HornCleat"},{"floor":13,"key":"Bag of Marbles"},{"floor":25,"key":"Golden Egg"},{"floor":26,"key":"Frozen Egg 2"},{"floor":27,"key":"Art of War"},{"floor":40,"key":"Bottled Flame"},{"floor":42,"key":"Replay:Mystery Machine"},{"floor":43,"key":"Smiling Mask"}],"event_choices":[{"damage_healed":0,"gold_gain":0,"player_choice":"Relic ","damage_taken":3,"max_hp_gain":0,"max_hp_loss":0,"event_name":"betterThird:BetterScrap","floor":2,"gold_loss":0,"cards_obtained":["Time Bomb"]},{"damage_healed":0,"gold_gain":0,"player_choice":"Bought 2 Potions","damage_taken":0,"max_hp_gain":0,"max_hp_loss":0,"event_name":"The Woman in Blue","floor":3,"gold_loss":0},{"damage_healed":0,"gold_gain":0,"player_choice":"Forge","damage_taken":0,"max_hp_gain":0,"max_hp_loss":0,"event_name":"Accursed Blacksmith","floor":19,"gold_loss":0,"cards_upgraded":["A Thousand Cuts"]},{"damage_healed":61,"gold_gain":0,"player_choice":"Heal","damage_taken":0,"max_hp_gain":0,"max_hp_loss":9,"event_name":"The Moai Head","floor":36,"gold_loss":0},{"damage_healed":0,"gold_gain":0,"player_choice":"Got Potions","damage_taken":0,"max_hp_gain":0,"max_hp_loss":0,"event_name":"Lab","floor":37,"gold_loss":0}],"is_beta":false,"boss_relics":[{"not_picked":["Busted Crown","Kintsugi"],"picked":"SlaversCollar"},{"not_picked":["SacredBark","Fusion Hammer"],"picked":"Ring of the Serpent"}],"items_purged_floors":[],"is_endless":false,"potions_floor_spawned":[1,6,8,13,16,25,27,29,38],"killed_by":"3 Darklings","ascension_level":2}}