{"host":"1sn8m3l2btf1jbx1","time":1608012860,"event":{"mods":["AchievementEnabler","BaseMod","Colored Map","Colored Powertips","Highlight Path","Minty Spire (QoL Compilation)","Quick Restart","Rare Cards Sparkle","StSLib"],"gold_per_floor":[110,123,139,152,169,199,199,374,397,397,297,297,329,108,108,206,256,269,288,203,302,312,312,340,340,340,370,385,398,398,409,409,507,507,525,68,0,0,17,50,65,90,90,140,140,72,72,87,87,87,87],"floor_reached":50,"playtime":2565,"items_purged":["Doubt","Strike_P"],"score":969,"play_id":"3d8b4ab6-f93f-4b97-ac3b-12cde32fb5c0","local_time":"20201215141420","is_ascension_mode":true,"campfire_choices":[{"floor":7.0,"key":"DIG"},{"floor":10.0,"key":"DIG"},{"floor":12.0,"key":"DIG"},{"floor":15.0,"key":"DIG"},{"floor":23.0,"key":"DIG"},{"floor":25.0,"key":"REST"},{"floor":30.0,"key":"DIG"},{"floor":32.0,"key":"DIG"},{"floor":45.0,"key":"DIG"},{"floor":47.0,"key":"DIG"},{"floor":49.0,"key":"DIG"}],"circlet_count":0,"master_deck":["Strike_P+1","Strike_P+1","Strike_P","Defend_P","Defend_P","Defend_P+1","Defend_P","Eruption","Vigilance","Prostrate+1","Consecrate","MasterReality","DeceiveReality","WindmillStrike","EmptyFist+1","ClearTheMind","Prostrate","BattleHymn","Alpha","Pray","EmptyBody","Wallop","DevaForm+1","Worship","Scrawl","Madness","Madness","Prostrate+1","Study+1"],"relics":["Fusion Hammer","Shovel","Potion Belt","Akabeko","MealTicket","Damaru","Ice Cream","War Paint","Tiny House","StrikeDummy","Singing Bowl","Mercury Hourglass","Frozen Egg 2","Meat on the Bone","Toy Ornithopter","Turnip","Black Star","Whetstone","Strawberry","ClockworkSouvenir","Red Mask","Shuriken","Oddly Smooth Stone","Bottled Lightning","Juzu Bracelet","Pantograph","Thread and Needle","Bag of Marbles","Anchor","Gremlin Horn"],"acts_visited":["Exordium","TheCity","TheBeyond"],"potions_floor_usage":[],"damage_taken":[{"damage":0.0,"enemies":"Jaw Worm","floor":1.0,"turns":3.0},{"damage":0.0,"enemies":"2 Louse","floor":2.0,"turns":3.0},{"damage":0.0,"enemies":"Small Slimes","floor":3.0,"turns":3.0},{"damage":0.0,"enemies":"Exordium Wildlife","floor":4.0,"turns":3.0},{"damage":0.0,"enemies":"2 Fungi Beasts","floor":5.0,"turns":2.0},{"damage":0.0,"enemies":"3 Sentries","floor":6.0,"turns":4.0},{"damage":0.0,"enemies":"Gremlin Nob","floor":13.0,"turns":2.0},{"damage":8.0,"enemies":"The Guardian","floor":16.0,"turns":6.0},{"damage":16.0,"enemies":"3 Byrds","floor":18.0,"turns":4.0},{"damage":12.0,"enemies":"2 Thieves","floor":19.0,"turns":4.0},{"damage":9.0,"enemies":"Centurion and Healer","floor":22.0,"turns":4.0},{"damage":36.0,"enemies":"Slavers","floor":24.0,"turns":5.0},{"damage":17.0,"enemies":"Gremlin Leader","floor":27.0,"turns":7.0},{"damage":0.0,"enemies":"3 Cultists","floor":28.0,"turns":5.0},{"damage":7.0,"enemies":"Sentry and Sphere","floor":29.0,"turns":3.0},{"damage":1.0,"enemies":"Cultist and Chosen","floor":31.0,"turns":4.0},{"damage":41.0,"enemies":"Collector","floor":33.0,"turns":6.0},{"damage":29.0,"enemies":"3 Darklings","floor":35.0,"turns":7.0},{"damage":0.0,"enemies":"3 Shapes","floor":39.0,"turns":4.0},{"damage":0.0,"enemies":"Reptomancer","floor":40.0,"turns":5.0},{"damage":16.0,"enemies":"Maw","floor":41.0,"turns":5.0},{"damage":10.0,"enemies":"Giant Head","floor":42.0,"turns":6.0},{"damage":27.0,"enemies":"Mind Bloom Boss Battle","floor":44.0,"turns":7.0},{"damage":51.0,"enemies":"Sphere and 2 Shapes","floor":48.0,"turns":5.0},{"damage":69,"enemies":"Time Eater","floor":50,"turns":5}],"seed_played":"-3658329820802847340","potions_obtained":[{"floor":4.0,"key":"SteroidPotion"},{"floor":5.0,"key":"Fire Potion"},{"floor":6.0,"key":"FearPotion"},{"floor":16.0,"key":"Energy Potion"},{"floor":17.0,"key":"StancePotion"},{"floor":18.0,"key":"LiquidBronze"},{"floor":27.0,"key":"StancePotion"},{"floor":29.0,"key":"DistilledChaos"},{"floor":39.0,"key":"Swift Potion"},{"floor":44.0,"key":"Fire Potion"}],"is_trial":false,"path_per_floor":["M","M","M","M","M","E","R","?","T","R","$","R","E","$","R","B",null,"M","M","?","?","M","R","E","R","T","E","M","M","R","M","R","B",null,"M","$","?","?","M","E","M","E","T","?","R","$","R","M","R","B"],"character_chosen":"WATCHER","items_purchased":["EmptyFist","Prostrate","BattleHymn","Whetstone","Strawberry","ClockworkSouvenir","Study+1"],"campfire_rested":1,"item_purchase_floors":[11,14,14,36,36,36,46],"current_hp_per_floor":[65,65,65,65,65,65,65,65,65,65,72,72,72,72,72,64,75,59,47,47,47,38,38,4,27,27,10,24,29,29,47,47,18,67,52,74,74,62,62,69,55,59,59,59,59,74,74,42,42,0,0],"gold":87,"neow_bonus":"BOSS_RELIC","is_daily":false,"chose_seed":false,"campfire_upgraded":0,"win_rate":0.0,"timestamp":1608012860,"path_taken":["M","M","M","M","M","E","R","?","T","R","$","R","E","$","R","BOSS","M","M","?","?","M","R","E","R","T","E","M","M","R","M","R","BOSS","M","$","?","?","M","E","M","E","T","?","R","$","R","M","R","BOSS"],"items_purchased_type":["Card","Card","Card","Relic","Relic","Relic","Card"],"build_version":"2020-12-13","purchased_purges":2,"victory":false,"max_hp_per_floor":[72,72,72,72,72,72,72,72,72,72,72,72,72,72,72,72,77,77,77,77,77,77,77,79,79,79,79,81,81,81,83,83,83,83,85,92,92,92,92,94,96,98,98,100,100,100,100,102,102,102,102],"card_choices":[{"not_picked":["FlyingSleeves","ClearTheMind"],"picked":"Prostrate","floor":1.0},{"not_picked":["Protect","JustLucky"],"picked":"Consecrate","floor":2.0},{"not_picked":["Protect","SashWhip"],"picked":"MasterReality","floor":3.0},{"not_picked":["ClearTheMind","EmptyFist"],"picked":"DeceiveReality","floor":4.0},{"not_picked":["Protect","Swivel"],"picked":"WindmillStrike","floor":5.0},{"not_picked":["FlurryOfBlows","CutThroughFate","JustLucky"],"picked":"SKIP","floor":6.0},{"not_picked":["Weave","CutThroughFate"],"picked":"ClearTheMind","floor":13.0},{"not_picked":["Scrawl","Ragnarok"],"picked":"Alpha","floor":16.0},{"not_picked":["EmptyFist","BowlingBash"],"picked":"Pray","floor":17.0},{"not_picked":["FollowUp","WreathOfFlame+1","ForeignInfluence"],"picked":"SKIP","floor":18.0},{"not_picked":["BowlingBash+1","Sanctity+1"],"picked":"EmptyBody","floor":19.0},{"not_picked":["WheelKick","Prostrate"],"picked":"Wallop","floor":22.0},{"not_picked":["EmptyFist","Collect+1","Swivel"],"picked":"Singing Bowl","floor":24.0},{"not_picked":["EmptyFist","ForeignInfluence+1"],"picked":"DevaForm+1","floor":27.0},{"not_picked":["Halt","EmptyFist","Protect"],"picked":"Singing Bowl","floor":28.0},{"not_picked":["CutThroughFate","BowlingBash"],"picked":"Worship","floor":29.0},{"not_picked":["EmptyBody","JustLucky","Vengeance"],"picked":"Singing Bowl","floor":31.0},{"not_picked":["LessonLearned","MasterReality+1"],"picked":"Scrawl","floor":33.0},{"not_picked":["Swivel+1","FlyingSleeves","FollowUp+1"],"picked":"Singing Bowl","floor":35.0},{"not_picked":["Protect+1","DeceiveReality"],"picked":"Prostrate+1","floor":39.0},{"not_picked":["ThirdEye+1","FollowUp","Collect+1"],"picked":"Singing Bowl","floor":40.0},{"not_picked":["Evaluate+1","Indignation","SignatureMove"],"picked":"Singing Bowl","floor":41.0},{"not_picked":["SashWhip+1","LessonLearned","FlurryOfBlows+1"],"picked":"Singing Bowl","floor":42.0},{"not_picked":["Crescendo","ThirdEye+1","Consecrate"],"picked":"Singing Bowl","floor":44.0},{"not_picked":["Wireheading+1","Alpha","BattleHymn+1"],"picked":"Singing Bowl","floor":48.0}],"player_experience":290852,"relics_obtained":[{"floor":6.0,"key":"Shovel"},{"floor":7.0,"key":"Potion Belt"},{"floor":9.0,"key":"Akabeko"},{"floor":10.0,"key":"MealTicket"},{"floor":12.0,"key":"Damaru"},{"floor":13.0,"key":"Ice Cream"},{"floor":15.0,"key":"War Paint"},{"floor":23.0,"key":"Singing Bowl"},{"floor":24.0,"key":"Mercury Hourglass"},{"floor":26.0,"key":"Frozen Egg 2"},{"floor":27.0,"key":"Meat on the Bone"},{"floor":30.0,"key":"Toy Ornithopter"},{"floor":32.0,"key":"Turnip"},{"floor":40.0,"key":"Shuriken"},{"floor":40.0,"key":"Oddly Smooth Stone"},{"floor":42.0,"key":"Bottled Lightning"},{"floor":42.0,"key":"Juzu Bracelet"},{"floor":43.0,"key":"Pantograph"},{"floor":44.0,"key":"Thread and Needle"},{"floor":45.0,"key":"Bag of Marbles"},{"floor":47.0,"key":"Anchor"},{"floor":49.0,"key":"Gremlin Horn"}],"event_choices":[{"damage_healed":0.0,"max_hp_gain":0.0,"max_hp_loss":0.0,"gold_gain":175.0,"event_name":"Liars Game","player_choice":"AGREE","floor":8.0,"gold_loss":0.0,"damage_taken":0.0,"cards_obtained":["Doubt"]},{"damage_healed":0.0,"max_hp_gain":0.0,"max_hp_loss":0.0,"gold_gain":0.0,"event_name":"Addict","player_choice":"Obtained Relic","floor":20.0,"gold_loss":85.0,"damage_taken":0.0,"relics_obtained":["StrikeDummy"]},{"damage_healed":0.0,"max_hp_gain":0.0,"max_hp_loss":0.0,"gold_gain":99.0,"event_name":"Nest","player_choice":"Stole From Cult","floor":21.0,"gold_loss":0.0,"damage_taken":0.0},{"damage_healed":0.0,"max_hp_gain":0.0,"max_hp_loss":0.0,"gold_gain":0.0,"event_name":"Tomb of Lord Red Mask","player_choice":"Paid","floor":37.0,"gold_loss":68.0,"damage_taken":0.0,"relics_obtained":["Red Mask"]},{"damage_healed":0.0,"max_hp_gain":0.0,"max_hp_loss":0.0,"gold_gain":0.0,"event_name":"Winding Halls","player_choice":"Embrace Madness","floor":38.0,"gold_loss":0.0,"damage_taken":12.0,"cards_obtained":["Madness","Madness"]},{"damage_healed":0.0,"max_hp_gain":0.0,"max_hp_loss":0.0,"gold_gain":0.0,"event_name":"MindBloom","player_choice":"Fight","floor":44.0,"gold_loss":0.0,"damage_taken":0.0}],"is_beta":false,"boss_relics":[{"not_picked":["Runic Dome","Runic Pyramid"],"picked":"Tiny House"},{"not_picked":["Empty Cage","Sozu"],"picked":"Black Star"}],"items_purged_floors":[11,14],"is_endless":false,"potions_floor_spawned":[4,5,6,16,18,27,29,39,44],"killed_by":"Time Eater","ascension_level":7}}