{"host":"m9i7qe3hvz6jihjh","time":1608042672,"event":{"mods":["BaseMod","Colored Powertips","Infinite Spire","Minty Spire (QoL Compilation)","Quick Restart","StSLib","The Animator","Waifu the Spire"],"gold_per_floor":[109,16,16,16,16,42,67,67,67,80,80,91,91,14,14,118,118,131,131,131,131,151,151,179,194,194,194,194,13,28,28,28,133,133,146,146,156,81,81,81],"floor_reached":39,"playtime":1480,"items_purged":[],"score":418,"play_id":"b2a7d572-3eea-470b-9d1b-e87118981fd8","local_time":"20201215153112","is_ascension_mode":false,"campfire_choices":[{"data":"FlurryOfBlows","floor":8,"key":"SMITH"},{"data":"Eruption","floor":11,"key":"SMITH"},{"data":"Vigilance","floor":13,"key":"SMITH"},{"floor":15,"key":"REST"},{"floor":23,"key":"REST"},{"floor":28,"key":"REST"},{"floor":32,"key":"REST"}],"circlet_count":0,"master_deck":["Strike_P+1","Strike_P+1","Strike_P+1","Strike_P+1","Defend_P+1","Defend_P+1","Defend_P+1","Defend_P+1","Eruption+1","Vigilance+1","FlurryOfBlows+1","EmptyBody","EmptyBody","Perseverance","SandsOfTime","FollowUp","CutThroughFate","EmptyBody","Establishment","FollowUp","Worship","infinitespire:NeuralNetwork","JustLucky+1","EmptyBody","BattleHymn","MasterReality","FollowUp","DevaForm","FearNoEvil","Halt","infinitespire:UltimateForm","BattleHymn","Omniscience","TalkToTheHand+1"],"relics":["PureWater","Dream Catcher","Bronze Scales","Potion Belt","Bag of Marbles","Black Star","Orichalcum","Strawberry","infinitespire:CheckeredPen","Shuriken","Sozu","Darkstone Periapt"],"acts_visited":["Exordium","TheCity","TheBeyond"],"potions_floor_usage":[6,16,16,25,36],"damage_taken":[{"damage":0,"enemies":"Cultist","floor":1,"turns":2},{"damage":5,"enemies":"3 Sentries","floor":6,"turns":8},{"damage":0,"enemies":"Small Slimes","floor":10,"turns":1},{"damage":0,"enemies":"Jaw Worm","floor":12,"turns":3},{"damage":26,"enemies":"Hexaghost","floor":16,"turns":9},{"damage":0,"enemies":"Chosen","floor":18,"turns":4},{"damage":24,"enemies":"Spheric Guardian","floor":22,"turns":5},{"damage":41,"enemies":"Slavers","floor":24,"turns":5},{"damage":14,"enemies":"3 Cultists","floor":25,"turns":5},{"damage":7,"enemies":"Snecko","floor":30,"turns":5},{"damage":44,"enemies":"Automaton","floor":33,"turns":10},{"damage":31,"enemies":"3 Darklings","floor":35,"turns":7},{"damage":33,"enemies":"infinitespire:Three Voidlings","floor":36,"turns":5},{"damage":18,"enemies":"Orb Walker","floor":37,"turns":4},{"damage":27,"enemies":"Transient","floor":39,"turns":5}],"seed_played":"3462974577759602836","potions_obtained":[{"floor":6,"key":"Energy Potion"},{"floor":10,"key":"Dexterity Potion"},{"floor":18,"key":"FearPotion"},{"floor":24,"key":"LiquidMemories"}],"is_trial":false,"path_per_floor":["M","$","T","?","$","E","T","R","T","M","R","M","R","$","R","B",null,"M","?","?","?","M","R","E","M","T","?","R","$","M","AVR","R","B",null,"M","?","M","?","M"],"character_chosen":"WATCHER","items_purchased":["EmptyBody","Explosive Potion","FollowUp","CutThroughFate","DevaForm","FearNoEvil"],"campfire_rested":4,"item_purchase_floors":[2,2,14,14,29,29],"current_hp_per_floor":[79,79,79,79,79,74,74,74,74,74,74,74,74,74,79,53,79,79,79,60,60,36,59,25,11,11,11,36,36,29,29,54,10,86,55,34,16,16,0,0],"gold":81,"neow_bonus":"TEN_PERCENT_HP_BONUS","is_daily":false,"chose_seed":false,"campfire_upgraded":3,"win_rate":0.0,"timestamp":1608042672,"path_taken":["M","?","?","?","?","E","?","R","T","M","R","?","R","$","R","BOSS","M","?","?","?","M","R","E","M","T","?","R","$","M","AVR","R","BOSS","M","?","M","?","?"],"items_purchased_type":["Card","Potion","Card","Card","Card","Card"],"build_version":"2020-11-30","purchased_purges":0,"victory":false,"max_hp_per_floor":[79,79,79,79,79,79,79,79,79,79,79,79,79,79,79,79,79,79,79,79,79,79,79,86,86,86,86,86,86,86,86,86,86,86,86,86,86,86,86,86],"card_choices":[{"not_picked":["Fasting2","ReachHeaven"],"picked":"FlurryOfBlows","floor":1},{"not_picked":["Perseverance","CrushJoints"],"picked":"EmptyBody","floor":6},{"not_picked":["FlyingSleeves","Halt"],"picked":"Perseverance","floor":10},{"not_picked":["Halt","ClearTheMind"],"picked":"SandsOfTime","floor":12},{"not_picked":["CutThroughFate","Halt"],"picked":"EmptyBody","floor":15},{"not_picked":["ConjureBlade","MasterReality"],"picked":"Establishment","floor":16},{"not_picked":["Fasting2","ClearTheMind"],"picked":"FollowUp","floor":18},{"not_picked":["infinitespire:DeathsTouch","infinitespire:FinalStrike"],"picked":"infinitespire:NeuralNetwork","floor":20},{"not_picked":["CutThroughFate","PathToVictory"],"picked":"JustLucky+1","floor":22},{"not_picked":["PathToVictory","Weave"],"picked":"EmptyBody","floor":23},{"not_picked":["WindmillStrike+1","PathToVictory+1"],"picked":"BattleHymn","floor":24},{"not_picked":["EmptyFist+1","Conclude+1"],"picked":"MasterReality","floor":25},{"not_picked":["Crescendo","Evaluate+1"],"picked":"FollowUp","floor":28},{"not_picked":["JustLucky","Pray"],"picked":"Halt","floor":30},{"not_picked":["EmptyFist","CrushJoints+1"],"picked":"BattleHymn","floor":32},{"not_picked":["MasterReality","ConjureBlade"],"picked":"Omniscience","floor":33},{"not_picked":["FlurryOfBlows+1","PathToVictory"],"picked":"TalkToTheHand+1","floor":35},{"not_picked":["Fasting2+1","Vengeance","Nirvana+1"],"picked":"SKIP","floor":37}],"player_experience":855531,"relics_obtained":[{"floor":3,"key":"Dream Catcher"},{"floor":6,"key":"Bronze Scales"},{"floor":7,"key":"Potion Belt"},{"floor":9,"key":"Bag of Marbles"},{"floor":24,"key":"Orichalcum"},{"floor":24,"key":"Strawberry"},{"floor":26,"key":"infinitespire:CheckeredPen"}],"event_choices":[{"damage_healed":0,"gold_gain":0,"player_choice":"Read","damage_taken":0,"max_hp_gain":0,"max_hp_loss":0,"event_name":"The Library","floor":19,"gold_loss":0,"cards_obtained":["Worship"]},{"damage_healed":0,"gold_gain":0,"player_choice":"Simplicity","damage_taken":0,"max_hp_gain":0,"max_hp_loss":0,"event_name":"Back to Basics","floor":21,"gold_loss":0,"cards_upgraded":["Strike_P","Strike_P","Strike_P","Strike_P","Defend_P","Defend_P","Defend_P","Defend_P"]},{"damage_healed":0,"gold_gain":0,"player_choice":"Ignored","damage_taken":0,"max_hp_gain":0,"max_hp_loss":0,"event_name":"Cursed Tome","floor":27,"gold_loss":0},{"damage_healed":0,"gold_gain":0,"player_choice":"Paid Gold","damage_taken":0,"relics_obtained":["Darkstone Periapt"],"max_hp_gain":0,"max_hp_loss":0,"event_name":"WeMeetAgain","floor":38,"gold_loss":75}],"is_beta":false,"boss_relics":[{"not_picked":["Calling Bell","Cursed Key"],"picked":"Black Star"},{"not_picked":["Coffee Dripper","Velvet Choker"],"picked":"Sozu"}],"items_purged_floors":[],"is_endless":false,"potions_floor_spawned":[6,10,18,24,35,37],"killed_by":"Transient","ascension_level":0}}