{"host":"l8lkgdumzpe3823a","time":1608054635,"event":{"mods":["Aspiration","BaseMod","Better Note","Colored Powertips","Curses Come First","Custom Start","DeckTracker","Defuse TimeMaze Blight","Highlight Path","Hubris","Infinite Spire","Minty Spire (QoL Compilation)","Quick Restart","Replay The Spire","Shop Mod","StSLib","SuperFastMode","The Construct","The Dragon Tamer","vexMod"],"gold_per_floor":[115,131,73,73,84,116,116,116,190,190,201,220,75,30,30,133,133,148,88,88,88,88,88],"floor_reached":22,"playtime":1017,"items_purged":["Languid"],"score":200,"play_id":"d02a2df7-6cee-4f91-a3d7-25fb15a71af5","local_time":"20201215115035","is_ascension_mode":true,"campfire_choices":[{"data":"ReplayTheSpireMod:Scrap Shanks","floor":7,"key":"SMITH"},{"data":"Prepared","floor":15,"key":"SMITH"}],"circlet_count":0,"master_deck":["Strike_G","Strike_G","Strike_G","Strike_G","Defend_G","Defend_G","Defend_G","Defend_G","Defend_G","Survivor","Neutralize","Prepared","Footwork","Footwork","Footwork","ReplayTheSpireMod:Scrap Shanks+1","Tactician","Prepared+1","Storm of Steel","Poisoned Stab+1","Writhe"],"relics":["NeowsBlessing","Sizzling Blood","ReplayTheSpireMod:Lightbulb","Sundial","Ring of Fangs","ReplayTheSpireMod:Ring of Exchange","HoveringKite","hubris:64BitClover"],"acts_visited":["Exordium","TheCity"],"potions_floor_usage":[6,14,14,19],"damage_taken":[{"damage":0,"enemies":"Cultist","floor":1,"turns":1},{"damage":0,"enemies":"Jaw Worm","floor":2,"turns":1},{"damage":0,"enemies":"Small Slimes","floor":5,"turns":1},{"damage":14,"enemies":"Lagavulin","floor":6,"turns":13},{"damage":20,"enemies":"Exordium Wildlife","floor":11,"turns":12},{"damage":5,"enemies":"Blue Slaver","floor":12,"turns":8},{"damage":0,"enemies":"Looter","floor":14,"turns":5},{"damage":50,"enemies":"Fading Forest","floor":16,"turns":11},{"damage":41,"enemies":"Spheric Guardian","floor":18,"turns":8},{"damage":18,"enemies":"2 Thieves","floor":19,"turns":4},{"damage":23,"enemies":"Centurion and Healer","floor":22,"turns":2}],"seed_played":"-6131314753180200008","potions_obtained":[{"floor":5,"key":"CunningPotion"},{"floor":6,"key":"LiquidMemories"},{"floor":12,"key":"EssenceOfSteel"},{"floor":18,"key":"Weak Potion"}],"is_trial":false,"path_per_floor":["M","M","$","?","M","E","R","?","T","?","M","M","$","M","R","B",null,"M","M","?","?","M"],"character_chosen":"THE_SILENT","items_purchased":["Footwork","Tactician"],"campfire_rested":0,"item_purchase_floors":[3,13],"current_hp_per_floor":[70,70,70,74,74,64,64,64,64,64,48,47,47,51,51,27,74,37,23,23,23,0,0],"gold":88,"neow_bonus":"THREE_ENEMY_KILL","is_daily":false,"chose_seed":false,"campfire_upgraded":2,"win_rate":0.0,"timestamp":1608054635,"path_taken":["M","M","$","?","M","E","R","?","T","?","M","M","$","M","R","BOSS","M","M","?","?","M"],"items_purchased_type":["Card","Card"],"build_version":"2020-12-13","purchased_purges":1,"victory":false,"max_hp_per_floor":[70,70,70,74,74,74,74,74,74,74,74,74,74,74,74,74,74,74,74,74,74,74,74],"card_choices":[{"not_picked":["Finisher","Skewer","Outmaneuver"],"picked":"SKIP","floor":1},{"not_picked":["ReplayTheSpireMod:Exploit Weakness","Dagger Throw"],"picked":"Prepared","floor":2},{"not_picked":["ReplayTheSpireMod:The Works","Dodge and Roll"],"picked":"Footwork","floor":5},{"not_picked":["Quick Slash","Endless Agony"],"picked":"ReplayTheSpireMod:Scrap Shanks","floor":6},{"not_picked":["Deflect","Leg Sweep","hubris:SlightOfHand"],"picked":"SKIP","floor":11},{"not_picked":["Deadly Poison","Blade Dance","Outmaneuver"],"picked":"SKIP","floor":12},{"not_picked":["Underhanded Strike","hubris:SlightOfHand"],"picked":"Prepared","floor":14},{"not_picked":["aspiration:Lunge","infinitespire:Neurotoxin"],"picked":"Storm of Steel","floor":16},{"not_picked":["Quick Slash","Deflect"],"picked":"Poisoned Stab+1","floor":18},{"not_picked":["Blade Dance","Poisoned Stab","Dodge and Roll+1"],"picked":"SKIP","floor":19}],"player_experience":552193,"relics_obtained":[{"floor":6,"key":"ReplayTheSpireMod:Lightbulb"},{"floor":9,"key":"Sundial"},{"floor":10,"key":"Ring of Fangs"},{"floor":10,"key":"ReplayTheSpireMod:Ring of Exchange"}],"event_choices":[{"cards_removed":["Strike_G"],"damage_healed":0,"gold_gain":0,"player_choice":"Forget","damage_taken":0,"max_hp_gain":0,"max_hp_loss":0,"event_name":"Living Wall","floor":8,"gold_loss":0},{"damage_healed":0,"gold_gain":0,"player_choice":"Opened","damage_taken":0,"relics_obtained":["hubris:64BitClover"],"max_hp_gain":0,"max_hp_loss":0,"event_name":"The Mausoleum","floor":21,"gold_loss":0,"cards_obtained":["Writhe"]}],"is_beta":false,"boss_relics":[{"not_picked":["construct:ClawGrip","Black Star"],"picked":"HoveringKite"}],"items_purged_floors":[13],"is_endless":false,"potions_floor_spawned":[5,6,12,18],"killed_by":"Centurion and Healer","ascension_level":2}}