{"host":"y6ogtdgt8z4md30g","time":1608002525,"event":{"mods":["AchievementEnabler","BaseMod","Better Third Choice","Colored Powertips","Downfall","Hubris","Infinite Spire","Minty Spire (QoL Compilation)","Replay The Spire","Spicy Shops","StSLib"],"gold_per_floor":[99,99,99,117,129,129,54,65,65,83,8,33,63,12,26,53,66,161,161,161,172,172,172,172,172,196,196,196,222,249,277,12,26,26,26],"floor_reached":34,"playtime":2383,"items_purged":[],"score":295,"play_id":"884e4a83-3be2-465e-b86d-2ac8a624d09f","local_time":"20201214222205","is_ascension_mode":false,"campfire_choices":[{"floor":3,"key":"RECALL"},{"data":"Guardian:ShieldSpikes","floor":7,"key":"SMITH"},{"data":"Guardian:CurlUp","floor":11,"key":"SMITH"},{"data":"Guardian:TimeSifter","floor":20,"key":"SMITH"},{"data":"Guardian:StasisField","floor":22,"key":"SMITH"},{"data":"hubris:DuctTapeCard","floor":25,"key":"SMITH"},{"data":"ReplayTheSpireMod:Black Plague","floor":27,"key":"SMITH"}],"circlet_count":0,"master_deck":["Guardian:Strike_Guardian","Guardian:Strike_Guardian","Guardian:Strike_Guardian","Guardian:Strike_Guardian","Guardian:Defend_Guardian","Guardian:Defend_Guardian","Guardian:Defend_Guardian","Guardian:Defend_Guardian","Guardian:TwinSlam","Guardian:ShieldSpikes+1","Guardian:StasisField+1","Guardian:RollAttack","Guardian:GuardianWhirl","Guardian:ShieldCharger","Guardian:ChargeCore","Guardian:TimeSifter+1","Guardian:ShieldSpikes+1","ReplayTheSpireMod:Black Plague+1","hubris:DuctTapeCard+2","infinitespire:Menacing","Slimebound:CheckThePlaybook","Slimebound:Icky","Guardian:FastForward","Guardian:EvasiveProtocol+1","Guardian:CrystalBeam","Guardian:Gem_Green","Guardian:Preprogram","Shame","Guardian:VentSteam","Guardian:TemporalShield+1"],"relics":["Guardian:ModeShifterPlus","downfall:HeartBlessingRed","downfall:HeartBlessingBlue","hubris:ToyBattleship","hubris:SlimyHat","hubris:DuctTape","ReplayFunnel","MawBank","Ice Cream"],"acts_visited":["Exordium","TheCity"],"potions_floor_usage":[12,12,21,31,31,33,33],"damage_taken":[{"damage":7,"enemies":"2 Louse","floor":4,"turns":3},{"damage":3,"enemies":"Cultist","floor":5,"turns":5},{"damage":1,"enemies":"Jaw Worm","floor":8,"turns":4},{"damage":0,"enemies":"3 Louse","floor":10,"turns":3},{"damage":19,"enemies":"Lagavulin","floor":12,"turns":10},{"damage":0,"enemies":"downfall:FleeingMerchant","floor":14,"turns":4},{"damage":1,"enemies":"Exordium Wildlife","floor":15,"turns":3},{"damage":6,"enemies":"Blue Slaver","floor":17,"turns":4},{"damage":10,"enemies":"downfall:Watcher","floor":18,"turns":9},{"damage":7,"enemies":"Chosen","floor":21,"turns":5},{"damage":25,"enemies":"Gremlin Leader","floor":29,"turns":9},{"damage":17,"enemies":"Centurion and Healer","floor":30,"turns":10},{"damage":34,"enemies":"Cultist and Chosen","floor":31,"turns":8},{"damage":0,"enemies":"downfall:FleeingMerchant","floor":32,"turns":5},{"damage":14,"enemies":"Chosen and Byrds","floor":33,"turns":6},{"damage":0,"enemies":"Centurion and Healer","floor":34,"turns":2}],"seed_played":"608672364206243596","potions_obtained":[{"floor":4,"key":"Elixir"},{"floor":8,"key":"Guardian:BlockOnCardUsePotion"},{"floor":12,"key":"SteroidPotion"},{"floor":15,"key":"Explosive Potion"},{"floor":21,"key":"Swift Potion"},{"floor":29,"key":"champ:CounterPotion"},{"floor":33,"key":"Elixir"}],"is_trial":false,"path_per_floor":["PTL","PTL","R","M","M","?","R","M","T","M","R","E","?","$","M","T","M","B",null,"R","M","R","AVR","?","R","T","R","?","E","M","M","$","M","M"],"character_chosen":"GUARDIAN","items_purchased":["Guardian:GuardianWhirl","LifebloodPotion","Guardian:DefensiveModePotion","Ice Cream","Guardian:VentSteam"],"campfire_rested":0,"item_purchase_floors":[14,32,32,32,32],"current_hp_per_floor":[88,88,88,81,78,78,78,77,77,77,87,68,68,68,67,67,61,51,98,98,91,91,91,91,91,91,91,91,66,49,15,15,1,1,1],"gold":26,"neow_bonus":"TEN_PERCENT_HP_BONUS","is_daily":false,"chose_seed":false,"campfire_upgraded":6,"win_rate":0.0,"timestamp":1608002525,"path_taken":["PTL","PTL","R","M","M","?","R","?","T","M","R","E","?","?","M","?","M","BOSS","R","M","R","AVR","?","R","T","R","?","E","M","?","$","M","M"],"items_purchased_type":["Card","Potion","Potion","Relic","Card"],"build_version":"2020-12-13","purchased_purges":0,"victory":false,"max_hp_per_floor":[88,88,88,88,88,88,88,88,88,88,98,98,98,98,98,98,98,98,98,98,98,98,98,98,98,98,98,98,98,98,98,98,98,98,98],"card_choices":[{"not_picked":["Guardian:RefractedBeam","Guardian:PolyBeam"],"picked":"Guardian:Gem_Lightblue","floor":4},{"not_picked":["Guardian:TemporalStrike","Guardian:PrimingBeam"],"picked":"Guardian:ShieldSpikes","floor":5},{"not_picked":["Guardian:Gem_Cyan","Guardian:PrismaticBeam"],"picked":"Guardian:Gem_Blue","floor":8},{"not_picked":["Guardian:SentryBeam","Guardian:CrystalBeam"],"picked":"Guardian:StasisField","floor":10},{"not_picked":["Guardian:ShieldSpikes","Guardian:ChargeCore"],"picked":"Guardian:Gem_Blue","floor":12},{"not_picked":["Guardian:ShieldSpikes","Guardian:Reroute"],"picked":"Guardian:RollAttack","floor":14},{"not_picked":["Guardian:EvasiveProtocol","Guardian:PiercingHide"],"picked":"Guardian:ShieldCharger","floor":15},{"not_picked":["Guardian:Gem_Lightblue","Guardian:TimeCapacitor"],"picked":"Guardian:ChargeCore","floor":17},{"not_picked":["Guardian:ConstructionForm","Guardian:ExploitGems"],"picked":"Guardian:TimeSifter","floor":18},{"not_picked":["Guardian:MultiBeam","Guardian:WalkerClaw"],"picked":"Guardian:ShieldSpikes+1","floor":21},{"not_picked":["Guardian:ChargeCore+1","Guardian:TemporalShield"],"picked":"Guardian:EvasiveProtocol+1","floor":29},{"not_picked":["Guardian:PrimingBeam","Guardian:Gem_Green"],"picked":"Guardian:CrystalBeam","floor":30},{"not_picked":["Guardian:PrimingBeam","Guardian:VentSteam"],"picked":"Guardian:Gem_Green","floor":31},{"not_picked":["Guardian:ConstructionForm","Guardian:PolyBeam"],"picked":"Guardian:Preprogram","floor":32},{"not_picked":["Guardian:Gem_Green","Guardian:Recover+1"],"picked":"Guardian:TemporalShield+1","floor":33}],"player_experience":42822,"relics_obtained":[{"floor":12,"key":"hubris:ToyBattleship"},{"floor":16,"key":"Dream Catcher"},{"floor":26,"key":"ReplayFunnel"},{"floor":29,"key":"MawBank"}],"event_choices":[{"cards_removed":["Guardian:Gem_Lightblue"],"damage_healed":0,"gold_gain":0,"player_choice":"Took Card","damage_taken":0,"max_hp_gain":0,"max_hp_loss":0,"event_name":"NoteForYourself","floor":6,"gold_loss":0,"cards_obtained":["Replay:SS_fish_1"]}],"is_beta":false,"boss_relics":[{"not_picked":["hubris:Stopwatch","Fusion Hammer"],"picked":"Guardian:ModeShifterPlus"}],"items_purged_floors":[],"is_endless":false,"potions_floor_spawned":[4,8,12,15,21,29,33],"killed_by":"Centurion and Healer","ascension_level":0}}