{"host":"z9zlow7pt2vzlu59","time":1608074954,"event":{"mods":["AchievementEnabler","BaseMod","Colored Powertips","Minty Spire (QoL Compilation)","Permanent Neow"],"gold_per_floor":[118,135,150,150,169,200,200,236,236,236,274,239,239,258,258,356,356,370,36,54,54,68,68,68,68,68,82,97,97,97],"floor_reached":29,"playtime":1406,"items_purged":[],"score":490,"play_id":"b5f903e4-a8f8-4a63-87d2-c39e03c45199","local_time":"20201215152914","is_ascension_mode":true,"campfire_choices":[{"floor":7,"key":"REST"},{"floor":10,"key":"REST"},{"floor":15,"key":"REST"},{"floor":23,"key":"DIG"},{"floor":24,"key":"DIG"},{"floor":25,"key":"DIG"}],"circlet_count":0,"master_deck":["AscendersBane","Strike_R","Strike_R","Strike_R","Strike_R","Defend_R","Defend_R","Defend_R","Defend_R","Bash","Dropkick","Body Slam","Inflame","Shrug It Off","Whirlwind","Entrench","Shrug It Off","Inflame","Limit Break","Cleave","Battle Trance"],"relics":["Fusion Hammer","Bloody Idol","Mummified Hand","Pocketwatch","Incense Burner","WingedGreaves","Cursed Key","Shovel","Orichalcum","Blood Vial","StoneCalendar"],"acts_visited":["Exordium","TheCity"],"potions_floor_usage":[6,22,29],"damage_taken":[{"damage":2,"enemies":"2 Louse","floor":1,"turns":3},{"damage":0,"enemies":"Small Slimes","floor":2,"turns":4},{"damage":2,"enemies":"Jaw Worm","floor":3,"turns":3},{"damage":10,"enemies":"3 Louse","floor":5,"turns":3},{"damage":8,"enemies":"Gremlin Nob","floor":6,"turns":3},{"damage":25,"enemies":"3 Sentries","floor":8,"turns":7},{"damage":30,"enemies":"Lagavulin","floor":11,"turns":5},{"damage":1,"enemies":"Looter","floor":14,"turns":5},{"damage":37,"enemies":"Hexaghost","floor":16,"turns":11},{"damage":11,"enemies":"Spheric Guardian","floor":18,"turns":4},{"damage":20,"enemies":"Chosen","floor":20,"turns":6},{"damage":0,"enemies":"Snecko","floor":22,"turns":4},{"damage":21,"enemies":"Chosen and Byrds","floor":27,"turns":4},{"damage":13,"enemies":"Centurion and Healer","floor":28,"turns":8},{"damage":21,"enemies":"Slavers","floor":29,"turns":3}],"seed_played":"-386722063931915806","potions_obtained":[{"floor":3,"key":"FearPotion"},{"floor":11,"key":"Dexterity Potion"},{"floor":14,"key":"SteroidPotion"},{"floor":27,"key":"AttackPotion"}],"is_trial":false,"path_per_floor":["M","M","M","?","M","E","R","E","T","R","E","?","?","M","R","B",null,"M","$","M","?","M","R","R","R","T","M","M","E"],"character_chosen":"IRONCLAD","items_purchased":["Shovel"],"campfire_rested":3,"item_purchase_floors":[19],"current_hp_per_floor":[66,66,64,38,28,20,42,17,17,39,9,27,20,19,41,4,57,46,46,26,26,31,31,31,31,31,17,11,0,0],"gold":97,"neow_bonus":"BOSS_RELIC","is_daily":false,"chose_seed":false,"campfire_upgraded":0,"win_rate":0.0,"timestamp":1608074954,"path_taken":["M","M","M","?","M","E","R","E","T","R","E","?","?","M","R","BOSS","M","$","M","?","M","R","R","R","T","M","M","E"],"items_purchased_type":["Relic"],"build_version":"2020-12-13","purchased_purges":0,"victory":false,"max_hp_per_floor":[75,75,75,75,75,75,75,75,75,75,75,75,75,75,75,75,75,75,75,75,75,75,75,75,75,75,75,75,75,75],"card_choices":[{"not_picked":["Twin Strike","Power Through"],"picked":"Dropkick","floor":1},{"not_picked":["Searing Blow","Pummel"],"picked":"Body Slam","floor":2},{"not_picked":["Pommel Strike","Perfected Strike"],"picked":"Inflame","floor":3},{"not_picked":["Bloodletting","Sentinel"],"picked":"Shrug It Off","floor":5},{"not_picked":["Wild Strike","Headbutt"],"picked":"Whirlwind","floor":6},{"not_picked":["Perfected Strike","Brutality"],"picked":"Entrench","floor":8},{"not_picked":["Hemokinesis","Clash"],"picked":"Shrug It Off","floor":11},{"not_picked":["Havoc","Shrug It Off"],"picked":"Inflame","floor":14},{"not_picked":["Bludgeon","Reaper"],"picked":"Limit Break","floor":16},{"not_picked":["Perfected Strike","Warcry"],"picked":"Cleave","floor":18},{"not_picked":["Intimidate","True Grit","Havoc"],"picked":"SKIP","floor":20},{"not_picked":["Warcry","Havoc","Dark Embrace+1"],"picked":"SKIP","floor":22},{"not_picked":["Rupture","Corruption"],"picked":"Battle Trance","floor":27},{"not_picked":["Bloodletting","Armaments","Whirlwind"],"picked":"SKIP","floor":28}],"player_experience":113877,"relics_obtained":[{"floor":6,"key":"Mummified Hand"},{"floor":8,"key":"Pocketwatch"},{"floor":9,"key":"Incense Burner"},{"floor":11,"key":"WingedGreaves"},{"floor":23,"key":"Orichalcum"},{"floor":24,"key":"Blood Vial"},{"floor":25,"key":"StoneCalendar"}],"event_choices":[{"damage_healed":0,"gold_gain":0,"player_choice":"Take Damage","damage_taken":26,"relics_obtained":["Golden Idol"],"max_hp_gain":0,"max_hp_loss":0,"event_name":"Golden Idol","floor":4,"gold_loss":0},{"damage_healed":18,"gold_gain":0,"player_choice":"Healed","damage_taken":0,"max_hp_gain":0,"max_hp_loss":0,"event_name":"The Cleric","floor":12,"gold_loss":35},{"cards_removed":["Strike_R"],"damage_healed":0,"gold_gain":0,"player_choice":"Card Removal","damage_taken":7,"max_hp_gain":0,"max_hp_loss":0,"event_name":"Golden Wing","floor":13,"gold_loss":0},{"damage_healed":0,"gold_gain":0,"player_choice":"Gave Idol","damage_taken":0,"relics_obtained":["Bloody Idol"],"max_hp_gain":0,"max_hp_loss":0,"event_name":"Forgotten Altar","floor":21,"relics_lost":["Golden Idol"],"gold_loss":0}],"is_beta":false,"boss_relics":[{"not_picked":["Runic Cube","Black Star"],"picked":"Cursed Key"}],"items_purged_floors":[],"is_endless":false,"potions_floor_spawned":[3,11,14,27],"killed_by":"Slavers","ascension_level":20}}