{"host":"ufl0k2so27eic2iy","time":1608037614,"event":{"mods":["BaseMod","Minty Spire (QoL Compilation)","StSLib","The Animator"],"gold_per_floor":[110,110,131,56,81,81,131,147,147,188,63,63,63,82,82,187,187,212,247,247,247,247],"floor_reached":21,"playtime":880,"items_purged":["animator:Strike"],"score":331,"play_id":"47cb9cf8-01d3-4431-9f14-d7229c140a5c","local_time":"20201215130654","is_ascension_mode":true,"campfire_choices":[{"data":"animator:Millim","floor":6,"key":"SMITH"},{"floor":12,"key":"REST"},{"floor":15,"key":"REST"}],"circlet_count":0,"master_deck":["AscendersBane","animator:Strike_DateALive","animator:Defend_DateALive+1","animator:Strike","animator:Defend","animator:Defend","animator:Defend","animator:ShidoItsuka","animator:YamaiSisters","animator:Millim+1","animator:Arpeggio","animator:TohkaYatogami","animator:Scar","animator:RoyMustang","animator:ElricEdward","animator:ElricEdward","animator:Kaijin","animator:DolaSchwi","animator:Envy","animator:OrigamiTobiichi","animator:NiaHonjou+1"],"relics":["animator:LivingPicture","animator:TheMissingPiece","Golden Idol","Tiny Chest","Pear","Dream Catcher","Cursed Key"],"acts_visited":["Exordium","TheCity"],"potions_floor_usage":[10,10,16,16,18,21],"damage_taken":[{"damage":2,"enemies":"Jaw Worm","floor":1,"turns":5},{"damage":4,"enemies":"2 Louse","floor":3,"turns":3},{"damage":3,"enemies":"Small Slimes","floor":5,"turns":4},{"damage":35,"enemies":"3 Sentries","floor":7,"turns":7},{"damage":5,"enemies":"Blue Slaver","floor":8,"turns":4},{"damage":18,"enemies":"Gremlin Nob","floor":10,"turns":4},{"damage":9,"enemies":"Red Slaver","floor":14,"turns":5},{"damage":16,"enemies":"Slime Boss","floor":16,"turns":7},{"damage":18,"enemies":"Chosen","floor":18,"turns":5},{"damage":9,"enemies":"Shell Parasite","floor":19,"turns":5},{"damage":36,"enemies":"3 Cultists","floor":21,"turns":4}],"seed_played":"-4919372895215412677","potions_obtained":[{"floor":5,"key":"Weak Potion"},{"floor":7,"key":"CultistPotion"},{"floor":14,"key":"EntropicBrew"},{"floor":16,"key":"ColorlessPotion"},{"floor":19,"key":"Strength Potion"}],"is_trial":false,"path_per_floor":["M","?","M","?","M","R","E","M","T","E","$","R","$","M","R","B",null,"M","M","?","M"],"character_chosen":"THE_ANIMATOR","items_purchased":["animator:ElricEdward"],"campfire_rested":2,"item_purchase_floors":[11],"current_hp_per_floor":[58,58,54,54,51,51,16,12,22,4,4,25,25,16,37,21,59,42,33,33,0,0],"gold":247,"neow_bonus":"TEN_PERCENT_HP_BONUS","is_daily":false,"chose_seed":true,"campfire_upgraded":1,"win_rate":0.0,"timestamp":1608037614,"path_taken":["M","?","M","?","M","R","E","M","T","E","?","R","$","M","R","BOSS","M","M","?","M"],"items_purchased_type":["Card"],"build_version":"2020-12-13","purchased_purges":1,"victory":false,"max_hp_per_floor":[66,60,60,60,60,60,60,61,71,71,71,71,71,71,71,71,71,72,72,72,72,72],"card_choices":[{"not_picked":["animator:Shuna","animator:Sloth"],"picked":"animator:Millim","floor":1},{"not_picked":["animator:Jibril","animator:Vesta"],"picked":"animator:Arpeggio","floor":3},{"not_picked":["animator:Melzalgald","animator:Fredrika"],"picked":"animator:TohkaYatogami","floor":5},{"not_picked":["animator:ElricAlphonse","animator:MaesHughes"],"picked":"animator:Scar","floor":7},{"not_picked":["animator:MaesHughes","animator:Shion"],"picked":"animator:RoyMustang","floor":8},{"not_picked":["animator:DolaCouronne","animator:Sloth","animator:Genos"],"picked":"SKIP","floor":10},{"not_picked":["animator:DolaRiku","animator:ChaikaBohdan"],"picked":"animator:ElricEdward","floor":12},{"not_picked":["animator:Genos","animator:MumenRider"],"picked":"animator:Kaijin","floor":14},{"not_picked":["animator:ElricEdward","animator:Arpeggio"],"picked":"animator:DolaSchwi","floor":15},{"not_picked":["animator:AcuraShin","animator:Father"],"picked":"animator:Envy","floor":16},{"not_picked":["animator:MikuIzayoi","animator:YamaiSisters"],"picked":"animator:OrigamiTobiichi","floor":18},{"not_picked":["animator:Kaijin","animator:ElricAlphonse"],"picked":"animator:NiaHonjou+1","floor":19}],"player_experience":2285329,"relics_obtained":[{"floor":7,"key":"Tiny Chest"},{"floor":9,"key":"Pear"},{"floor":10,"key":"Dream Catcher"}],"event_choices":[{"damage_healed":0,"gold_gain":0,"player_choice":"Lose Max HP","damage_taken":0,"relics_obtained":["Golden Idol"],"max_hp_gain":0,"max_hp_loss":6,"event_name":"Golden Idol","floor":2,"gold_loss":0},{"cards_removed":["animator:Strike"],"damage_healed":0,"gold_gain":0,"player_choice":"Card Removal","damage_taken":0,"max_hp_gain":0,"max_hp_loss":0,"event_name":"The Cleric","floor":4,"gold_loss":75},{"damage_healed":0,"gold_gain":0,"player_choice":"Ignored","damage_taken":0,"max_hp_gain":0,"max_hp_loss":0,"event_name":"The Mausoleum","floor":20,"gold_loss":0}],"is_beta":false,"boss_relics":[{"not_picked":["Astrolabe","Black Star"],"picked":"Cursed Key"}],"items_purged_floors":[11],"is_endless":false,"potions_floor_spawned":[5,7,14,16,19],"killed_by":"3 Cultists","ascension_level":15}}