{"host":"ncjvx38sfs73mj1s","time":1608011326,"event":{"mods":["BaseMod","KinomotoSakuraMod(木之本樱)","Marisa（F雨　魔理沙）","Minty Spire (QoL Compilation)","Remilia（蕾米莉亚）","The Servant 0.9.4","Yuyuko"],"gold_per_floor":[109,58,73,86,106,106,121,121,167,167,117,42,53,53,53,152,152,169,179,179,179,192,192,218,238,309,341,353,372,196,207,207,307,307,307,307],"floor_reached":35,"playtime":4691,"items_purged":["Become Phantom","Pain"],"score":391,"play_id":"6424ff25-4880-4a3e-8ca8-5dbed7d1a572","local_time":"20201215134846","is_ascension_mode":false,"campfire_choices":[{"data":"Fondling of Papilio","floor":6.0,"key":"SMITH"},{"data":"Deathly Ground","floor":10.0,"key":"SMITH"},{"data":"Steamed Phantom","floor":15.0,"key":"SMITH"},{"data":"City of Death","floor":23,"key":"SMITH"},{"data":"Open The Fan","floor":32,"key":"SMITH"}],"circlet_count":0,"master_deck":["Fantasy Butterflies","Fantasy Butterflies","Fantasy Butterflies","Fantasy Butterflies","Fantasy Butterflies","Dreamy Sakura","Dreamy Sakura","Dreamy Sakura","Dreamy Sakura","Dreamy Sakura","Deathly Ground+1","Faramita\u0027s Temptation","Fondling of Papilio+1","Ghost Spot","Dying Butterflies","City of Death+1","Steamed Phantom+1","The Way to Death","Open The Fan+1","Dying Butterflies+1","Linger over Flower","Gone","Linger over Flower","Injury","Monster Cherry Tree+1","Spear of Papilio","Bloom","Nihility"],"relics":["Coronal","Yuyuko\u0027s fan","TungstenRod","Matryoshka","Ghost Lamp","Strawberry","Cursed Key","WarpedTongs","Sundial","Bronze Scales","Eternal Feather","Anchor","Busted Crown"],"acts_visited":["Exordium","TheCity","TheBeyond"],"potions_floor_usage":[24,24,33,33],"damage_taken":[{"damage":27.0,"enemies":"Cultist","floor":1.0,"turns":5.0},{"damage":16.0,"enemies":"2 Louse","floor":3.0,"turns":3.0},{"damage":14.0,"enemies":"Small Slimes","floor":4.0,"turns":3.0},{"damage":25.0,"enemies":"Exordium Wildlife","floor":5.0,"turns":4.0},{"damage":16.0,"enemies":"Looter","floor":7.0,"turns":3.0},{"damage":12.0,"enemies":"Lots of Slimes","floor":13.0,"turns":3.0},{"damage":20,"enemies":"The Guardian","floor":16,"turns":4},{"damage":26,"enemies":"Chosen","floor":18,"turns":5},{"damage":11,"enemies":"3 Byrds","floor":19,"turns":4},{"damage":26,"enemies":"Snecko","floor":22,"turns":4},{"damage":49,"enemies":"Slavers","floor":24,"turns":4},{"damage":47,"enemies":"Centurion and Healer","floor":25,"turns":5},{"damage":37,"enemies":"Book of Stabbing","floor":27,"turns":4},{"damage":41,"enemies":"3 Cultists","floor":28,"turns":5},{"damage":19,"enemies":"Snake Plant","floor":29,"turns":4},{"damage":7,"enemies":"Snecko","floor":31,"turns":4},{"damage":80,"enemies":"Collector","floor":33,"turns":8},{"damage":62,"enemies":"3 Shapes","floor":35,"turns":4}],"seed_played":"-2541542494697519973","potions_obtained":[{"floor":4.0,"key":"GamblersBrew"},{"floor":7.0,"key":"ColorlessPotion"},{"floor":13.0,"key":"Block Potion"},{"floor":25,"key":"LiquidMemories"},{"floor":29,"key":"Dexterity Potion"}],"is_trial":false,"path_per_floor":["M","$","M","M","M","R","M","T","T","R","?","$","M","?","R","B",null,"M","M","?","?","M","R","E","M","T","E","M","M","$","M","R","B",null,"M"],"character_chosen":"YUYOKO","items_purchased":["Fondling of Papilio","Nihility"],"campfire_rested":0,"item_purchase_floors":[2,30],"current_hp_per_floor":[27,27,20,21,24,24,20,20,27,27,27,27,27,32,32,25,49,32,46,46,46,30,30,43,43,43,29,39,36,36,44,49,42,49,0,0],"gold":307,"neow_bonus":"ONE_RARE_RELIC","is_daily":false,"chose_seed":false,"campfire_upgraded":5,"win_rate":0.0,"timestamp":1608011326,"path_taken":["M","?","M","M","?","R","M","?","T","R","?","$","M","?","R","BOSS","M","M","?","?","M","R","E","M","T","E","M","?","$","M","R","BOSS","M"],"items_purchased_type":["Card","Card"],"build_version":"2020-12-13","purchased_purges":2,"victory":false,"max_hp_per_floor":[40,40,40,40,40,40,40,40,47,47,44,44,44,49,49,49,49,49,49,49,49,49,49,49,49,49,49,49,49,49,49,49,49,49,49,49],"card_choices":[{"not_picked":["Unreal","Become Phantom","The Nether"],"picked":"SKIP","floor":1.0},{"not_picked":["The Forgotten Winter","End of Faramita"],"picked":"Become Phantom","floor":3.0},{"not_picked":["Phantom Village","Gauzy Sakura"],"picked":"Ghost Spot","floor":4.0},{"not_picked":["Unreal","Unborn Light"],"picked":"Dying Butterflies","floor":5.0},{"not_picked":["The Nether","The Forgotten Winter"],"picked":"City of Death","floor":7.0},{"not_picked":["Trap Lamp","Gauzy Sakura"],"picked":"Steamed Phantom","floor":13.0},{"not_picked":["Ghost Lead","Revive The Butterflies"],"picked":"The Way to Death","floor":16},{"not_picked":["Suicide","Dancing Butterflies+1"],"picked":"Open The Fan","floor":18},{"not_picked":["Lunch","Elegance"],"picked":"Dying Butterflies+1","floor":19},{"not_picked":["Gather the Spring","Become Phantom+1"],"picked":"Linger over Flower","floor":22},{"not_picked":["Become Phantom+1","Lunch+1"],"picked":"Gone","floor":24},{"not_picked":["Trap Lamp","The Forgotten Winter"],"picked":"Linger over Flower","floor":25},{"not_picked":["Phantom Gift","Phantom Village"],"picked":"Monster Cherry Tree+1","floor":27},{"not_picked":["Gather the Spring","Unknown Petal"],"picked":"Spear of Papilio","floor":28},{"not_picked":["Stifle","Redemption of Death"],"picked":"Bloom","floor":29},{"not_picked":["Infinite Sin","Unpaved Way+1","Revive The Butterflies"],"picked":"SKIP","floor":31}],"player_experience":86677,"relics_obtained":[{"floor":8.0,"key":"Matryoshka"},{"floor":9.0,"key":"Ghost Lamp"},{"floor":9.0,"key":"Strawberry"},{"floor":24,"key":"Sundial"},{"floor":26,"key":"Bronze Scales"},{"floor":26,"key":"Eternal Feather"},{"floor":27,"key":"Anchor"}],"event_choices":[{"cards_removed":["Parasite"],"damage_healed":0.0,"max_hp_gain":0.0,"max_hp_loss":0.0,"gold_gain":0.0,"event_name":"The Cleric","player_choice":"Card Removal","floor":11.0,"gold_loss":50.0,"damage_taken":0.0},{"damage_healed":0.0,"max_hp_gain":5.0,"max_hp_loss":0.0,"gold_gain":0.0,"event_name":"Big Fish","player_choice":"Donut","floor":14.0,"gold_loss":0.0,"damage_taken":0.0},{"damage_healed":0,"gold_gain":0,"player_choice":"Ignored","damage_taken":0,"max_hp_gain":0,"max_hp_loss":0,"event_name":"Ghosts","floor":20,"gold_loss":0},{"damage_healed":0,"gold_gain":0,"player_choice":"Rummage","damage_taken":0,"relics_obtained":["WarpedTongs"],"max_hp_gain":0,"max_hp_loss":0,"event_name":"Accursed Blacksmith","floor":21,"gold_loss":0,"cards_obtained":["Pain"]}],"is_beta":false,"boss_relics":[{"not_picked":["Velvet Choker","Empty Cage"],"picked":"Cursed Key"},{"not_picked":["Sozu","Fusion Hammer"],"picked":"Busted Crown"}],"items_purged_floors":[12,30],"is_endless":false,"potions_floor_spawned":[4,7,13,18,22,25,29],"killed_by":"3 Shapes","ascension_level":0}}