{"host":"detovitglhtzaqdj","time":1608037365,"event":{"mods":["2.2 Compatiblity","AchievementEnabler","Aspiration","BaseMod","Better Altar","Better Match","Better Note","Better Sensory Stone","Better Skull","Better Third Choice","Card Filter","Colored Map","Colored Powertips","Current Relic Mod","Curses Come First","Custom Start","Downfall","Emptier Cage","Friendly Minions","Highlight Path","Minty Spire (QoL Compilation)","Quick Restart","Red Circlet Mod","Relic Filter","Relic Stats","Remove Card Discount Mod","Replay The Spire","Shop Mod","Somnambulant","StSLib","The Exordian Avenger","The Jungle","TheHeartMod","Thieving Mod","Transform Curses","Virulent Crown"],"gold_per_floor":[113,34,34,45,45,74,91,91,91,105,140,215,231,247,247,346,346,365,385,385,385,398,398,413,413,413,2,2,2,2,2,2,97,97,108,118,1117,1392,1403,8,8,8,35,82,82,14,23,50,50,56],"floor_reached":51,"playtime":2663,"items_purged":["Decay","ReplayTheSpireMod:Restless Dread","Clumsy","Injury","Regret","Normality","Normality","Pot Of Greed+1","Pot Of Greed+1","Pot Of Greed+1"],"score":1481,"play_id":"2dcfc5fd-f592-43b5-be30-12fa9ea88eb0","local_time":"20201216000245","is_ascension_mode":false,"campfire_choices":[{"floor":8.0,"key":"REST"},{"floor":15.0,"key":"REST"},{"floor":23.0,"key":"REST"},{"floor":28.0,"key":"REST"},{"data":"After Image","floor":30.0,"key":"SMITH"},{"data":"Crow Ritual","floor":32.0,"key":"SMITH"},{"floor":42.0,"key":"REST"}],"circlet_count":0,"master_deck":["Strike_G+2","Strike_G+2","Strike_G+1","Strike_G+2","Defend_G+1","Defend_G+1","Defend_G","Survivor+1","Neutralize+1","Deflect+1","Noxious Fumes+1","Outmaneuver+1","Deadly Poison+1","Toxin Wave+1","Outmaneuver+1","Cloak And Dagger+1","Blade Dance+1","Outmaneuver+1","After Image+1","Dash+1","Endless Agony","Apotheosis+1","Dodge and Roll+1","Prepared+1","Ghostly+1","Ghostly+1","Ghostly+1","Crow Ritual+1","Deflect+1","Blade Dance+1","A Thousand Cuts","Slice+1","Expertise+1","Bouncing Flask+1","Backstab+1","Outmaneuver+1","Outmaneuver+1","expansioncontent:ChargeUp+1","Accuracy+1","Setup+1","ReplayTheSpireMod:IOU","ReplayTheSpireMod:IOU","ReplayTheSpireMod:IOU","ReplayTheSpireMod:IOU","ReplayTheSpireMod:IOU","ReplayTheSpireMod:IOU","ReplayTheSpireMod:IOU","ReplayTheSpireMod:IOU","ReplayTheSpireMod:IOU","ReplayTheSpireMod:IOU","ReplayTheSpireMod:IOU","ReplayTheSpireMod:IOU","ReplayTheSpireMod:IOU","ReplayTheSpireMod:IOU","ReplayTheSpireMod:IOU","ReplayTheSpireMod:IOU","ReplayTheSpireMod:IOU","ReplayTheSpireMod:IOU","ReplayTheSpireMod:IOU","ReplayTheSpireMod:IOU","ReplayTheSpireMod:IOU","ReplayTheSpireMod:IOU","ReplayTheSpireMod:IOU","ReplayTheSpireMod:IOU","ReplayTheSpireMod:IOU","ReplayTheSpireMod:IOU","ReplayTheSpireMod:IOU","ReplayTheSpireMod:IOU","ReplayTheSpireMod:IOU","ReplayTheSpireMod:IOU","ReplayTheSpireMod:IOU","ReplayTheSpireMod:IOU","ReplayTheSpireMod:IOU","ReplayTheSpireMod:IOU","ReplayTheSpireMod:IOU","ReplayTheSpireMod:IOU","ReplayTheSpireMod:IOU","ReplayTheSpireMod:IOU","ReplayTheSpireMod:IOU","ReplayTheSpireMod:IOU","ReplayTheSpireMod:IOU","ReplayTheSpireMod:IOU","ReplayTheSpireMod:IOU","ReplayTheSpireMod:IOU","ReplayTheSpireMod:IOU","Underhanded Strike+1","Pot Of Greed+1","Pot Of Greed+1","Pot Of Greed+1","Pot Of Greed+1","Pot Of Greed+1","Pot Of Greed+1","Pot Of Greed+1","Pot Of Greed+1","ReplayTheSpireMod:IOU","ReplayTheSpireMod:IOU","ReplayTheSpireMod:IOU","ReplayTheSpireMod:IOU","ReplayTheSpireMod:IOU","ReplayTheSpireMod:IOU","ReplayTheSpireMod:IOU","ReplayTheSpireMod:IOU","ReplayTheSpireMod:IOU","ReplayTheSpireMod:IOU","ReplayTheSpireMod:IOU","ReplayTheSpireMod:IOU","ReplayTheSpireMod:IOU","ReplayTheSpireMod:IOU","ReplayTheSpireMod:IOU","ReplayTheSpireMod:IOU","ReplayTheSpireMod:IOU","ReplayTheSpireMod:IOU","ReplayTheSpireMod:IOU","ReplayTheSpireMod:IOU","ReplayTheSpireMod:IOU","ReplayTheSpireMod:IOU","ReplayTheSpireMod:IOU","ReplayTheSpireMod:IOU","ReplayTheSpireMod:IOU","ReplayTheSpireMod:IOU","ReplayTheSpireMod:IOU","ReplayTheSpireMod:IOU","ReplayTheSpireMod:IOU","ReplayTheSpireMod:IOU","ReplayTheSpireMod:IOU","ReplayTheSpireMod:IOU","ReplayTheSpireMod:IOU","ReplayTheSpireMod:IOU","ReplayTheSpireMod:IOU","ReplayTheSpireMod:IOU","ReplayTheSpireMod:IOU","ReplayTheSpireMod:IOU","ReplayTheSpireMod:IOU","ReplayTheSpireMod:IOU","ReplayTheSpireMod:IOU","Concentrate+1","Concentrate+1","Backflip+1","Delirium","Specialist+1","Pot Of Greed+1","Mayhem+1"],"relics":["Bronze Scales","Blue Doll","The Courier","Membership Card","Ring of the Serpent","Unceasing Top","MerchantsRug","ReplayTheSpireMod:CursedCoin","hexamod:BolsterEngine","Gremlin Food","Bag of Marbles","sneckomod:BlankCard","Toxic Egg 2","Blood Vial","Paper Crane","Kintsugi","MutagenicStrength","FossilizedHelix","Juzu Bracelet","Strawberry","Strange Spoon","Mercury Hourglass","PreservedInsect","Molten Egg 2","VirulentCrownMod:VirulentCrown","aspiration:FutureDiary","Nunchaku","Happy Flower","Replay:Bandana","Lantern","Snake Skull","Dream Catcher","Replay:Mystery Machine","Simple Rune","aspiration:HatOfInfinitePower","ReplayTheSpireMod:Lightbulb","Boot","Counterbalance","Akabeko","Bag of Preparation","Mango","StrikeDummy","ReplayTheSpireMod:Ninjato","Orichalcum","ReplayFunnel","MealTicket","Replay:Wax Seal","Chemical X","Art of War","aspiration:SeaSaltIceCream","Bronze Scales","Quantum Egg","Snack Pack","Grinning Jar","Replay:Baseball","Vajra","Question Card","Centennial Puzzle","aspiration:ChemicalBlood","Girya","War Paint","Potion Belt","Replay:Rubber Ducky","aspiration:StickyExplosives_weak","ReplayTheSpireMod:Shallot","Kunai","Anchor","aspiration:FrozenJewel","Lizard Tail","CeramicFish","Pear","Mirror","Frozen Egg 2","Replay:Ringing Soul","Ninja Scroll","Pantograph","Shuriken","ReplayTheSpireMod:TigerMarble","Du-Vu Doll","Regal Pillow","Guardian:PocketSentry","Oddly Smooth Stone","aspiration:StickyExplosives","Ancient Tea Set","StoneCalendar","Blue Candle","Iron Hammer","Golden Egg","Eternal Feather","Sundial","Bottled Tornado","CaptainsWheel","Darkstone Periapt","Chameleon Ring","InkBottle","Replay:WaspNest","Garlic","Bottled Lightning","Replay:Bottled Flurry","Bottled Flame","Singing Bowl","White Beast Statue","Gremlin Horn","Replay:Accelerometer","Replay:Bottled Eggs","HornCleat","aspiration:AnachronicSnailShell","Onion Ring","Basket Of Snakes","Meat on the Bone","Mummified Hand","Pocketwatch","Ginger","champ:DeflectingBracers","Prayer Wheel","Tough Bandages","Guardian:GemstoneGun","Peace Pipe","champ:DuelingGlove","Tingsha","Replay:Towering Pillar of Hats","Turnip","Incense Burner","Vampiric Spirits","Bird Faced Urn","The Specimen","Calipers","Torii","Byrd Skull","Replay:Multitool","TungstenRod","Thread and Needle","Durian","Gambling Chip","Replay:Arrowhead","aspiration:SneckoTail","Pondfish Scales","Ring of Peace","ReplayTheSpireMod:Ring of Collecting","BranchBurnRelic"],"acts_visited":["Exordium","TheCity","TheBeyond"],"potions_floor_usage":[],"damage_taken":[{"damage":7.0,"enemies":"2 Louse","floor":1.0,"turns":3.0},{"damage":0.0,"enemies":"Small Slimes","floor":4.0,"turns":2.0},{"damage":11.0,"enemies":"Gremlin Nob","floor":6.0,"turns":4.0},{"damage":0.0,"enemies":"Cultist","floor":7.0,"turns":2.0},{"damage":3.0,"enemies":"Large Slime","floor":10.0,"turns":4.0},{"damage":9.0,"enemies":"Lagavulin","floor":11.0,"turns":5.0},{"damage":0.0,"enemies":"Exordium Wildlife","floor":13.0,"turns":1.0},{"damage":0.0,"enemies":"3 Louse","floor":14.0,"turns":1.0},{"damage":0.0,"enemies":"Hexaghost","floor":16.0,"turns":7.0},{"damage":14.0,"enemies":"2 Thieves","floor":18.0,"turns":2.0},{"damage":0.0,"enemies":"Chosen","floor":19.0,"turns":3.0},{"damage":10.0,"enemies":"Centurion and Healer","floor":22.0,"turns":4.0},{"damage":1.0,"enemies":"Snecko","floor":24.0,"turns":5.0},{"damage":24.0,"enemies":"Pondfish","floor":33.0,"turns":12.0},{"damage":0.0,"enemies":"Orb Walker","floor":35.0,"turns":2.0},{"damage":0.0,"enemies":"3 Shapes","floor":36.0,"turns":3.0},{"damage":5.0,"enemies":"Transient","floor":39.0,"turns":5.0},{"damage":0.0,"enemies":"Reptomancer","floor":44.0,"turns":2.0},{"damage":0,"enemies":"Awakened One","floor":50,"turns":6}],"seed_played":"287522031353386029","potions_obtained":[{"floor":6.0,"key":"SpeedPotion"},{"floor":11.0,"key":"LifebloodPotion"},{"floor":13.0,"key":"Doom Potion"},{"floor":14.0,"key":"Regen Potion"},{"floor":19.0,"key":"ColorlessPotion"},{"floor":24.0,"key":"SteroidPotion"},{"floor":33.0,"key":"Languid Potion"},{"floor":35.0,"key":"sneckomod:MuddlingPotion"},{"floor":36.0,"key":"Weak Potion"}],"is_trial":true,"path_per_floor":["M","$","?","M","?","E","M","R","T","M","E","?","M","M","R","B",null,"M","M","?","?","M","R","M","?","T","$","R","?","R","$","R","B",null,"M","M","?","?","M","$","?","R","T","E","?","$","?","?","R_BF","B",null],"character_chosen":"THE_SILENT","items_purchased":["MerchantsRug","ReplayTheSpireMod:CursedCoin","hexamod:BolsterEngine","Gremlin Food","Noxious Fumes","Bag of Marbles","sneckomod:BlankCard","FossilizedHelix","Juzu Bracelet","Strawberry","Strange Spoon","Mercury Hourglass","Crow Ritual","Deflect+1","Blade Dance+1","PreservedInsect","Molten Egg 2","Nunchaku","Happy Flower","Replay:Bandana","Lantern","Snake Skull","Dream Catcher","Replay:Mystery Machine","Simple Rune","aspiration:HatOfInfinitePower","ReplayTheSpireMod:Lightbulb","Boot","Counterbalance","Akabeko","Bag of Preparation","Mango","StrikeDummy","ReplayTheSpireMod:Ninjato","Orichalcum","ReplayFunnel","Backstab+1","Outmaneuver+1","Chemical X","Art of War","aspiration:SeaSaltIceCream","Underhanded Strike+1","Quantum Egg","Snack Pack","Grinning Jar","Replay:Baseball","Vajra","Question Card","Centennial Puzzle","aspiration:ChemicalBlood","Girya","War Paint","Potion Belt","Replay:Rubber Ducky","aspiration:StickyExplosives_weak","ReplayTheSpireMod:Shallot","Kunai","Anchor","aspiration:FrozenJewel","Lizard Tail","CeramicFish","Pear","Mirror","Frozen Egg 2","Replay:Ringing Soul","Ninja Scroll","Pantograph","Shuriken","ReplayTheSpireMod:TigerMarble","Du-Vu Doll","Regal Pillow","Guardian:PocketSentry","Oddly Smooth Stone","aspiration:StickyExplosives","Ancient Tea Set","StoneCalendar","Blue Candle","Iron Hammer","Golden Egg","Eternal Feather","Sundial","Bottled Tornado","CaptainsWheel","Darkstone Periapt","Chameleon Ring","InkBottle","Replay:WaspNest","Garlic","Bottled Lightning","Replay:Bottled Flurry","Bottled Flame","Singing Bowl","White Beast Statue","Gremlin Horn","Replay:Accelerometer","Replay:Bottled Eggs","HornCleat","aspiration:AnachronicSnailShell","Onion Ring","Basket Of Snakes","Meat on the Bone","Mummified Hand","Pocketwatch","Ginger","champ:DeflectingBracers","Prayer Wheel","Tough Bandages","Guardian:GemstoneGun","Peace Pipe","champ:DuelingGlove","Tingsha","Replay:Towering Pillar of Hats","Turnip","Incense Burner","Vampiric Spirits","Bird Faced Urn","The Specimen","Calipers","Torii","Byrd Skull","Replay:Multitool","TungstenRod","Thread and Needle","Durian","Gambling Chip","Replay:Arrowhead","aspiration:SneckoTail","Pondfish Scales","Dead Branch","Concentrate+1","Backflip+1"],"campfire_rested":5,"item_purchase_floors":[2,2,2,2,2,2,2,27,27,27,27,27,27,27,27,27,27,40,40,40,40,40,40,40,40,40,40,40,40,40,40,40,40,40,40,40,40,40,46,46,46,46,46,46,46,46,46,46,46,46,46,46,46,46,46,46,46,46,46,46,46,46,46,46,46,46,46,46,46,46,46,46,46,46,46,46,46,46,46,46,46,46,46,46,46,46,46,46,46,46,46,46,46,46,46,46,46,46,46,46,46,46,46,46,46,46,46,46,46,46,46,46,46,46,46,46,46,46,46,46,46,46,46,46,46,46,46,46,46,46,46],"current_hp_per_floor":[63,63,63,63,63,52,54,70,70,67,60,53,55,57,70,70,70,56,58,58,58,50,70,69,35,35,42,42,42,42,42,42,18,42,42,42,42,42,37,51,51,56,56,56,56,320,329,332,332,332],"gold":56,"neow_bonus":"","is_daily":false,"chose_seed":false,"campfire_upgraded":2,"win_rate":0.0,"timestamp":1608037365,"path_taken":["M","$","?","M","?","E","M","R","T","M","E","?","?","M","R","BOSS","M","M","?","?","M","R","M","?","T","?","R","?","R","$","R","BOSS","M","M","?","?","M","$","?","R","T","E","?","?","?","?","R_BF","BOSS"],"items_purchased_type":["Relic","Relic","Relic","Relic","Card","Relic","Relic","Relic","Relic","Relic","Relic","Relic","Card","Card","Card","Relic","Relic","Relic","Relic","Relic","Relic","Relic","Relic","Relic","Relic","Relic","Relic","Relic","Relic","Relic","Relic","Relic","Relic","Relic","Relic","Relic","Card","Card","Relic","Relic","Relic","Card","Relic","Relic","Relic","Relic","Relic","Relic","Relic","Relic","Relic","Relic","Relic","Relic","Relic","Relic","Relic","Relic","Relic","Relic","Relic","Relic","Relic","Relic","Relic","Relic","Relic","Relic","Relic","Relic","Relic","Relic","Relic","Relic","Relic","Relic","Relic","Relic","Relic","Relic","Relic","Relic","Relic","Relic","Relic","Relic","Relic","Relic","Relic","Relic","Relic","Relic","Relic","Relic","Relic","Relic","Relic","Relic","Relic","Relic","Relic","Relic","Relic","Relic","Relic","Relic","Relic","Relic","Relic","Relic","Relic","Relic","Relic","Relic","Relic","Relic","Relic","Relic","Relic","Relic","Relic","Relic","Relic","Relic","Relic","Relic","Relic","Relic","Relic","Card","Card"],"build_version":"2020-12-13","purchased_purges":10,"victory":true,"max_hp_per_floor":[70,70,70,70,70,70,70,70,70,70,70,70,70,70,70,70,70,70,70,70,70,70,70,70,35,35,42,42,42,42,42,42,42,42,42,42,42,42,42,56,56,56,56,56,56,320,329,332,332,332],"relic_stats":{"Gremlin Horn":[3,3],"CeramicFish":459,"Ginger":[3],"Boot":[0],"Blood Vial":12,"Centennial Puzzle":[0],"Lizard Tail":0,"Sundial":[0],"MealTicket":0,"Prayer Wheel":0,"Kunai":[0],"Happy Flower":[2],"counters":[19,73],"Blue Candle":[1],"Eternal Feather":0,"Tingsha":[3],"War Paint":["Defend_G","Survivor"],"Question Card":3,"Shuriken":[0],"Bronze Scales":[214],"Bird Faced Urn":[0],"obtain_stats":[{"Golden Egg":46,"Replay:Accelerometer":46,"aspiration:SneckoTail":46,"Vampiric Spirits":46,"Ginger":46,"Bottled Tornado":46,"Boot":40,"Blood Vial":6,"Replay:Ringing Soul":46,"Sundial":46,"MealTicket":43,"Replay:Bottled Flurry":46,"Kunai":46,"Replay:Wax Seal":44,"MerchantsRug":2,"aspiration:StickyExplosives":46,"Pear":46,"Counterbalance":40,"Blue Candle":46,"Eternal Feather":46,"Tingsha":46,"Pen Nib":26,"Guardian:PocketSentry":46,"Paper Crane":9,"Akabeko":40,"aspiration:FrozenJewel":46,"MutagenicStrength":21,"Bird Faced Urn":46,"ReplayTheSpireMod:Ring of Collecting":47,"Kintsugi":17,"StrikeDummy":40,"Ring of the Serpent":0,"Unceasing Top":0,"Lantern":40,"Regal Pillow":46,"Singing Bowl":46,"Torii":46,"sneckomod:BlankCard":2,"Blue Doll":0,"StoneCalendar":46,"Bag of Preparation":40,"Replay:Multitool":46,"Cursed Key":0,"Ancient Tea Set":46,"Replay:Rubber Ducky":46,"BranchBurnRelic":49,"Ninja Scroll":46,"aspiration:AnachronicSnailShell":46,"Ring of Peace":47,"Chemical X":46,"aspiration:FutureDiary":34,"Replay:Bottled Eggs":46,"InkBottle":46,"Ring of the Snake":0,"aspiration:ChemicalBlood":46,"Potion Belt":46,"The Specimen":46,"Basket Of Snakes":46,"Guardian:GemstoneGun":46,"Thread and Needle":46,"The Courier":0,"PreservedInsect":27,"champ:DeflectingBracers":46,"Omamori":11,"Frozen Egg 2":46,"Replay:Arrowhead":46,"Turnip":46,"Art of War":46,"Garlic":46,"Durian":46,"Bottled Lightning":46,"hexamod:BolsterEngine":2,"ReplayTheSpireMod:Lightbulb":40,"champ:DuelingGlove":46,"Calipers":46,"Gremlin Horn":46,"CeramicFish":46,"Vajra":46,"Centennial Puzzle":46,"Lizard Tail":46,"HornCleat":46,"Strawberry":27,"Prayer Wheel":46,"Iron Hammer":46,"Toxic Egg 2":3,"Byrd Skull":46,"Girya":46,"Happy Flower":40,"ReplayTheSpireMod:CursedCoin":2,"Dead Branch":46,"Oddly Smooth Stone":46,"aspiration:SeaSaltIceCream":46,"War Paint":46,"Question Card":46,"VirulentCrownMod:VirulentCrown":29,"Du-Vu Doll":46,"Replay:Baseball":46,"Bottled Flame":46,"ReplayTheSpireMod:Shallot":46,"Shuriken":46,"Bronze Scales":0,"Molten Egg 2":27,"Simple Rune":40,"Onion Ring":46,"ReplayTheSpireMod:TigerMarble":46,"Grinning Jar":46,"aspiration:HatOfInfinitePower":40,"Mirror":46,"Meat on the Bone":46,"Pocketwatch":46,"ReplayFunnel":40,"Darkstone Periapt":46,"Mango":40,"Snake Skull":40,"Juzu Bracelet":27,"Incense Burner":46,"Replay:Mystery Machine":40,"aspiration:StickyExplosives_weak":46,"Nunchaku":40,"Replay:Bandana":40,"Dream Catcher":40,"Tough Bandages":46,"Chameleon Ring":46,"Mummified Hand":46,"Pantograph":46,"Gambling Chip":46,"Gremlin Food":2,"ReplayTheSpireMod:Ninjato":40,"Replay:Towering Pillar of Hats":46,"Quantum Egg":46,"Replay:WaspNest":46,"Orichalcum":40,"White Beast Statue":46,"Mercury Hourglass":27,"Peace Pipe":46,"Strange Spoon":27,"Anchor":46,"CaptainsWheel":46,"Pondfish Scales":46,"Bag of Marbles":2,"Snack Pack":46,"Membership Card":0,"FossilizedHelix":27,"TungstenRod":46},{"Golden Egg":18,"Replay:Accelerometer":18,"aspiration:SneckoTail":18,"Vampiric Spirits":18,"Ginger":18,"Bottled Tornado":18,"Boot":17,"Blood Vial":3,"Replay:Ringing Soul":18,"Sundial":18,"MealTicket":17,"Replay:Bottled Flurry":18,"Kunai":18,"Replay:Wax Seal":18,"MerchantsRug":1,"aspiration:StickyExplosives":18,"Pear":18,"Counterbalance":17,"Blue Candle":18,"Eternal Feather":18,"Tingsha":18,"Pen Nib":13,"Guardian:PocketSentry":18,"Paper Crane":4,"Akabeko":17,"aspiration:FrozenJewel":18,"MutagenicStrength":11,"Bird Faced Urn":18,"ReplayTheSpireMod:Ring of Collecting":18,"Kintsugi":9,"StrikeDummy":17,"Ring of the Serpent":0,"Unceasing Top":0,"Lantern":17,"Regal Pillow":18,"Singing Bowl":18,"Torii":18,"sneckomod:BlankCard":1,"Blue Doll":0,"StoneCalendar":18,"Bag of Preparation":17,"Replay:Multitool":18,"Cursed Key":0,"Ancient Tea Set":18,"Replay:Rubber Ducky":18,"BranchBurnRelic":18,"Ninja Scroll":18,"aspiration:AnachronicSnailShell":18,"Ring of Peace":18,"Chemical X":18,"aspiration:FutureDiary":14,"Replay:Bottled Eggs":18,"InkBottle":18,"Ring of the Snake":0,"aspiration:ChemicalBlood":18,"Potion Belt":18,"The Specimen":18,"Basket Of Snakes":18,"Guardian:GemstoneGun":18,"Thread and Needle":18,"The Courier":0,"PreservedInsect":13,"champ:DeflectingBracers":18,"Omamori":6,"Frozen Egg 2":18,"Replay:Arrowhead":18,"Turnip":18,"Art of War":18,"Garlic":18,"Durian":18,"Bottled Lightning":18,"hexamod:BolsterEngine":1,"ReplayTheSpireMod:Lightbulb":17,"champ:DuelingGlove":18,"Calipers":18,"Gremlin Horn":18,"CeramicFish":18,"Vajra":18,"Centennial Puzzle":18,"Lizard Tail":18,"HornCleat":18,"Strawberry":13,"Prayer Wheel":18,"Iron Hammer":18,"Toxic Egg 2":1,"Byrd Skull":18,"Girya":18,"Happy Flower":17,"ReplayTheSpireMod:CursedCoin":1,"Dead Branch":18,"Oddly Smooth Stone":18,"aspiration:SeaSaltIceCream":18,"War Paint":18,"Question Card":18,"VirulentCrownMod:VirulentCrown":13,"Du-Vu Doll":18,"Replay:Baseball":18,"Bottled Flame":18,"ReplayTheSpireMod:Shallot":18,"Shuriken":18,"Bronze Scales":0,"Molten Egg 2":13,"Simple Rune":17,"Onion Ring":18,"ReplayTheSpireMod:TigerMarble":18,"Grinning Jar":18,"aspiration:HatOfInfinitePower":17,"Mirror":18,"Meat on the Bone":18,"Pocketwatch":18,"ReplayFunnel":17,"Darkstone Periapt":18,"Mango":17,"Snake Skull":17,"Juzu Bracelet":13,"Incense Burner":18,"Replay:Mystery Machine":17,"aspiration:StickyExplosives_weak":18,"Nunchaku":17,"Replay:Bandana":17,"Dream Catcher":17,"Tough Bandages":18,"Chameleon Ring":18,"Mummified Hand":18,"Pantograph":18,"Gambling Chip":18,"Gremlin Food":1,"ReplayTheSpireMod:Ninjato":17,"Replay:Towering Pillar of Hats":18,"Quantum Egg":18,"Replay:WaspNest":18,"Orichalcum":17,"White Beast Statue":18,"Mercury Hourglass":13,"Peace Pipe":18,"Strange Spoon":13,"Anchor":18,"CaptainsWheel":18,"Pondfish Scales":18,"Bag of Marbles":1,"Snack Pack":18,"Membership Card":0,"FossilizedHelix":13,"TungstenRod":18},{"Golden Egg":67,"Replay:Accelerometer":67,"aspiration:SneckoTail":67,"Vampiric Spirits":67,"Ginger":67,"Bottled Tornado":67,"Boot":65,"Blood Vial":9,"Replay:Ringing Soul":67,"Sundial":67,"MealTicket":65,"Replay:Bottled Flurry":67,"Kunai":67,"Replay:Wax Seal":67,"MerchantsRug":3,"aspiration:StickyExplosives":67,"Pear":67,"Counterbalance":65,"Blue Candle":67,"Eternal Feather":67,"Tingsha":67,"Pen Nib":43,"Guardian:PocketSentry":67,"Paper Crane":11,"Akabeko":65,"aspiration:FrozenJewel":67,"MutagenicStrength":34,"Bird Faced Urn":67,"ReplayTheSpireMod:Ring of Collecting":67,"Kintsugi":29,"StrikeDummy":65,"Ring of the Serpent":0,"Unceasing Top":0,"Lantern":65,"Regal Pillow":67,"Singing Bowl":67,"Torii":67,"sneckomod:BlankCard":3,"Blue Doll":0,"StoneCalendar":67,"Bag of Preparation":65,"Replay:Multitool":67,"Cursed Key":0,"Ancient Tea Set":67,"Replay:Rubber Ducky":67,"BranchBurnRelic":67,"Ninja Scroll":67,"aspiration:AnachronicSnailShell":67,"Ring of Peace":67,"Chemical X":67,"aspiration:FutureDiary":55,"Replay:Bottled Eggs":67,"InkBottle":67,"Ring of the Snake":0,"aspiration:ChemicalBlood":67,"Potion Belt":67,"The Specimen":67,"Basket Of Snakes":67,"Guardian:GemstoneGun":67,"Thread and Needle":67,"The Courier":0,"PreservedInsect":43,"champ:DeflectingBracers":67,"Omamori":20,"Frozen Egg 2":67,"Replay:Arrowhead":67,"Turnip":67,"Art of War":67,"Garlic":67,"Durian":67,"Bottled Lightning":67,"hexamod:BolsterEngine":3,"ReplayTheSpireMod:Lightbulb":65,"champ:DuelingGlove":67,"Calipers":67,"Gremlin Horn":67,"CeramicFish":67,"Vajra":67,"Centennial Puzzle":67,"Lizard Tail":67,"HornCleat":67,"Strawberry":43,"Prayer Wheel":67,"Iron Hammer":67,"Toxic Egg 2":3,"Byrd Skull":67,"Girya":67,"Happy Flower":65,"ReplayTheSpireMod:CursedCoin":3,"Dead Branch":67,"Oddly Smooth Stone":67,"aspiration:SeaSaltIceCream":67,"War Paint":67,"Question Card":67,"VirulentCrownMod:VirulentCrown":43,"Du-Vu Doll":67,"Replay:Baseball":67,"Bottled Flame":67,"ReplayTheSpireMod:Shallot":67,"Shuriken":67,"Bronze Scales":0,"Molten Egg 2":43,"Simple Rune":65,"Onion Ring":67,"ReplayTheSpireMod:TigerMarble":67,"Grinning Jar":67,"aspiration:HatOfInfinitePower":65,"Mirror":67,"Meat on the Bone":67,"Pocketwatch":67,"ReplayFunnel":65,"Darkstone Periapt":67,"Mango":65,"Snake Skull":65,"Juzu Bracelet":43,"Incense Burner":67,"Replay:Mystery Machine":65,"aspiration:StickyExplosives_weak":67,"Nunchaku":65,"Replay:Bandana":65,"Dream Catcher":65,"Tough Bandages":67,"Chameleon Ring":67,"Mummified Hand":67,"Pantograph":67,"Gambling Chip":67,"Gremlin Food":3,"ReplayTheSpireMod:Ninjato":65,"Replay:Towering Pillar of Hats":67,"Quantum Egg":67,"Replay:WaspNest":67,"Orichalcum":65,"White Beast Statue":67,"Mercury Hourglass":43,"Peace Pipe":67,"Strange Spoon":43,"Anchor":67,"CaptainsWheel":67,"Pondfish Scales":67,"Bag of Marbles":3,"Snack Pack":67,"Membership Card":0,"FossilizedHelix":43,"TungstenRod":67}],"Unceasing Top":[40],"Meat on the Bone":0,"Pocketwatch":[7],"Darkstone Periapt":252,"Regal Pillow":0,"Singing Bowl":0,"Torii":0,"StoneCalendar":[0],"Snake Skull":[9],"Juzu Bracelet":4,"Bag of Preparation":[4],"Nunchaku":[1],"Dream Catcher":1,"Tough Bandages":[3],"Mummified Hand":[1],"Pantograph":0,"Gambling Chip":[1],"Chemical X":[1],"InkBottle":[1],"PreservedInsect":60,"Orichalcum":[6],"Mercury Hourglass":[153],"Peace Pipe":0,"Strange Spoon":[27],"Turnip":[0],"Art of War":[3],"TungstenRod":0},"card_choices":[{"not_picked":["Predator","Dodge and Roll"],"picked":"Deflect","floor":1.0},{"not_picked":["Prepared+1","Slice"],"picked":"Outmaneuver+1","floor":4.0},{"not_picked":["Malaise+1","Bouncing Flask+1"],"picked":"Deadly Poison+1","floor":6.0},{"not_picked":["Tactician+1","Poisoned Stab"],"picked":"Toxin Wave+1","floor":7.0},{"not_picked":["Acrobatics+1","Poisoned Stab"],"picked":"Outmaneuver+1","floor":10.0},{"not_picked":["Eviscerate","Quick Slash"],"picked":"Cloak And Dagger+1","floor":11.0},{"not_picked":["Draining Mist+1","Flechettes"],"picked":"Blade Dance+1","floor":13.0},{"not_picked":["ReplayTheSpireMod:Scrap Shanks","Hidden Blade+1"],"picked":"Outmaneuver+1","floor":14.0},{"not_picked":["Poison Darts+1","Glass Knife"],"picked":"After Image","floor":16.0},{"not_picked":["Flying Knee","Hidden Blade+1"],"picked":"Dash","floor":18.0},{"not_picked":["Dagger Spray","PiercingWail+1"],"picked":"Endless Agony","floor":19.0},{"not_picked":["Reflex+1","Tactician+1"],"picked":"Dodge and Roll+1","floor":22.0},{"not_picked":["Cloak And Dagger+1","Quick Slash"],"picked":"Prepared+1","floor":24.0},{"not_picked":["Corpse Explosion+1","Malaise+1"],"picked":"A Thousand Cuts","floor":33.0},{"not_picked":["Masterful Stab+1","Flechettes+1"],"picked":"Slice+1","floor":35.0},{"not_picked":["Dagger Spray+1","Predator+1"],"picked":"Expertise+1","floor":36.0},{"not_picked":["Outmaneuver+1","ReplayTheSpireMod:Speed Training+1"],"picked":"Bouncing Flask+1","floor":39.0},{"not_picked":["Dodge and Roll+1","Backstab+1"],"picked":"Accuracy+1","floor":42.0},{"not_picked":["PiercingWail+1","Deflect+1"],"picked":"Setup+1","floor":44.0},{"not_picked":["Transmutation+1","Survey Options+1","Purity+1"],"picked":"Specialist+1","floor":48},{"not_picked":["Impatience+1","Survey Options+1","expansioncontent:SuperHexaguard+1"],"picked":"Mayhem+1","floor":48}],"player_experience":30364,"relics_obtained":[{"floor":6.0,"key":"Blood Vial"},{"floor":9.0,"key":"Paper Crane"},{"floor":11.0,"key":"Omamori"},{"floor":26.0,"key":"Pen Nib"},{"floor":43.0,"key":"MealTicket"},{"floor":44.0,"key":"Replay:Wax Seal"},{"floor":47,"key":"Ring of Peace"},{"floor":47,"key":"ReplayTheSpireMod:Ring of Collecting"}],"event_choices":[{"damage_healed":0.0,"max_hp_gain":0.0,"max_hp_loss":0.0,"gold_gain":75.0,"event_name":"FaceTrader","player_choice":"Touch","floor":12.0,"gold_loss":0.0,"damage_taken":7.0},{"cards_removed":["Outmaneuver"],"damage_healed":0.0,"max_hp_gain":0.0,"max_hp_loss":0.0,"gold_gain":0.0,"event_name":"betterNote:BetterNote","player_choice":"Take \u0026 Give","floor":20.0,"gold_loss":0.0,"damage_taken":0.0,"cards_obtained":["Apotheosis"]},{"damage_healed":0.0,"max_hp_gain":0.0,"max_hp_loss":0.0,"gold_gain":0.0,"event_name":"Drug Dealer","player_choice":"Inject Mutagens","floor":21.0,"gold_loss":0.0,"damage_taken":0.0,"relics_obtained":["MutagenicStrength"]},{"damage_healed":0.0,"max_hp_gain":0.0,"max_hp_loss":35.0,"gold_gain":0.0,"event_name":"Ghosts","player_choice":"Became a Ghost","floor":25.0,"gold_loss":0.0,"damage_taken":0.0,"cards_obtained":["Ghostly","Ghostly","Ghostly","Ghostly","Ghostly"]},{"damage_healed":0.0,"max_hp_gain":0.0,"max_hp_loss":0.0,"gold_gain":999.0,"event_name":"MindBloom","player_choice":"Gold","floor":37.0,"gold_loss":0.0,"damage_taken":0.0,"cards_obtained":["Normality","Normality"]},{"damage_healed":0.0,"max_hp_gain":0.0,"max_hp_loss":0.0,"gold_gain":275.0,"event_name":"Golden Shrine","player_choice":"Desecrate","floor":38.0,"gold_loss":0.0,"damage_taken":0.0,"cards_obtained":["Regret"]},{"damage_healed":0.0,"max_hp_gain":0.0,"max_hp_loss":0.0,"gold_gain":0.0,"cards_transformed":["Ghostly"],"event_name":"Transmorgrifier","player_choice":"Transformed","floor":41.0,"gold_loss":0.0,"damage_taken":0.0,"cards_obtained":["expansioncontent:ChargeUp"]},{"cards_removed":["Ghostly"],"damage_healed":0.0,"max_hp_gain":0.0,"max_hp_loss":0.0,"gold_gain":0.0,"event_name":"Purifier","player_choice":"Purged","floor":45.0,"gold_loss":0.0,"damage_taken":0.0},{"damage_healed":0,"gold_gain":0,"player_choice":"Random: Blue","damage_taken":0,"max_hp_gain":0,"max_hp_loss":0,"event_name":"betterThird:BetterPortal","floor":48,"gold_loss":0},{"damage_healed":0,"gold_gain":3,"player_choice":"1","damage_taken":0,"max_hp_gain":0,"max_hp_loss":0,"event_name":"betterStone:BetterStone","floor":48,"gold_loss":0}],"is_beta":false,"boss_relics":[{"not_picked":["expansioncontent:StudyCardRelic","Runic Dome"],"picked":"Kintsugi"},{"not_picked":["SacredBark","Cursed Key"],"picked":"aspiration:FutureDiary"}],"items_purged_floors":[2,27,27,27,40,40,40,46,46,46],"is_endless":false,"potions_floor_spawned":[6,11,13,14,19,24,33,35,36],"ascension_level":0}}