{"host":"vhrbb9mxb8fcxsba","time":1608024447,"event":{"mods":["2.2 Compatiblity","Act Like it!","Aspiration","BaseMod","Downfall","GungeonMod","Infinite Spire","Lobotomy","LobotomyExtend","Minty Spire (QoL Compilation)","Quick Restart","StSLib","Wandering Minibosses"],"gold_per_floor":[99,99,130,140,26,26,26,45,59,59,59,74,100,12,26,123,123,123,155,155,35,50,50,50,50,70,70,90,110,110,110,130,235,235,160,179,192,220,220,234,234,249,174,205,255,272,272,291,302,302,302],"floor_reached":52,"playtime":3400,"items_purged":["Reflex","champ:Strike","champ:Strike"],"score":809,"play_id":"a2eb8cec-bd0b-4293-af31-5d0813495ed3","local_time":"20201215222727","is_ascension_mode":false,"campfire_choices":[{"data":"champ:Taunt","floor":1,"key":"SMITH"},{"data":"champ:BerserkerStyle","floor":6,"key":"SMITH"},{"data":"champ:Shatter","floor":10,"key":"SMITH"},{"data":"champ:AdrenalArmor","floor":18,"key":"SMITH"},{"data":"champ:RecklessLeap","floor":25,"key":"SMITH"},{"data":"champ:RecklessLeap","floor":27,"key":"SMITH"},{"floor":35,"key":"RECALL"},{"data":"infinitespire:UltimateForm","floor":43,"key":"SMITH"}],"circlet_count":0,"master_deck":["champ:Strike","champ:Defend","champ:Execute","champ:Taunt+1","Predator","Crippling Poison","champ:Shatter+1","champ:BerserkerStyle+1","champ:AdrenalArmor+1","champ:EndlessRage","champ:Duel","champ:Improvising","champ:RecklessLeap+1","expansioncontent:QuickStudy","champ:RecklessLeap+1","champ:RecklessLeap","infinitespire:FutureSight","champ:MurderStrike","infinitespire:UltimateForm+1","Decay","Parasite","Parasite","champ:DeathBlow"],"relics":["champ:ChampionCrown","Mummified Hand","Pear","Oddly Smooth Stone","Snecko Eye","Toy Ornithopter","PreservedInsect","Mercury Hourglass","Cursed Key","LetterFromLob","Runic Dome","downfall:HeartBlessingBlue","Potion Belt","Pantograph","downfall:HeartBlessingRed","infinitespire:Lucky Rock","Prayer Wheel","wanderingMiniBosses:OtherGremlinHorn","Blue Candle","DemoMod:GlassGuonStoneRelic"],"acts_visited":["Exordium","TheCity","TheBeyond"],"potions_floor_usage":[16,19,21,32,33,37,42,45,50],"damage_taken":[{"damage":47,"enemies":"Gremlin Nob","floor":3,"turns":5},{"damage":11,"enemies":"Jaw Worm","floor":4,"turns":4},{"damage":24,"enemies":"downfall:FleeingMerchant","floor":5,"turns":4},{"damage":23,"enemies":"Small Slimes","floor":8,"turns":3},{"damage":5,"enemies":"2 Louse","floor":9,"turns":2},{"damage":33,"enemies":"Exordium Thugs","floor":12,"turns":4},{"damage":19,"enemies":"downfall:FleeingMerchant","floor":14,"turns":4},{"damage":11,"enemies":"Exordium Wildlife","floor":15,"turns":4},{"damage":66,"enemies":"downfall:Defect","floor":16,"turns":6},{"damage":62,"enemies":"Slavers","floor":19,"turns":4},{"damage":33,"enemies":"downfall:FleeingMerchant","floor":21,"turns":3},{"damage":59,"enemies":"3 Byrds","floor":22,"turns":4},{"damage":59,"enemies":"Sentry and Sphere","floor":26,"turns":2},{"damage":53,"enemies":"Cultist and Chosen","floor":28,"turns":3},{"damage":44,"enemies":"Shelled Parasite and Fungi","floor":29,"turns":2},{"damage":110,"enemies":"Sentry and Sphere","floor":32,"turns":5},{"damage":122,"enemies":"downfall:Ironclad","floor":33,"turns":3},{"damage":37,"enemies":"3 Shapes","floor":36,"turns":2},{"damage":44,"enemies":"Orb Walker","floor":37,"turns":1},{"damage":99,"enemies":"Nemesis","floor":38,"turns":3},{"damage":110,"enemies":"Transient","floor":40,"turns":5},{"damage":43,"enemies":"Sphere and 2 Shapes","floor":42,"turns":2},{"damage":126,"enemies":"Nightmare","floor":44,"turns":6},{"damage":116,"enemies":"Mind Bloom Boss Battle","floor":45,"turns":6},{"damage":52,"enemies":"Writhing Mass","floor":46,"turns":3},{"damage":84,"enemies":"Spire Growth","floor":48,"turns":2},{"damage":114,"enemies":"Jaw Worm Horde","floor":49,"turns":3},{"damage":118,"enemies":"downfall:Watcher","floor":50,"turns":3}],"seed_played":"393786153376309691","potions_obtained":[{"floor":12,"key":"Explosive Potion"},{"floor":15,"key":"PowerPotion"},{"floor":16,"key":"champ:TechniquePotion"},{"floor":19,"key":"infinitespire:BlackPotion"},{"floor":22,"key":"Block Potion"},{"floor":26,"key":"Ancient Potion"},{"floor":32,"key":"LiquidMemories"},{"floor":36,"key":"champ:OpenerPotion"},{"floor":40,"key":"LiquidBronze"},{"floor":48,"key":"SpeedPotion"},{"floor":49,"key":"champ:CounterPotion"}],"is_trial":false,"path_per_floor":["R","?","E","M","$","R","T","M","M","R","?","M","T","$","M","B",null,"R","E","?","$","M","?","T","R","M","R","M","M","$","AVR","M","B",null,"R","M","M","E","?","M","T","M","R","NM","?","M","T","M","M","B",null,null],"character_chosen":"THE_CHAMP","items_purchased":["champ:AdrenalArmor","champ:Duel","expansioncontent:QuickStudy","PreservedInsect"],"campfire_rested":0,"item_purchase_floors":[5,14,21,21],"current_hp_per_floor":[99,99,67,59,55,55,65,60,60,60,60,58,58,65,63,46,109,109,88,88,105,109,109,109,109,109,109,109,105,105,105,99,100,109,119,108,113,92,63,87,87,83,83,85,119,119,119,119,119,119,119],"gold":302,"neow_bonus":"TEN_PERCENT_HP_BONUS","is_daily":false,"chose_seed":false,"campfire_upgraded":7,"win_rate":0.0,"timestamp":1608024447,"path_taken":["R","?","E","M","$","R","T","M","M","R","?","M","?","?","M","BOSS","R","E","?","$","M","?","T","R","M","R","M","M","?","AVR","M","BOSS","R","M","M","E","?","M","T","M","R","NM","?","M","?","M","M","BOSS"],"items_purchased_type":["Card","Card","Card","Relic"],"build_version":"2020-12-13","purchased_purges":3,"victory":true,"max_hp_per_floor":[99,99,99,99,99,99,109,109,109,109,109,109,109,109,109,109,109,109,109,109,109,109,109,109,109,109,109,109,109,109,109,109,109,109,119,119,119,119,119,119,119,119,119,119,119,119,119,119,119,119,119],"card_choices":[{"not_picked":["champ:ArenaPreparation","champ:CheapShot"],"picked":"champ:Shatter","floor":3},{"not_picked":["champ:TornadoPunch","champ:FanOfKnives"],"picked":"champ:BerserkerStyle","floor":4},{"not_picked":["champ:FightOn","champ:StanceDance","champ:GladiatorStyle"],"picked":"SKIP","floor":5},{"not_picked":["champ:Haymaker","champ:AdrenalArmor"],"picked":"champ:EndlessRage","floor":8},{"not_picked":["champ:BringItOn","champ:TornadoPunch","champ:StanceDance"],"picked":"SKIP","floor":9},{"not_picked":["champ:AdrenalArmor","champ:StanceDance","champ:DefensiveStyle"],"picked":"SKIP","floor":12},{"not_picked":["champ:RisingSlash","champ:Lariat","champ:ViciousMockery"],"picked":"SKIP","floor":14},{"not_picked":["champ:ShieldWall","champ:CrookedStrike","champ:RisingSlash"],"picked":"SKIP","floor":15},{"not_picked":["champ:StrikeOfGenius","champ:VampiricStrike"],"picked":"champ:Improvising","floor":16},{"not_picked":["champ:IgnorePain","champ:HoldFirm","champ:Backstep+1"],"picked":"SKIP","floor":19},{"not_picked":["champ:DefensiveShout","champ:Encircle"],"picked":"champ:RecklessLeap","floor":21},{"not_picked":["champ:PerfectedStrike+1","champ:BringItOn+1"],"picked":"champ:RecklessLeap","floor":22},{"not_picked":["champ:DefensiveShout+1","champ:GladiatorsShout","champ:EndlessRage"],"picked":"SKIP","floor":26},{"not_picked":["champ:Haymaker+1","champ:DefensiveShout"],"picked":"champ:RecklessLeap","floor":28},{"not_picked":["champ:BerserkersShout","champ:AdrenalArmor+1","champ:Backstep+1"],"picked":"SKIP","floor":29},{"not_picked":["champ:StanceDance","champ:CrookedStrike","champ:DefensiveShout"],"picked":"SKIP","floor":32},{"not_picked":["champ:ShieldSlam","champ:ShieldThrow"],"picked":"champ:MurderStrike","floor":33},{"not_picked":["champ:ShieldWall","champ:TornadoPunch","champ:Circumvent"],"picked":"SKIP","floor":36},{"not_picked":["champ:Circumvent+1","champ:StanceDance","champ:RisingSlash"],"picked":"SKIP","floor":37},{"not_picked":["champ:BringItOn","champ:PerfectedStrike+1","champ:Duel+1"],"picked":"SKIP","floor":38},{"not_picked":["infinitespire:Execution","infinitespire:Punishment"],"picked":"infinitespire:UltimateForm","floor":39},{"not_picked":["champ:Haymaker","champ:CrookedStrike+1","champ:TornadoPunch+1"],"picked":"SKIP","floor":40},{"not_picked":["champ:StanceDance+1","champ:FalseCounter+1","champ:Riposte+1"],"picked":"SKIP","floor":42},{"not_picked":["champ:SwordThrow","champ:EnragedBash+1","champ:EndlessRage"],"picked":"SKIP","floor":44},{"not_picked":["champ:CalledShot+1","champ:CrookedStrike","champ:EnGarde+1"],"picked":"SKIP","floor":46},{"not_picked":["champ:AdrenalArmor+1","champ:Backstep+1","champ:LastStand"],"picked":"SKIP","floor":46},{"not_picked":["champ:BerserkersShout+1","champ:HeartStrike+1","champ:Lariat"],"picked":"SKIP","floor":48},{"not_picked":["champ:CalledShot","champ:BerserkersShout+1","champ:AdrenalArmor+1"],"picked":"SKIP","floor":48},{"not_picked":["champ:BerserkersShout+1","champ:HeartStrike+1","champ:Lariat"],"picked":"SKIP","floor":48},{"not_picked":["champ:CalledShot","champ:BerserkersShout+1","champ:AdrenalArmor+1"],"picked":"SKIP","floor":48},{"not_picked":["champ:Circumvent","champ:FocusedDefense"],"picked":"champ:DeathBlow","floor":49},{"not_picked":["champ:Backstep","champ:BladeFlurry","champ:BringItOn+1"],"picked":"SKIP","floor":49}],"player_experience":156068,"relics_obtained":[{"floor":3,"key":"Mummified Hand"},{"floor":7,"key":"Pear"},{"floor":13,"key":"Oddly Smooth Stone"},{"floor":19,"key":"Toy Ornithopter"},{"floor":32,"key":"LetterFromLob"},{"floor":38,"key":"Potion Belt"},{"floor":41,"key":"Pantograph"},{"floor":44,"key":"infinitespire:Lucky Rock"},{"floor":45,"key":"Prayer Wheel"},{"floor":45,"key":"wanderingMiniBosses:OtherGremlinHorn"},{"floor":47,"key":"Blue Candle"}],"event_choices":[{"damage_healed":0,"gold_gain":0,"player_choice":"Ignored","damage_taken":0,"max_hp_gain":0,"max_hp_loss":0,"event_name":"Vampires","floor":20,"gold_loss":0},{"cards_removed":["champ:Defend"],"damage_healed":0,"gold_gain":0,"player_choice":"Elegance","damage_taken":0,"max_hp_gain":0,"max_hp_loss":0,"event_name":"Back to Basics","floor":23,"gold_loss":0}],"is_beta":false,"boss_relics":[{"not_picked":["aspiration:RitualDagger","aspiration:PoetsPen_weak"],"picked":"Snecko Eye"},{"not_picked":["Empty Cage","aspiration:SecretTechniqueScroll"],"picked":"Runic Dome"}],"items_purged_floors":[5,21,31],"is_endless":false,"potions_floor_spawned":[12,15,16,19,22,26,32,36,40,48,49],"ascension_level":0}}