{"host":"1rf9pknejqhzkc4o","time":1608031214,"event":{"mods":["Aspiration","BaseMod","Better Altar","Better Match","Better Note","Better Sensory Stone","Better Skull","Better Third Choice","Colored Map","Colored Powertips","Communication Mod","Conspire","Energized Spire","Hubris","Infinite Spire","Ironclad Rager","Minty Spire (QoL Compilation)","Quick Restart","RNG Fix","Rare Cards Sparkle","Relic Stats","Replay The Spire","Retaliation","Spicy Shops","StSLib","The Blue Laboratory","Trackpad"],"gold_per_floor":[119,119,137,137,188,188,203,214,214,214,230,250,12,24,24,125,125,139,139,139,139,157,157,210,229,255,255,255,255,268,288,288,386,386,405,101,101,101,101,116,116,116,116,116,116,338,348,348,348,348],"floor_reached":51,"playtime":1452,"items_purged":[],"score":610,"play_id":"3582b275-9b9f-4405-9abb-8fddcc89b292","local_time":"20201215142014","is_ascension_mode":false,"campfire_choices":[{"floor":6,"key":"REST"},{"floor":10,"key":"REST"},{"data":"DDmod:UnstoppableAttack","floor":15,"key":"SMITH"},{"floor":23,"key":"REST"},{"data":"infinitespire:DeathsTouch","floor":27,"key":"SMITH"},{"data":"Feed","floor":29,"key":"SMITH"},{"floor":32,"key":"REST"},{"floor":41,"key":"REST"},{"data":"Enlightenment","floor":44,"key":"SMITH"},{"floor":49,"key":"REST"}],"circlet_count":0,"master_deck":["Strike_R+1","Strike_R+1","Strike_R+1","Strike_R+1","Strike_R+1","Defend_R+1","Defend_R+1","Defend_R+1","Defend_R+1","Sword Boomerang+1","Doom and Gloom+1","DDmod:UnstoppableAttack+1","Neutralize+1","Flex+1","DDmod:SpikeMailSkill+1","Enlightenment+1","Perfected Strike+1","Feed+1","ReplayTheSpireMod:Limb From Limb+1","infinitespire:DeathsTouch+1","infinitespire:FinalStrike+1","DDmod:UnstoppableAttack+1","infinitespire:OneForAll+1","Run Through+1","hubris:StunningStrike+1","Strike_R+1","Strike_R+1","Strike_R+1","Strike_R+1","Strike_R+1","Defend_R+1","Defend_R+1","Defend_R+1","Defend_R+1","Sword Boomerang+1","Doom and Gloom+1","DDmod:UnstoppableAttack+1","Neutralize+1","Flex+1","DDmod:SpikeMailSkill+1","Enlightenment+1","Perfected Strike+1","Feed+1","ReplayTheSpireMod:Limb From Limb+1","infinitespire:DeathsTouch+1","infinitespire:FinalStrike+1","DDmod:UnstoppableAttack+1","infinitespire:OneForAll+1","Run Through+1","hubris:StunningStrike+1","Heavy Blade+1","Madness+1","Madness+1","Blood for Blood+1"],"relics":["Burning Blood","aspiration:Nostalgia","infinitespire:DarkRift","trackpad:ByrdBGone","ReplayFunnel","hubris:ToyBattleship","trackpad:Compendium","infinitespire:Burning Sword","trackpad:BottledTsunami","Oddly Smooth Stone","ReplayTheSpireMod:TigerMarble","hubris:Backtick","Regal Pillow","Blood Vial","OrangePellets","trackpad:StainlessSteel","Mark of the Bloom"],"acts_visited":["Exordium","TheCity","TheBeyond"],"potions_floor_usage":[30,33,33,40,47,50,50,50],"damage_taken":[{"damage":0,"enemies":"Cultist","floor":1,"turns":2},{"damage":26,"enemies":"infinitespire:Voidling","floor":3,"turns":4},{"damage":1,"enemies":"Jaw Worm","floor":7,"turns":3},{"damage":6,"enemies":"Exordium Wildlife","floor":8,"turns":2},{"damage":4,"enemies":"Blue Slaver","floor":11,"turns":2},{"damage":13,"enemies":"3 Louse","floor":12,"turns":3},{"damage":1,"enemies":"Looter","floor":14,"turns":3},{"damage":41,"enemies":"Hexaghost","floor":16,"turns":9},{"damage":31,"enemies":"2 Thieves","floor":18,"turns":3},{"damage":19,"enemies":"Shell Parasite","floor":22,"turns":4},{"damage":23,"enemies":"Snake Plant","floor":25,"turns":2},{"damage":33,"enemies":"Chosen and Byrds","floor":30,"turns":5},{"damage":19,"enemies":"Snecko","floor":31,"turns":4},{"damage":16,"enemies":"Automaton","floor":33,"turns":5},{"damage":12,"enemies":"Orb Walker","floor":35,"turns":2},{"damage":27,"enemies":"3 Shapes","floor":40,"turns":3},{"damage":40,"enemies":"Transient","floor":47,"turns":5},{"damage":23,"enemies":"Replay:Hell Engine","floor":50,"turns":6}],"seed_played":"8367985976022056402","potions_obtained":[{"floor":3,"key":"blueLaboratory:TrueEctoplasm"},{"floor":7,"key":"Fire Potion"},{"floor":8,"key":"blueLaboratory:HeartbeatPotion"},{"floor":16,"key":"blueLaboratory:LouseDecoction"},{"floor":30,"key":"SkillPotion"},{"floor":47,"key":"SneckoOil"}],"is_trial":false,"path_per_floor":["M","?","M","?","T","R","M","M","T","R","M","M","$","M","R","B",null,"M","?","AVR","?","M","R","T","M","T","R","?","R","M","M","R","B",null,"M","$","?","AVR","?","M","R","?","T","R","$","?","M","?","R","B",null],"character_chosen":"IRONCLAD","items_purchased":["trackpad:Compendium","Enlightenment","Blood Vial","Block Potion","BloodPotion"],"campfire_rested":6,"item_purchase_floors":[13,13,36,36,36],"current_hp_per_floor":[80,42,22,22,22,46,55,55,55,79,80,73,73,80,80,50,80,55,55,55,55,52,76,76,69,69,69,69,69,42,37,61,58,80,74,74,74,74,74,71,80,70,70,70,70,54,38,38,38,15],"gold":348,"neow_bonus":"NOSTALGIA","is_daily":false,"chose_seed":false,"campfire_upgraded":4,"win_rate":0.0,"timestamp":1608031214,"path_taken":["M","?","M","?","?","R","M","M","T","R","M","?","$","M","R","BOSS","M","?","AVR","?","M","R","?","M","T","R","?","R","M","M","R","BOSS","M","$","?","AVR","?","M","R","?","T","R","?","?","?","?","R","BOSS"],"items_purchased_type":["Relic","Card","Relic","Potion","Potion"],"build_version":"2020-12-13","purchased_purges":0,"victory":true,"max_hp_per_floor":[80,80,80,80,80,80,80,80,80,80,80,80,80,80,80,80,80,80,80,80,80,80,80,80,80,80,80,80,80,80,80,80,80,80,80,80,80,80,80,80,80,80,80,80,80,80,80,80,80,80],"relic_stats":{"Blood Vial":4,"OrangePellets":[0],"Regal Pillow":15,"Mark of the Bloom":86,"counters":[18,67],"obtain_stats":[{"ReplayFunnel":5,"Regal Pillow":34,"Mark of the Bloom":48,"aspiration:Nostalgia":0,"Oddly Smooth Stone":24,"trackpad:ByrdBGone":2,"Burning Blood":0,"Blood Vial":36,"OrangePellets":38,"infinitespire:DarkRift":0,"hubris:Backtick":34,"trackpad:Compendium":13,"hubris:ToyBattleship":9,"infinitespire:Burning Sword":17,"ReplayTheSpireMod:TigerMarble":26,"trackpad:StainlessSteel":43,"trackpad:BottledTsunami":20},{"ReplayFunnel":2,"Regal Pillow":14,"Mark of the Bloom":17,"aspiration:Nostalgia":0,"Oddly Smooth Stone":10,"trackpad:ByrdBGone":1,"Burning Blood":0,"Blood Vial":15,"OrangePellets":15,"infinitespire:DarkRift":0,"hubris:Backtick":14,"trackpad:Compendium":6,"hubris:ToyBattleship":4,"infinitespire:Burning Sword":8,"ReplayTheSpireMod:TigerMarble":11,"trackpad:StainlessSteel":16,"trackpad:BottledTsunami":9},{"ReplayFunnel":6,"Regal Pillow":51,"Mark of the Bloom":61,"aspiration:Nostalgia":0,"Oddly Smooth Stone":35,"trackpad:ByrdBGone":2,"Burning Blood":0,"Blood Vial":53,"OrangePellets":53,"infinitespire:DarkRift":0,"hubris:Backtick":51,"trackpad:Compendium":16,"hubris:ToyBattleship":11,"infinitespire:Burning Sword":28,"ReplayTheSpireMod:TigerMarble":37,"trackpad:StainlessSteel":56,"trackpad:BottledTsunami":31}],"Burning Blood":93},"card_choices":[{"not_picked":["Sever Soul","Feel No Pain"],"picked":"Sword Boomerang","floor":1},{"not_picked":["Sever Soul","Shrug It Off"],"picked":"DDmod:UnstoppableAttack","floor":3},{"not_picked":["True Grit","ReplayTheSpireMod:LeadingStrike"],"picked":"Flex","floor":7},{"not_picked":["Warcry","Replay:Many Hands","Twin Strike"],"picked":"SKIP","floor":8},{"not_picked":["ReplayTheSpireMod:Strike From Hell","Disarm","DDmod:EasePowerCard"],"picked":"SKIP","floor":11},{"not_picked":["Blood for Blood","Juggernaut"],"picked":"DDmod:SpikeMailSkill","floor":12},{"not_picked":["Evolve","Sword Boomerang"],"picked":"Perfected Strike","floor":14},{"not_picked":["Barricade","DDmod:RechargeSkill"],"picked":"Feed","floor":16},{"not_picked":["Body Slam","DDmod:BurningFumesPowerCard+1"],"picked":"ReplayTheSpireMod:Limb From Limb+1","floor":18},{"not_picked":["Dual Wield","Warcry"],"picked":"DDmod:UnstoppableAttack","floor":22},{"not_picked":["Run Through","Shrug It Off","Body Slam"],"picked":"SKIP","floor":25},{"not_picked":["DDmod:SpikeMailSkill+1","Abandon+1"],"picked":"infinitespire:OneForAll","floor":30},{"not_picked":["hubris:CleavingFinish","Ghostly Armor"],"picked":"Run Through","floor":31},{"not_picked":["Replay:Many Hands","Corruption"],"picked":"hubris:StunningStrike","floor":33},{"not_picked":["Anger+1","Wild Strike","Hemokinesis"],"picked":"SKIP","floor":35},{"not_picked":["Anger","DDmod:EasePowerCard"],"picked":"Heavy Blade","floor":40},{"not_picked":["Body Slam","DDmod:RechargeSkill"],"picked":"Blood for Blood+1","floor":47}],"player_experience":135615,"relics_obtained":[{"floor":5,"key":"ReplayFunnel"},{"floor":9,"key":"hubris:ToyBattleship"},{"floor":24,"key":"Oddly Smooth Stone"},{"floor":26,"key":"ReplayTheSpireMod:TigerMarble"},{"floor":43,"key":"trackpad:StainlessSteel"}],"event_choices":[{"cards_removed":["infinitespire:DeathsTouch"],"damage_healed":0,"gold_gain":0,"player_choice":"Take \u0026 Give","damage_taken":0,"max_hp_gain":0,"max_hp_loss":0,"event_name":"betterNote:BetterNote","floor":19,"gold_loss":0,"cards_obtained":["infinitespire:DeathsTouch"]},{"damage_healed":0,"gold_gain":0,"player_choice":"Ignored","damage_taken":0,"max_hp_gain":0,"max_hp_loss":0,"event_name":"Beggar","floor":21,"gold_loss":0},{"damage_healed":0,"gold_gain":0,"player_choice":"Upgraded","damage_taken":0,"max_hp_gain":0,"max_hp_loss":0,"event_name":"Upgrade Shrine","floor":28,"gold_loss":0,"cards_upgraded":["infinitespire:FinalStrike"]},{"cards_removed":["Survivor"],"damage_healed":0,"gold_gain":0,"player_choice":"Card Removal","damage_taken":0,"max_hp_gain":0,"max_hp_loss":0,"event_name":"Wheel of Change","floor":37,"gold_loss":0},{"damage_healed":0,"gold_gain":0,"player_choice":"Embrace Madness","damage_taken":10,"max_hp_gain":0,"max_hp_loss":0,"event_name":"Winding Halls","floor":42,"gold_loss":0,"cards_obtained":["Madness","Madness"]},{"damage_healed":0,"gold_gain":0,"player_choice":"Random: Green","damage_taken":0,"max_hp_gain":0,"max_hp_loss":0,"event_name":"betterThird:BetterPortal","floor":46,"gold_loss":0},{"damage_healed":0,"gold_gain":222,"player_choice":"GO GO ","damage_taken":18,"relics_obtained":[],"max_hp_gain":0,"max_hp_loss":0,"event_name":"betterSkull:BetterSkull","floor":46,"gold_loss":0,"cards_upgraded":[]},{"damage_healed":0,"gold_gain":0,"player_choice":"Upgrade","damage_taken":0,"relics_obtained":["Mark of the Bloom"],"max_hp_gain":0,"max_hp_loss":0,"event_name":"MindBloom","floor":48,"gold_loss":0,"cards_upgraded":["Strike_R","Strike_R","Strike_R","Strike_R","Strike_R","Defend_R","Defend_R","Defend_R","Defend_R","Sword Boomerang","Doom and Gloom","Neutralize","Flex","DDmod:SpikeMailSkill","Perfected Strike","DDmod:UnstoppableAttack","infinitespire:OneForAll","Run Through","hubris:StunningStrike","Strike_R","Strike_R","Strike_R","Strike_R","Strike_R","Defend_R","Defend_R","Defend_R","Defend_R","Sword Boomerang","Doom and Gloom","Neutralize","Flex","DDmod:SpikeMailSkill","Enlightenment","Perfected Strike","DDmod:UnstoppableAttack","infinitespire:OneForAll","Run Through","hubris:StunningStrike","Heavy Blade","Madness","Madness"]}],"is_beta":false,"boss_relics":[{"not_picked":["conspire:SeveredTorchhead","energizedSpire:RedRose"],"picked":"infinitespire:Burning Sword"},{"not_picked":["energizedSpire:SpiderWeb","Runic Pyramid"],"picked":"hubris:Backtick"}],"items_purged_floors":[],"is_endless":false,"potions_floor_spawned":[3,7,8,16,30,31,47],"ascension_level":0}}