{"host":"t7mx8yfj1no5p62f","time":1608049917,"event":{"mods":["BaseMod","Colored Map","Colored Powertips","Filter the Spire","Minty Spire (QoL Compilation)","Relic Stats","StSLib"],"gold_per_floor":[115,115,125,39,3,3,30,44,44,54,54,89,107,127,127,199,249,269,319,329,347,6,6,41,41,41,41,41],"floor_reached":27,"playtime":1043,"items_purged":["Infinite Blades"],"score":536,"play_id":"05e19853-919f-4165-9f84-bb44d192084b","local_time":"20201215113157","is_ascension_mode":true,"campfire_choices":[{"data":"Predator","floor":6.0,"key":"SMITH"},{"data":"Neutralize","floor":15.0,"key":"SMITH"},{"floor":23,"key":"REST"}],"circlet_count":0,"master_deck":["AscendersBane","Survivor+1","Neutralize+1","Dagger Throw","Predator+1","Backflip+1","Masterful Stab","Well Laid Plans","Cloak And Dagger","Prepared","Riddle With Holes","Deadly Poison","Noxious Fumes+1","Footwork","Blade Dance","Corpse Explosion","Glass Knife+1","Dash+1","PiercingWail","Deflect+1"],"relics":["Pandora\u0027s Box","Paper Crane","Bronze Scales","Molten Egg 2","Tiny House","Membership Card","War Paint","Toxic Egg 2","Frozen Egg 2","InkBottle"],"acts_visited":["Exordium","TheCity"],"potions_floor_usage":[21,24,24,24,27],"damage_taken":[{"damage":0.0,"enemies":"2 Louse","floor":1.0,"turns":1.0},{"damage":0.0,"enemies":"Cultist","floor":3.0,"turns":2.0},{"damage":5.0,"enemies":"Gremlin Nob","floor":7.0,"turns":3.0},{"damage":0.0,"enemies":"Jaw Worm","floor":8.0,"turns":3.0},{"damage":0.0,"enemies":"2 Fungi Beasts","floor":10.0,"turns":2.0},{"damage":0.0,"enemies":"Lagavulin","floor":12.0,"turns":5.0},{"damage":13.0,"enemies":"Large Slime","floor":13.0,"turns":4.0},{"damage":11.0,"enemies":"Exordium Wildlife","floor":14.0,"turns":5.0},{"damage":2.0,"enemies":"Hexaghost","floor":16.0,"turns":8.0},{"damage":17.0,"enemies":"2 Thieves","floor":18.0,"turns":2.0},{"damage":25.0,"enemies":"Shell Parasite","floor":20.0,"turns":5.0},{"damage":18,"enemies":"Sentry and Sphere","floor":21,"turns":5},{"damage":20,"enemies":"Gremlin Leader","floor":24,"turns":9},{"damage":5,"enemies":"Slavers","floor":27,"turns":1}],"seed_played":"4352868372474282442","potions_obtained":[{"floor":3.0,"key":"ColorlessPotion"},{"floor":8.0,"key":"Poison Potion"},{"floor":12.0,"key":"GamblersBrew"},{"floor":24,"key":"Dexterity Potion"}],"is_trial":false,"path_per_floor":["M","?","M","$","$","R","E","M","T","M","T","E","M","M","R","B",null,"M","?","M","M","$","R","E","T","T","E"],"character_chosen":"THE_SILENT","items_purchased":["Noxious Fumes","Footwork","Membership Card","War Paint","EntropicBrew"],"campfire_rested":1,"item_purchase_floors":[4,5,22,22,22],"current_hp_per_floor":[59,59,59,59,59,59,54,54,54,54,54,54,41,30,30,28,62,45,45,20,2,2,23,3,3,3,0,0],"gold":41,"neow_bonus":"BOSS_RELIC","is_daily":false,"chose_seed":false,"campfire_upgraded":2,"win_rate":0.0,"timestamp":1608049917,"path_taken":["M","?","M","?","$","R","E","M","T","?","?","E","M","M","R","BOSS","M","?","M","M","$","R","E","?","T","E"],"items_purchased_type":["Card","Card","Relic","Relic","Potion"],"build_version":"2020-12-13","purchased_purges":1,"victory":false,"max_hp_per_floor":[66,66,66,66,66,66,66,66,66,66,66,66,66,66,66,66,71,71,71,71,71,71,71,71,71,71,71,71],"relic_stats":{"counters":[14,55],"Bronze Scales":[111],"Pandora\u0027s Box":["Dagger Throw","Infinite Blades","Predator","Riddle With Holes","Backflip","Masterful Stab","Well Laid Plans","Cloak And Dagger","Prepared","Riddle With Holes"],"War Paint":["Survivor","Backflip"],"obtain_stats":[{"Tiny House":17,"Bronze Scales":9,"Pandora\u0027s Box":0,"Molten Egg 2":12,"Membership Card":22,"Paper Crane":7,"War Paint":22,"Toxic Egg 2":24,"Frozen Egg 2":25,"InkBottle":26,"Ring of the Snake":0},{"Tiny House":9,"Bronze Scales":4,"Pandora\u0027s Box":0,"Molten Egg 2":6,"Membership Card":12,"Paper Crane":3,"War Paint":12,"Toxic Egg 2":13,"Frozen Egg 2":13,"InkBottle":13,"Ring of the Snake":0},{"Tiny House":33,"Bronze Scales":9,"Pandora\u0027s Box":0,"Molten Egg 2":16,"Membership Card":45,"Paper Crane":6,"War Paint":45,"Toxic Egg 2":54,"Frozen Egg 2":54,"InkBottle":54,"Ring of the Snake":0}],"InkBottle":[0]},"card_choices":[{"not_picked":["Backflip","Well Laid Plans","Poisoned Stab"],"picked":"SKIP","floor":1.0},{"not_picked":["Infinite Blades","Poisoned Stab"],"picked":"Deadly Poison","floor":3.0},{"not_picked":["Finisher","Riddle With Holes","Dodge and Roll"],"picked":"SKIP","floor":7.0},{"not_picked":["Quick Slash","Outmaneuver","Concentrate"],"picked":"SKIP","floor":8.0},{"not_picked":["Quick Slash","Masterful Stab"],"picked":"Blade Dance","floor":10.0},{"not_picked":["Poisoned Stab+1","Envenom"],"picked":"Corpse Explosion","floor":12.0},{"not_picked":["Finisher+1","Well Laid Plans","Flying Knee+1"],"picked":"SKIP","floor":13.0},{"not_picked":["Prepared","Bouncing Flask","Dagger Throw+1"],"picked":"SKIP","floor":14.0},{"not_picked":["Phantasmal Killer","Doppelganger"],"picked":"Glass Knife+1","floor":16.0},{"not_picked":["Masterful Stab+1","Deflect"],"picked":"Dash+1","floor":18.0},{"not_picked":["Deflect","Setup+1","Dodge and Roll"],"picked":"SKIP","floor":20.0},{"not_picked":["Slice+1","Phantasmal Killer"],"picked":"PiercingWail","floor":21},{"not_picked":["Finisher+1","Cloak And Dagger+1"],"picked":"Deflect+1","floor":24}],"player_experience":1549530,"relics_obtained":[{"floor":7.0,"key":"Paper Crane"},{"floor":9.0,"key":"Bronze Scales"},{"floor":12.0,"key":"Molten Egg 2"},{"floor":24,"key":"Toxic Egg 2"},{"floor":25,"key":"Frozen Egg 2"},{"floor":26,"key":"InkBottle"}],"event_choices":[{"cards_removed":["Riddle With Holes"],"damage_healed":0.0,"max_hp_gain":0.0,"max_hp_loss":0.0,"gold_gain":0.0,"event_name":"Purifier","player_choice":"Purged","floor":2.0,"gold_loss":0.0,"damage_taken":0.0},{"damage_healed":0.0,"max_hp_gain":0.0,"max_hp_loss":0.0,"gold_gain":50.0,"event_name":"Nest","player_choice":"Stole From Cult","floor":19.0,"gold_loss":0.0,"damage_taken":0.0}],"is_beta":false,"boss_relics":[{"not_picked":["Sozu","Calling Bell"],"picked":"Tiny House"}],"items_purged_floors":[22],"is_endless":false,"potions_floor_spawned":[3,8,12,24],"killed_by":"Slavers","ascension_level":20}}