{"host":"9d9dhukr2jywmy0f","time":1608052799,"event":{"mods":["2.2 Compatiblity","Alarm Clock","BaseMod","Bestiary","Block Reminder","Colored Map","Colored Powertips","Curses Come First","DeckTracker","Displayed Cursed Tome","Highlight Path","Key Reminder","Keyboard Shortcuts","Minty Spire (QoL Compilation)","MonsterHotkey","Potion Indicator Mod","Quick Restart","RNG Fix","Rare Cards Sparkle","Relic Sorter","Relic Stats","Spire Birthday Party","StSLib","Synergy Search","Unceasing Turn Reminder","Unknown Chances"],"gold_per_floor":[110,126,126,181,106,138,149,224,224,224,48,48,79,92,92,167,167,182,24,38,38,38,38,53,67,91,104,119,119,19,37,37,113,113,124,39,54,79,79,79,79,79],"floor_reached":41,"playtime":2140,"items_purged":["Bash","Strike_R"],"score":1002,"play_id":"eadeb594-8942-4272-9654-3fd5047fc0cf","local_time":"20201216011959","is_ascension_mode":true,"campfire_choices":[{"data":"Armaments","floor":10.0,"key":"SMITH"},{"data":"Fire Breathing","floor":12.0,"key":"SMITH"},{"data":"Limit Break","floor":15.0,"key":"SMITH"},{"data":"Entrench","floor":23.0,"key":"SMITH"},{"data":"Ghostly","floor":29.0,"key":"SMITH"},{"data":"Barricade","floor":32.0,"key":"SMITH"},{"data":"Body Slam","floor":40.0,"key":"SMITH"}],"circlet_count":0,"master_deck":["AscendersBane","Strike_R","Defend_R","Defend_R","Defend_R","Defend_R","Rampage","Flex","Fire Breathing+1","Armaments+1","Limit Break+1","Shrug It Off","Barricade+1","Inflame","Entrench+1","Ghostly+1","Ghostly","Ghostly","Power Through","Shrug It Off+1","Havoc+1","Feed","Dark Embrace","Body Slam+1"],"relics":["Burning Blood","NeowsBlessing","MealTicket","Vajra","Meat on the Bone","Anchor","SacredBark","Enchiridion","keyreminder:keyreminder","SlaversCollar","Charon\u0027s Ashes"],"acts_visited":["Exordium","TheCity","TheBeyond"],"potions_floor_usage":[41,41],"damage_taken":[{"damage":0.0,"enemies":"Cultist","floor":1.0,"turns":1.0},{"damage":0.0,"enemies":"2 Louse","floor":2.0,"turns":1.0},{"damage":0.0,"enemies":"Lagavulin","floor":6.0,"turns":1.0},{"damage":2.0,"enemies":"Jaw Worm","floor":7.0,"turns":3.0},{"damage":15.0,"enemies":"3 Sentries","floor":13.0,"turns":4.0},{"damage":0.0,"enemies":"Red Slaver","floor":14.0,"turns":4.0},{"damage":28.0,"enemies":"Slime Boss","floor":16.0,"turns":8.0},{"damage":14.0,"enemies":"Chosen","floor":18.0,"turns":4.0},{"damage":35.0,"enemies":"Spheric Guardian","floor":20.0,"turns":9.0},{"damage":0.0,"enemies":"Snecko","floor":24.0,"turns":15.0},{"damage":14.0,"enemies":"Snake Plant","floor":25.0,"turns":10.0},{"damage":23.0,"enemies":"Sentry and Sphere","floor":27.0,"turns":7.0},{"damage":12.0,"enemies":"Shelled Parasite and Fungi","floor":28.0,"turns":8.0},{"damage":0.0,"enemies":"Centurion and Healer","floor":31.0,"turns":9.0},{"damage":0.0,"enemies":"Collector","floor":33.0,"turns":15.0},{"damage":13.0,"enemies":"Orb Walker","floor":35.0,"turns":6.0},{"damage":4.0,"enemies":"3 Shapes","floor":37.0,"turns":5.0},{"damage":0.0,"enemies":"Mind Bloom Boss Battle","floor":38.0,"turns":13.0},{"damage":0,"enemies":"Reptomancer","floor":41,"turns":2}],"seed_played":"-293767672097723917","potions_obtained":[{"floor":1.0,"key":"CultistPotion"},{"floor":6.0,"key":"SteroidPotion"},{"floor":16.0,"key":"LiquidMemories"},{"floor":18.0,"key":"BlessingOfTheForge"},{"floor":20.0,"key":"LiquidMemories"},{"floor":31.0,"key":"DuplicationPotion"},{"floor":37.0,"key":"Energy Potion"},{"floor":38.0,"key":"Ancient Potion"}],"is_trial":false,"path_per_floor":["M","M","?","T","?","E","M","?","T","R","$","R","E","M","R","B",null,"M","$","M","?","?","R","M","M","T","M","M","R","$","M","R","B",null,"M","$","M","?","?","R","E"],"character_chosen":"IRONCLAD","items_purchased":["Limit Break","Inflame","Dark Embrace"],"campfire_rested":0,"item_purchase_floors":[11,19,36],"current_hp_per_floor":[74,75,75,75,75,75,75,64,64,64,75,75,66,72,72,50,69,61,75,46,25,25,25,31,35,35,30,36,36,37,37,37,37,37,33,40,40,43,43,43,43,43],"gold":79,"neow_bonus":"THREE_ENEMY_KILL","is_daily":false,"chose_seed":false,"campfire_upgraded":7,"win_rate":0.0,"timestamp":1608052799,"path_taken":["M","M","?","?","?","E","?","?","T","R","$","R","E","M","R","BOSS","M","$","M","?","?","R","M","M","T","M","M","R","?","M","R","BOSS","M","$","M","?","?","R","E"],"items_purchased_type":["Card","Card","Card"],"build_version":"2020-11-30","purchased_purges":2,"victory":false,"max_hp_per_floor":[75,75,75,75,75,75,75,75,75,75,75,75,75,75,75,75,75,75,75,75,75,37,37,37,37,37,37,37,37,37,37,37,37,37,40,40,40,43,43,43,43,43],"relic_stats":{"counters":[19,125],"MealTicket":33,"Charon\u0027s Ashes":[21],"obtain_stats":[{"keyreminder:keyreminder":26,"SlaversCollar":34,"Anchor":13,"NeowsBlessing":0,"SacredBark":17,"Vajra":6,"Enchiridion":21,"MealTicket":4,"Charon\u0027s Ashes":38,"Burning Blood":0,"Meat on the Bone":9},{"keyreminder:keyreminder":11,"SlaversCollar":15,"Anchor":5,"NeowsBlessing":0,"SacredBark":7,"Vajra":3,"Enchiridion":9,"MealTicket":2,"Charon\u0027s Ashes":18,"Burning Blood":0,"Meat on the Bone":4},{"keyreminder:keyreminder":60,"SlaversCollar":99,"Anchor":10,"NeowsBlessing":0,"SacredBark":22,"Vajra":3,"Enchiridion":35,"MealTicket":2,"Charon\u0027s Ashes":123,"Burning Blood":0,"Meat on the Bone":6}],"Burning Blood":73,"Meat on the Bone":36},"card_choices":[{"not_picked":["Intimidate","Headbutt"],"picked":"Rampage","floor":1.0},{"not_picked":["Rampage","Seeing Red"],"picked":"Flex","floor":2.0},{"not_picked":["Thunderclap","Rage"],"picked":"Armaments","floor":6.0},{"not_picked":["Sentinel","Havoc","Wild Strike"],"picked":"SKIP","floor":7.0},{"not_picked":["Flex","Cleave","Sentinel"],"picked":"SKIP","floor":13.0},{"not_picked":["Perfected Strike","Sever Soul"],"picked":"Shrug It Off","floor":14.0},{"not_picked":["Demon Form","Corruption"],"picked":"Barricade","floor":16.0},{"not_picked":["Anger","Wild Strike","Thunderclap"],"picked":"SKIP","floor":18.0},{"not_picked":["Seeing Red","Headbutt"],"picked":"Entrench","floor":20.0},{"not_picked":["Pommel Strike","Heavy Blade","Thunderclap"],"picked":"SKIP","floor":24.0},{"not_picked":["Perfected Strike","Rampage","Uppercut"],"picked":"SKIP","floor":25.0},{"not_picked":["Second Wind","Pommel Strike"],"picked":"Power Through","floor":27.0},{"not_picked":["Dual Wield","Warcry"],"picked":"Shrug It Off+1","floor":28.0},{"not_picked":["Shrug It Off","Twin Strike"],"picked":"Havoc+1","floor":31.0},{"not_picked":["Bludgeon","Demon Form"],"picked":"Feed","floor":33.0},{"not_picked":["Shockwave","Rampage","Warcry"],"picked":"SKIP","floor":35.0},{"not_picked":["Disarm","Wild Strike+1","True Grit"],"picked":"SKIP","floor":37.0},{"not_picked":["Infernal Blade+1","Perfected Strike"],"picked":"Body Slam","floor":38.0}],"player_experience":679893,"relics_obtained":[{"floor":4.0,"key":"MealTicket"},{"floor":6.0,"key":"Vajra"},{"floor":9.0,"key":"Meat on the Bone"},{"floor":13.0,"key":"Anchor"},{"floor":38.0,"key":"Charon\u0027s Ashes"}],"event_choices":[{"damage_healed":0.0,"max_hp_gain":0.0,"max_hp_loss":0.0,"gold_gain":0.0,"cards_transformed":["Strike_R"],"event_name":"Living Wall","player_choice":"Change","floor":3.0,"gold_loss":0.0,"damage_taken":0.0,"cards_obtained":["Fire Breathing"]},{"cards_removed":["Strike_R"],"damage_healed":0.0,"max_hp_gain":0.0,"max_hp_loss":0.0,"gold_gain":0.0,"event_name":"The Cleric","player_choice":"Card Removal","floor":5.0,"gold_loss":75.0,"damage_taken":0.0},{"damage_healed":0.0,"max_hp_gain":0.0,"max_hp_loss":0.0,"gold_gain":75.0,"event_name":"World of Goop","player_choice":"Gather Gold","floor":8.0,"gold_loss":0.0,"damage_taken":11.0},{"damage_healed":0.0,"max_hp_gain":0.0,"max_hp_loss":0.0,"gold_gain":0.0,"event_name":"Cursed Tome","player_choice":"Obtained Book","floor":21.0,"gold_loss":0.0,"damage_taken":21.0},{"damage_healed":0.0,"max_hp_gain":0.0,"max_hp_loss":38.0,"gold_gain":0.0,"event_name":"Ghosts","player_choice":"Became a Ghost","floor":22.0,"gold_loss":0.0,"damage_taken":0.0,"cards_obtained":["Ghostly","Ghostly","Ghostly"]},{"damage_healed":0.0,"max_hp_gain":0.0,"max_hp_loss":0.0,"gold_gain":0.0,"event_name":"MindBloom","player_choice":"Fight","floor":38.0,"gold_loss":0.0,"damage_taken":0.0},{"cards_removed":["Strike_R"],"damage_healed":0.0,"max_hp_gain":0.0,"max_hp_loss":0.0,"gold_gain":0.0,"event_name":"Falling","player_choice":"Removed Attack","floor":39.0,"gold_loss":0.0,"damage_taken":0.0}],"is_beta":false,"boss_relics":[{"not_picked":["Ectoplasm","Empty Cage"],"picked":"SacredBark"},{"not_picked":["Astrolabe","Sozu"],"picked":"SlaversCollar"}],"items_purged_floors":[19,30],"is_endless":false,"potions_floor_spawned":[1,6,16,18,20,31,37,38],"killed_by":"Reptomancer","ascension_level":20}}