{"host":"7l2t4psy44vpcd9q","time":1608054103,"event":{"mods":["AchievementEnabler","BaseMod","DeckTracker","Minty Spire (QoL Compilation)","SuperFastMode"],"gold_per_floor":[109,109,122,122,122,122,163,181,181,20,20,64,83,114,114,203,203,221,68,92,37,37,37,37],"floor_reached":23,"playtime":1057,"items_purged":["Strike_B","Strike_B"],"score":441,"play_id":"13e4b2ce-0ba3-4c4c-891d-38ef96c196ce","local_time":"20201216024143","is_ascension_mode":true,"campfire_choices":[{"data":"Zap","floor":6,"key":"SMITH"},{"data":"Hologram","floor":11,"key":"SMITH"},{"data":"Defragment","floor":15,"key":"SMITH"}],"circlet_count":0,"master_deck":["AscendersBane","Strike_B","Defend_B","Defend_B","Defend_B","Defend_B","Zap+1","Dualcast","Sweeping Beam","Compile Driver","Gash","Glacier","Beam Cell","Sweeping Beam","Hologram+1","Defragment+1","Static Discharge","Defragment","Creative AI","Conserve Battery","Barrage","Barrage+1","Cold Snap"],"relics":["Cracked Core","NeowsBlessing","Golden Idol","Blue Candle","Kunai","Ancient Tea Set","Eternal Feather","Inserter"],"acts_visited":["Exordium","TheCity"],"potions_floor_usage":[16,18,23],"damage_taken":[{"damage":0,"enemies":"Cultist","floor":1,"turns":1},{"damage":0,"enemies":"2 Louse","floor":3,"turns":1},{"damage":0,"enemies":"Gremlin Nob","floor":7,"turns":1},{"damage":1,"enemies":"Small Slimes","floor":8,"turns":3},{"damage":2,"enemies":"Lagavulin","floor":12,"turns":7},{"damage":8,"enemies":"3 Louse","floor":13,"turns":3},{"damage":9,"enemies":"3 Sentries","floor":14,"turns":6},{"damage":25,"enemies":"Slime Boss","floor":16,"turns":9},{"damage":17,"enemies":"Chosen","floor":18,"turns":6},{"damage":17,"enemies":"3 Byrds","floor":20,"turns":6},{"damage":26,"enemies":"Gremlin Leader","floor":23,"turns":2}],"seed_played":"7856676791898074873","potions_obtained":[{"floor":1,"key":"Strength Potion"},{"floor":3,"key":"Weak Potion"},{"floor":7,"key":"GamblersBrew"},{"floor":20,"key":"EssenceOfSteel"}],"is_trial":false,"path_per_floor":["M","?","M","?","?","R","E","M","T","$","R","E","M","E","R","B",null,"M","$","M","$","?","E"],"character_chosen":"DEFECT","items_purchased":["Sweeping Beam","Hologram","Barrage","Cold Snap"],"campfire_rested":0,"item_purchase_floors":[10,10,19,21],"current_hp_per_floor":[64,40,40,40,63,63,63,62,62,62,62,60,52,43,52,27,60,43,43,26,26,26,0,0],"gold":37,"neow_bonus":"THREE_ENEMY_KILL","is_daily":false,"chose_seed":false,"campfire_upgraded":3,"win_rate":0.0,"timestamp":1608054103,"path_taken":["M","?","M","?","?","R","E","M","T","$","R","E","M","E","R","BOSS","M","$","M","$","?","E"],"items_purchased_type":["Card","Card","Card","Card"],"build_version":"2020-12-13","purchased_purges":2,"victory":false,"max_hp_per_floor":[71,71,71,71,71,71,71,71,71,71,71,71,71,71,71,71,71,71,71,71,71,71,71,71],"card_choices":[{"not_picked":["Scrape","Rebound"],"picked":"Sweeping Beam","floor":1},{"not_picked":["Redo","Coolheaded"],"picked":"Compile Driver","floor":3},{"not_picked":["Chill","Darkness"],"picked":"Glacier","floor":7},{"not_picked":["Heatsinks","Streamline"],"picked":"Beam Cell","floor":8},{"not_picked":["Hologram","Thunder Strike"],"picked":"Defragment","floor":12},{"not_picked":["Redo","Turbo"],"picked":"Static Discharge","floor":13},{"not_picked":["Capacitor","Double Energy"],"picked":"Defragment","floor":14},{"not_picked":["Core Surge","Echo Form"],"picked":"Creative AI","floor":16},{"not_picked":["Self Repair","Stack"],"picked":"Conserve Battery","floor":18},{"not_picked":["FTL","Turbo"],"picked":"Barrage+1","floor":20}],"player_experience":1091193,"relics_obtained":[{"floor":7,"key":"Blue Candle"},{"floor":9,"key":"Kunai"},{"floor":12,"key":"Ancient Tea Set"},{"floor":14,"key":"Eternal Feather"}],"event_choices":[{"damage_healed":0,"gold_gain":0,"player_choice":"Take Damage","damage_taken":24,"relics_obtained":["Golden Idol"],"max_hp_gain":0,"max_hp_loss":0,"event_name":"Golden Idol","floor":2,"gold_loss":0},{"damage_healed":0,"gold_gain":0,"cards_transformed":["Strike_B"],"player_choice":"Change","damage_taken":0,"max_hp_gain":0,"max_hp_loss":0,"event_name":"Living Wall","floor":4,"gold_loss":0,"cards_obtained":["Gash"]},{"damage_healed":23,"gold_gain":0,"player_choice":"Banana","damage_taken":0,"max_hp_gain":0,"max_hp_loss":0,"event_name":"Big Fish","floor":5,"gold_loss":0},{"damage_healed":0,"gold_gain":0,"player_choice":"Ignored","damage_taken":0,"max_hp_gain":0,"max_hp_loss":0,"event_name":"Vampires","floor":22,"gold_loss":0}],"is_beta":false,"boss_relics":[{"not_picked":["Tiny House","Runic Pyramid"],"picked":"Inserter"}],"items_purged_floors":[10,19],"is_endless":false,"potions_floor_spawned":[1,3,7,14,20],"killed_by":"Gremlin Leader","ascension_level":18}}