{"host":"poixavpewvabi3b6","time":1608046148,"event":{"mods":["BaseMod","DeckTracker","Minty Spire (QoL Compilation)","Replay The Spire","StSLib"],"gold_per_floor":[110,120,120,45,61,61,78,78,125,49,63,74,91,91,91,192,192,192],"floor_reached":17,"playtime":606,"items_purged":["Defend_B"],"score":149,"play_id":"e9e8d001-99c2-42ce-a955-7232c73e7e5f","local_time":"20201216002908","is_ascension_mode":false,"campfire_choices":[{"data":"Dualcast","floor":6,"key":"SMITH"},{"data":"Zap","floor":8,"key":"SMITH"}],"circlet_count":0,"master_deck":["Strike_B","Strike_B","Defend_B","Defend_B","Defend_B","Zap+1","Dualcast+1","Auto Shields","Go for the Eyes","Conserve Battery","Sunder","Static Discharge+1","Beam Cell","Beam Cell","Loop","Echo Form"],"relics":["Cracked Core","MealTicket","SacredBark"],"acts_visited":["Exordium","TheCity"],"potions_floor_usage":[13],"damage_taken":[{"damage":3,"enemies":"Jaw Worm","floor":1,"turns":4},{"damage":0,"enemies":"2 Louse","floor":2,"turns":3},{"damage":0,"enemies":"Small Slimes","floor":5,"turns":3},{"damage":14,"enemies":"Exordium Thugs","floor":7,"turns":6},{"damage":6,"enemies":"3 Louse","floor":11,"turns":2},{"damage":0,"enemies":"Blue Slaver","floor":12,"turns":4},{"damage":1,"enemies":"Exordium Thugs","floor":13,"turns":3},{"damage":28,"enemies":"The Guardian","floor":16,"turns":12}],"seed_played":"-8844573077684944608","potions_obtained":[{"floor":5,"key":"Energy Potion"},{"floor":11,"key":"LiquidBronze"},{"floor":12,"key":"SteroidPotion"}],"is_trial":false,"path_per_floor":["M","M","?","$","M","R","M","R","T","$","M","M","M","?","R","B",null],"character_chosen":"DEFECT","items_purchased":["Static Discharge"],"campfire_rested":0,"item_purchase_floors":[10],"current_hp_per_floor":[72,72,72,72,72,72,58,58,58,73,67,67,66,66,75,47,75,75],"gold":192,"neow_bonus":"TRANSFORM_CARD","is_daily":false,"chose_seed":false,"campfire_upgraded":2,"win_rate":0.0,"timestamp":1608046148,"path_taken":["M","M","?","$","M","R","M","R","T","$","M","M","M","?","R","BOSS"],"items_purchased_type":["Card"],"build_version":"2020-12-13","purchased_purges":1,"victory":false,"max_hp_per_floor":[75,75,75,75,75,75,75,75,75,75,75,75,75,75,75,75,75,75],"card_choices":[{"not_picked":["Coolheaded","Gash"],"picked":"Go for the Eyes","floor":1},{"not_picked":["Time Bomb","Steam Power","Rebound"],"picked":"SKIP","floor":2},{"not_picked":["Leap","ReplayTheSpireMod:Omega Cannon"],"picked":"Conserve Battery","floor":5},{"not_picked":["Coolheaded","Loop"],"picked":"Sunder","floor":7},{"not_picked":["BasicCrystalCard","Coolheaded"],"picked":"Beam Cell","floor":11},{"not_picked":["Leap","Undo"],"picked":"Beam Cell","floor":12},{"not_picked":["Stack","Genetic Algorithm"],"picked":"Loop","floor":13},{"not_picked":["All For One","Machine Learning"],"picked":"Echo Form","floor":16}],"player_experience":127210,"relics_obtained":[{"floor":9,"key":"MealTicket"}],"event_choices":[{"damage_healed":0,"gold_gain":0,"player_choice":"Ignored","damage_taken":0,"max_hp_gain":0,"max_hp_loss":0,"event_name":"Liars Game","floor":3,"gold_loss":0},{"cards_removed":["Strike_B"],"damage_healed":0,"gold_gain":0,"player_choice":"Forget","damage_taken":0,"max_hp_gain":0,"max_hp_loss":0,"event_name":"Living Wall","floor":14,"gold_loss":0}],"is_beta":false,"boss_relics":[{"not_picked":["Runic Pyramid","Busted Crown"],"picked":"SacredBark"}],"items_purged_floors":[4],"is_endless":false,"potions_floor_spawned":[5,11,12],"ascension_level":0}}