{"host":"j4g6ia6asvpyu2b0","time":1608065669,"event":{"mods":["BaseMod","Colored Map","Minty Spire (QoL Compilation)","Permanent Neow","Quick Restart","Relic Stats","StSLib","Unceasing Turn Reminder"],"gold_per_floor":[114,189,202,202,218,252,252,286,286,306,306,317,330,130,130,225,225,245,245,245,64,15,41,41,61,61,92,106,124,399,427,427,527,527,543,543,561,575,592,592,592],"floor_reached":40,"playtime":1292,"items_purged":["Clumsy","Strike_B+1"],"score":580,"play_id":"ed8ee0bb-7e96-48e9-83fc-a8bc8248e649","local_time":"20201215135429","is_ascension_mode":true,"campfire_choices":[{"floor":7.0,"key":"REST"},{"data":"Zap","floor":11.0,"key":"SMITH"},{"data":"Defragment","floor":15.0,"key":"SMITH"},{"data":"Defragment","floor":24.0,"key":"SMITH"},{"floor":32.0,"key":"REST"}],"circlet_count":0,"master_deck":["Strike_B+1","Strike_B+1","Defend_B+1","Defend_B+1","Defend_B+1","Defend_B+1","Zap+1","Dualcast","All For One","Gash","Sweeping Beam","Multi-Cast","Self Repair","Sweeping Beam","Beam Cell","Cold Snap","Defragment+1","Gash","FTL","Core Surge","Hologram","J.A.X.","Defragment+1","Go for the Eyes","Conserve Battery+1","Sweeping Beam+1","Beam Cell+1","Compile Driver","Regret","Compile Driver","All For One","Compile Driver","Hologram","Beam Cell+1","Loop+1"],"relics":["Cracked Core","Eternal Feather","Ice Cream","FossilizedHelix","Black Star","Incense Burner","Art of War","Mercury Hourglass","Bottled Flame","Bottled Lightning","Tiny Chest","Pen Nib","Philosopher\u0027s Stone","Mummified Hand"],"acts_visited":["Exordium","TheCity","TheBeyond"],"potions_floor_usage":[40],"damage_taken":[{"damage":8.0,"enemies":"2 Louse","floor":1.0,"turns":2.0},{"damage":11.0,"enemies":"Jaw Worm","floor":3.0,"turns":4.0},{"damage":1.0,"enemies":"Cultist","floor":5.0,"turns":3.0},{"damage":34.0,"enemies":"Gremlin Nob","floor":6.0,"turns":4.0},{"damage":15.0,"enemies":"3 Sentries","floor":8.0,"turns":6.0},{"damage":1.0,"enemies":"Large Slime","floor":10.0,"turns":5.0},{"damage":0.0,"enemies":"Exordium Wildlife","floor":12.0,"turns":2.0},{"damage":0.0,"enemies":"Red Slaver","floor":13.0,"turns":2.0},{"damage":38.0,"enemies":"Hexaghost","floor":16.0,"turns":7.0},{"damage":0.0,"enemies":"Spheric Guardian","floor":18.0,"turns":3.0},{"damage":25.0,"enemies":"Book of Stabbing","floor":23.0,"turns":5.0},{"damage":0.0,"enemies":"3 Byrds","floor":25.0,"turns":4.0},{"damage":3.0,"enemies":"Gremlin Leader","floor":27.0,"turns":4.0},{"damage":29.0,"enemies":"Snake Plant","floor":28.0,"turns":4.0},{"damage":15.0,"enemies":"Chosen and Byrds","floor":29.0,"turns":4.0},{"damage":29.0,"enemies":"Book of Stabbing","floor":31.0,"turns":5.0},{"damage":43.0,"enemies":"Collector","floor":33.0,"turns":6.0},{"damage":5.0,"enemies":"3 Shapes","floor":35.0,"turns":2.0},{"damage":42.0,"enemies":"3 Darklings","floor":37.0,"turns":4.0},{"damage":15.0,"enemies":"Writhing Mass","floor":38.0,"turns":4.0},{"damage":17.0,"enemies":"Jaw Worm Horde","floor":39.0,"turns":3.0},{"damage":21,"enemies":"Reptomancer","floor":40,"turns":4}],"seed_played":"-5439291364671379591","potions_obtained":[{"floor":5.0,"key":"SkillPotion"},{"floor":10.0,"key":"PotionOfCapacity"},{"floor":12.0,"key":"PowerPotion"},{"floor":16.0,"key":"CultistPotion"},{"floor":18.0,"key":"Swift Potion"},{"floor":35.0,"key":"Fruit Juice"},{"floor":37.0,"key":"PowerPotion"}],"is_trial":false,"path_per_floor":["M","?","M","?","M","E","R","E","T","M","R","M","M","$","R","B",null,"M","?","?","$","$","E","R","M","T","E","M","M","?","E","R","B",null,"M","T","M","M","M","E"],"character_chosen":"DEFECT","items_purchased":["Gash","FTL","Defragment","Go for the Eyes"],"campfire_rested":2,"item_purchase_floors":[14,14,21,22],"current_hp_per_floor":[67,56,45,45,44,17,48,40,40,46,55,62,62,62,74,43,75,75,75,75,75,75,57,72,75,75,75,46,31,31,9,49,13,75,80,80,45,37,20,0,0],"gold":592,"neow_bonus":"THREE_RARE_CARDS","is_daily":false,"chose_seed":false,"campfire_upgraded":3,"win_rate":0.0,"timestamp":1608065669,"path_taken":["M","?","M","?","M","E","R","E","T","M","R","?","M","$","R","BOSS","M","?","?","?","$","E","R","?","T","E","M","M","?","E","R","BOSS","M","?","M","M","M","E"],"items_purchased_type":["Card","Card","Card","Card"],"build_version":"2020-12-13","purchased_purges":2,"victory":false,"max_hp_per_floor":[75,75,75,75,75,75,75,75,75,75,75,75,75,75,75,75,75,75,75,75,75,75,75,75,75,75,75,75,75,75,75,75,75,75,80,80,80,80,80,80,80],"relic_stats":{"counters":[22,87],"Mummified Hand":[10],"Eternal Feather":63,"Tiny Chest":0,"Pen Nib":[9],"Black Star":3,"Art of War":[1],"obtain_stats":[{"Ice Cream":8,"Eternal Feather":6,"Pen Nib":31,"Incense Burner":23,"Mercury Hourglass":26,"Bottled Flame":27,"Mummified Hand":36,"Tiny Chest":31,"Philosopher\u0027s Stone":34,"Black Star":17,"Art of War":23,"Bottled Lightning":27,"Cracked Core":0,"FossilizedHelix":9},{"Ice Cream":5,"Eternal Feather":4,"Pen Nib":16,"Incense Burner":11,"Mercury Hourglass":12,"Bottled Flame":13,"Mummified Hand":18,"Tiny Chest":16,"Philosopher\u0027s Stone":17,"Black Star":9,"Art of War":11,"Bottled Lightning":13,"Cracked Core":0,"FossilizedHelix":5},{"Ice Cream":19,"Eternal Feather":13,"Pen Nib":64,"Incense Burner":43,"Mercury Hourglass":47,"Bottled Flame":51,"Mummified Hand":72,"Tiny Chest":64,"Philosopher\u0027s Stone":70,"Black Star":35,"Art of War":43,"Bottled Lightning":51,"Cracked Core":0,"FossilizedHelix":19}],"Mercury Hourglass":[171]},"card_choices":[{"not_picked":["Thunder Strike","Rainbow"],"picked":"All For One","floor":0.0},{"not_picked":["Compile Driver","Coolheaded"],"picked":"Gash","floor":1.0},{"not_picked":["Compile Driver","Capacitor"],"picked":"Sweeping Beam","floor":3.0},{"not_picked":["Go for the Eyes","Cold Snap"],"picked":"Self Repair","floor":5.0},{"not_picked":["White Noise","Turbo"],"picked":"Sweeping Beam","floor":6.0},{"not_picked":["Creative AI","Stack","Doom and Gloom"],"picked":"SKIP","floor":8.0},{"not_picked":["Coolheaded","Storm"],"picked":"Beam Cell","floor":10.0},{"not_picked":["Beam Cell","Force Field"],"picked":"Cold Snap","floor":12.0},{"not_picked":["Turbo","Chill"],"picked":"Defragment","floor":13.0},{"not_picked":["Rainbow","Amplify"],"picked":"Core Surge","floor":16.0},{"not_picked":["FTL","Heatsinks"],"picked":"Hologram","floor":18.0},{"not_picked":["Beam Cell","Redo"],"picked":"Conserve Battery+1","floor":23.0},{"not_picked":["Steam Power","Barrage+1"],"picked":"Sweeping Beam+1","floor":25.0},{"not_picked":["Go for the Eyes","Loop"],"picked":"Beam Cell+1","floor":27.0},{"not_picked":["Genetic Algorithm","Storm+1","Barrage"],"picked":"SKIP","floor":28.0},{"not_picked":["Steam Power+1","Consume"],"picked":"Compile Driver","floor":29.0},{"not_picked":["Steam","Creative AI"],"picked":"Compile Driver","floor":31.0},{"not_picked":["Core Surge","Echo Form"],"picked":"All For One","floor":33.0},{"not_picked":["Undo","Ball Lightning"],"picked":"Compile Driver","floor":35.0},{"not_picked":["Conserve Battery+1","Chill"],"picked":"Hologram","floor":37.0},{"not_picked":["Aggregate+1","Stack"],"picked":"Beam Cell+1","floor":38.0},{"not_picked":["Go for the Eyes","Conserve Battery"],"picked":"Loop+1","floor":39.0}],"player_experience":665799,"relics_obtained":[{"floor":6.0,"key":"Eternal Feather"},{"floor":8.0,"key":"Ice Cream"},{"floor":9.0,"key":"FossilizedHelix"},{"floor":23.0,"key":"Incense Burner"},{"floor":23.0,"key":"Art of War"},{"floor":26.0,"key":"Mercury Hourglass"},{"floor":27.0,"key":"Bottled Flame"},{"floor":27.0,"key":"Bottled Lightning"},{"floor":31.0,"key":"Tiny Chest"},{"floor":31.0,"key":"Pen Nib"},{"floor":36.0,"key":"Mummified Hand"}],"event_choices":[{"damage_healed":0.0,"max_hp_gain":0.0,"max_hp_loss":0.0,"gold_gain":75.0,"event_name":"World of Goop","player_choice":"Gather Gold","floor":2.0,"gold_loss":0.0,"damage_taken":11.0},{"damage_healed":0.0,"max_hp_gain":0.0,"max_hp_loss":0.0,"gold_gain":0.0,"cards_transformed":["Strike_B"],"event_name":"Transmorgrifier","player_choice":"Transformed","floor":4.0,"gold_loss":0.0,"damage_taken":0.0,"cards_obtained":["Multi-Cast"]},{"damage_healed":0.0,"max_hp_gain":0.0,"max_hp_loss":0.0,"gold_gain":0.0,"event_name":"Back to Basics","player_choice":"Simplicity","floor":19.0,"gold_loss":0.0,"damage_taken":0.0,"cards_upgraded":["Strike_B","Strike_B","Strike_B","Defend_B","Defend_B","Defend_B","Defend_B"]},{"damage_healed":0.0,"max_hp_gain":0.0,"max_hp_loss":0.0,"gold_gain":0.0,"event_name":"Drug Dealer","player_choice":"Obtain J.A.X.","floor":20.0,"gold_loss":0.0,"damage_taken":0.0,"cards_obtained":["J.A.X."]},{"damage_healed":0.0,"max_hp_gain":0.0,"max_hp_loss":0.0,"gold_gain":275.0,"event_name":"Golden Shrine","player_choice":"Desecrate","floor":30.0,"gold_loss":0.0,"damage_taken":0.0,"cards_obtained":["Regret"]}],"is_beta":false,"boss_relics":[{"not_picked":["Empty Cage","Nuclear Battery"],"picked":"Black Star"},{"not_picked":["Runic Dome","Astrolabe"],"picked":"Philosopher\u0027s Stone"}],"items_purged_floors":[14,21],"is_endless":false,"potions_floor_spawned":[5,10,12,16,18,25,31,35,37,39],"killed_by":"Reptomancer","ascension_level":3}}