{"host":"br1k745010e75u9o","time":1608059209,"event":{"mods":["BaseMod","CCEM","Conspire","Downfall","Friendly Minions","Hermit","Hubris","Mari Mod (Legacy)","Mari\u0027s V1 Patch","Minty Spire (QoL Compilation)","Replay The Spire","StSLib","The Cursed","Yohane!"],"gold_per_floor":[153,165,165,60,76,76,81,122,122,122,122,144,161,178,178,296,296,307,307,389,42,42,42,42,42,42,77,124,114,114],"floor_reached":29,"playtime":3287,"items_purged":["MariMod:Mari_Research"],"score":269,"play_id":"e1dfca09-3eae-4ac1-ae75-d6b715d06f02","local_time":"20201215190649","is_ascension_mode":false,"campfire_choices":[{"data":"MariMod:Mari_Cash_Back","floor":6,"key":"SMITH"},{"floor":11,"key":"REST"},{"floor":23,"key":"REST"},{"floor":25,"key":"REST"}],"circlet_count":0,"master_deck":["MariMod:Mari_Strike","MariMod:Mari_Strike","MariMod:Mari_Strike","MariMod:Mari_Strike","MariMod:Mari_Defend","MariMod:Mari_Defend","MariMod:Mari_Defend","MariMod:Mari_Defend","MariMod:Mari_Defend","MariMod:Mari_Reminisce","MariMod:Mari_Debut","MariMod:Mari_Tough_Front","MariMod:Mari_Cash_Back+1","MariMod:Mari_Shine","MariMod:Mari_Self_Care","MariMod:Mari_Unveiled_Secret","MariMod:Mari_Reckless_Spending","MariMod:Mari_Well_Kept_Secret","Parasite","MariMod:Mari_The_Light_We_Chase","MariMod:Mari_Unveiled_Secret","MariMod:Mari_Dolphin_Strike","MariMod:Mari_Second_Season","MariMod:Mari_Sparkle","MariMod:Mari_Kyu","MariMod:Mari_The_FLYING_CAR","MariMod:Mari_Grand_Scheme","MariMod:Mari_Practice_Outfit","MariMod:Mari_Expenses","MariMod:Mari_The_HELICOPTER","MariMod:Mari_The_Light_We_Chase","MariMod:Mari_Limelight+1","ReplayUltimateDefense+1","MariMod:Mari_Practice_Outfit","MariMod:Mari_Shine","MariMod:Mari_SHINY"],"relics":["MariMod:MariTheSpark","Gambling Chip","Fusion Hammer","hubris:Icosahedron","Eternal Feather"],"acts_visited":["Exordium","TheCity"],"potions_floor_usage":[13,16,16,27,29,29],"damage_taken":[{"damage":2,"enemies":"2 Louse","floor":1,"turns":5},{"damage":10,"enemies":"Jaw Worm","floor":2,"turns":4},{"damage":7,"enemies":"Cultist","floor":5,"turns":6},{"damage":39,"enemies":"Lots of Slimes","floor":7,"turns":11},{"damage":10,"enemies":"Looter","floor":8,"turns":5},{"damage":15,"enemies":"2 Fungi Beasts","floor":12,"turns":7},{"damage":6,"enemies":"Red Slaver","floor":13,"turns":8},{"damage":14,"enemies":"conspire:2 RoseBushes","floor":14,"turns":8},{"damage":28,"enemies":"Hexaghost","floor":16,"turns":10},{"damage":36,"enemies":"2 Thieves","floor":18,"turns":4},{"damage":22,"enemies":"Spheric Guardian","floor":20,"turns":10},{"damage":44,"enemies":"Centurion and Healer","floor":27,"turns":6},{"damage":15,"enemies":"Snake Plant","floor":28,"turns":5},{"damage":24,"enemies":"Shelled Parasite and Fungi","floor":29,"turns":2}],"seed_played":"1574468868486245386","potions_obtained":[{"floor":1,"key":"Elixir"},{"floor":7,"key":"Milkshake"},{"floor":8,"key":"LiquidMemories"},{"floor":14,"key":"conspire:TimeTravelPotion"},{"floor":18,"key":"champ:CounterPotion"},{"floor":20,"key":"Strength Potion"},{"floor":27,"key":"DuplicationPotion"}],"is_trial":false,"path_per_floor":["M","M","?","$","M","R","M","M","T","?","R","M","M","M","R","B",null,"M","?","M","$","?","R","$","R","T","M","M","M"],"character_chosen":"MARI","items_purchased":["MariMod:Mari_Research","MariMod:Mari_Shine","MariMod:Mari_Limelight+1","ReplayUltimateDefense"],"campfire_rested":3,"item_purchase_floors":[4,4,21,21],"current_hp_per_floor":[77,67,67,67,60,60,21,11,11,30,53,38,32,18,18,2,79,43,43,57,57,57,79,79,79,79,35,20,0,0],"gold":114,"neow_bonus":"TEN_PERCENT_HP_BONUS","is_daily":false,"chose_seed":false,"campfire_upgraded":1,"win_rate":0.0,"timestamp":1608059209,"path_taken":["M","M","?","$","M","R","M","M","T","?","R","M","M","M","R","BOSS","M","?","M","$","?","R","$","R","T","M","?","?"],"items_purchased_type":["Card","Card","Card","Card"],"build_version":"2020-12-13","purchased_purges":1,"victory":false,"max_hp_per_floor":[79,79,79,79,79,79,79,79,79,79,79,79,79,79,79,79,79,79,79,79,79,79,79,79,79,79,79,79,79,79],"card_choices":[{"not_picked":["MariMod:Mari_Expenses","MariMod:Mari_Self_Care"],"picked":"MariMod:Mari_Tough_Front","floor":1},{"not_picked":["MariMod:Mari_Mic_Check","MariMod:Mari_Self_Care"],"picked":"MariMod:Mari_Cash_Back","floor":2},{"not_picked":["MariMod:Mari_Expensive_Tastes","MariMod:Mari_Slap"],"picked":"MariMod:Mari_Self_Care","floor":5},{"not_picked":["MariMod:Mari_Pretty_Bomber_Head","MariMod:Mari_Glimmer"],"picked":"MariMod:Mari_Unveiled_Secret","floor":7},{"not_picked":["MariMod:Mari_Heavy_Price","MariMod:Mari_Slap"],"picked":"MariMod:Mari_Reckless_Spending","floor":7},{"not_picked":["MariMod:Mari_Reckless_Spending","MariMod:Mari_Its_Joke"],"picked":"MariMod:Mari_Well_Kept_Secret","floor":8},{"not_picked":["MariMod:Mari_Expensive_Tastes","MariMod:Mari_Character_Development"],"picked":"MariMod:Mari_The_Light_We_Chase","floor":12},{"not_picked":["MariMod:Mari_Reflection","MariMod:Mari_Reckless_Driving","MariMod:Mari_Approved"],"picked":"SKIP","floor":12},{"not_picked":["MariMod:Mari_Withdrawal","MariMod:Mari_Pretty_Bomber_Head"],"picked":"MariMod:Mari_Unveiled_Secret","floor":13},{"not_picked":["MariMod:Mari_Lie_In_Wait","MariMod:Mari_Fire_Strike"],"picked":"MariMod:Mari_Dolphin_Strike","floor":13},{"not_picked":["MariMod:Mari_Research","MariMod:Mari_Pretty_Bomber_Head"],"picked":"MariMod:Mari_Second_Season","floor":14},{"not_picked":["MariMod:Mari_Slap","MariMod:Mari_Heavy_Metal"],"picked":"MariMod:Mari_Sparkle","floor":14},{"not_picked":["MariMod:Mari_Fire_Strike","MariMod:Mari_Reflection"],"picked":"MariMod:Mari_The_FLYING_CAR","floor":16},{"not_picked":["MariMod:Mari_Flawless_Form","MariMod:Mari_Perfect_Performance"],"picked":"MariMod:Mari_Grand_Scheme","floor":16},{"not_picked":["MariMod:Mari_Tea_Time","MariMod:Mari_Wishing_Fountain"],"picked":"MariMod:Mari_Practice_Outfit","floor":18},{"not_picked":["MariMod:Mari_Fragile_Hope","MariMod:Mari_Lets_Go"],"picked":"MariMod:Mari_Expenses","floor":18},{"not_picked":["MariMod:Mari_Collect_Thoughts","MariMod:Mari_Heavy_Metal","MariMod:Mari_Character_Development"],"picked":"SKIP","floor":18},{"not_picked":["MariMod:Mari_Hug","MariMod:Mari_Fire_Strike"],"picked":"MariMod:Mari_The_HELICOPTER","floor":20},{"not_picked":["MariMod:Mari_Heavy_Price","MariMod:Mari_Overexertion"],"picked":"MariMod:Mari_The_Light_We_Chase","floor":20},{"not_picked":["MariMod:Mari_Collect_Thoughts","MariMod:Mari_Character_Development"],"picked":"MariMod:Mari_Practice_Outfit","floor":27},{"not_picked":["MariMod:Mari_Lets_Go+1","MariMod:Mari_Pent_Up_Emotions","MariMod:Mari_Fire_Strike"],"picked":"SKIP","floor":27},{"not_picked":["MariMod:Mari_Choreography","MariMod:Mari_Awe"],"picked":"MariMod:Mari_Shine","floor":28},{"not_picked":["MariMod:Mari_Fire_Strike","MariMod:Mari_Dolphin_Strike"],"picked":"MariMod:Mari_SHINY","floor":28}],"player_experience":38829,"relics_obtained":[{"floor":9,"key":"Gambling Chip"},{"floor":26,"key":"Eternal Feather"}],"event_choices":[{"damage_healed":19,"gold_gain":0,"player_choice":"Healed and dodged fight","damage_taken":0,"max_hp_gain":0,"max_hp_loss":0,"event_name":"Mushrooms","floor":10,"gold_loss":0,"cards_obtained":["Parasite"]},{"damage_healed":0,"gold_gain":0,"player_choice":"Upgraded","damage_taken":0,"max_hp_gain":0,"max_hp_loss":0,"event_name":"Upgrade Shrine","floor":22,"gold_loss":0,"cards_upgraded":["ReplayUltimateDefense"]}],"is_beta":false,"boss_relics":[{"not_picked":["Black Star","ChewingGum"],"picked":"Fusion Hammer"}],"items_purged_floors":[21],"is_endless":false,"potions_floor_spawned":[1,7,8,12,14,18,20,27],"killed_by":"Shelled Parasite and Fungi","ascension_level":0}}