{"host":"owox7x4ngjt9htcc","time":1608016794,"event":{"mods":["BaseMod","Colored Map","DeckTracker","Keyboard Shortcuts","Minty Spire (QoL Compilation)","SuperFastMode"],"gold_per_floor":[114,189,204,204,204,234,234,249,249,264,279,294,168,198,198,298,298,313,313,313,313,24,24,24],"floor_reached":23,"playtime":495,"items_purged":[],"score":399,"play_id":"86e07860-4997-4b84-846a-c9c101e8fc02","local_time":"20201215161954","daily_mods":["Allstar","Hoarder","Night Terrors"],"is_ascension_mode":false,"campfire_choices":[{"floor":7,"key":"REST"},{"data":"Coolheaded","floor":15,"key":"SMITH"}],"circlet_count":0,"master_deck":["Strike_B","Strike_B","Strike_B","Strike_B","Defend_B","Defend_B","Defend_B","Defend_B","Zap","Dualcast","Discovery","Discovery","Discovery","Dramatic Entrance","Dramatic Entrance","Dramatic Entrance","Forethought","Forethought","Forethought","Jack Of All Trades","Jack Of All Trades","Jack Of All Trades","Forethought+1","Forethought","Forethought","Stack","Stack+1","Stack+1","Leap+1","Leap","Leap","Gash","Gash","Gash","Gash","Gash","Gash","Aggregate","Aggregate","Aggregate","Echo Form","Echo Form","Echo Form","Sweeping Beam","Sweeping Beam","Sweeping Beam","Ball Lightning","Ball Lightning","Ball Lightning","Gash","Gash","Gash","Scrape","Scrape","Scrape","Coolheaded+1","Coolheaded","Coolheaded","Creative AI","Creative AI","Creative AI","Barrage+1","Barrage+1","Barrage+1","Decay","Decay","Decay","Writhe","Writhe","Writhe","Gash","Gash","Gash","Heatsinks","Heatsinks","Heatsinks","Loop","Loop","Loop"],"relics":["Cracked Core","Shuriken","The Courier","Singing Bowl","Inserter","War Paint","Omamori"],"acts_visited":["Exordium","TheCity"],"potions_floor_usage":[14,23],"damage_taken":[{"damage":0.0,"enemies":"Small Slimes","floor":1.0,"turns":1.0},{"damage":11.0,"enemies":"Jaw Worm","floor":3.0,"turns":3.0},{"damage":16,"enemies":"Lagavulin","floor":6,"turns":6},{"damage":0,"enemies":"2 Louse","floor":8,"turns":1},{"damage":0,"enemies":"Large Slime","floor":10,"turns":3},{"damage":0,"enemies":"2 Fungi Beasts","floor":11,"turns":2},{"damage":0,"enemies":"Gremlin Gang","floor":12,"turns":1},{"damage":6,"enemies":"3 Sentries","floor":14,"turns":3},{"damage":29,"enemies":"Hexaghost","floor":16,"turns":7},{"damage":23,"enemies":"Shell Parasite","floor":18,"turns":5},{"damage":51,"enemies":"Book of Stabbing","floor":23,"turns":6}],"seed_played":"8833210206598683822","potions_obtained":[{"floor":3.0,"key":"SpeedPotion"},{"floor":8,"key":"Block Potion"},{"floor":10,"key":"Dexterity Potion"},{"floor":16,"key":"PowerPotion"}],"is_trial":false,"path_per_floor":["M","?","M","?","?","E","R","M","T","M","M","M","$","E","R","B",null,"M","?","?","?","$","E"],"character_chosen":"DEFECT","items_purchased":["Ball Lightning","Gash","Scrape","Gash","Heatsinks","Loop","Omamori"],"campfire_rested":1,"item_purchase_floors":[13,13,13,22,22,22,22],"current_hp_per_floor":[75,64,53,53,38,22,70,70,70,70,70,70,70,64,64,35,70,47,47,47,47,47,0,0],"gold":24,"neow_bonus":"","is_daily":true,"chose_seed":false,"campfire_upgraded":1,"win_rate":0.0,"timestamp":1608016794,"path_taken":["M","?","M","?","?","E","R","M","T","M","M","M","$","E","R","BOSS","M","?","?","?","$","E"],"items_purchased_type":["Card","Card","Card","Card","Card","Card","Relic"],"build_version":"2020-12-13","purchased_purges":0,"victory":false,"max_hp_per_floor":[75,75,75,75,75,75,70,70,70,70,70,70,70,70,70,70,70,70,70,70,70,70,70,70],"card_choices":[{"not_picked":["Reinforced Body","Cold Snap"],"picked":"Stack","floor":1.0},{"not_picked":["Consume","Redo"],"picked":"Leap","floor":3.0},{"not_picked":["Rebound","Chill"],"picked":"Gash","floor":6},{"not_picked":["Redo","Rebound"],"picked":"Gash","floor":8},{"not_picked":["Conserve Battery","Coolheaded"],"picked":"Aggregate","floor":10},{"not_picked":["Sunder","Barrage"],"picked":"Echo Form","floor":11},{"not_picked":["Streamline","Hologram"],"picked":"Sweeping Beam","floor":12},{"not_picked":["Blizzard","Ball Lightning"],"picked":"Coolheaded","floor":14},{"not_picked":["Core Surge","Meteor Strike"],"picked":"Creative AI","floor":16},{"not_picked":["Chaos","Capacitor+1"],"picked":"Barrage+1","floor":18}],"player_experience":838288,"relics_obtained":[{"floor":6,"key":"Shuriken"},{"floor":9,"key":"The Courier"},{"floor":14,"key":"Singing Bowl"}],"event_choices":[{"damage_healed":0.0,"max_hp_gain":0.0,"max_hp_loss":0.0,"gold_gain":75.0,"event_name":"World of Goop","player_choice":"Gather Gold","floor":2.0,"gold_loss":0.0,"damage_taken":11.0},{"damage_healed":0,"gold_gain":0,"player_choice":"Ignored","damage_taken":0,"max_hp_gain":0,"max_hp_loss":0,"event_name":"Liars Game","floor":4,"gold_loss":0},{"damage_healed":0,"gold_gain":0,"player_choice":"Entered Light","damage_taken":15,"max_hp_gain":0,"max_hp_loss":0,"event_name":"Shining Light","floor":5,"gold_loss":0,"cards_upgraded":["Forethought","Stack"]},{"damage_healed":0,"gold_gain":0,"player_choice":"Smashed Altar","damage_taken":0,"max_hp_gain":0,"max_hp_loss":0,"event_name":"Forgotten Altar","floor":19,"gold_loss":0,"cards_obtained":["Decay"]},{"damage_healed":0,"gold_gain":0,"player_choice":"Opened","damage_taken":0,"relics_obtained":["War Paint"],"max_hp_gain":0,"max_hp_loss":0,"event_name":"The Mausoleum","floor":20,"gold_loss":0,"cards_obtained":["Writhe"]},{"damage_healed":0,"gold_gain":0,"player_choice":"Ignored","damage_taken":0,"max_hp_gain":0,"max_hp_loss":0,"event_name":"Ghosts","floor":21,"gold_loss":0}],"is_beta":false,"boss_relics":[{"not_picked":["Runic Dome","SlaversCollar"],"picked":"Inserter"}],"items_purged_floors":[],"is_endless":false,"potions_floor_spawned":[3,8,10,16],"killed_by":"Book of Stabbing","ascension_level":0}}