{"host":"cyh4fejqtcjbfr7k","time":1608011162,"event":{"mods":["2.2 Compatiblity","AchievementEnabler","BaseMod","Colored Map","Colored Powertips","DeckTracker","Downfall","Googly Eyes","Hubris","Infinite Spire","Minty Spire (QoL Compilation)","Replay The Spire","Shop Mod","StSLib","SuperFastMode","The Disciple","Unceasing Turn Reminder"],"gold_per_floor":[116,128,139,139,139,168,168,200,200,226,238,238,238,51,51,152,152,168,168,187,110,127,159,159,159,213,213,213],"floor_reached":27,"playtime":1264,"items_purged":[],"score":263,"play_id":"c7708375-5482-4a34-962c-2af3c1456c85","local_time":"20201214224602","is_ascension_mode":true,"campfire_choices":[{"floor":7,"key":"REST"},{"floor":13,"key":"REST"},{"floor":15,"key":"REST"}],"circlet_count":0,"master_deck":["Strike_R","Strike_R","Strike_R","Strike_R","Strike_R","Defend_R","Defend_R","Defend_R","Defend_R","Bash+1","Pommel Strike","Twin Strike","Entrench","hubris:StunningStrike+1","Thunderclap+1","Twin Strike+1","Apotheosis","Sword Boomerang+1","Iron Wave+1","Seeing Red","Metallicize","Uppercut+1"],"relics":["Burning Blood","Molten Egg 2","White Beast Statue","FossilizedHelix","Odd Mushroom","infinitespire:WardingShard","Prayer Wheel","SacredBark"],"acts_visited":["Exordium","TheCity"],"potions_floor_usage":[8,23,23],"damage_taken":[{"damage":6,"enemies":"Cultist","floor":1,"turns":3},{"damage":2,"enemies":"2 Louse","floor":2,"turns":3},{"damage":0,"enemies":"Small Slimes","floor":3,"turns":3},{"damage":53,"enemies":"3 Sentries","floor":6,"turns":9},{"damage":15,"enemies":"Gremlin Nob","floor":8,"turns":4},{"damage":41,"enemies":"The Mushroom Lair","floor":10,"turns":7},{"damage":4,"enemies":"Red Slaver","floor":11,"turns":4},{"damage":22,"enemies":"Slime Boss","floor":16,"turns":12},{"damage":22,"enemies":"2 Thieves","floor":18,"turns":4},{"damage":6,"enemies":"Chosen","floor":20,"turns":4},{"damage":38,"enemies":"Sentry and Sphere","floor":22,"turns":6},{"damage":32,"enemies":"Nightmare","floor":23,"turns":7},{"damage":18,"enemies":"Snecko","floor":27,"turns":4}],"seed_played":"7978394246095461850","potions_obtained":[{"floor":3,"key":"Languid Potion"},{"floor":10,"key":"Swift Potion"},{"floor":11,"key":"LiquidBronze"},{"floor":16,"key":"CultistPotion"},{"floor":23,"key":"Milkshake"}],"is_trial":false,"path_per_floor":["M","M","M","$","?","E","R","E","T","?","M","?","R","$","R","B",null,"M","?","M","$","M","NM","$","AVR","T","M"],"character_chosen":"IRONCLAD","items_purchased":["Apotheosis","Seeing Red"],"campfire_rested":3,"item_purchase_floors":[14,21],"current_hp_per_floor":[80,80,80,80,85,38,63,54,54,19,21,21,46,46,71,55,85,69,69,69,69,37,11,11,11,11,0,0],"gold":213,"neow_bonus":"UPGRADE_CARD","is_daily":false,"chose_seed":false,"campfire_upgraded":0,"win_rate":0.0,"timestamp":1608011162,"path_taken":["M","M","?","$","?","E","R","E","T","?","M","?","R","$","R","BOSS","M","?","?","$","M","NM","?","AVR","T","M"],"items_purchased_type":["Card","Card"],"build_version":"2020-12-13","purchased_purges":0,"victory":false,"max_hp_per_floor":[80,80,80,80,85,85,85,85,85,85,85,85,85,85,85,85,85,85,85,85,85,85,85,85,85,85,85,85],"card_choices":[{"not_picked":["Life Link","Run Through"],"picked":"Pommel Strike","floor":1},{"not_picked":["ReplayTheSpireMod:LeadingStrike","Burning Pact"],"picked":"Twin Strike","floor":2},{"not_picked":["Clash","Run Through","Searing Blow"],"picked":"SKIP","floor":3},{"not_picked":["Second Wind","Clash+1"],"picked":"Entrench","floor":6},{"not_picked":["ReplayReversal","ReplayTheSpireMod:Stacked"],"picked":"hubris:StunningStrike+1","floor":8},{"not_picked":["ReplayTheSpireMod:Strike From Hell+1","Flex"],"picked":"Thunderclap+1","floor":10},{"not_picked":["Burning Pact","Iron Wave+1"],"picked":"Twin Strike+1","floor":11},{"not_picked":["ReplayTheSpireMod:Muscle Training","Rage"],"picked":"Sword Boomerang+1","floor":18},{"not_picked":["Power Through","Clash+1"],"picked":"Iron Wave+1","floor":20},{"not_picked":["Perfected Strike+1","Iron Wave+1"],"picked":"Metallicize","floor":22},{"not_picked":["Body Slam+1","Heavy Blade+1"],"picked":"Uppercut+1","floor":23}],"player_experience":575203,"relics_obtained":[{"floor":6,"key":"Molten Egg 2"},{"floor":8,"key":"White Beast Statue"},{"floor":9,"key":"FossilizedHelix"},{"floor":10,"key":"Odd Mushroom"},{"floor":23,"key":"infinitespire:WardingShard"}],"event_choices":[{"damage_healed":0,"gold_gain":0,"player_choice":"Donut","damage_taken":0,"max_hp_gain":5,"max_hp_loss":0,"event_name":"Big Fish","floor":5,"gold_loss":0},{"damage_healed":0,"gold_gain":0,"player_choice":"Fought Mushrooms","damage_taken":0,"max_hp_gain":0,"max_hp_loss":0,"event_name":"Mushrooms","floor":10,"gold_loss":0},{"damage_healed":0,"gold_gain":0,"player_choice":"Ignored","damage_taken":0,"max_hp_gain":0,"max_hp_loss":0,"event_name":"Golden Idol","floor":12,"gold_loss":0},{"damage_healed":0,"gold_gain":0,"player_choice":"Ignored","damage_taken":0,"max_hp_gain":0,"max_hp_loss":0,"event_name":"Transmorgrifier","floor":19,"gold_loss":0}],"is_beta":false,"boss_relics":[{"not_picked":["Electric Blood","Honey Jar","Ooze Armor"]}],"items_purged_floors":[],"is_endless":true,"potions_floor_spawned":[3,10,11,16,18,20,22,23],"killed_by":"Snecko","ascension_level":2}}