{"host":"kj566mc1j9861y4f","time":1608003043,"event":{"mods":["AchievementEnabler","Act Like it!","BaseMod","Better Altar","Better Note","Better Vampires","BetterRewards","Colored Powertips","Downfall","Hermit","Infinite Spire","Lobotomy","Luminous","Minty Spire (QoL Compilation)","Relic Stats","Replay The Spire","Shade Mod","Shop Mod","Spicy Shops","StSLib","The Blue Laboratory","Uncapped"],"gold_per_floor":[111,111,123,123,12,39,39,59,59,91,110,110,121,121,121,121,121],"floor_reached":16,"playtime":803,"items_purged":[],"score":127,"play_id":"f6042e4b-fdca-4f74-978c-71377023de87","local_time":"20201214213043","is_ascension_mode":true,"campfire_choices":[{"data":"ConjureBlade","floor":7,"key":"SMITH"},{"floor":12,"key":"REST"},{"data":"BowlingBash","floor":15,"key":"SMITH"}],"circlet_count":0,"master_deck":["Strike_P","Strike_P","Strike_P","Defend_P","Defend_P","Defend_P","Defend_P","Eruption","Vigilance","CherryBlossoms","Consecrate+1","VoidDream","FollowUp","Prostrate","Prostrate","BigBadWolf","ConjureBlade+1","LittleHelper","Indignation","MHz","Tantrum","Rudolta","Conclude","DespairKnight","BowlingBash+1"],"relics":["Slimebound:AbsorbEndCombat","CogitoBucket","infinitespire:Cubic Diamond","Akabeko","Quantum Egg","infinitespire:WardingShard","Anchor","ChangeAnything"],"acts_visited":["Exordium"],"potions_floor_usage":[6,16,16],"damage_taken":[{"damage":8,"enemies":"Small Slimes","floor":1,"turns":6},{"damage":5,"enemies":"2 Louse","floor":3,"turns":3},{"damage":26,"enemies":"Lagavulin","floor":6,"turns":6},{"damage":2,"enemies":"Jaw Worm","floor":8,"turns":3},{"damage":7,"enemies":"3 Sentries","floor":10,"turns":6},{"damage":0,"enemies":"Exordium Wildlife","floor":11,"turns":2},{"damage":1,"enemies":"Exordium Thugs","floor":13,"turns":3},{"damage":55,"enemies":"Hexaghost","floor":16,"turns":7}],"seed_played":"3805898923565499118","potions_obtained":[{"floor":1,"key":"blueLaboratory:FruitPunch"},{"floor":6,"key":"blueLaboratory:StoneskinPotion"},{"floor":13,"key":"Strength Potion"}],"is_trial":false,"path_per_floor":["M","?","M","?","$","E","R","M","T","E","M","R","M","?","R","B"],"character_chosen":"WATCHER","items_purchased":["Akabeko","Prostrate"],"campfire_rested":1,"item_purchase_floors":[5,5],"current_hp_per_floor":[64,64,59,59,59,35,35,33,33,26,26,48,47,47,47,0,0],"gold":121,"neow_bonus":"","is_daily":false,"chose_seed":false,"campfire_upgraded":2,"win_rate":0.0,"timestamp":1608003043,"path_taken":["M","?","M","?","$","E","R","M","T","E","M","R","M","?","R","BOSS"],"items_purchased_type":["Relic","Card"],"build_version":"2020-12-13","purchased_purges":0,"victory":false,"max_hp_per_floor":[72,72,72,72,72,74,74,74,74,74,74,74,74,74,74,74,74],"relic_stats":{"counters":[229,1041],"obtain_stats":[{"infinitespire:BottledMercury":12,"Golden Egg":0,"infinitespire:Cubic Diamond":2,"Bottled Tornado":13,"Boot":30,"Sling":12,"Blood Vial":43,"infinitespire:ShieldingShard":6,"MealTicket":9,"infinitespire:Golems Mask":0,"Fusion Hammer":34,"HandDrill":20,"Replay:Wax Seal":2,"Replay:Bottled Steam":26,"ReplayTheSpireMod:Ring of Addiction":28,"Blue Candle":0,"Velvet Choker":22,"Eternal Feather":9,"ReplayTheSpireMod:SealedPack":34,"Akabeko":0,"infinitespire:EvilPickle":33,"SlaversCollar":34,"Bird Faced Urn":10,"Pandora\u0027s Box":17,"Unceasing Top":12,"Abe\u0027s Treasure":17,"Regal Pillow":40,"Lantern":27,"Torii":37,"Replay:Purple Gloves":0,"Painkiller Herb":34,"StoneCalendar":23,"Blue Doll":9,"Replay:Multitool":9,"Bag of Preparation":41,"Pet Ghost":25,"Replay:Rubber Ducky":20,"Matryoshka":17,"Replay:Bottled Eggs":44,"Ring of Panic":8,"InkBottle":25,"Potion Belt":28,"Replay:M_StaffOfTheSnake":12,"NeowsBlessing":0,"Golden Idol":10,"Damaru":9,"The Courier":9,"infinitespire:Lucky Rock":43,"infinitespire:CheckeredPen":0,"MawBank":40,"Replay:Arrowhead":34,"Busted Crown":17,"Ring of Misfortune":28,"Orrery":0,"Durian":12,"Slimebound:AbsorbEndCombat":2,"Toy Ornithopter":28,"infinitespire:Midas Blood":6,"Ice Cream":0,"Calipers":17,"Tiny House":38,"Gremlin Horn":13,"Vajra":23,"Sozu":17,"Centennial Puzzle":28,"HornCleat":0,"DollysMirror":0,"Strawberry":23,"Philosopher\u0027s Stone":0,"Toxic Egg 2":0,"Ring of Hypnosis":19,"Happy Flower":14,"Astrolabe":0,"Replay:Grab Bag":34,"Oddly Smooth Stone":45,"Ring of Chaos":17,"Letter Opener":9,"ReplayTheSpireMod:Shallot":42,"Shuriken":30,"Bronze Scales":14,"Onion Ring":17,"infinitespire:EmpoweringShard":34,"Black Star":19,"Grinning Jar":25,"Meat on the Bone":29,"ReplayFunnel":37,"Darkstone Periapt":7,"Snecko Heart":0,"Replay:PocketPolymizer":45,"SacredBark":34,"Yang":41,"CloakClasp":10,"Replay:Mystery Machine":6,"Empty Cage":17,"ClockworkSouvenir":0,"SsserpentHead":19,"Dream Catcher":9,"Replay:Bandana":25,"Nunchaku":47,"CogitoBucket":0,"Mummified Hand":21,"Gambling Chip":23,"Pantograph":48,"Replay:Bottled Snecko":32,"Gremlin Food":17,"Quantum Egg":6,"Replay:WaspNest":26,"infinitespire:FocusingShard":23,"Orichalcum":6,"Medical Kit":14,"White Beast Statue":23,"Mercury Hourglass":10,"Calling Bell":17,"Peace Pipe":7,"Strange Spoon":47,"Anchor":26,"CaptainsWheel":8,"infinitespire:WardingShard":47,"Bag of Marbles":6,"PureWater":0,"ChangeAnything":11,"ReplayTheSpireMod:ShopPack":37},{"infinitespire:BottledMercury":36,"Golden Egg":50,"infinitespire:Cubic Diamond":1,"Bottled Tornado":134,"Boot":16,"Sling":120,"Blood Vial":151,"infinitespire:ShieldingShard":32,"MealTicket":34,"infinitespire:Golems Mask":155,"Fusion Hammer":110,"HandDrill":176,"Replay:Wax Seal":51,"Replay:Bottled Steam":106,"ReplayTheSpireMod:Ring of Addiction":14,"Blue Candle":169,"Velvet Choker":126,"Eternal Feather":172,"ReplayTheSpireMod:SealedPack":145,"Akabeko":94,"infinitespire:EvilPickle":47,"SlaversCollar":110,"Bird Faced Urn":60,"Pandora\u0027s Box":78,"Unceasing Top":61,"Abe\u0027s Treasure":136,"Regal Pillow":22,"Lantern":83,"Torii":87,"Replay:Purple Gloves":195,"Painkiller Herb":17,"StoneCalendar":82,"Blue Doll":162,"Replay:Multitool":73,"Bag of Preparation":150,"Pet Ghost":209,"Replay:Rubber Ducky":65,"Matryoshka":63,"Replay:Bottled Eggs":151,"Ring of Panic":172,"InkBottle":180,"Potion Belt":14,"Replay:M_StaffOfTheSnake":99,"NeowsBlessing":55,"Golden Idol":98,"Damaru":98,"The Courier":200,"infinitespire:Lucky Rock":23,"infinitespire:CheckeredPen":94,"MawBank":89,"Replay:Arrowhead":110,"Busted Crown":9,"Ring of Misfortune":14,"Orrery":114,"Durian":120,"Slimebound:AbsorbEndCombat":221,"Toy Ornithopter":14,"infinitespire:Midas Blood":72,"Ice Cream":50,"Calipers":38,"Tiny House":112,"Gremlin Horn":121,"Vajra":12,"Sozu":101,"Centennial Puzzle":44,"HornCleat":210,"DollysMirror":114,"Strawberry":42,"Philosopher\u0027s Stone":66,"Toxic Egg 2":27,"Ring of Hypnosis":39,"Happy Flower":173,"Astrolabe":0,"Replay:Grab Bag":110,"Oddly Smooth Stone":92,"Ring of Chaos":123,"Letter Opener":4,"ReplayTheSpireMod:Shallot":23,"Shuriken":143,"Bronze Scales":37,"Onion Ring":38,"infinitespire:EmpoweringShard":110,"Black Star":137,"Grinning Jar":44,"Meat on the Bone":84,"ReplayFunnel":19,"Darkstone Periapt":172,"Snecko Heart":127,"Replay:PocketPolymizer":152,"SacredBark":47,"Yang":188,"CloakClasp":201,"Replay:Mystery Machine":54,"Empty Cage":204,"ClockworkSouvenir":50,"SsserpentHead":79,"Dream Catcher":59,"Replay:Bandana":106,"Nunchaku":154,"CogitoBucket":216,"Mummified Hand":10,"Gambling Chip":104,"Pantograph":192,"Replay:Bottled Snecko":109,"Gremlin Food":38,"Quantum Egg":223,"Replay:WaspNest":14,"infinitespire:FocusingShard":141,"Orichalcum":59,"Medical Kit":203,"White Beast Statue":179,"Mercury Hourglass":5,"Calling Bell":38,"Peace Pipe":59,"Strange Spoon":93,"Anchor":82,"CaptainsWheel":162,"infinitespire:WardingShard":93,"Bag of Marbles":3,"PureWater":0,"ChangeAnything":227,"ReplayTheSpireMod:ShopPack":87},{"infinitespire:BottledMercury":158,"Golden Egg":219,"infinitespire:Cubic Diamond":2,"Bottled Tornado":595,"Boot":69,"Sling":524,"Blood Vial":666,"infinitespire:ShieldingShard":144,"MealTicket":150,"infinitespire:Golems Mask":682,"Fusion Hammer":491,"HandDrill":768,"Replay:Wax Seal":221,"Replay:Bottled Steam":476,"ReplayTheSpireMod:Ring of Addiction":62,"Blue Candle":738,"Velvet Choker":555,"Eternal Feather":751,"ReplayTheSpireMod:SealedPack":642,"Akabeko":435,"infinitespire:EvilPickle":203,"SlaversCollar":491,"Bird Faced Urn":263,"Pandora\u0027s Box":352,"Unceasing Top":268,"Abe\u0027s Treasure":605,"Regal Pillow":95,"Lantern":377,"Torii":399,"Replay:Purple Gloves":873,"Painkiller Herb":77,"StoneCalendar":370,"Blue Doll":701,"Replay:Multitool":333,"Bag of Preparation":663,"Pet Ghost":964,"Replay:Rubber Ducky":294,"Matryoshka":283,"Replay:Bottled Eggs":666,"Ring of Panic":751,"InkBottle":785,"Potion Belt":62,"Replay:M_StaffOfTheSnake":448,"NeowsBlessing":245,"Golden Idol":446,"Damaru":446,"The Courier":888,"infinitespire:Lucky Rock":103,"infinitespire:CheckeredPen":435,"MawBank":408,"Replay:Arrowhead":491,"Busted Crown":40,"Ring of Misfortune":62,"Orrery":503,"Durian":524,"Slimebound:AbsorbEndCombat":1010,"Toy Ornithopter":62,"infinitespire:Midas Blood":323,"Ice Cream":219,"Calipers":167,"Tiny House":498,"Gremlin Horn":527,"Vajra":52,"Sozu":457,"Centennial Puzzle":188,"HornCleat":966,"DollysMirror":503,"Strawberry":177,"Philosopher\u0027s Stone":301,"Toxic Egg 2":125,"Ring of Hypnosis":168,"Happy Flower":753,"Astrolabe":0,"Replay:Grab Bag":491,"Oddly Smooth Stone":426,"Ring of Chaos":542,"Letter Opener":18,"ReplayTheSpireMod:Shallot":103,"Shuriken":632,"Bronze Scales":160,"Onion Ring":167,"infinitespire:EmpoweringShard":491,"Black Star":609,"Grinning Jar":188,"Meat on the Bone":384,"ReplayFunnel":82,"Darkstone Periapt":751,"Snecko Heart":566,"Replay:PocketPolymizer":671,"SacredBark":203,"Yang":833,"CloakClasp":895,"Replay:Mystery Machine":235,"Empty Cage":930,"ClockworkSouvenir":219,"SsserpentHead":355,"Dream Catcher":258,"Replay:Bandana":476,"Nunchaku":681,"CogitoBucket":986,"Mummified Hand":44,"Gambling Chip":468,"Pantograph":851,"Replay:Bottled Snecko":483,"Gremlin Food":167,"Quantum Egg":1019,"Replay:WaspNest":62,"infinitespire:FocusingShard":624,"Orichalcum":258,"Medical Kit":914,"White Beast Statue":778,"Mercury Hourglass":23,"Calling Bell":167,"Peace Pipe":258,"Strange Spoon":427,"Anchor":370,"CaptainsWheel":701,"infinitespire:WardingShard":427,"Bag of Marbles":16,"PureWater":0,"ChangeAnything":1031,"ReplayTheSpireMod:ShopPack":399}]},"card_choices":[{"not_picked":["DreamingCurrent","Murderer"],"picked":"CherryBlossoms","floor":1},{"not_picked":["Replay:Vibes","JustLucky"],"picked":"Consecrate","floor":1},{"not_picked":["FieryBird","Murderer"],"picked":"VoidDream","floor":3},{"not_picked":["CutThroughFate","Replay:ManipulateFuture"],"picked":"FollowUp","floor":3},{"not_picked":["Scorched","LaLuna"],"picked":"BigBadWolf","floor":6},{"not_picked":["SashWhip","FlurryOfBlows"],"picked":"ConjureBlade","floor":6},{"not_picked":["MeatLantern","LittlePrince"],"picked":"LittleHelper","floor":8},{"not_picked":["Replay:BluntJabs","ClearTheMind"],"picked":"Indignation","floor":8},{"not_picked":["Mercenary","OldLady"],"picked":"MHz","floor":10},{"not_picked":["FlyingSleeves","EmptyBody"],"picked":"Tantrum","floor":10},{"not_picked":["OSAHOGD","GalaxyChild"],"picked":"Rudolta","floor":11},{"not_picked":["Crescendo","ThirdEye"],"picked":"Conclude","floor":11},{"not_picked":["DreamingCurrent","FieryBird"],"picked":"DespairKnight","floor":13},{"not_picked":["Weave","Meditate"],"picked":"BowlingBash","floor":13}],"player_experience":166065,"relics_obtained":[{"floor":6,"key":"Quantum Egg"},{"floor":9,"key":"infinitespire:WardingShard"},{"floor":10,"key":"Anchor"}],"event_choices":[{"damage_healed":0,"gold_gain":0,"player_choice":"Leave","damage_taken":0,"max_hp_gain":0,"max_hp_loss":0,"event_name":"The Cleric","floor":4,"gold_loss":0}],"is_beta":false,"boss_relics":[],"items_purged_floors":[],"is_endless":false,"potions_floor_spawned":[1,6,13],"killed_by":"Hexaghost","ascension_level":3}}