{"host":"dij4iqdhjit0agg1","time":1608001696,"event":{"mods":["Act Like it!","BaseMod","Better Note","Colored Powertips","Minty Spire (QoL Compilation)","Permanent Neow","Rare Cards Sparkle","StSLib"],"gold_per_floor":[216,216,67,79,79,108,108,140,140,152,217,94,169,188,188,284,284,302,320,110,127,127,127,127,127],"floor_reached":24,"playtime":2129,"items_purged":["Bash","Strike_R"],"score":235,"play_id":"31b2fef7-325e-4bb3-a7a2-df3a3ea8123f","local_time":"20201215040816","is_ascension_mode":true,"campfire_choices":[{"data":"Double Tap","floor":7,"key":"SMITH"},{"data":"Whirlwind","floor":15,"key":"SMITH"},{"data":"Entrench","floor":23,"key":"SMITH"}],"circlet_count":0,"master_deck":["Strike_R","Strike_R","Strike_R","Strike_R","Defend_R","Defend_R","Defend_R","Defend_R","Flex","Whirlwind+1","Double Tap+1","Flex","Juggernaut","Entrench+1","Barricade"],"relics":["Black Blood","Unceasing Top","Meat on the Bone","InkBottle","Bag of Preparation","The Courier"],"acts_visited":["Exordium","TheCity"],"potions_floor_usage":[6,6,8,16,16,16,18,21,24],"damage_taken":[{"damage":3,"enemies":"Jaw Worm","floor":1,"turns":5},{"damage":1,"enemies":"Cultist","floor":4,"turns":4},{"damage":15,"enemies":"3 Sentries","floor":6,"turns":3},{"damage":38,"enemies":"Gremlin Nob","floor":8,"turns":5},{"damage":0,"enemies":"2 Louse","floor":10,"turns":1},{"damage":28,"enemies":"Gremlin Nob","floor":11,"turns":4},{"damage":0,"enemies":"2 Fungi Beasts","floor":14,"turns":2},{"damage":49,"enemies":"Slime Boss","floor":16,"turns":8},{"damage":11,"enemies":"Spheric Guardian","floor":18,"turns":3},{"damage":18,"enemies":"3 Byrds","floor":19,"turns":5},{"damage":39,"enemies":"Centurion and Healer","floor":21,"turns":12},{"damage":59,"enemies":"Gremlin Leader","floor":24,"turns":9}],"seed_played":"-5383028327952972992","potions_obtained":[{"floor":4,"key":"Explosive Potion"},{"floor":5,"key":"Swift Potion"},{"floor":5,"key":"BlessingOfTheForge"},{"floor":5,"key":"SpeedPotion"},{"floor":8,"key":"Dexterity Potion"},{"floor":10,"key":"LiquidMemories"},{"floor":14,"key":"SkillPotion"},{"floor":16,"key":"DistilledChaos"},{"floor":19,"key":"BlessingOfTheForge"},{"floor":21,"key":"CultistPotion"}],"is_trial":false,"path_per_floor":["M","?","$","M","?","E","R","E","T","M","?","$","?","M","R","B",null,"M","M","$","M","?","R","E"],"character_chosen":"IRONCLAD","items_purchased":["Whirlwind","Flex","Entrench","Barricade"],"campfire_rested":0,"item_purchase_floors":[3,12,20,20],"current_hp_per_floor":[80,80,80,80,80,71,71,39,39,57,47,47,39,57,57,26,80,80,74,74,59,59,59,0,0],"gold":127,"neow_bonus":"HUNDRED_GOLD","is_daily":false,"chose_seed":false,"campfire_upgraded":3,"win_rate":0.0,"timestamp":1608001696,"path_taken":["M","?","$","?","?","E","R","E","T","?","?","$","?","M","R","BOSS","M","M","$","?","?","R","E"],"items_purchased_type":["Card","Card","Card","Card"],"build_version":"2020-12-13","purchased_purges":2,"victory":false,"max_hp_per_floor":[80,80,80,80,80,80,80,80,80,80,80,80,80,80,80,80,80,80,80,80,80,80,80,80,80],"card_choices":[{"not_picked":["Thunderclap","Rupture"],"picked":"Flex","floor":1},{"not_picked":["Infernal Blade","Wild Strike","Cleave"],"picked":"SKIP","floor":4},{"not_picked":["Armaments","Shrug It Off"],"picked":"Double Tap","floor":6},{"not_picked":["Clothesline","Dropkick","Blood for Blood"],"picked":"SKIP","floor":8},{"not_picked":["Intimidate","Heavy Blade","Fire Breathing"],"picked":"SKIP","floor":10},{"not_picked":["Pommel Strike","Clothesline","Twin Strike"],"picked":"SKIP","floor":14},{"not_picked":["Fiend Fire","Bludgeon"],"picked":"Juggernaut","floor":16},{"not_picked":["Havoc+1","Iron Wave","Disarm"],"picked":"SKIP","floor":18},{"not_picked":["Cleave","Sentinel","Anger"],"picked":"SKIP","floor":19},{"not_picked":["Clothesline","Twin Strike+1","Iron Wave+1"],"picked":"SKIP","floor":21}],"player_experience":878879,"relics_obtained":[{"floor":6,"key":"Unceasing Top"},{"floor":8,"key":"Meat on the Bone"},{"floor":9,"key":"InkBottle"},{"floor":11,"key":"Bag of Preparation"}],"event_choices":[{"damage_healed":0,"gold_gain":0,"player_choice":"0 cards matched","damage_taken":0,"max_hp_gain":0,"max_hp_loss":0,"event_name":"Match and Keep!","floor":2,"gold_loss":0,"cards_obtained":[]},{"damage_healed":0,"gold_gain":0,"player_choice":"Got Potions","damage_taken":0,"max_hp_gain":0,"max_hp_loss":0,"event_name":"Lab","floor":5,"gold_loss":0},{"damage_healed":0,"gold_gain":0,"player_choice":"Searched \u00271\u0027 times","damage_taken":0,"max_hp_gain":0,"max_hp_loss":0,"event_name":"Dead Adventurer","floor":11,"gold_loss":0},{"damage_healed":0,"gold_gain":75,"player_choice":"Touch","damage_taken":8,"max_hp_gain":0,"max_hp_loss":0,"event_name":"FaceTrader","floor":13,"gold_loss":0},{"damage_healed":0,"gold_gain":0,"player_choice":"Opened","damage_taken":0,"relics_obtained":["The Courier"],"max_hp_gain":0,"max_hp_loss":0,"event_name":"The Mausoleum","floor":22,"gold_loss":0}],"is_beta":false,"boss_relics":[{"not_picked":["SlaversCollar","Runic Cube"],"picked":"Black Blood"}],"items_purged_floors":[3,12],"is_endless":false,"potions_floor_spawned":[4,8,10,14,16,19,21],"killed_by":"Gremlin Leader","ascension_level":3}}