{"host":"daa8jqyg4gqfaysm","time":1608045409,"event":{"mods":["BaseMod","Colored Powertips","Minty Spire (QoL Compilation)","StSLib"],"gold_per_floor":[119,138,148,148,25,25,52,68,68,68,95,108,208,219,219,297,297,312,332,3,19,42,42,68,80,92,104,134,146,172,214,226,315,327,350,362,390,420,446,484,496,533,545,557,580,592,638,669,681,693,705,717,86,114,114],"floor_reached":56,"playtime":2275,"items_purged":["Strike_B","Strike_B","Defend_B"],"score":2100,"play_id":"bf0c3d5d-972a-45de-b795-632bed7849c5","local_time":"20201215231649","is_ascension_mode":true,"campfire_choices":[{"data":"Electrodynamics","floor":6,"key":"SMITH"},{"data":"Heatsinks","floor":10,"key":"SMITH"},{"data":"Consume","floor":15,"key":"SMITH"},{"floor":23,"key":"REST"},{"floor":25,"key":"REST"},{"data":"Amplify","floor":27,"key":"SMITH"},{"floor":29,"key":"REST"},{"data":"Capacitor","floor":32,"key":"SMITH"},{"data":"Amplify","floor":41,"key":"SMITH"},{"floor":44,"key":"RECALL"},{"data":"Static Discharge","floor":46,"key":"SMITH"},{"data":"Chill","floor":49,"key":"SMITH"},{"data":"Dualcast","floor":52,"key":"SMITH"}],"circlet_count":0,"master_deck":["AscendersBane","Defend_B","Defend_B","Zap","Dualcast+1","Electrodynamics+1","Cold Snap","Chill+1","Heatsinks+1","Ball Lightning","Consume+1","Capacitor+1","Biased Cognition+1","Hologram","Self Repair","Amplify+1","Go for the Eyes+1","Storm","Echo Form","Ball Lightning+1","Seek+1","Buffer+1","Static Discharge+1","Amplify+1","Glacier","Chaos+1","Loop","Echo Form"],"relics":["Cracked Core","Symbiotic Virus","Mummified Hand","Cables","Nuclear Battery","Happy Flower","Bag of Marbles","MawBank","Letter Opener","Akabeko","Astrolabe","White Beast Statue","Juzu Bracelet","FossilizedHelix","Kunai","Lantern","Bronze Scales","TheAbacus","Bag of Preparation"],"acts_visited":["Exordium","TheCity","TheBeyond","TheEnding"],"potions_floor_usage":[11,24,55,55],"damage_taken":[{"damage":1,"enemies":"Cultist","floor":1,"turns":3},{"damage":7,"enemies":"Jaw Worm","floor":2,"turns":4},{"damage":0,"enemies":"Small Slimes","floor":3,"turns":3},{"damage":0,"enemies":"3 Sentries","floor":7,"turns":4},{"damage":9,"enemies":"Red Slaver","floor":8,"turns":2},{"damage":18,"enemies":"Lagavulin","floor":11,"turns":6},{"damage":2,"enemies":"Exordium Thugs","floor":12,"turns":3},{"damage":0,"enemies":"Lots of Slimes","floor":14,"turns":2},{"damage":21,"enemies":"The Guardian","floor":16,"turns":9},{"damage":5,"enemies":"Spheric Guardian","floor":18,"turns":5},{"damage":11,"enemies":"3 Byrds","floor":19,"turns":3},{"damage":7,"enemies":"3 Cultists","floor":21,"turns":3},{"damage":41,"enemies":"Gremlin Leader","floor":24,"turns":4},{"damage":23,"enemies":"Centurion and Healer","floor":28,"turns":2},{"damage":9,"enemies":"Snake Plant","floor":30,"turns":3},{"damage":6,"enemies":"Slavers","floor":31,"turns":3},{"damage":30,"enemies":"Collector","floor":33,"turns":7},{"damage":0,"enemies":"Orb Walker","floor":35,"turns":3},{"damage":15,"enemies":"3 Darklings","floor":37,"turns":3},{"damage":0,"enemies":"4 Shapes","floor":38,"turns":4},{"damage":16,"enemies":"Spire Growth","floor":39,"turns":4},{"damage":0,"enemies":"Giant Head","floor":40,"turns":4},{"damage":27,"enemies":"Reptomancer","floor":42,"turns":5},{"damage":0,"enemies":"Writhing Mass","floor":45,"turns":2},{"damage":7,"enemies":"Nemesis","floor":47,"turns":5},{"damage":0,"enemies":"Transient","floor":48,"turns":5},{"damage":58,"enemies":"Awakened One","floor":50,"turns":8},{"damage":28,"enemies":"Shield and Spear","floor":54,"turns":4},{"damage":23,"enemies":"The Heart","floor":55,"turns":6}],"seed_played":"-5950262412598955677","potions_obtained":[{"floor":1,"key":"SkillPotion"},{"floor":7,"key":"Energy Potion"},{"floor":8,"key":"LiquidMemories"},{"floor":12,"key":"BlessingOfTheForge"},{"floor":16,"key":"PowerPotion"},{"floor":28,"key":"SteroidPotion"},{"floor":33,"key":"Regen Potion"},{"floor":45,"key":"PotionOfCapacity"},{"floor":47,"key":"PowerPotion"}],"is_trial":false,"path_per_floor":["M","M","M","?","$","R","E","M","T","R","E","M","?","M","R","B",null,"M","M","$","M","T","R","E","R","T","R","M","R","M","E","R","B",null,"M","?","M","M","M","E","R","E","T","R","M","R","E","M","R","B",null,"R","$","E","B",null],"character_chosen":"DEFECT","items_purchased":["Explosive Potion","Self Repair","Happy Flower","Loop","Lantern","Bronze Scales","TheAbacus"],"campfire_rested":3,"item_purchase_floors":[5,20,20,53,53,53,53],"current_hp_per_floor":[63,56,56,56,56,56,56,47,47,47,29,27,27,27,27,6,55,50,39,39,39,39,60,26,47,47,47,31,52,57,58,58,35,62,69,69,61,68,66,71,71,58,58,58,71,71,71,71,71,27,60,60,60,39,23],"gold":114,"neow_bonus":"ONE_RANDOM_RARE_CARD","is_daily":false,"chose_seed":false,"campfire_upgraded":9,"win_rate":0.0,"timestamp":1608045409,"path_taken":["M","?","M","?","$","R","E","?","T","R","E","?","?","M","R","BOSS","M","M","$","M","?","R","E","R","T","R","M","R","M","E","R","BOSS","M","?","?","M","?","E","R","E","T","R","M","R","E","M","R","BOSS","R","$","E","BOSS"],"items_purchased_type":["Potion","Card","Relic","Card","Relic","Relic","Relic"],"build_version":"2020-12-13","purchased_purges":3,"victory":true,"max_hp_per_floor":[71,71,71,71,71,71,71,71,71,71,71,71,71,71,71,71,71,71,71,71,71,71,71,71,71,71,71,71,71,71,71,71,71,71,71,71,71,71,71,71,71,71,71,71,71,71,71,71,71,71,71,71,71,71,71],"card_choices":[{"not_picked":["Reprogram","Sweeping Beam"],"picked":"Cold Snap","floor":1},{"not_picked":["Barrage","Scrape"],"picked":"Capacitor","floor":2},{"not_picked":["Conserve Battery","Gash"],"picked":"Chill","floor":3},{"not_picked":["Sweeping Beam","Reinforced Body"],"picked":"Heatsinks","floor":7},{"not_picked":["Darkness","Rebound","Chill"],"picked":"SKIP","floor":8},{"not_picked":["FTL","Skim"],"picked":"Ball Lightning","floor":11},{"not_picked":["Beam Cell","Darkness"],"picked":"Consume","floor":12},{"not_picked":["Buffer","Streamline"],"picked":"Capacitor","floor":14},{"not_picked":["Buffer","Rainbow"],"picked":"Biased Cognition","floor":16},{"not_picked":["Conserve Battery","Streamline","Steam"],"picked":"SKIP","floor":18},{"not_picked":["Steam","Barrage"],"picked":"Hologram","floor":19},{"not_picked":["White Noise","Recycle"],"picked":"Amplify","floor":21},{"not_picked":["Fusion","Leap","Reprogram"],"picked":"SKIP","floor":24},{"not_picked":["Streamline","Gash"],"picked":"Go for the Eyes+1","floor":28},{"not_picked":["Genetic Algorithm","Compile Driver"],"picked":"Storm","floor":30},{"not_picked":["Lockon","Sunder","Redo"],"picked":"SKIP","floor":31},{"not_picked":["Fission","Hyperbeam"],"picked":"Echo Form","floor":33},{"not_picked":["Gash","Streamline","Go for the Eyes+1"],"picked":"SKIP","floor":35},{"not_picked":["Turbo","Beam Cell"],"picked":"Static Discharge","floor":37},{"not_picked":["Turbo","Cold Snap","Redo"],"picked":"SKIP","floor":38},{"not_picked":["Genetic Algorithm+1","Rebound","Blizzard+1"],"picked":"SKIP","floor":39},{"not_picked":["Sweeping Beam","Static Discharge"],"picked":"Amplify","floor":40},{"not_picked":["Genetic Algorithm","Redo","Go for the Eyes"],"picked":"SKIP","floor":42},{"not_picked":["Conserve Battery","Redo"],"picked":"Glacier","floor":45},{"not_picked":["Consume","Gash"],"picked":"Chaos+1","floor":47},{"not_picked":["Barrage+1","Gash","Go for the Eyes"],"picked":"SKIP","floor":48},{"not_picked":["Gash","Rip and Tear"],"picked":"Echo Form","floor":54}],"player_experience":679819,"relics_obtained":[{"floor":7,"key":"Mummified Hand"},{"floor":11,"key":"Cables"},{"floor":22,"key":"Bag of Marbles"},{"floor":24,"key":"MawBank"},{"floor":26,"key":"Letter Opener"},{"floor":31,"key":"Akabeko"},{"floor":40,"key":"White Beast Statue"},{"floor":42,"key":"Juzu Bracelet"},{"floor":43,"key":"FossilizedHelix"},{"floor":47,"key":"Kunai"},{"floor":54,"key":"Bag of Preparation"}],"event_choices":[{"cards_removed":["Capacitor"],"damage_healed":0,"gold_gain":0,"player_choice":"Gave Card","damage_taken":0,"relics_obtained":["Symbiotic Virus"],"max_hp_gain":0,"max_hp_loss":0,"event_name":"WeMeetAgain","floor":4,"gold_loss":0},{"damage_healed":0,"gold_gain":100,"player_choice":"Gold","damage_taken":0,"max_hp_gain":0,"max_hp_loss":0,"event_name":"Wheel of Change","floor":13,"gold_loss":0},{"damage_healed":0,"gold_gain":0,"player_choice":"Forge","damage_taken":0,"max_hp_gain":0,"max_hp_loss":0,"event_name":"Accursed Blacksmith","floor":36,"gold_loss":0,"cards_upgraded":["Biased Cognition"]}],"is_beta":false,"boss_relics":[{"not_picked":["Cursed Key","FrozenCore"],"picked":"Nuclear Battery"},{"not_picked":["Coffee Dripper","Tiny House"],"picked":"Astrolabe"}],"items_purged_floors":[5,20,53],"is_endless":false,"potions_floor_spawned":[1,7,8,12,16,19,28,30,33,38,39,40,42,45,47,48,54],"ascension_level":15}}