{"host":"bvkbjljjfzajhda9","time":1608053389,"event":{"mods":["2.2 Compatiblity","AchievementEnabler","Act Like it!","Ascension Reborn","Aspiration","BaseMod","Better Altar","Better Match","Better Note","Better Sensory Stone","Better Silent Start","Better Skull","Better Third Choice","Better-Laid Plans","BetterRewards","CCEM","Colored Powertips","Conspire","Custom Start","Defuse TimeMaze Blight","Downfall","Energized Spire","Friendly Minions","GifTheSpireLib","Gold Saver","HexUI Lib","Hubris","Infinite Spire","Minty Spire (QoL Compilation)","Permanent Neow","Prisma Mod","Relic Filter","Replay The Spire","Shop Mod","Small Relic Pack","Spicy Shops","Spikes Relics","StSLib","Transform Curses"],"gold_per_floor":[1008,1008,1008,705,725,758,776,809,861,861,877,701,701,740,740,868,868,883,958,979,1003,718,718,739,755,778,822,845,920,740,808,808,937,937,961,984,1023,1041,1156,1156,1197,1221,1221,1290,1308,1331,956,1026,1359,1359],"floor_reached":51,"playtime":9978,"items_purged":["Slimebound:Strike_Slimebound","Slimebound:Defend_Slimebound","Slimebound:Strike_Slimebound","Slimebound:Strike_Slimebound","Parasite","Slimebound:Defend_Slimebound"],"score":875,"play_id":"18bec19a-ed48-4639-b2f3-653d3d5ed561","local_time":"20201215182949","daily_mods":["Heirloom"],"is_ascension_mode":false,"campfire_choices":[{"data":"Slimebound:SlimeBrawl","floor":10,"key":"SMITH"},{"data":"Slimebound:SlimeBrawl","floor":15,"key":"SMITH"},{"data":"Slimebound:CorrosiveSpit","floor":23,"key":"SMITH"},{"floor":32,"key":"DIG"},{"data":"Slimebound:MinionMaster","floor":40,"key":"SMITH"}],"circlet_count":0,"master_deck":["Slimebound:Tackle","Slimebound:Defend_Slimebound","Slimebound:Defend_Slimebound","Slimebound:Split","Slimebound:CorrosiveSpit+1","Slimebound:PressTheAttack","Panacea","Slimebound:LeadByExample+1","Slimebound:SplitLeeching","Slimebound:SplitLeeching","Slimebound:Schlurp","Slimebound:SlimeBrawl+1","Slimebound:OneTwoCombo","Slimebound:SplitBruiser","Slimebound:SplitAcid","Slimebound:LeadByExample+1","Slimebound:SlimeBrawl+1","Slimebound:SelfFormingGoo","Slimebound:SlimeSpikes+1","Slimebound:FormOfPuddle+1","Slimebound:SplitBruiser","Slimebound:RollThrough","Slimebound:ViciousTackle","Slimebound:Nibble+1","Slimebound:LivingWall","Slimebound:Prepare+1","Slimebound:SplitMire+1","Slimebound:LeechEnergy","Slimebound:MinionMaster+1","Slimebound:SlimeTap+1","Slimebound:SplitLeeching+1","Slimebound:LevelUp+1","Slimebound:SpikyOuterGoop+1","Slimebound:Overexert","Slimebound:LevelUp+1"],"relics":["Slimebound:AbsorbEndCombat","Durian","Mango","SpikesRelics:DaevaFist","Bottled Lightning","Happy Flower","Pet Ghost","hubris:EmptyBottle","Replay:Bottled Eggs","conspire:RoyalGoblet","Strange Spoon","relicPack:KazumaCape","MerchantsRug","Replay:Baseball","hexamod:BolsterEngine","Simple Rune","Dream Catcher","infinitespire:CursedDice","aspiration:RitualDagger","Toy Ornithopter","Prayer Wheel","aspiration:StickyExplosives_weak","Anchor"],"acts_visited":["Exordium","TheCity","TheBeyond"],"potions_floor_usage":[14,33,39,44,50,50],"damage_taken":[{"damage":8,"enemies":"Jaw Worm","floor":1,"turns":5},{"damage":4,"enemies":"2 Louse","floor":5,"turns":2},{"damage":4,"enemies":"Lagavulin","floor":6,"turns":5},{"damage":4,"enemies":"conspire:RoseBush","floor":7,"turns":2},{"damage":16,"enemies":"Gremlin Nob","floor":8,"turns":3},{"damage":7,"enemies":"Blue Slaver","floor":11,"turns":2},{"damage":0,"enemies":"3 Sentries","floor":14,"turns":4},{"damage":18,"enemies":"Hexaghost","floor":16,"turns":6},{"damage":19,"enemies":"2 Thieves","floor":18,"turns":3},{"damage":7,"enemies":"Chosen","floor":20,"turns":3},{"damage":4,"enemies":"Shelled Parasite and Fungi","floor":21,"turns":5},{"damage":4,"enemies":"Cultist and Chosen","floor":24,"turns":4},{"damage":0,"enemies":"Chosen and Byrds","floor":25,"turns":3},{"damage":4,"enemies":"Replay:Snechameleon","floor":27,"turns":3},{"damage":7,"enemies":"conspire:HollyBat","floor":28,"turns":8},{"damage":4,"enemies":"Shelled Parasite and Fungi","floor":29,"turns":3},{"damage":0,"enemies":"Snecko","floor":31,"turns":4},{"damage":4,"enemies":"hubris:MusketHawk","floor":33,"turns":6},{"damage":20,"enemies":"3 Shapes","floor":35,"turns":2},{"damage":10,"enemies":"Orb Walker","floor":36,"turns":2},{"damage":7,"enemies":"conspire:MimicChest","floor":37,"turns":4},{"damage":19,"enemies":"4 Shapes","floor":38,"turns":3},{"damage":21,"enemies":"2 Orb Walkers","floor":39,"turns":3},{"damage":39,"enemies":"R_Hoarder","floor":41,"turns":6},{"damage":18,"enemies":"Transient","floor":42,"turns":5},{"damage":13,"enemies":"Maw","floor":44,"turns":5},{"damage":10,"enemies":"Writhing Mass","floor":45,"turns":3},{"damage":15,"enemies":"Transient","floor":46,"turns":5},{"damage":8,"enemies":"Spire Growth","floor":48,"turns":3},{"damage":59,"enemies":"Awakened One","floor":50,"turns":8}],"seed_played":"7702391024593482166","potions_obtained":[{"floor":5,"key":"Energy Potion"},{"floor":6,"key":"Strength Potion"},{"floor":11,"key":"LifebloodPotion"},{"floor":42,"key":"Adrenaline Potion"}],"is_trial":true,"path_per_floor":["M","?","?","$","M","E","M","E","T","R","M","$","?","E","R","B",null,"M","?","M","M","$","R","M","M","T","E","M","M","$","M","R","B",null,"M","M","?","M","?","R","E","M","T","M","M","M","$","M","R","B",null],"character_chosen":"SLIMEBOUND","items_purchased":["Slimebound:LeadByExample","Slimebound:SplitLeeching","Slimebound:Schlurp","SpikesRelics:DaevaFist","hubris:EmptyBottle","MerchantsRug","Replay:Baseball","hexamod:BolsterEngine","Slimebound:SplitBruiser","Slimebound:RollThrough","Slimebound:ViciousTackle","Slimebound:LeechEnergy"],"campfire_rested":0,"item_purchase_floors":[4,4,4,4,12,22,22,22,22,22,22,30],"current_hp_per_floor":[65,79,79,79,79,79,79,67,67,67,76,76,73,73,73,69,73,62,55,64,73,73,73,73,69,69,73,73,73,73,69,69,69,73,64,69,69,69,73,73,73,69,69,71,73,69,69,70,70,59],"gold":1359,"neow_bonus":"","is_daily":false,"chose_seed":false,"campfire_upgraded":4,"win_rate":0.0,"timestamp":1608053389,"path_taken":["M","?","?","$","M","E","M","E","T","R","M","$","?","E","R","BOSS","M","?","?","M","$","R","M","M","T","E","M","M","$","M","R","BOSS","M","M","?","?","?","R","E","M","T","M","M","M","$","M","R","BOSS"],"items_purchased_type":["Card","Card","Card","Relic","Relic","Relic","Relic","Relic","Card","Card","Card","Card"],"build_version":"2020-12-13","purchased_purges":6,"victory":true,"max_hp_per_floor":[65,79,79,79,79,79,79,79,79,79,79,79,73,73,73,73,73,73,73,73,73,73,73,73,73,73,73,73,73,73,73,73,73,73,73,73,73,73,73,73,73,73,73,73,73,73,70,70,70,70],"card_choices":[{"not_picked":["Slimebound:ComboTackle","Slimebound:GoopSpray"],"picked":"Slimebound:PressTheAttack","floor":1},{"not_picked":["Magnetism","Panache"],"picked":"Panacea","floor":3},{"not_picked":["Slimebound:FinishingTackle","Slimebound:PressTheAttack"],"picked":"Slimebound:SlimeBrawl","floor":5},{"not_picked":["Slimebound:HauntingLick","Slimebound:SlimeSpikes"],"picked":"Slimebound:OneTwoCombo","floor":6},{"not_picked":["Slimebound:SlimeSpikes","Slimebound:HauntingLick"],"picked":"Slimebound:SplitBruiser","floor":7},{"not_picked":["Slimebound:Schlurp","Slimebound:SlimeSpikes"],"picked":"Slimebound:SplitAcid","floor":8},{"not_picked":["Slimebound:SlimeSpikes","Slimebound:ViciousTackle"],"picked":"Slimebound:LeadByExample","floor":11},{"not_picked":["Slimebound:SplitBruiser","Slimebound:ProtectTheBoss"],"picked":"Slimebound:SlimeBrawl","floor":14},{"not_picked":["Slimebound:OozeBath","Slimebound:Teamwork"],"picked":"Slimebound:SelfFormingGoo","floor":16},{"not_picked":["Slimebound:GoopSpray+1","Slimebound:ComboTackle"],"picked":"Slimebound:SlimeSpikes+1","floor":18},{"not_picked":["Slimebound:RejuvenatingLick+1","Slimebound:ViciousTackle"],"picked":"Slimebound:FormOfPuddle+1","floor":20},{"not_picked":["Slimebound:RollThrough","Slimebound:GrowthPunch","Slimebound:Grow"],"picked":"SKIP","floor":21},{"not_picked":["Slimebound:ItLooksTasty","Slimebound:Schlurp+1"],"picked":"Slimebound:Nibble+1","floor":24},{"not_picked":["Slimebound:SplitBruiser+1","Slimebound:SamplingLick"],"picked":"Slimebound:LivingWall","floor":25},{"not_picked":["Slimebound:SlimeBarrage","Slimebound:SlimeSpikes"],"picked":"Slimebound:Prepare+1","floor":27},{"not_picked":["Slimebound:PressTheAttack","Slimebound:LeechEnergy","Slimebound:HauntingLick"],"picked":"SKIP","floor":28},{"not_picked":["Slimebound:PrepareCrush","Slimebound:SplitAcid"],"picked":"Slimebound:SplitMire+1","floor":29},{"not_picked":["Slimebound:RollThrough","Slimebound:SlimeBarrage","Slimebound:GrowthPunch"],"picked":"SKIP","floor":31},{"not_picked":["Slimebound:OozeBath","Slimebound:MassFeed"],"picked":"Slimebound:MinionMaster","floor":33},{"not_picked":["Slimebound:Schlurp+1","Slimebound:TongueLash"],"picked":"Slimebound:SlimeTap+1","floor":35},{"not_picked":["Slimebound:GrowthPunch","Slimebound:RollThrough+1","Slimebound:ItLooksTasty+1"],"picked":"SKIP","floor":36},{"not_picked":["Slimebound:LeechEnergy","Slimebound:ComboTackle","Slimebound:SlimeSpikes+1"],"picked":"SKIP","floor":38},{"not_picked":["Slimebound:GoopSpray","Slimebound:SamplingLick+1"],"picked":"Slimebound:SplitLeeching+1","floor":41},{"not_picked":["Slimebound:SamplingLick+1","Slimebound:AcidTongue"],"picked":"Slimebound:LevelUp+1","floor":42},{"not_picked":["Slimebound:LivingWall+1","Slimebound:SplitMire"],"picked":"Slimebound:SpikyOuterGoop+1","floor":42},{"not_picked":["Slimebound:ForwardTackle","Slimebound:GoopSpray"],"picked":"Slimebound:Overexert","floor":44},{"not_picked":["Slimebound:ViciousTackle+1","Slimebound:GoopSpray","Slimebound:SamplingLick"],"picked":"SKIP","floor":44},{"not_picked":["Slimebound:RollThrough","Slimebound:LeechEnergy+1","Slimebound:SplitMire"],"picked":"SKIP","floor":45},{"not_picked":["Slimebound:RollThrough","Slimebound:BestDefense","Slimebound:Schlurp+1"],"picked":"SKIP","floor":45},{"not_picked":["Slimebound:ComboTackle+1","Slimebound:RollThrough+1"],"picked":"Slimebound:LevelUp+1","floor":46},{"not_picked":["Slimebound:SelfFormingGoo","Slimebound:Schlurp+1","Slimebound:Dissolve+1"],"picked":"SKIP","floor":46},{"not_picked":["Slimebound:Schlurp+1","Slimebound:BestDefense+1","Slimebound:Grow"],"picked":"SKIP","floor":48},{"not_picked":["Slimebound:LeechingTouch+1","Slimebound:Nibble+1","Slimebound:SplitBruiser"],"picked":"SKIP","floor":48}],"player_experience":177681,"relics_obtained":[{"floor":2,"key":"Mango"},{"floor":6,"key":"Bottled Lightning"},{"floor":8,"key":"Happy Flower"},{"floor":9,"key":"Pet Ghost"},{"floor":14,"key":"Replay:Bottled Eggs"},{"floor":26,"key":"Simple Rune"},{"floor":27,"key":"Dream Catcher"},{"floor":32,"key":"infinitespire:CursedDice"},{"floor":37,"key":"Toy Ornithopter"},{"floor":39,"key":"Prayer Wheel"},{"floor":41,"key":"aspiration:StickyExplosives_weak"},{"floor":43,"key":"Anchor"}],"event_choices":[{"damage_healed":0,"gold_gain":1,"player_choice":"1","damage_taken":0,"max_hp_gain":0,"max_hp_loss":0,"event_name":"betterStone:BetterStone","floor":3,"gold_loss":0},{"damage_healed":0,"gold_gain":0,"player_choice":"Lose Max HP","damage_taken":0,"relics_obtained":["Golden Idol"],"max_hp_gain":0,"max_hp_loss":6,"event_name":"Golden Idol","floor":13,"gold_loss":0},{"damage_healed":0,"gold_gain":75,"player_choice":"Touch","damage_taken":7,"max_hp_gain":0,"max_hp_loss":0,"event_name":"FaceTrader","floor":19,"gold_loss":0},{"damage_healed":0,"gold_gain":0,"player_choice":"Fight","damage_taken":0,"max_hp_gain":0,"max_hp_loss":0,"event_name":"Mysterious Sphere","floor":39,"gold_loss":0},{"damage_healed":0,"gold_gain":333,"player_choice":"Gave Idol","damage_taken":0,"max_hp_gain":0,"max_hp_loss":0,"event_name":"The Moai Head","floor":49,"relics_lost":["Golden Idol"],"gold_loss":0}],"is_beta":false,"boss_relics":[{"not_picked":["relicPack:ShieldShield","Honey Jar"],"picked":"Replay:Grab Bag"},{"not_picked":["energizedSpire:NeverEndingSparkler","hubris:VirtuousBlindfold"],"picked":"hubris:TerracottaHorce"},{"not_picked":["Philosopher\u0027s Stone","aspiration:RandomNobGenerator"],"picked":"conspire:RoyalGoblet"},{"not_picked":["hubris:HollowSoul","Calling Bell"],"picked":"hubris:Backtick"},{"not_picked":["expansioncontent:StudyCardRelic","Empty Cage"],"picked":"relicPack:KazumaCape"},{"not_picked":["Replay:Ancient Bell","conspire:RunicOctahedron"],"picked":"aspiration:RitualDagger"}],"items_purged_floors":[4,12,22,30,47,47],"is_endless":false,"potions_floor_spawned":[5,6,11,16,21,27,28,29,31,37,39,41,42,46],"ascension_level":0}}