{"host":"7w1f7px7r26mario","time":1608029727,"event":{"mods":["Act Like it!","BaseMod","Conspire","Gensokyo","Lobotomy","LobotomyExtend","Minty Spire (QoL Compilation)","Quick Restart","Relic Stats","Replay The Spire","StSLib","TestMod","[IsaacMod]ÒÔÈö¼âËþ","vexMod"],"gold_per_floor":[112,43,54,54,68,68,102,102,102,102,102,116,41,57,57,57,57],"floor_reached":16,"playtime":1341,"items_purged":["Normality"],"score":127,"play_id":"e9a73692-f42e-4188-a466-72660a61a4c4","local_time":"20201215185527","is_ascension_mode":true,"campfire_choices":[{"data":"Combust","floor":6,"key":"SMITH"},{"floor":8,"key":"REST"},{"floor":11,"key":"REST"},{"floor":15,"key":"REST"}],"circlet_count":0,"master_deck":["Strike_R","Defend_R","Defend_R","Defend_R","Bash","Combust+1","Reaper","Writhe","True Grit"],"relics":["Burning Blood","testmod-TestBox","HushsDoor","Chaos","testmod-BouquetWithThorns","Singing Bowl","Gambling Chip","LetterFromLob","Kintsugi","ReplayTheSpireMod:Ninjato"],"acts_visited":["Gensokyo:Gensokyo"],"potions_floor_usage":[16],"damage_taken":[{"damage":25,"enemies":"Gensokyo:Python","floor":1,"turns":4},{"damage":15,"enemies":"Gensokyo:2_Kodama","floor":3,"turns":3},{"damage":12,"enemies":"Gensokyo:Gryphon","floor":5,"turns":4},{"damage":38,"enemies":"Gensokyo:Mamizou","floor":7,"turns":10},{"damage":31,"enemies":"Gensokyo:Kitsune","floor":12,"turns":4},{"damage":19,"enemies":"Gensokyo:Gryphon_and_Rabbit","floor":14,"turns":4},{"damage":81,"enemies":"Gensokyo:Yukari","floor":16,"turns":5}],"seed_played":"-2338829413572081257","potions_obtained":[{"floor":3,"key":"SpeedPotion"},{"floor":7,"key":"Fire Potion"}],"is_trial":false,"path_per_floor":["M","$","M","?","M","R","E","R","T","?","R","M","$","M","R","B"],"character_chosen":"IRONCLAD","items_purchased":["Combust"],"campfire_rested":3,"item_purchase_floors":[2],"current_hp_per_floor":[55,55,48,48,44,44,12,37,37,39,65,46,46,39,66,0,0],"gold":57,"neow_bonus":"DOUBLE_BOSS_RELIC","is_daily":false,"chose_seed":false,"campfire_upgraded":1,"win_rate":0.0,"timestamp":1608029727,"path_taken":["M","?","?","?","?","R","E","R","T","?","R","M","?","M","R","BOSS"],"items_purchased_type":["Card"],"build_version":"2020-12-13","purchased_purges":1,"victory":false,"max_hp_per_floor":[82,82,84,84,86,86,86,86,86,88,88,90,90,92,92,92,92],"relic_stats":{"Singing Bowl":12,"counters":[7,34],"Gambling Chip":[11],"obtain_stats":[{"KeepersGift":0,"Chaos":0,"testmod-TestBox":0,"ReplayTheSpireMod:Ninjato":9,"Singing Bowl":0,"Gambling Chip":0,"LetterFromLob":1,"Kintsugi":7,"HushsDoor":0,"testmod-BouquetWithThorns":0,"Burning Blood":0},{"KeepersGift":0,"Chaos":0,"testmod-TestBox":0,"ReplayTheSpireMod:Ninjato":4,"Singing Bowl":0,"Gambling Chip":0,"LetterFromLob":1,"Kintsugi":4,"HushsDoor":0,"testmod-BouquetWithThorns":0,"Burning Blood":0},{"KeepersGift":0,"Chaos":0,"testmod-TestBox":0,"ReplayTheSpireMod:Ninjato":21,"Singing Bowl":0,"Gambling Chip":0,"LetterFromLob":4,"Kintsugi":21,"HushsDoor":0,"testmod-BouquetWithThorns":0,"Burning Blood":0}],"Burning Blood":36},"card_choices":[{"not_picked":[],"picked":"ChaosCard","floor":0},{"not_picked":["Massacre","Rage","Cleave"],"picked":"Singing Bowl","floor":1},{"not_picked":["Reckless Charge","ReplayReversal","Run Through"],"picked":"Singing Bowl","floor":3},{"not_picked":["True Grit","Iron Wave","Clash"],"picked":"Singing Bowl","floor":5},{"not_picked":["Perfected Strike","Ghostly Armor"],"picked":"Reaper","floor":7},{"not_picked":["ReplayTheSpireMod:Muscle Training","Twin Strike"],"picked":"True Grit","floor":10},{"not_picked":["Pommel Strike","Sentinel","Iron Wave"],"picked":"Singing Bowl","floor":10},{"not_picked":["Anger","Twin Strike","True Grit"],"picked":"Singing Bowl","floor":12},{"not_picked":["True Grit","Warcry","Shrug It Off"],"picked":"Singing Bowl","floor":14}],"player_experience":181743,"relics_obtained":[{"floor":1,"key":"LetterFromLob"},{"floor":7,"key":"Kintsugi"},{"floor":9,"key":"ReplayTheSpireMod:Ninjato"}],"event_choices":[{"damage_healed":0,"gold_gain":0,"player_choice":"Leave","damage_taken":0,"max_hp_gain":0,"max_hp_loss":0,"event_name":"conspire:Investor","floor":4,"gold_loss":0}],"is_beta":false,"boss_relics":[],"items_purged_floors":[13],"is_endless":false,"potions_floor_spawned":[3,7],"killed_by":"Gensokyo:Yukari","ascension_level":6}}