{"host":"foq4mrde4mssg7vt","time":1608055778,"event":{"mods":["AchievementEnabler","BaseMod","Colored Map","Colored Powertips","Highlight Path","Minty Spire (QoL Compilation)","Relic Stats","everything is the same but u backflip on backflip"],"gold_per_floor":[114,0,15,25,35,35,68,68,68,68,16,36,47,78,78,175,175,185,212,6,21,21,46,62,92,118,118,3,22,41,60,60,157,157,170,188,113,128,350,350,380,390,390,407,421,421,450,450,450,450,450,450,26,53,53],"floor_reached":56,"playtime":3893,"items_purged":["Strike_R+1"],"score":1682,"play_id":"79ff347b-34ef-4039-9246-7207479988ae","local_time":"20201216020938","is_ascension_mode":true,"campfire_choices":[{"data":"Uppercut","floor":6.0,"key":"SMITH"},{"data":"Feed","floor":8.0,"key":"SMITH"},{"data":"Cleave","floor":10.0,"key":"SMITH"},{"data":"True Grit","floor":15.0,"key":"SMITH"},{"floor":32.0,"key":"REST"},{"floor":40.0,"key":"REST"},{"floor":49.0,"key":"RECALL"},{"floor":52.0,"key":"REST"}],"circlet_count":0,"master_deck":["Strike_R+1","Strike_R+1","Strike_R+1","Strike_R+1","Defend_R+1","Defend_R+1","Defend_R+1","Bash+1","Feed+1","Headbutt","Shockwave+1","Uppercut+1","Cleave+1","Corruption","Metallicize","Dual Wield","True Grit+1","Ghostly Armor","Offering","True Grit+1","Juggernaut","Shrug It Off","Twin Strike+1","Battle Trance","Shrug It Off+1","Dark Embrace","Headbutt","Demon Form","Disarm+1","Battle Trance","Flame Barrier","Warcry+1","Spot Weakness","Feel No Pain","Havoc","Evolve","Warcry+1"],"relics":["Burning Blood","Vajra","War Paint","Fusion Hammer","Red Mask","Centennial Puzzle","HornCleat","Dream Catcher","Orichalcum","SacredBark","Whetstone","White Beast Statue","ClockworkSouvenir","Anchor","Art of War"],"acts_visited":["Exordium","TheCity","TheBeyond","TheEnding"],"potions_floor_usage":[54,55,55],"damage_taken":[{"damage":6.0,"enemies":"Cultist","floor":1.0,"turns":4.0},{"damage":4.0,"enemies":"2 Louse","floor":3.0,"turns":3.0},{"damage":1.0,"enemies":"Small Slimes","floor":4.0,"turns":3.0},{"damage":14.0,"enemies":"Looter","floor":5.0,"turns":4.0},{"damage":20.0,"enemies":"Lagavulin","floor":7.0,"turns":6.0},{"damage":19.0,"enemies":"3 Louse","floor":12.0,"turns":3.0},{"damage":13.0,"enemies":"Large Slime","floor":13.0,"turns":3.0},{"damage":12.0,"enemies":"3 Sentries","floor":14.0,"turns":3.0},{"damage":28.0,"enemies":"Slime Boss","floor":16.0,"turns":11.0},{"damage":21.0,"enemies":"Chosen","floor":18.0,"turns":7.0},{"damage":42.0,"enemies":"Masked Bandits","floor":19.0,"turns":5.0},{"damage":6.0,"enemies":"3 Byrds","floor":21.0,"turns":8.0},{"damage":26.0,"enemies":"Slavers","floor":23.0,"turns":8.0},{"damage":26.0,"enemies":"Sentry and Sphere","floor":24.0,"turns":6.0},{"damage":22.0,"enemies":"Gremlin Leader","floor":25.0,"turns":7.0},{"damage":6.0,"enemies":"3 Cultists","floor":29.0,"turns":5.0},{"damage":7.0,"enemies":"Chosen and Byrds","floor":30.0,"turns":5.0},{"damage":6.0,"enemies":"Centurion and Healer","floor":31.0,"turns":4.0},{"damage":32.0,"enemies":"Collector","floor":33.0,"turns":8.0},{"damage":9.0,"enemies":"Orb Walker","floor":35.0,"turns":4.0},{"damage":13.0,"enemies":"3 Darklings","floor":36.0,"turns":6.0},{"damage":16.0,"enemies":"Maw","floor":38.0,"turns":8.0},{"damage":51.0,"enemies":"Reptomancer","floor":41.0,"turns":9.0},{"damage":6.0,"enemies":"Jaw Worm Horde","floor":42.0,"turns":3.0},{"damage":34.0,"enemies":"Writhing Mass","floor":44.0,"turns":10.0},{"damage":31.0,"enemies":"Transient","floor":45.0,"turns":5.0},{"damage":58.0,"enemies":"Nemesis","floor":47.0,"turns":9.0},{"damage":39.0,"enemies":"Time Eater","floor":50.0,"turns":10.0},{"damage":62,"enemies":"Shield and Spear","floor":54,"turns":9},{"damage":78,"enemies":"The Heart","floor":55,"turns":12}],"seed_played":"-1031400832835636918","potions_obtained":[{"floor":4.0,"key":"SteroidPotion"},{"floor":7.0,"key":"LiquidMemories"},{"floor":14.0,"key":"Energy Potion"},{"floor":21.0,"key":"BloodPotion"},{"floor":29.0,"key":"DuplicationPotion"},{"floor":33.0,"key":"AttackPotion"},{"floor":41.0,"key":"AttackPotion"},{"floor":42.0,"key":"SmokeBomb"},{"floor":47.0,"key":"HeartOfIron"},{"floor":54,"key":"Fire Potion"}],"is_trial":false,"path_per_floor":["M","$","M","M","M","R","E","R","T","R","$","M","M","E","R","B",null,"M","?","$","M","?","E","M","E","T","?","$","M","M","M","R","B",null,"M","M","$","M","?","R","E","M","T","M","M","?","E","?","R","B",null,"R","$","E","B",null],"character_chosen":"IRONCLAD","items_purchased":["Anger","Shockwave","Weak Potion","Centennial Puzzle","PowerPotion","Battle Trance","Explosive Potion","ClockworkSouvenir","Anchor","Havoc","Evolve"],"campfire_rested":3,"item_purchase_floors":[2,2,11,20,20,28,28,53,53,53,53],"current_hp_per_floor":[54,54,59,67,59,59,48,48,48,48,48,39,36,34,34,20,89,78,46,46,54,54,42,26,42,42,42,42,50,49,57,105,83,144,145,142,142,136,136,176,135,143,143,119,94,94,42,42,42,9,146,192,192,140,68],"gold":53,"neow_bonus":"THREE_RARE_CARDS","is_daily":false,"chose_seed":false,"campfire_upgraded":4,"win_rate":0.0,"timestamp":1608055778,"path_taken":["M","?","M","?","M","R","E","R","T","R","?","?","M","E","R","BOSS","M","?","$","M","?","E","M","E","T","?","$","?","M","M","R","BOSS","M","M","$","M","?","R","E","M","T","M","M","?","E","?","R","BOSS","R","$","E","BOSS"],"items_purchased_type":["Card","Card","Potion","Relic","Potion","Card","Potion","Relic","Relic","Card","Card"],"build_version":"2020-12-13","purchased_purges":1,"victory":true,"max_hp_per_floor":[83,83,86,89,89,89,92,92,92,92,92,96,100,104,104,112,112,116,120,120,128,128,136,140,144,144,144,144,152,152,160,160,164,164,168,172,172,176,176,176,180,188,188,192,192,192,192,192,192,192,192,192,192,196,196],"relic_stats":{"Centennial Puzzle":[57],"Dream Catcher":3,"counters":[30,188],"Art of War":[1],"Whetstone":["Twin Strike","Bash"],"War Paint":["Shockwave","Defend_R"],"Orichalcum":[90],"obtain_stats":[{"SacredBark":34,"Vajra":7,"Whetstone":41,"War Paint":9,"Orichalcum":26,"Burning Blood":0,"White Beast Statue":47,"ClockworkSouvenir":53,"Centennial Puzzle":20,"Dream Catcher":25,"Anchor":53,"HornCleat":23,"Fusion Hammer":17,"Red Mask":19,"Art of War":54},{"SacredBark":19,"Vajra":5,"Whetstone":23,"War Paint":5,"Orichalcum":15,"Burning Blood":0,"White Beast Statue":27,"ClockworkSouvenir":28,"Centennial Puzzle":11,"Dream Catcher":15,"Anchor":28,"HornCleat":13,"Fusion Hammer":9,"Red Mask":11,"Art of War":29},{"SacredBark":103,"Vajra":20,"Whetstone":130,"War Paint":20,"Orichalcum":81,"Burning Blood":0,"White Beast Statue":157,"ClockworkSouvenir":167,"Centennial Puzzle":52,"Dream Catcher":81,"Anchor":167,"HornCleat":68,"Fusion Hammer":40,"Red Mask":52,"Art of War":176}],"Burning Blood":180},"card_choices":[{"not_picked":["Reaper","Barricade"],"picked":"Feed","floor":0.0},{"not_picked":["Body Slam","Sword Boomerang"],"picked":"Headbutt","floor":1.0},{"not_picked":["Searing Blow","Clothesline"],"picked":"Uppercut","floor":3.0},{"not_picked":["Pommel Strike","Perfected Strike"],"picked":"Cleave","floor":4.0},{"not_picked":["Havoc","Seeing Red"],"picked":"Corruption","floor":5.0},{"not_picked":["Havoc","Warcry"],"picked":"Metallicize","floor":7.0},{"not_picked":["Rage","Shockwave"],"picked":"Dual Wield","floor":12.0},{"not_picked":["Body Slam","Twin Strike"],"picked":"True Grit","floor":13.0},{"not_picked":["Sever Soul","Brutality"],"picked":"Ghostly Armor","floor":14.0},{"not_picked":["Bludgeon","Barricade"],"picked":"Offering","floor":16.0},{"not_picked":["Sever Soul","Hemokinesis","Evolve+1"],"picked":"SKIP","floor":18.0},{"not_picked":["Ghostly Armor","Headbutt"],"picked":"True Grit+1","floor":19.0},{"not_picked":["Hemokinesis","Sword Boomerang","Clothesline"],"picked":"SKIP","floor":21.0},{"not_picked":["Twin Strike","True Grit+1"],"picked":"Juggernaut","floor":23.0},{"not_picked":["Perfected Strike","Havoc","Infernal Blade+1"],"picked":"SKIP","floor":24.0},{"not_picked":["Sword Boomerang","Blood for Blood"],"picked":"Shrug It Off","floor":25.0},{"not_picked":["Immolate","Intimidate+1"],"picked":"Shrug It Off+1","floor":29.0},{"not_picked":["Perfected Strike","Wild Strike+1","Clothesline"],"picked":"SKIP","floor":30.0},{"not_picked":["Clothesline","Twin Strike"],"picked":"Dark Embrace","floor":31.0},{"not_picked":["Evolve","Sever Soul"],"picked":"Headbutt","floor":32.0},{"not_picked":["Brutality","Juggernaut"],"picked":"Demon Form","floor":33.0},{"not_picked":["Clash+1","Clothesline","Iron Wave"],"picked":"SKIP","floor":35.0},{"not_picked":["Wild Strike","Armaments+1","Perfected Strike"],"picked":"SKIP","floor":36.0},{"not_picked":["Sever Soul+1","Cleave"],"picked":"Disarm+1","floor":38.0},{"not_picked":["Wild Strike+1","Infernal Blade"],"picked":"Battle Trance","floor":41.0},{"not_picked":["Anger","Clothesline"],"picked":"Flame Barrier","floor":42.0},{"not_picked":["Anger+1","Searing Blow+1","Havoc"],"picked":"SKIP","floor":44.0},{"not_picked":["Offering","Havoc"],"picked":"Warcry+1","floor":45.0},{"not_picked":["Thunderclap+1","Whirlwind+1"],"picked":"Spot Weakness","floor":47.0},{"not_picked":["Iron Wave","Pommel Strike"],"picked":"Feel No Pain","floor":52.0},{"not_picked":["Flex+1","Combust+1"],"picked":"Warcry+1","floor":54}],"player_experience":178348,"relics_obtained":[{"floor":7.0,"key":"Vajra"},{"floor":9.0,"key":"War Paint"},{"floor":19.0,"key":"Red Mask"},{"floor":23.0,"key":"HornCleat"},{"floor":25.0,"key":"Dream Catcher"},{"floor":26.0,"key":"Orichalcum"},{"floor":41.0,"key":"Whetstone"},{"floor":47.0,"key":"White Beast Statue"},{"floor":54,"key":"Art of War"}],"event_choices":[{"damage_healed":0.0,"max_hp_gain":0.0,"max_hp_loss":0.0,"gold_gain":0.0,"event_name":"Masked Bandits","player_choice":"Fought Bandits","floor":19.0,"gold_loss":0.0,"damage_taken":0.0},{"damage_healed":0.0,"max_hp_gain":0.0,"max_hp_loss":0.0,"gold_gain":0.0,"event_name":"Back to Basics","player_choice":"Simplicity","floor":22.0,"gold_loss":0.0,"damage_taken":0.0,"cards_upgraded":["Strike_R","Strike_R","Strike_R","Strike_R","Strike_R","Defend_R","Defend_R","Defend_R"]},{"damage_healed":0.0,"max_hp_gain":0.0,"max_hp_loss":0.0,"gold_gain":0.0,"cards_transformed":["Anger"],"event_name":"Transmorgrifier","player_choice":"Transformed","floor":27.0,"gold_loss":0.0,"damage_taken":0.0,"cards_obtained":["Twin Strike"]},{"damage_healed":0.0,"max_hp_gain":0.0,"max_hp_loss":0.0,"gold_gain":222.0,"event_name":"Tomb of Lord Red Mask","player_choice":"Wore Mask","floor":39.0,"gold_loss":0.0,"damage_taken":0.0},{"cards_removed":["Defend_R"],"damage_healed":0.0,"max_hp_gain":0.0,"max_hp_loss":0.0,"gold_gain":0.0,"event_name":"Falling","player_choice":"Removed Skill","floor":46.0,"gold_loss":0.0,"damage_taken":0.0},{"damage_healed":0.0,"max_hp_gain":0.0,"max_hp_loss":0.0,"gold_gain":0.0,"event_name":"Mysterious Sphere","player_choice":"Ignored","floor":48.0,"gold_loss":0.0,"damage_taken":0.0}],"is_beta":false,"boss_relics":[{"not_picked":["SlaversCollar","Sozu"],"picked":"Fusion Hammer"},{"not_picked":["Runic Dome","Philosopher\u0027s Stone"],"picked":"SacredBark"}],"items_purged_floors":[37],"is_endless":false,"potions_floor_spawned":[4,7,12,13,14,21,29,30,31,33,35,41,42,47,54],"ascension_level":9}}