{"host":"suxiaoling","time":1608066349,"event":{"mods":["BaseMod","Duelist Mod","Minty Spire (QoL Compilation)","Prisma Mod","READ ME - Guardian Mod","Remilia£®¿Ÿ√◊¿Ú—«£©","StSLib","Td1madao Mod"],"gold_per_floor":[218,21,41,41,55,83,83,114,161,7,7,7,37,52,52,149,149,159,172,172,182,200,231,243,281,293,50,85,30,50,77,77,174,174,184,184,199,99,178,205,55,80,131,141,154,186,186,212,212,212,212,212,38,72,72],"floor_reached":56,"playtime":3479,"items_purged":["Strike_RM","Strike_RM","Defend_RM"],"score":1593,"play_id":"b9f9fbc5-2f34-4ab4-94c7-80e369d920a9","local_time":"20201216050549","is_ascension_mode":true,"campfire_choices":[{"data":"ScarletDream","floor":7.0,"key":"SMITH"},{"data":"TwelveNightmare","floor":12.0,"key":"SMITH"},{"data":"BloodAndWine","floor":15.0,"key":"SMITH"},{"data":"DemonKingCradle","floor":32.0,"key":"SMITH"},{"floor":47,"key":"RECALL"},{"data":"EternalNight","floor":49,"key":"SMITH"},{"data":"EquivalentExchange","floor":52,"key":"SMITH"}],"circlet_count":0,"master_deck":["Strike_RM","Strike_RM+1","Defend_RM+1","Defend_RM+1","RedMoon","ScarletShoot","ScarletDream+1","BombardNight+1","TwelveNightmare+1","BloodAndWine+1","HunterOfTheNight","VampirishNight","DiffusionOfMisfortune","DemonKingCradle+1","TransientEternity","Stigmanizer","MiserableFate+1","EquivalentExchange+1","MastersStateliness+1","EternalNight+1"],"relics":["ScarletHat","Bottled Lightning","Boot","Pen Nib","Whetstone","Oddly Smooth Stone","Coffee Dripper","MawBank","Pocketwatch","AntiCross","Gremlin Horn","MealTicket","Gambling Chip","War Paint","Philosopher\u0027s Stone","Ornamental Fan","TungstenRod","Strange Spoon","Pantograph","Orichalcum","Dream Catcher","Darkstone Periapt","Toy Ornithopter"],"acts_visited":["TheBeyond","TheEnding"],"potions_floor_usage":[40,40,40,40,46,50,50,55,55],"damage_taken":[{"damage":0.0,"enemies":"2 Louse","floor":1.0,"turns":3.0},{"damage":3.0,"enemies":"Cultist","floor":3.0,"turns":5.0},{"damage":0.0,"enemies":"Small Slimes","floor":5.0,"turns":3.0},{"damage":10.0,"enemies":"3 Sentries","floor":6.0,"turns":6.0},{"damage":15.0,"enemies":"Gremlin Nob","floor":8.0,"turns":4.0},{"damage":3.0,"enemies":"Lagavulin","floor":13.0,"turns":4.0},{"damage":0.0,"enemies":"Exordium Wildlife","floor":14.0,"turns":1.0},{"damage":9.0,"enemies":"Slime Boss","floor":16.0,"turns":6.0},{"damage":8.0,"enemies":"3 Byrds","floor":18.0,"turns":3.0},{"damage":11.0,"enemies":"Shell Parasite","floor":19.0,"turns":5.0},{"damage":6.0,"enemies":"Centurion and Healer","floor":21.0,"turns":3.0},{"damage":22.0,"enemies":"Snake Plant","floor":22.0,"turns":2.0},{"damage":40.0,"enemies":"Book of Stabbing","floor":23.0,"turns":3.0},{"damage":38.0,"enemies":"Slavers","floor":25.0,"turns":6.0},{"damage":3.0,"enemies":"Gremlin Leader","floor":28.0,"turns":5.0},{"damage":2.0,"enemies":"Snecko","floor":30.0,"turns":3.0},{"damage":0.0,"enemies":"Slavers","floor":31.0,"turns":2.0},{"damage":19.0,"enemies":"Champ","floor":33.0,"turns":4.0},{"damage":8,"enemies":"3 Shapes","floor":35,"turns":2},{"damage":0,"enemies":"3 Darklings","floor":37,"turns":2},{"damage":17,"enemies":"Nemesis","floor":40,"turns":3},{"damage":25,"enemies":"Reptomancer","floor":42,"turns":4},{"damage":0,"enemies":"Spire Growth","floor":44,"turns":3},{"damage":0,"enemies":"Maw","floor":45,"turns":4},{"damage":0,"enemies":"Giant Head","floor":46,"turns":2},{"damage":0,"enemies":"Reptomancer","floor":48,"turns":3},{"damage":3,"enemies":"Time Eater","floor":50,"turns":5},{"damage":22,"enemies":"Shield and Spear","floor":54,"turns":3},{"damage":52,"enemies":"The Heart","floor":55,"turns":6}],"seed_played":"1030733208062202616","potions_obtained":[{"floor":5.0,"key":"LiquidMemories"},{"floor":6.0,"key":"EssenceOfSteel"},{"floor":8.0,"key":"ColorlessPotion"},{"floor":14.0,"key":"EssenceOfSteel"},{"floor":28.0,"key":"EssenceOfSteel"},{"floor":30.0,"key":"Explosive Potion"},{"floor":33.0,"key":"EntropicBrew"},{"floor":37,"key":"Energy Potion"},{"floor":40,"key":"Fire Potion"},{"floor":48,"key":"EssenceOfSteel"},{"floor":54,"key":"DestinyDice"}],"is_trial":false,"path_per_floor":["M","$","M","?","M","E","R","E","T","$","$","R","E","M","R","B",null,"M","M","?","M","M","E","?","E","T","$","E","?","M","E","R","B",null,"M","T","M","$","T","E","$","E","T","M","M","E","R","E","R","B",null,"R","$","E","B",null],"character_chosen":"REMILIA","items_purchased":["BombardNight","TwelveNightmare","Whetstone","Gremlin Horn","Strange Spoon","BlessingOfTheForge"],"campfire_rested":0,"item_purchase_floors":[2,2,10,27,41,53],"current_hp_per_floor":[75,75,72,72,73,66,66,53,53,53,53,53,52,56,56,57,75,67,61,47,57,42,6,32,7,7,7,18,18,28,39,39,46,83,75,75,83,83,83,75,83,69,69,83,83,83,83,83,83,80,83,83,83,71,49],"gold":72,"neow_bonus":"HUNDRED_GOLD","is_daily":false,"chose_seed":false,"campfire_upgraded":6,"win_rate":0.0,"timestamp":1608066349,"path_taken":["M","$","M","?","M","E","R","E","T","?","$","R","E","M","R","BOSS","M","?","?","M","M","E","?","E","T","$","E","?","M","E","R","BOSS","M","?","M","$","?","E","$","E","T","M","M","E","R","E","R","BOSS","R","$","E","BOSS"],"items_purchased_type":["Card","Card","Relic","Relic","Relic","Potion"],"build_version":"2020-12-07","purchased_purges":3,"victory":true,"max_hp_per_floor":[75,75,75,75,75,75,75,75,75,75,75,75,75,75,75,75,75,75,75,80,80,80,80,80,80,80,80,83,83,83,83,83,83,83,83,83,83,83,83,83,83,83,83,83,83,83,83,83,83,83,83,83,83,83,83],"card_choices":[{"not_picked":["StarOfDavid","MastersStateliness"],"picked":"ScarletDream","floor":1.0},{"not_picked":["Maim","ScarletDream"],"picked":"BloodAndWine","floor":3.0},{"not_picked":["NightLord","BloodAndWine"],"picked":"HunterOfTheNight","floor":5.0},{"not_picked":["BlasphemousPunishment","CurseOfVladTepes"],"picked":"VampirishNight","floor":6.0},{"not_picked":["MastersStateliness","DevilSight"],"picked":"DiffusionOfMisfortune","floor":8.0},{"not_picked":["RedRainbow","CharismaGuard","ScarletDevilSign"],"picked":"SKIP","floor":13.0},{"not_picked":["UnderTheZenith","ScarletImprint","NightDance"],"picked":"SKIP","floor":14.0},{"not_picked":["CeilingFear","HeartBreak"],"picked":"DemonKingCradle","floor":16.0},{"not_picked":["BloodHunter","VampireKiss+1","ForbiddenFruit"],"picked":"SKIP","floor":18.0},{"not_picked":["StarOfDavid","UnderTheZenith"],"picked":"TransientEternity","floor":19.0},{"not_picked":["RedNightlessCastle","ScarletDream"],"picked":"Stigmanizer","floor":21.0},{"not_picked":["VampireKiss","StarOfDavid"],"picked":"MiserableFate+1","floor":22.0},{"not_picked":["EmergencyRegeneration+1","VampireSweep","GlobalNightmare+1"],"picked":"SKIP","floor":23.0},{"not_picked":["Septette","RedRainbow+1","BombardNight+1"],"picked":"SKIP","floor":25.0},{"not_picked":["BloodyMagicSquare","Septette+1","SuperhumanBloodyKnife+1"],"picked":"SKIP","floor":28.0},{"not_picked":["RedRainbow+1","TwelveNightmare","BloodHunter"],"picked":"SKIP","floor":30.0},{"not_picked":["MiserableFate","RedRainbow"],"picked":"EquivalentExchange","floor":31.0},{"not_picked":["ScarletDevilSign+1","BloodHunter+1","ScarletNetherworld+1"],"picked":"SKIP","floor":35},{"not_picked":["EndlessAdversity+1","GlobalNightmare"],"picked":"MastersStateliness+1","floor":37},{"not_picked":["Stigmanizer+1","BloodHunter","Maim"],"picked":"SKIP","floor":40},{"not_picked":["ScarletDevil","Maim","ReincarnationDial"],"picked":"SKIP","floor":42},{"not_picked":["CharismaGuard+1","BloodHunter+1","HunterOfTheNight+1"],"picked":"SKIP","floor":44},{"not_picked":["FavorOfDestiny","BloodHunter","VampireKiss+1"],"picked":"SKIP","floor":45},{"not_picked":["ScarletImprint","BloodHunter","UnderTheZenith+1"],"picked":"SKIP","floor":46},{"not_picked":["EquivalentExchange","UltimateOffering"],"picked":"EternalNight","floor":48},{"not_picked":["DiffusionOfMisfortune","TwelveNightmare","NightDance"],"picked":"SKIP","floor":54}],"player_experience":22969,"relics_obtained":[{"floor":6.0,"key":"Bottled Lightning"},{"floor":8.0,"key":"Boot"},{"floor":9.0,"key":"Pen Nib"},{"floor":13.0,"key":"Oddly Smooth Stone"},{"floor":23.0,"key":"MawBank"},{"floor":25.0,"key":"Pocketwatch"},{"floor":26.0,"key":"AntiCross"},{"floor":28.0,"key":"MealTicket"},{"floor":31.0,"key":"War Paint"},{"floor":39,"key":"Ornamental Fan"},{"floor":40,"key":"TungstenRod"},{"floor":42,"key":"Pantograph"},{"floor":43,"key":"Orichalcum"},{"floor":46,"key":"Dream Catcher"},{"floor":48,"key":"Darkstone Periapt"},{"floor":54,"key":"Toy Ornithopter"}],"event_choices":[{"cards_removed":["Defend_RM"],"damage_healed":0.0,"max_hp_gain":0.0,"max_hp_loss":0.0,"gold_gain":0.0,"event_name":"Purifier","player_choice":"Purged","floor":4.0,"gold_loss":0.0,"damage_taken":0.0},{"damage_healed":0.0,"max_hp_gain":5.0,"max_hp_loss":0.0,"gold_gain":0.0,"event_name":"Forgotten Altar","player_choice":"Shed Blood","floor":20.0,"gold_loss":0.0,"damage_taken":19.0},{"damage_healed":26.0,"max_hp_gain":0.0,"max_hp_loss":0.0,"gold_gain":0.0,"event_name":"The Library","player_choice":"Heal","floor":24.0,"gold_loss":0.0,"damage_taken":0.0},{"damage_healed":0.0,"max_hp_gain":0.0,"max_hp_loss":0.0,"gold_gain":0.0,"event_name":"WeMeetAgain","player_choice":"Paid Gold","floor":29.0,"gold_loss":55.0,"damage_taken":0.0,"relics_obtained":["Gambling Chip"]}],"is_beta":true,"boss_relics":[{"not_picked":["Empty Cage","Ectoplasm"],"picked":"Coffee Dripper"},{"not_picked":["Calling Bell","Snecko Eye"],"picked":"Philosopher\u0027s Stone"}],"items_purged_floors":[2,38,53],"is_endless":false,"potions_floor_spawned":[5,6,8,14,22,28,30,33,37,40,48,54],"ascension_level":1}}