{"host":"qwttrqaysb380yri","time":1608038550,"event":{"mods":["BaseMod","Custom Start","Minty Spire (QoL Compilation)","Puzzle Mod","Relic Stats","StSLib","The Cursed","The Hierophant"],"gold_per_floor":[115,131,149,103,103,128,144,144,144,144,159,184,204,233,233,309,309,323,238,252,252,271,296,296,62,62,96,96,125,140,166,166,243,243,259,276,162,172,187,216,216,244,269,323,149,162,191,3,3,3],"floor_reached":51,"playtime":3636,"items_purged":["Strike_R"],"score":1486,"play_id":"57d0b853-bade-4810-83e8-f0a2ac248133","local_time":"20201215142230","is_ascension_mode":true,"campfire_choices":[{"data":"Bash","floor":8,"key":"SMITH"},{"data":"Juggernaut","floor":10,"key":"SMITH"},{"floor":15,"key":"REST"},{"floor":24,"key":"REST"},{"data":"Corruption","floor":28,"key":"SMITH"},{"floor":32,"key":"REST"},{"data":"Dark Embrace","floor":41,"key":"SMITH"},{"floor":49,"key":"REST"}],"circlet_count":0,"master_deck":["AscendersBane","Strike_R+1","Defend_R","Defend_R","Defend_R","Defend_R","Bash+1","Pommel Strike+1","Perfected Strike","Dropkick","Wild Strike","Juggernaut+1","Clothesline","Anger","Seeing Red","Iron Wave","Corruption+1","Havoc+1","Sword Boomerang+1","Twin Strike+1","Shrug It Off","Iron Wave","Dark Embrace+1","Havoc","Flame Barrier","Armaments","Immolate","Carnage","Rage","Impervious","Disarm+1","Offering","Parasite","Shockwave","Heavy Blade","Iron Wave+1","Evolve","Uppercut+1","Hemokinesis+1","Body Slam+1","Rupture+1","Sentinel","Mayhem"],"relics":["Burning Blood","PreservedInsect","CaptainsWheel","Self Forming Clay","Gambling Chip","Whetstone","Happy Flower","Astrolabe","Gremlin Horn","WingedGreaves","Letter Opener","The Courier","Oddly Smooth Stone","TungstenRod","Sozu","Sundial","Molten Egg 2","Red Skull","Orichalcum","Blood Vial"],"acts_visited":["Exordium","TheCity","TheBeyond"],"potions_floor_usage":[7,11,12,16,27,33,50],"damage_taken":[{"damage":16,"enemies":"Cultist","floor":1,"turns":4},{"damage":3,"enemies":"2 Louse","floor":2,"turns":2},{"damage":7,"enemies":"Jaw Worm","floor":3,"turns":3},{"damage":14,"enemies":"Gremlin Nob","floor":6,"turns":4},{"damage":11,"enemies":"Exordium Thugs","floor":7,"turns":4},{"damage":9,"enemies":"Lots of Slimes","floor":11,"turns":4},{"damage":10,"enemies":"3 Sentries","floor":12,"turns":5},{"damage":10,"enemies":"Red Slaver","floor":13,"turns":2},{"damage":27,"enemies":"Lagavulin","floor":14,"turns":6},{"damage":38,"enemies":"The Guardian","floor":16,"turns":9},{"damage":2,"enemies":"Chosen","floor":18,"turns":4},{"damage":36,"enemies":"Shell Parasite","floor":20,"turns":5},{"damage":58,"enemies":"Chosen and Byrds","floor":22,"turns":7},{"damage":0,"enemies":"Gremlin Leader","floor":23,"turns":4},{"damage":28,"enemies":"Book of Stabbing","floor":27,"turns":5},{"damage":29,"enemies":"Slavers","floor":29,"turns":4},{"damage":0,"enemies":"Sentry and Sphere","floor":30,"turns":3},{"damage":18,"enemies":"Book of Stabbing","floor":31,"turns":4},{"damage":37,"enemies":"Collector","floor":33,"turns":7},{"damage":0,"enemies":"3 Shapes","floor":35,"turns":2},{"damage":0,"enemies":"3 Darklings","floor":36,"turns":3},{"damage":17,"enemies":"Writhing Mass","floor":38,"turns":6},{"damage":7,"enemies":"Maw","floor":39,"turns":6},{"damage":5,"enemies":"Reptomancer","floor":40,"turns":3},{"damage":6,"enemies":"Nemesis","floor":42,"turns":5},{"damage":6,"enemies":"3 Darklings","floor":46,"turns":3},{"damage":41,"enemies":"Reptomancer","floor":47,"turns":5},{"damage":22,"enemies":"Donu and Deca","floor":50,"turns":6}],"seed_played":"-6898385408687467606","potions_obtained":[{"floor":2,"key":"BloodPotion"},{"floor":6,"key":"GamblersBrew"},{"floor":7,"key":"Energy Potion"},{"floor":11,"key":"Block Potion"},{"floor":13,"key":"Dexterity Potion"},{"floor":20,"key":"SpeedPotion"},{"floor":23,"key":"BlessingOfTheForge"},{"floor":31,"key":"Block Potion"},{"floor":33,"key":"Dexterity Potion"}],"is_trial":false,"path_per_floor":["M","M","M","$","?","E","M","R","T","R","M","E","M","E","R","B",null,"M","?","M","?","M","E","R","$","T","E","R","E","M","E","R","B",null,"M","M","$","M","M","E","R","E","T","T","$","M","E","$","R","B",null],"character_chosen":"IRONCLAD","items_purchased":["Wild Strike","Dark Embrace","Havoc","Flame Barrier","Offering","Evolve","Uppercut+1","Hemokinesis+1","Sentinel","Mayhem"],"campfire_rested":4,"item_purchase_floors":[4,25,25,25,37,45,45,45,48,48],"current_hp_per_floor":[58,61,60,60,55,47,57,57,57,57,54,50,46,25,47,15,60,64,64,34,85,33,39,64,64,64,42,42,19,25,13,38,7,66,72,78,78,67,66,67,67,67,67,67,67,67,32,32,57,43],"gold":3,"neow_bonus":"RANDOM_COMMON_RELIC","is_daily":false,"chose_seed":false,"campfire_upgraded":4,"win_rate":0.0,"timestamp":1608038550,"path_taken":["M","M","M","$","?","E","M","R","T","R","M","E","M","E","R","BOSS","M","?","M","?","M","E","R","$","T","E","R","E","?","E","R","BOSS","M","?","$","M","M","E","R","E","T","?","$","M","E","$","R","BOSS"],"items_purchased_type":["Card","Card","Card","Card","Card","Card","Card","Card","Card","Card"],"build_version":"2020-12-13","purchased_purges":1,"victory":true,"max_hp_per_floor":[75,75,75,75,75,75,75,75,75,75,75,75,75,75,75,75,75,75,75,75,85,85,85,85,85,85,85,85,85,85,85,85,85,85,85,85,85,85,85,85,85,85,85,85,85,85,85,85,85,85],"relic_stats":{"Happy Flower":[30],"Gremlin Horn":[23,23],"counters":[28,125],"Self Forming Clay":[177],"Astrolabe":["Havoc","Sword Boomerang","Twin Strike"],"PreservedInsect":425,"Whetstone":["Pommel Strike","Strike_R"],"Letter Opener":[176],"Orichalcum":[6],"Burning Blood":168,"Sozu":2,"Blood Vial":2,"Sundial":[0],"Gambling Chip":[73],"obtain_stats":[{"Happy Flower":14,"Gremlin Horn":19,"Self Forming Clay":6,"Astrolabe":17,"Oddly Smooth Stone":29,"PreservedInsect":0,"The Courier":27,"Whetstone":12,"Letter Opener":26,"Orichalcum":44,"Burning Blood":0,"Sozu":34,"Blood Vial":47,"CaptainsWheel":5,"Sundial":40,"Gambling Chip":9,"Molten Egg 2":42,"WingedGreaves":23,"TungstenRod":31,"Red Skull":43},{"Happy Flower":9,"Gremlin Horn":11,"Self Forming Clay":4,"Astrolabe":10,"Oddly Smooth Stone":16,"PreservedInsect":0,"The Courier":15,"Whetstone":7,"Letter Opener":14,"Orichalcum":25,"Burning Blood":0,"Sozu":19,"Blood Vial":27,"CaptainsWheel":3,"Sundial":24,"Gambling Chip":5,"Molten Egg 2":25,"WingedGreaves":14,"TungstenRod":18,"Red Skull":25},{"Happy Flower":34,"Gremlin Horn":47,"Self Forming Clay":13,"Astrolabe":43,"Oddly Smooth Stone":72,"PreservedInsect":0,"The Courier":68,"Whetstone":26,"Letter Opener":63,"Orichalcum":111,"Burning Blood":0,"Sozu":86,"Blood Vial":119,"CaptainsWheel":9,"Sundial":106,"Gambling Chip":17,"Molten Egg 2":111,"WingedGreaves":63,"TungstenRod":79,"Red Skull":111}],"TungstenRod":23},"card_choices":[{"not_picked":["Perfected Strike","Warcry"],"picked":"Pommel Strike","floor":1},{"not_picked":["Iron Wave","Heavy Blade"],"picked":"Perfected Strike","floor":2},{"not_picked":["Armaments","Searing Blow"],"picked":"Dropkick","floor":3},{"not_picked":["Armaments","Warcry"],"picked":"Juggernaut","floor":6},{"not_picked":["Rupture","Sword Boomerang"],"picked":"Clothesline","floor":7},{"not_picked":["Heavy Blade","Perfected Strike"],"picked":"Anger","floor":11},{"not_picked":["Wild Strike","Warcry"],"picked":"Seeing Red","floor":12},{"not_picked":["Clothesline","Warcry"],"picked":"Iron Wave","floor":13},{"not_picked":["Sword Boomerang","Havoc"],"picked":"Feed","floor":14},{"not_picked":["Offering","Fiend Fire"],"picked":"Corruption","floor":16},{"not_picked":["Pommel Strike","Reckless Charge","Headbutt"],"picked":"SKIP","floor":18},{"not_picked":["Pommel Strike","Clash","Sword Boomerang"],"picked":"SKIP","floor":20},{"not_picked":["Disarm","Combust"],"picked":"Shrug It Off","floor":22},{"not_picked":["Headbutt","Dual Wield"],"picked":"Iron Wave","floor":23},{"not_picked":["Rupture","Impervious"],"picked":"Armaments","floor":27},{"not_picked":["Combust","Headbutt"],"picked":"Immolate","floor":29},{"not_picked":["Wild Strike","Clash"],"picked":"Carnage","floor":30},{"not_picked":["Wild Strike","Iron Wave+1"],"picked":"Rage","floor":31},{"not_picked":["Juggernaut","Demon Form"],"picked":"Impervious","floor":33},{"not_picked":["Power Through+1","Burning Pact"],"picked":"Disarm+1","floor":35},{"not_picked":["Flex","Havoc","Body Slam"],"picked":"SKIP","floor":36},{"not_picked":["Heavy Blade","Pommel Strike+1"],"picked":"Shockwave","floor":38},{"not_picked":["Armaments","Clash","Rupture"],"picked":"SKIP","floor":39},{"not_picked":["True Grit+1","Reaper"],"picked":"Heavy Blade","floor":40},{"not_picked":["Heavy Blade+1","Perfected Strike+1"],"picked":"Iron Wave+1","floor":42},{"not_picked":["Second Wind","Infernal Blade"],"picked":"Body Slam+1","floor":46},{"not_picked":["Flex","Headbutt+1"],"picked":"Rupture+1","floor":47}],"player_experience":1850495,"relics_obtained":[{"floor":6,"key":"Self Forming Clay"},{"floor":9,"key":"Gambling Chip"},{"floor":12,"key":"Whetstone"},{"floor":14,"key":"Happy Flower"},{"floor":23,"key":"WingedGreaves"},{"floor":26,"key":"Letter Opener"},{"floor":27,"key":"The Courier"},{"floor":29,"key":"Oddly Smooth Stone"},{"floor":31,"key":"TungstenRod"},{"floor":40,"key":"Sundial"},{"floor":42,"key":"Molten Egg 2"},{"floor":43,"key":"Red Skull"},{"floor":44,"key":"Orichalcum"},{"floor":47,"key":"Blood Vial"}],"event_choices":[{"damage_healed":0,"gold_gain":0,"player_choice":"Success","damage_taken":5,"relics_obtained":["CaptainsWheel"],"max_hp_gain":0,"max_hp_loss":0,"event_name":"Scrap Ooze","floor":5,"gold_loss":0},{"damage_healed":0,"gold_gain":0,"player_choice":"Obtained Relic","damage_taken":0,"relics_obtained":["Gremlin Horn"],"max_hp_gain":0,"max_hp_loss":0,"event_name":"Addict","floor":19,"gold_loss":85},{"cards_removed":["Feed"],"damage_healed":41,"gold_gain":0,"player_choice":"Offered Rare","damage_taken":0,"max_hp_gain":10,"max_hp_loss":0,"event_name":"Bonfire Elementals","floor":21,"gold_loss":0}],"is_beta":false,"boss_relics":[{"not_picked":["Coffee Dripper","Tiny House"],"picked":"Astrolabe"},{"not_picked":["Black Blood","Pandora\u0027s Box"],"picked":"Sozu"}],"items_purged_floors":[25],"is_endless":false,"potions_floor_spawned":[2,6,7,11,13,20,23,31,33,42,46],"ascension_level":15}}