{"host":"sc0o2qwpf9j16a4i","time":1608056433,"event":{"mods":["AchievementEnabler","BaseMod","BetterRewards","Block Reminder","Colored Map","Colored Powertips","Custom Start","Highlight Path","Minty Spire (QoL Compilation)","Relic Stats"],"gold_per_floor":[114,125,141,291,291,291,307,337,337,352,31,60,60,91,91,168,168,181,197,197,18,34,34,64,64,64,98,110,110,123,154,154,154,154],"floor_reached":33,"playtime":803,"items_purged":["Doubt","Strike_P"],"score":879,"play_id":"d3bcac6f-f24a-4fef-829f-3d7470fda7d7","local_time":"20201215202033","is_ascension_mode":true,"campfire_choices":[{"data":"Tantrum","floor":6.0,"key":"SMITH"},{"data":"Ragnarok","floor":13.0,"key":"SMITH"},{"data":"CrushJoints","floor":15.0,"key":"SMITH"},{"data":"Scrawl","floor":23.0,"key":"SMITH"},{"floor":25.0,"key":"REST"},{"floor":29,"key":"REST"},{"floor":32,"key":"REST"}],"circlet_count":0,"master_deck":["AscendersBane","Strike_P","Strike_P","Strike_P","Defend_P","Defend_P","Defend_P+1","Defend_P","Eruption","Vigilance","Tantrum+1","SashWhip","FollowUp+1","CrushJoints+1","Ragnarok+1","Adaptation","EmptyFist+1","Scrawl+1","LessonLearned","SandsOfTime","SashWhip+1"],"relics":["Busted Crown","HornCleat","Blood Vial","Kunai","Strawberry","Lantern","Black Star","MutagenicStrength","StoneCalendar","MealTicket","InkBottle","Yang","Calipers","Bag of Marbles"],"acts_visited":["Exordium","TheCity"],"potions_floor_usage":[28,31],"damage_taken":[{"damage":0.0,"enemies":"Cultist","floor":1.0,"turns":3.0},{"damage":0.0,"enemies":"2 Louse","floor":2.0,"turns":2.0},{"damage":4.0,"enemies":"Small Slimes","floor":3.0,"turns":3.0},{"damage":0.0,"enemies":"Exordium Wildlife","floor":7.0,"turns":2.0},{"damage":0.0,"enemies":"Gremlin Nob","floor":8.0,"turns":2.0},{"damage":0.0,"enemies":"Large Slime","floor":10.0,"turns":4.0},{"damage":4.0,"enemies":"3 Sentries","floor":12.0,"turns":5.0},{"damage":0.0,"enemies":"Gremlin Nob","floor":14.0,"turns":3.0},{"damage":0.0,"enemies":"Slime Boss","floor":16.0,"turns":5.0},{"damage":0.0,"enemies":"3 Byrds","floor":18.0,"turns":3.0},{"damage":0.0,"enemies":"Chosen","floor":19.0,"turns":2.0},{"damage":16.0,"enemies":"Snake Plant","floor":22.0,"turns":2.0},{"damage":41.0,"enemies":"Slavers","floor":24.0,"turns":4.0},{"damage":0.0,"enemies":"Gremlin Leader","floor":27.0,"turns":4.0},{"damage":31,"enemies":"Shelled Parasite and Fungi","floor":28,"turns":2},{"damage":0,"enemies":"Centurion and Healer","floor":30,"turns":3},{"damage":0,"enemies":"Book of Stabbing","floor":31,"turns":2},{"damage":70,"enemies":"Champ","floor":33,"turns":6}],"seed_played":"4096947528444901170","potions_obtained":[{"floor":1.0,"key":"SpeedPotion"},{"floor":2.0,"key":"Fire Potion"},{"floor":7.0,"key":"DistilledChaos"},{"floor":12.0,"key":"GamblersBrew"},{"floor":27.0,"key":"AttackPotion"},{"floor":30,"key":"DuplicationPotion"}],"is_trial":false,"path_per_floor":["M","M","M","?","?","R","M","E","T","M","$","E","R","E","R","B",null,"M","M","?","$","M","R","E","R","T","E","M","R","M","E","R","B"],"character_chosen":"WATCHER","items_purchased":["Ragnarok","Adaptation","EmptyFist","LessonLearned"],"campfire_rested":3,"item_purchase_floors":[11,11,11,21],"current_hp_per_floor":[61,61,57,57,46,46,46,46,46,48,48,53,53,55,55,57,71,73,75,75,75,59,59,20,42,42,44,15,37,39,41,63,0,0],"gold":154,"neow_bonus":"BOSS_RELIC","is_daily":false,"chose_seed":false,"campfire_upgraded":4,"win_rate":0.0,"timestamp":1608056433,"path_taken":["M","?","M","?","?","R","M","E","T","M","?","E","R","E","R","BOSS","M","M","?","$","M","R","E","R","T","E","M","R","M","E","R","BOSS"],"items_purchased_type":["Card","Card","Card","Card"],"build_version":"2020-12-13","purchased_purges":2,"victory":false,"max_hp_per_floor":[68,68,68,68,68,68,68,68,68,68,68,75,75,75,75,75,75,75,75,75,75,75,75,75,75,75,75,75,75,75,75,75,75,75],"relic_stats":{"Blood Vial":24,"Busted Crown":34,"counters":[18,57],"StoneCalendar":[0],"MealTicket":0,"Yang":[41],"Black Star":3,"Kunai":[22],"obtain_stats":[{"Lantern":14,"Calipers":31,"StoneCalendar":24,"Yang":27,"Blood Vial":8,"Busted Crown":0,"HornCleat":5,"Strawberry":12,"MutagenicStrength":20,"MealTicket":24,"Black Star":17,"Bag of Marbles":31,"Kunai":9,"PureWater":0,"InkBottle":27},{"Lantern":8,"Calipers":17,"StoneCalendar":13,"Yang":14,"Blood Vial":5,"Busted Crown":0,"HornCleat":3,"Strawberry":7,"MutagenicStrength":11,"MealTicket":13,"Black Star":9,"Bag of Marbles":17,"Kunai":5,"PureWater":0,"InkBottle":14},{"Lantern":24,"Calipers":51,"StoneCalendar":40,"Yang":44,"Blood Vial":12,"Busted Crown":0,"HornCleat":8,"Strawberry":21,"MutagenicStrength":34,"MealTicket":40,"Black Star":29,"Bag of Marbles":51,"Kunai":12,"PureWater":0,"InkBottle":44}],"InkBottle":[5]},"card_choices":[{"not_picked":[],"picked":"Tantrum","floor":1.0},{"not_picked":["WaveOfTheHand"],"picked":"SKIP","floor":2.0},{"not_picked":["EmptyBody"],"picked":"SKIP","floor":3.0},{"not_picked":[],"picked":"SashWhip","floor":7.0},{"not_picked":[],"picked":"FollowUp","floor":8.0},{"not_picked":[],"picked":"CrushJoints","floor":10.0},{"not_picked":["CrushJoints"],"picked":"SKIP","floor":12.0},{"not_picked":["EmptyFist"],"picked":"SKIP","floor":14.0},{"not_picked":[],"picked":"Scrawl","floor":16.0},{"not_picked":["FollowUp"],"picked":"SKIP","floor":18.0},{"not_picked":["BattleHymn"],"picked":"SKIP","floor":19.0},{"not_picked":["PathToVictory"],"picked":"SKIP","floor":22.0},{"not_picked":[],"picked":"SandsOfTime","floor":24.0},{"not_picked":[],"picked":"SashWhip+1","floor":27.0},{"not_picked":["PathToVictory"],"picked":"SKIP","floor":28},{"not_picked":["CrushJoints"],"picked":"SKIP","floor":30},{"not_picked":["CrushJoints"],"picked":"SKIP","floor":31}],"player_experience":346008,"relics_obtained":[{"floor":8.0,"key":"Blood Vial"},{"floor":9.0,"key":"Kunai"},{"floor":12.0,"key":"Strawberry"},{"floor":14.0,"key":"Lantern"},{"floor":24.0,"key":"StoneCalendar"},{"floor":24.0,"key":"MealTicket"},{"floor":27.0,"key":"InkBottle"},{"floor":27.0,"key":"Yang"},{"floor":31,"key":"Calipers"},{"floor":31,"key":"Bag of Marbles"}],"event_choices":[{"damage_healed":0.0,"max_hp_gain":0.0,"max_hp_loss":0.0,"gold_gain":150.0,"event_name":"Liars Game","player_choice":"AGREE","floor":4.0,"gold_loss":0.0,"damage_taken":0.0,"cards_obtained":["Doubt"]},{"damage_healed":0.0,"max_hp_gain":0.0,"max_hp_loss":0.0,"gold_gain":0.0,"event_name":"Scrap Ooze","player_choice":"Success","floor":5.0,"gold_loss":0.0,"damage_taken":11.0,"relics_obtained":["HornCleat"]},{"damage_healed":0.0,"max_hp_gain":0.0,"max_hp_loss":0.0,"gold_gain":0.0,"event_name":"Drug Dealer","player_choice":"Inject Mutagens","floor":20.0,"gold_loss":0.0,"damage_taken":0.0,"relics_obtained":["MutagenicStrength"]}],"is_beta":false,"boss_relics":[{"not_picked":["Runic Dome","Coffee Dripper"],"picked":"Black Star"}],"items_purged_floors":[11,21],"is_endless":false,"potions_floor_spawned":[1,2,7,12,27,30],"killed_by":"Champ","ascension_level":17}}