{"host":"jksa5rawk3m4gilz","time":1608058399,"event":{"mods":["BaseMod","Colored Map","Highlight Path","Minty Spire (QoL Compilation)","Quick Restart"],"gold_per_floor":[116,66,66,46,66,93,93,110,110,122,138,163,20,20,20],"floor_reached":14,"playtime":335,"items_purged":[],"score":194,"play_id":"7c6ccbe9-df33-473a-ac78-3393a3962ce5","local_time":"20201215195319","is_ascension_mode":true,"campfire_choices":[{"data":"Eruption","floor":7,"key":"SMITH"}],"circlet_count":0,"master_deck":["AscendersBane","Strike_P","Strike_P","Strike_P","Defend_P+1","Defend_P","Defend_P+1","Defend_P","Eruption+1","Vigilance","FlurryOfBlows","Indignation","Consecrate","ForeignInfluence","Perseverance"],"relics":["PureWater","NeowsBlessing","Letter Opener","Shuriken","Strawberry","Membership Card"],"acts_visited":["Exordium"],"potions_floor_usage":[12,14],"damage_taken":[{"damage":0,"enemies":"Jaw Worm","floor":1,"turns":1},{"damage":0,"enemies":"2 Louse","floor":5,"turns":1},{"damage":0,"enemies":"Lagavulin","floor":6,"turns":1},{"damage":0,"enemies":"Cultist","floor":8,"turns":3},{"damage":15,"enemies":"Large Slime","floor":10,"turns":6},{"damage":3,"enemies":"Lots of Slimes","floor":11,"turns":3},{"damage":28,"enemies":"Gremlin Nob","floor":12,"turns":4},{"damage":14,"enemies":"Lagavulin","floor":14,"turns":4}],"seed_played":"7767464321648409668","potions_obtained":[{"floor":1,"key":"SkillPotion"},{"floor":4,"key":"SneckoOil"},{"floor":8,"key":"BottledMiracle"}],"is_trial":false,"path_per_floor":["M","?","?","?","M","E","R","M","T","M","M","E","$","E"],"character_chosen":"WATCHER","items_purchased":["Membership Card"],"campfire_rested":0,"item_purchase_floors":[13],"current_hp_per_floor":[65,65,51,51,51,51,51,51,51,36,33,12,12,0,0],"gold":20,"neow_bonus":"THREE_ENEMY_KILL","is_daily":false,"chose_seed":false,"campfire_upgraded":1,"win_rate":0.0,"timestamp":1608058399,"path_taken":["M","?","?","?","M","E","R","M","T","M","?","E","$","E"],"items_purchased_type":["Relic"],"build_version":"2020-12-13","purchased_purges":0,"victory":false,"max_hp_per_floor":[72,72,72,72,72,72,72,72,72,72,72,79,79,79,79],"card_choices":[{"not_picked":["SashWhip","Study","PathToVictory"],"picked":"SKIP","floor":1},{"not_picked":["FlurryOfBlows","PathToVictory","InnerPeace"],"picked":"SKIP","floor":5},{"not_picked":["CutThroughFate","Study"],"picked":"FlurryOfBlows","floor":6},{"not_picked":["BowlingBash","Sanctity"],"picked":"Indignation","floor":8},{"not_picked":["FlyingSleeves","Perseverance"],"picked":"Consecrate","floor":10},{"not_picked":["WaveOfTheHand","Adaptation"],"picked":"ForeignInfluence","floor":11},{"not_picked":["LessonLearned","InnerPeace"],"picked":"Perseverance","floor":12}],"player_experience":2031306,"relics_obtained":[{"floor":6,"key":"Letter Opener"},{"floor":9,"key":"Shuriken"},{"floor":12,"key":"Strawberry"}],"event_choices":[{"cards_removed":["Strike_P"],"damage_healed":0,"gold_gain":0,"player_choice":"Card Removal","damage_taken":0,"max_hp_gain":0,"max_hp_loss":0,"event_name":"The Cleric","floor":2,"gold_loss":50},{"damage_healed":0,"gold_gain":0,"player_choice":"Entered Light","damage_taken":14,"max_hp_gain":0,"max_hp_loss":0,"event_name":"Shining Light","floor":3,"gold_loss":0,"cards_upgraded":["Defend_P","Defend_P"]},{"damage_healed":0,"gold_gain":0,"player_choice":"Bought 1 Potion","damage_taken":0,"max_hp_gain":0,"max_hp_loss":0,"event_name":"The Woman in Blue","floor":4,"gold_loss":0}],"is_beta":false,"boss_relics":[],"items_purged_floors":[],"is_endless":false,"potions_floor_spawned":[1,8,11],"killed_by":"Lagavulin","ascension_level":11}}