{"host":"y30n8hbqlqxhztg8","time":1608000973,"event":{"mods":["A Magickal Journey","AchievementEnabler","BaseMod","BetterRewards","Block Reminder","Colored Map","Conspire","Downfall","GifTheSpireLib","Glutton Mod","Hubris","Infinite Spire","Koishi","Marisa????????","Minty Spire (QoL Compilation)","Prisma Mod","Replay The Spire","Shop Mod","Somnambulant","StSLib","Stuff the Spire","The Factory","The Jungle","[IsaacMod]????"],"gold_per_floor":[119,119,119,130,130,158,168,168,191,191,191,204,218,237,237,336,336,316,316,316,316,316,316,330,330,330],"floor_reached":25,"playtime":967,"items_purged":[],"score":226,"play_id":"a6b2543c-d528-49f5-ac96-23f1842fff90","local_time":"20201214185613","is_ascension_mode":false,"campfire_choices":[{"floor":10,"key":"REST"},{"floor":15,"key":"REST"},{"floor":23,"key":"REST"}],"circlet_count":0,"master_deck":["somnambulantmod: SomnambulantStrike","somnambulantmod: SomnambulantStrike","somnambulantmod: SomnambulantStrike","somnambulantmod: SomnambulantStrike","somnambulantmod: SomnambulantStrike","somnambulantmod: Defend_Somnambulant+1","somnambulantmod: Defend_Somnambulant","somnambulantmod: Defend_Somnambulant","somnambulantmod: Defend_Somnambulant","somnambulantmod: Defend_Somnambulant","somnambulantmod: QuickNap","somnambulantmod: PrimingPunch","somnambulantmod: Trauma","somnambulantmod: HeadSmack","somnambulantmod: Trauma+1","somnambulantmod: HeavyLids","somnambulantmod: BrainFeeder","somnambulantmod: Overshare","somnambulantmod: SnuggleUp","somnambulantmod: Reject+1"],"relics":["somnambulantmod: DreamJournal","HushsDoor","BelialBook","somnambulantmod: MemoryHouse","Lantern","SacredBark","hubris:Towel"],"acts_visited":["Exordium","TheCity"],"potions_floor_usage":[6,16],"damage_taken":[{"damage":12,"enemies":"Cultist","floor":1,"turns":6},{"damage":5,"enemies":"Small Slimes","floor":4,"turns":5},{"damage":40,"enemies":"3 Sentries","floor":6,"turns":8},{"damage":2,"enemies":"2 Louse","floor":7,"turns":3},{"damage":21,"enemies":"Gremlin Gang","floor":12,"turns":6},{"damage":15,"enemies":"2 Fungi Beasts","floor":13,"turns":4},{"damage":6,"enemies":"3 Louse","floor":14,"turns":2},{"damage":27,"enemies":"Hexaghost","floor":16,"turns":9},{"damage":16,"enemies":"2 Thieves","floor":18,"turns":4},{"damage":40,"enemies":"Shell Parasite","floor":24,"turns":8},{"damage":56,"enemies":"Gremlin Leader","floor":25,"turns":5}],"seed_played":"-4457276054528946216","potions_obtained":[{"floor":1,"key":"Elixir"},{"floor":4,"key":"Block Potion"},{"floor":14,"key":"Strength Potion"}],"is_trial":false,"path_per_floor":["M","?","?","M","?","E","M","?","T","R","?","M","M","M","R","B",null,"M","?","?","?","?","R","M","E"],"character_chosen":"THE_SOMNAMBULANT","items_purchased":[],"campfire_rested":3,"item_purchase_floors":[],"current_hp_per_floor":[65,62,62,57,62,22,20,44,44,70,73,52,37,31,59,32,89,73,73,65,65,65,91,51,0,0],"gold":330,"neow_bonus":"TEN_PERCENT_HP_BONUS","is_daily":false,"chose_seed":false,"campfire_upgraded":0,"win_rate":0.0,"timestamp":1608000973,"path_taken":["M","?","?","M","?","E","?","?","T","R","?","?","M","M","R","BOSS","M","?","?","?","?","R","M","E"],"items_purchased_type":[],"build_version":"2020-12-13","purchased_purges":0,"victory":false,"max_hp_per_floor":[77,77,77,77,82,82,82,82,82,84,87,87,87,87,89,89,89,89,89,89,89,89,91,91,91,91],"card_choices":[{"not_picked":["somnambulantmod: SnuggleUp","somnambulantmod: AllForNothing"],"picked":"somnambulantmod: Trauma","floor":1},{"not_picked":["somnambulantmod: Reinterpret","somnambulantmod: Remember"],"picked":"somnambulantmod: HeadSmack","floor":4},{"not_picked":["somnambulantmod: HeadSmack","somnambulantmod: Bloom"],"picked":"somnambulantmod: Trauma","floor":6},{"not_picked":["somnambulantmod: Cower","somnambulantmod: MindWave"],"picked":"somnambulantmod: HeavyLids","floor":7},{"not_picked":["somnambulantmod: HorrificThought","somnambulantmod: DreamBig"],"picked":"somnambulantmod: BrainFeeder","floor":12},{"not_picked":["somnambulantmod: Hush","somnambulantmod: Trauma"],"picked":"somnambulantmod: Overshare","floor":13},{"not_picked":["somnambulantmod: LeechFears","somnambulantmod: HeavyLids"],"picked":"somnambulantmod: SnuggleUp","floor":14},{"not_picked":["somnambulantmod: Unknow","somnambulantmod: Unmake+1"],"picked":"somnambulantmod: Reject","floor":18},{"not_picked":["somnambulantmod: BadIdea","somnambulantmod: Remember","somnambulantmod: LeechFears"],"picked":"SKIP","floor":24}],"player_experience":50014,"relics_obtained":[{"floor":6,"key":"Lantern"}],"event_choices":[{"damage_healed":0,"gold_gain":0,"player_choice":"Success","damage_taken":3,"relics_obtained":["somnambulantmod: MemoryHouse"],"max_hp_gain":0,"max_hp_loss":0,"event_name":"Scrap Ooze","floor":2,"gold_loss":0},{"damage_healed":0,"gold_gain":0,"player_choice":"Donut","damage_taken":0,"max_hp_gain":5,"max_hp_loss":0,"event_name":"Big Fish","floor":5,"gold_loss":0},{"damage_healed":0,"gold_gain":0,"player_choice":"Damaged","damage_taken":8,"max_hp_gain":0,"max_hp_loss":0,"event_name":"Wheel of Change","floor":20,"gold_loss":0}],"is_beta":false,"boss_relics":[{"not_picked":["hubris:HollowSoul","hubris:GrandSneckoEye"],"picked":"SacredBark"},{"not_picked":[]}],"items_purged_floors":[],"is_endless":false,"potions_floor_spawned":[1,4,7,14],"killed_by":"Gremlin Leader","ascension_level":0}}