{"host":"w3x3n9s6mrz4xpf0","time":1608034428,"event":{"mods":["BaseMod","Minty Spire (QoL Compilation)","StSLib","SuperFastMode"],"gold_per_floor":[113,123,140,152,152,152,166,196,196,41,41,41,59,92,92,169,169,187,167,167,186,49,49,84,84,84,134,134,146,19,19,19,91,91,106,106,17,30,30,30,30,30],"floor_reached":41,"playtime":3916,"items_purged":["Strike_R","Strike_R","Defend_R"],"score":733,"play_id":"020b9499-aac9-4236-9500-13d94a84b0d7","local_time":"20201215211348","is_ascension_mode":true,"campfire_choices":[{"data":"Blood for Blood","floor":6.0,"key":"SMITH"},{"data":"Dual Wield","floor":11.0,"key":"SMITH"},{"floor":15.0,"key":"REST"},{"data":"Berserk","floor":23.0,"key":"SMITH"},{"floor":32,"key":"REST"},{"data":"Battle Trance","floor":40,"key":"SMITH"}],"circlet_count":0,"master_deck":["AscendersBane","Strike_R+1","Strike_R+1","Defend_R","Defend_R","Defend_R","Bash","Blood for Blood+1","Battle Trance+1","Cleave","Dual Wield+1","Berserk+1","Hemokinesis","Shrug It Off","Rupture+1","CurseOfTheBell","Deep Breath+1","Deep Breath+1","Apotheosis+1","Flash of Steel"],"relics":["Black Blood","Mummified Hand","Whetstone","HornCleat","Ice Cream","Smiling Mask","Bird Faced Urn","Calling Bell","Potion Belt","Toxic Egg 2","StoneCalendar"],"acts_visited":["Exordium","TheCity","TheBeyond"],"potions_floor_usage":[33],"damage_taken":[{"damage":22.0,"enemies":"Small Slimes","floor":1.0,"turns":6.0},{"damage":6.0,"enemies":"Cultist","floor":2.0,"turns":4.0},{"damage":2.0,"enemies":"2 Louse","floor":3.0,"turns":4.0},{"damage":7.0,"enemies":"Looter","floor":4.0,"turns":3.0},{"damage":1.0,"enemies":"2 Fungi Beasts","floor":7.0,"turns":4.0},{"damage":30.0,"enemies":"3 Sentries","floor":8.0,"turns":8.0},{"damage":3.0,"enemies":"Blue Slaver","floor":13.0,"turns":3.0},{"damage":45.0,"enemies":"Lagavulin","floor":14.0,"turns":8.0},{"damage":30.0,"enemies":"Slime Boss","floor":16.0,"turns":11.0},{"damage":2.0,"enemies":"Chosen","floor":18.0,"turns":4.0},{"damage":20.0,"enemies":"2 Thieves","floor":19.0,"turns":4.0},{"damage":22.0,"enemies":"Shelled Parasite and Fungi","floor":21.0,"turns":4.0},{"damage":31.0,"enemies":"Slavers","floor":24.0,"turns":4.0},{"damage":32.0,"enemies":"Colosseum Slavers","floor":28.0,"turns":4.0},{"damage":21.0,"enemies":"Colosseum Nobs","floor":28.0,"turns":4.0},{"damage":18,"enemies":"Snake Plant","floor":29,"turns":4},{"damage":40,"enemies":"Automaton","floor":33,"turns":6},{"damage":8,"enemies":"3 Shapes","floor":35,"turns":7},{"damage":33,"enemies":"3 Darklings","floor":38,"turns":4},{"damage":94,"enemies":"Nemesis","floor":41,"turns":6}],"seed_played":"-681174640619763662","potions_obtained":[{"floor":1.0,"key":"Fire Potion"},{"floor":7.0,"key":"Fruit Juice"},{"floor":12.0,"key":"Fruit Juice"},{"floor":12.0,"key":"SpeedPotion"},{"floor":14.0,"key":"HeartOfIron"},{"floor":16.0,"key":"CultistPotion"},{"floor":19.0,"key":"FairyPotion"},{"floor":35,"key":"ColorlessPotion"},{"floor":38,"key":"Regen Potion"}],"is_trial":false,"path_per_floor":["M","M","M","M","?","R","M","E","T","$","R","?","M","E","R","B",null,"M","M","?","M","$","R","E","?","T","?","?","M","$","?","R","B",null,"M","?","$","M","?","R","E"],"character_chosen":"IRONCLAD","items_purchased":["Dual Wield","Hemokinesis","Rupture","Flash of Steel"],"campfire_rested":2,"item_purchase_floors":[10,22,30,37],"current_hp_per_floor":[52,52,56,55,55,55,65,41,41,41,41,46,49,10,35,11,67,77,69,69,59,59,59,40,40,40,40,13,35,35,10,37,17,72,80,70,70,53,53,53,0,0],"gold":30,"neow_bonus":"REMOVE_CARD","is_daily":false,"chose_seed":false,"campfire_upgraded":4,"win_rate":0.0,"timestamp":1608034428,"path_taken":["M","M","M","M","?","R","M","E","T","?","R","?","M","E","R","BOSS","M","?","?","M","$","R","E","?","T","?","?","?","$","?","R","BOSS","M","?","$","M","?","R","E"],"items_purchased_type":["Card","Card","Card","Card"],"build_version":"2020-12-13","purchased_purges":3,"victory":false,"max_hp_per_floor":[75,75,75,75,75,75,80,80,80,80,80,85,85,85,85,85,85,85,85,85,85,85,85,85,85,85,85,85,85,85,90,90,90,90,90,90,90,90,90,90,90,90],"card_choices":[{"not_picked":["Wild Strike","Sword Boomerang"],"picked":"Blood for Blood","floor":1.0},{"not_picked":["Twin Strike","Sentinel","Wild Strike"],"picked":"SKIP","floor":2.0},{"not_picked":["Inflame","Cleave","Wild Strike"],"picked":"SKIP","floor":3.0},{"not_picked":["Heavy Blade","Havoc","Flex"],"picked":"SKIP","floor":4.0},{"not_picked":["Immolate","Power Through"],"picked":"Battle Trance","floor":7.0},{"not_picked":["Warcry","Wild Strike"],"picked":"Cleave","floor":8.0},{"not_picked":["Headbutt","Feel No Pain","Twin Strike"],"picked":"SKIP","floor":13.0},{"not_picked":["Dual Wield","Battle Trance","Feel No Pain"],"picked":"SKIP","floor":14.0},{"not_picked":["Fiend Fire","Exhume"],"picked":"Berserk","floor":16.0},{"not_picked":["Wild Strike","Battle Trance","Entrench"],"picked":"SKIP","floor":18.0},{"not_picked":["Disarm","Pummel","Heavy Blade+1"],"picked":"SKIP","floor":19.0},{"not_picked":["Thunderclap","Flex","Warcry"],"picked":"SKIP","floor":21.0},{"not_picked":["Havoc","Twin Strike","Fiend Fire"],"picked":"SKIP","floor":24.0},{"not_picked":["Thunderclap","Clothesline","Pommel Strike"],"picked":"SKIP","floor":29},{"not_picked":["Clash+1","Warcry+1","Cleave+1"],"picked":"SKIP","floor":35},{"not_picked":["Thinking Ahead+1","Sadistic Nature"],"picked":"Deep Breath+1","floor":36},{"not_picked":["Violence+1","Blind+1"],"picked":"Deep Breath+1","floor":36},{"not_picked":["Discovery+1","Trip+1"],"picked":"Apotheosis+1","floor":36},{"not_picked":["Heavy Blade","Dark Embrace","Warcry+1"],"picked":"SKIP","floor":38}],"player_experience":66172,"relics_obtained":[{"floor":8.0,"key":"Whetstone"},{"floor":9.0,"key":"HornCleat"},{"floor":14.0,"key":"Ice Cream"},{"floor":24.0,"key":"Smiling Mask"},{"floor":26.0,"key":"Bird Faced Urn"},{"floor":34,"key":"Potion Belt"},{"floor":34,"key":"Toxic Egg 2"},{"floor":34,"key":"StoneCalendar"}],"event_choices":[{"damage_healed":0.0,"max_hp_gain":0.0,"max_hp_loss":0.0,"gold_gain":0.0,"event_name":"WeMeetAgain","player_choice":"Gave Potion","floor":5.0,"gold_loss":0.0,"damage_taken":0.0,"relics_obtained":["Mummified Hand"]},{"damage_healed":0.0,"max_hp_gain":0.0,"max_hp_loss":0.0,"gold_gain":0.0,"event_name":"Lab","player_choice":"Got Potions","floor":12.0,"gold_loss":0.0,"damage_taken":0.0},{"damage_healed":0.0,"max_hp_gain":0.0,"max_hp_loss":0.0,"gold_gain":0.0,"event_name":"Ghosts","player_choice":"Ignored","floor":20.0,"gold_loss":0.0,"damage_taken":0.0},{"damage_healed":0.0,"max_hp_gain":0.0,"max_hp_loss":0.0,"gold_gain":0.0,"event_name":"The Library","player_choice":"Read","floor":25.0,"gold_loss":0.0,"damage_taken":0.0,"cards_obtained":["Shrug It Off"]},{"damage_healed":0.0,"max_hp_gain":0.0,"max_hp_loss":0.0,"gold_gain":50.0,"event_name":"Nest","player_choice":"Stole From Cult","floor":27.0,"gold_loss":0.0,"damage_taken":0.0},{"damage_healed":0.0,"max_hp_gain":0.0,"max_hp_loss":0.0,"gold_gain":0.0,"event_name":"Colosseum","player_choice":"Fight","floor":28.0,"gold_loss":0.0,"damage_taken":0.0},{"damage_healed":0.0,"max_hp_gain":0.0,"max_hp_loss":0.0,"gold_gain":0.0,"event_name":"Colosseum","player_choice":"Fought Nobs","floor":28.0,"gold_loss":0.0,"damage_taken":0.0},{"damage_healed":0,"gold_gain":0,"player_choice":"Shed Blood","damage_taken":30,"max_hp_gain":5,"max_hp_loss":0,"event_name":"Forgotten Altar","floor":31,"gold_loss":0},{"damage_healed":0,"gold_gain":0,"player_choice":"Memory 3","damage_taken":10,"max_hp_gain":0,"max_hp_loss":0,"event_name":"SensoryStone","floor":36,"gold_loss":0},{"damage_healed":0,"gold_gain":0,"player_choice":"Forge","damage_taken":0,"max_hp_gain":0,"max_hp_loss":0,"event_name":"Accursed Blacksmith","floor":39,"gold_loss":0,"cards_upgraded":["Rupture"]}],"is_beta":false,"boss_relics":[{"not_picked":["Coffee Dripper","Velvet Choker"],"picked":"Black Blood"},{"not_picked":["Black Star","Fusion Hammer"],"picked":"Calling Bell"}],"items_purged_floors":[10,22,30],"is_endless":false,"potions_floor_spawned":[1,7,14,16,18,19,21,28,35,38],"killed_by":"Nemesis","ascension_level":15}}