{"host":"i0avyit1s6jb1siw","time":1608038414,"event":{"mods":["BaseMod","DeckTracker","Dota2Spire","Highlight Path","Minty Spire (QoL Compilation)","Quick Restart","Replay The Spire","StSLib","SuperFastMode"],"gold_per_floor":[118,134,180,180,180,180,215,140,167,2,39,39,77,102,102,208,208,246,279,479,520,388,445,445,495,495,521,531,531],"floor_reached":28,"playtime":414,"items_purged":["Defend_P","Strike_P"],"score":542,"play_id":"5e182a96-63e8-478b-88ed-a30220ec7ba9","local_time":"20201215142014","is_ascension_mode":true,"campfire_choices":[{"data":"Eruption","floor":6.0,"key":"SMITH"},{"data":"CrushJoints","floor":12.0,"key":"SMITH"},{"floor":15.0,"key":"DIG"},{"floor":24,"key":"REST"}],"circlet_count":0,"master_deck":["AscendersBane","Strike_P","Defend_P","Defend_P","Eruption+1","Vigilance","CrushJoints+1","EmptyFist","Ragnarok","TalkToTheHand","Tantrum","Vault","Evaluate","EmptyBody"],"relics":["PureWater","NeowsBlessing","Replay:Bandana","GremlinMask","Torii","Dota2Spire:DrumOfEndurance","Membership Card","Anchor","Lantern","Empty Cage","ReplayTheSpireMod:TigerMarble","PreservedInsect","Dota2Spire:OctarineCore"],"acts_visited":["Exordium","TheCity"],"potions_floor_usage":[23],"damage_taken":[{"damage":0.0,"enemies":"Cultist","floor":1.0,"turns":1.0},{"damage":0.0,"enemies":"2 Louse","floor":2.0,"turns":1.0},{"damage":0.0,"enemies":"Gremlin Nob","floor":7.0,"turns":1.0},{"damage":37.0,"enemies":"3 Sentries","floor":11.0,"turns":7.0},{"damage":0.0,"enemies":"Small Slimes","floor":13.0,"turns":3.0},{"damage":0.0,"enemies":"3 Louse","floor":14.0,"turns":1.0},{"damage":1.0,"enemies":"Hexaghost","floor":16.0,"turns":5.0},{"damage":7.0,"enemies":"2 Thieves","floor":18.0,"turns":2.0},{"damage":11,"enemies":"Spheric Guardian","floor":19,"turns":4},{"damage":14,"enemies":"3 Cultists","floor":21,"turns":5},{"damage":15,"enemies":"Book of Stabbing","floor":23,"turns":4},{"damage":10,"enemies":"Snecko","floor":27,"turns":4},{"damage":21,"enemies":"Slavers","floor":28,"turns":4}],"seed_played":"5391802043595530908","potions_obtained":[{"floor":2.0,"key":"DuplicationPotion"},{"floor":11.0,"key":"Reflective Coating"},{"floor":13.0,"key":"SkillPotion"},{"floor":18.0,"key":"PowerPotion"},{"floor":21,"key":"Flashbang"}],"is_trial":false,"path_per_floor":["M","M","T","?","?","R","E","$","T","$","E","R","M","M","R","B",null,"M","M","?","M","$","E","R","?","T","M","E"],"character_chosen":"WATCHER","items_purchased":["Membership Card","ReplayTheSpireMod:TigerMarble"],"campfire_rested":1,"item_purchase_floors":[10,22],"current_hp_per_floor":[61,61,61,54,54,54,54,54,54,54,17,17,17,17,17,16,55,48,37,37,23,23,8,28,28,28,18,0,0],"gold":531,"neow_bonus":"THREE_ENEMY_KILL","is_daily":false,"chose_seed":false,"campfire_upgraded":2,"win_rate":0.0,"timestamp":1608038414,"path_taken":["M","?","?","?","?","R","E","$","T","$","E","R","M","M","R","BOSS","M","?","?","?","$","E","R","?","T","M","E"],"items_purchased_type":["Relic","Relic"],"build_version":"2020-12-13","purchased_purges":2,"victory":false,"max_hp_per_floor":[68,68,68,68,68,68,68,68,68,68,68,68,68,68,68,68,68,68,68,68,68,68,68,68,68,68,68,68,68],"card_choices":[{"not_picked":["Replay:AtTheReady","Replay:ManipulateFuture"],"picked":"CrushJoints","floor":1.0},{"not_picked":["FollowUp","EmptyMind"],"picked":"EmptyFist","floor":2.0},{"not_picked":["Replay:Hum","WindmillStrike","Worship"],"picked":"SKIP","floor":7.0},{"not_picked":["EmptyBody","ConjureBlade"],"picked":"Ragnarok","floor":11.0},{"not_picked":["WreathOfFlame","EmptyFist"],"picked":"TalkToTheHand","floor":13.0},{"not_picked":["EmptyBody","EmptyMind"],"picked":"Tantrum","floor":14.0},{"not_picked":["Alpha","SpiritShield"],"picked":"Vault","floor":16.0},{"not_picked":["Crescendo","EmptyFist"],"picked":"Evaluate","floor":18.0},{"not_picked":["Crescendo","Replay:AtTheReady","LikeWater"],"picked":"SKIP","floor":19},{"not_picked":["BattleHymn","EmptyMind","ThirdEye"],"picked":"SKIP","floor":21},{"not_picked":["Replay:Vibes+1","Collect","Replay:AtTheReady"],"picked":"SKIP","floor":23},{"not_picked":["EmptyFist","Protect"],"picked":"EmptyBody","floor":27}],"player_experience":2077073,"relics_obtained":[{"floor":3.0,"key":"Replay:Bandana"},{"floor":7.0,"key":"Torii"},{"floor":9.0,"key":"Dota2Spire:DrumOfEndurance"},{"floor":11.0,"key":"Anchor"},{"floor":15.0,"key":"Lantern"},{"floor":23,"key":"PreservedInsect"},{"floor":26,"key":"Dota2Spire:OctarineCore"}],"event_choices":[{"cards_removed":["Strike_P"],"damage_healed":0.0,"max_hp_gain":0.0,"max_hp_loss":0.0,"gold_gain":0.0,"event_name":"Golden Wing","player_choice":"Card Removal","floor":4.0,"gold_loss":0.0,"damage_taken":7.0},{"damage_healed":0.0,"max_hp_gain":0.0,"max_hp_loss":0.0,"gold_gain":0.0,"event_name":"FaceTrader","player_choice":"Trade","floor":5.0,"gold_loss":0.0,"damage_taken":0.0,"relics_obtained":["GremlinMask"]},{"damage_healed":0,"gold_gain":250,"player_choice":"Bet on Owner","damage_taken":0,"max_hp_gain":0,"max_hp_loss":0,"event_name":"The Joust","floor":20,"gold_loss":50},{"damage_healed":0,"gold_gain":50,"player_choice":"Stole From Cult","damage_taken":0,"max_hp_gain":0,"max_hp_loss":0,"event_name":"Nest","floor":25,"gold_loss":0}],"is_beta":false,"boss_relics":[{"not_picked":["ChewingGum","Busted Crown"],"picked":"Empty Cage"}],"items_purged_floors":[8,22],"is_endless":false,"potions_floor_spawned":[2,11,13,18,21],"killed_by":"Slavers","ascension_level":20}}