{"host":"fbrxvuzpuc5mampy","time":1608039136,"event":{"mods":["BaseMod","Hermit","HololiveMod","Minty Spire (QoL Compilation)","Relic Stats","SOS（斯巴达之子）","StSLib","Td1madao Mod","The Administrix"],"gold_per_floor":[111,130,141,151,151,151,151,151],"floor_reached":7,"playtime":212,"items_purged":[],"score":73,"play_id":"1e26b744-282c-4695-9f3d-82e941acf1e0","local_time":"20201215213216","is_ascension_mode":true,"campfire_choices":[{"floor":6,"key":"REST"}],"circlet_count":0,"master_deck":["AscendersBane","Strike_G","Strike_G","Strike_G","Strike_G","Strike_G","Defend_G","Defend_G","Defend_G","Defend_G","Defend_G","Survivor","Neutralize","Blur","Prepared","Corpse Explosion","Escape Plan"],"relics":["Ring of the Snake","Turnip","Golden Idol"],"acts_visited":["Exordium"],"potions_floor_usage":[],"damage_taken":[{"damage":7,"enemies":"Small Slimes","floor":1,"turns":7},{"damage":2,"enemies":"Jaw Worm","floor":2,"turns":5},{"damage":2,"enemies":"Cultist","floor":3,"turns":4},{"damage":24,"enemies":"Lots of Slimes","floor":4,"turns":3},{"damage":18,"enemies":"Gremlin Nob","floor":7,"turns":3}],"seed_played":"-378191803859520131","potions_obtained":[{"floor":4,"key":"SteroidPotion"}],"is_trial":false,"path_per_floor":["M","M","M","M","?","R","E"],"character_chosen":"THE_SILENT","items_purchased":[],"campfire_rested":1,"item_purchase_floors":[],"current_hp_per_floor":[37,35,33,9,9,27,9,9],"gold":151,"neow_bonus":"ONE_RARE_RELIC","is_daily":false,"chose_seed":false,"campfire_upgraded":0,"win_rate":0.0,"timestamp":1608039136,"path_taken":["M","M","M","M","?","R","E"],"items_purchased_type":[],"build_version":"2020-12-13","purchased_purges":0,"victory":false,"max_hp_per_floor":[66,66,66,66,61,61,61,61],"relic_stats":{"counters":[5,22],"Golden Idol":0,"Turnip":[0],"obtain_stats":[{"Golden Idol":5,"Turnip":0,"Ring of the Snake":0},{"Golden Idol":4,"Turnip":0,"Ring of the Snake":0},{"Golden Idol":19,"Turnip":0,"Ring of the Snake":0}],"Ring of the Snake":[10]},"card_choices":[{"not_picked":["PiercingWail","Prepared"],"picked":"Blur","floor":1},{"not_picked":["Flying Knee","Blade Dance"],"picked":"Prepared","floor":2},{"not_picked":["Outmaneuver","Underhanded Strike"],"picked":"Corpse Explosion","floor":3},{"not_picked":["Sucker Punch","Deflect"],"picked":"Escape Plan","floor":4}],"player_experience":421479,"relics_obtained":[],"event_choices":[{"damage_healed":0,"gold_gain":0,"player_choice":"Lose Max HP","damage_taken":0,"relics_obtained":["Golden Idol"],"max_hp_gain":0,"max_hp_loss":5,"event_name":"Golden Idol","floor":5,"gold_loss":0}],"is_beta":false,"boss_relics":[],"items_purged_floors":[],"is_endless":false,"potions_floor_spawned":[4],"killed_by":"Gremlin Nob","ascension_level":14}}