{"host":"sav7uxregyirlf69","time":1608033415,"event":{"mods":["AchievementEnabler","BaseMod","Colored Map","DeckTracker","Keyboard Shortcuts","Minty Spire (QoL Compilation)","READ ME - Guardian Mod","StSLib","SuperFastMode"],"gold_per_floor":[111,111,129,149,149,62,62,81,81,97,111,111,111,146,146,218,218,237,152,92,142,159,159,159],"floor_reached":23,"playtime":383,"items_purged":["Strike_P"],"score":432,"play_id":"63cb3c87-49ff-475c-a595-a0f266dd7fc8","local_time":"20201215205655","is_ascension_mode":true,"campfire_choices":[{"data":"SignatureMove","floor":7.0,"key":"SMITH"},{"data":"Eruption","floor":13.0,"key":"SMITH"},{"data":"Halt","floor":15.0,"key":"SMITH"}],"circlet_count":0,"master_deck":["AscendersBane","Defend_P","Defend_P","Defend_P","Defend_P","Eruption+1","Vigilance","Halt+1","FearNoEvil","SignatureMove+1","EmptyFist","Scrawl","ClearTheMind+1","SashWhip+1","Wallop+1"],"relics":["PureWater","NeowsBlessing","WarpedTongs","The Courier","StrikeDummy","Bottled Flame","Astrolabe","Centennial Puzzle"],"acts_visited":["Exordium","TheCity"],"potions_floor_usage":[23],"damage_taken":[{"damage":0.0,"enemies":"Small Slimes","floor":1.0,"turns":2.0},{"damage":1.0,"enemies":"Cultist","floor":3.0,"turns":1.0},{"damage":0.0,"enemies":"2 Louse","floor":4.0,"turns":1.0},{"damage":1.0,"enemies":"Lots of Slimes","floor":8.0,"turns":4.0},{"damage":28.0,"enemies":"Exordium Thugs","floor":10.0,"turns":6.0},{"damage":3.0,"enemies":"Blue Slaver","floor":11.0,"turns":2.0},{"damage":0.0,"enemies":"3 Sentries","floor":14.0,"turns":4.0},{"damage":17.0,"enemies":"The Guardian","floor":16.0,"turns":6.0},{"damage":25.0,"enemies":"3 Byrds","floor":18.0,"turns":5.0},{"damage":0.0,"enemies":"Spheric Guardian","floor":22.0,"turns":3.0},{"damage":30,"enemies":"Gremlin Leader","floor":23,"turns":5}],"seed_played":"5597625558087431252","potions_obtained":[{"floor":3.0,"key":"ColorlessPotion"},{"floor":8.0,"key":"SpeedPotion"},{"floor":11.0,"key":"EssenceOfSteel"},{"floor":14.0,"key":"Dexterity Potion"}],"is_trial":false,"path_per_floor":["M","?","M","M","?","$","R","M","T","M","M","T","R","E","R","B",null,"M","?","$","?","M","E"],"character_chosen":"WATCHER","items_purchased":["SignatureMove"],"campfire_rested":0,"item_purchase_floors":[6],"current_hp_per_floor":[61,61,60,60,60,60,60,59,59,31,28,28,28,28,28,11,54,29,29,29,29,29,0,0],"gold":159,"neow_bonus":"THREE_ENEMY_KILL","is_daily":false,"chose_seed":false,"campfire_upgraded":3,"win_rate":0.0,"timestamp":1608033415,"path_taken":["M","?","M","?","?","$","R","?","T","M","M","?","R","E","R","BOSS","M","?","$","?","M","E"],"items_purchased_type":["Card"],"build_version":"2020-12-13","purchased_purges":1,"victory":false,"max_hp_per_floor":[68,68,68,68,68,68,68,68,68,68,68,68,68,68,68,68,68,68,68,68,68,68,68,68],"card_choices":[{"not_picked":["ClearTheMind","WindmillStrike"],"picked":"Halt","floor":1.0},{"not_picked":["BowlingBash","Prostrate","Protect"],"picked":"SKIP","floor":3.0},{"not_picked":["FlyingSleeves","Nirvana"],"picked":"FearNoEvil","floor":4.0},{"not_picked":["WindmillStrike","Consecrate","SandsOfTime"],"picked":"SKIP","floor":8.0},{"not_picked":["Collect","WreathOfFlame"],"picked":"EmptyFist","floor":10.0},{"not_picked":["Crescendo","EmptyFist","BowlingBash"],"picked":"SKIP","floor":11.0},{"not_picked":["LikeWater","CarveReality","DevaForm"],"picked":"SKIP","floor":14.0},{"not_picked":["LessonLearned","DeusExMachina"],"picked":"Scrawl","floor":16.0},{"not_picked":["Evaluate","BowlingBash","Wallop"],"picked":"SKIP","floor":18.0},{"not_picked":["Crescendo","LikeWater","Consecrate"],"picked":"SKIP","floor":22.0}],"player_experience":912455,"relics_obtained":[{"floor":9.0,"key":"The Courier"},{"floor":12.0,"key":"StrikeDummy"},{"floor":14.0,"key":"Bottled Flame"}],"event_choices":[{"damage_healed":0.0,"max_hp_gain":0.0,"max_hp_loss":0.0,"gold_gain":0.0,"event_name":"Accursed Blacksmith","player_choice":"Rummage","floor":2.0,"gold_loss":0.0,"damage_taken":0.0,"relics_obtained":["WarpedTongs"],"cards_obtained":["Pain"]},{"cards_removed":["Pain"],"damage_healed":0.0,"max_hp_gain":0.0,"max_hp_loss":0.0,"gold_gain":0.0,"event_name":"Purifier","player_choice":"Purged","floor":5.0,"gold_loss":0.0,"damage_taken":0.0},{"damage_healed":0.0,"max_hp_gain":0.0,"max_hp_loss":0.0,"gold_gain":0.0,"event_name":"Addict","player_choice":"Obtained Relic","floor":19.0,"gold_loss":85.0,"damage_taken":0.0,"relics_obtained":["Centennial Puzzle"]},{"damage_healed":0.0,"max_hp_gain":0.0,"max_hp_loss":0.0,"gold_gain":50.0,"event_name":"Nest","player_choice":"Stole From Cult","floor":21.0,"gold_loss":0.0,"damage_taken":0.0}],"is_beta":false,"boss_relics":[{"not_picked":["Pandora\u0027s Box","Cursed Key"],"picked":"Astrolabe"}],"items_purged_floors":[20],"is_endless":false,"potions_floor_spawned":[3,8,11,14],"killed_by":"Gremlin Leader","ascension_level":20}}