{"host":"xz534terrkr331jc","time":1608044931,"event":{"mods":["BaseMod","Better Third Choice","Downfall","Hermit","Jorbs\u0027s Wanderer Trilogy","Marisa????????","Minty Spire (QoL Compilation)","Shade Mod","StSLib","The Cursed","The Hierophant","The Servant 0.9.4","The Wild Card"],"gold_per_floor":[0,0,0,30,30,43,43,143,143,158,169,188,188,240,252,355,355,355,374,374,374,403,66,66,101,101,117,137,22,22,36,48,152,152,152,169,169,169,194,194,194,205,217,217,217,4,47,47,58,58],"floor_reached":51,"playtime":3625,"items_purged":["Slimebound:Defend_Slimebound","Slimebound:Strike_Slimebound","Slimebound:Defend_Slimebound","Slimebound:Defend_Slimebound"],"score":758,"play_id":"e35a62fa-0d6e-431e-b933-2562bf7de5dd","local_time":"20201215160851","is_ascension_mode":false,"campfire_choices":[{"data":"Slimebound:Split","floor":1.0,"key":"SMITH"},{"data":"Slimebound:CorrosiveSpit","floor":3.0,"key":"SMITH"},{"floor":9.0,"key":"REST"},{"data":"Slimebound:FormOfPuddle","floor":18.0,"key":"SMITH"},{"data":"Slimebound:LevelUp","floor":21.0,"key":"SMITH"},{"floor":26.0,"key":"REST"},{"data":"Slimebound:PrepareCrush","floor":35.0,"key":"SMITH"},{"data":"Slimebound:SplitLeeching","floor":38.0,"key":"SMITH"},{"data":"Slimebound:Equalize","floor":44.0,"key":"SMITH"}],"circlet_count":0,"master_deck":["Slimebound:Tackle","Slimebound:Split+1","Slimebound:CorrosiveSpit+1","Slimebound:LevelUp+1","Slimebound:LeechEnergy","Slimebound:FormOfPuddle+1","Slimebound:Equalize+1","Slimebound:LeechLife","Slimebound:SamplingLick+1","Slimebound:RejuvenatingLick+1","Slimebound:RainOfGoop","Slimebound:GoopSpray+1","Slimebound:SplitLeeching+1","Slimebound:SlimeSpikes","Slimebound:PrepareCrush+1","Slimebound:SpikyOuterGoop+1","Slimebound:AcidTongue"],"relics":["Slimebound:AbsorbEndCombatUpgraded","Eternal Feather","Oddly Smooth Stone","Potion Belt","Tiny Chest","SacredBark","CaptainsWheel","Gremlin Horn","Mercury Hourglass","InkBottle","Enchiridion","Toy Ornithopter","Unceasing Top","Slimebound:SelfDamagePreventRelic"],"acts_visited":["Exordium","TheCity","TheBeyond"],"potions_floor_usage":[50,50,50],"damage_taken":[{"damage":40.0,"enemies":"Gremlin Nob","floor":4.0,"turns":4.0},{"damage":11.0,"enemies":"Small Slimes","floor":6.0,"turns":3.0},{"damage":51.0,"enemies":"downfall:LadyInBlue","floor":8.0,"turns":12.0},{"damage":10.0,"enemies":"Jaw Worm","floor":10.0,"turns":3.0},{"damage":11.0,"enemies":"Cultist","floor":11.0,"turns":3.0},{"damage":13.0,"enemies":"Large Slime","floor":12.0,"turns":5.0},{"damage":21.0,"enemies":"Lots of Slimes","floor":15.0,"turns":3.0},{"damage":46.0,"enemies":"downfall:Silent","floor":16.0,"turns":9.0},{"damage":28.0,"enemies":"Spheric Guardian","floor":19.0,"turns":6.0},{"damage":59.0,"enemies":"Slavers","floor":22.0,"turns":6.0},{"damage":8.0,"enemies":"downfall:FleeingMerchant","floor":23.0,"turns":4.0},{"damage":59.0,"enemies":"Book of Stabbing","floor":25.0,"turns":6.0},{"damage":21.0,"enemies":"3 Byrds","floor":27.0,"turns":4.0},{"damage":26.0,"enemies":"Snake Plant","floor":28.0,"turns":3.0},{"damage":17.0,"enemies":"downfall:FleeingMerchant","floor":29.0,"turns":4.0},{"damage":42.0,"enemies":"Snecko","floor":31.0,"turns":6.0},{"damage":23.0,"enemies":"Shelled Parasite and Fungi","floor":32.0,"turns":3.0},{"damage":39.0,"enemies":"downfall:Ironclad","floor":33.0,"turns":7.0},{"damage":18.0,"enemies":"Orb Walker","floor":36.0,"turns":4.0},{"damage":15.0,"enemies":"3 Shapes","floor":42.0,"turns":3.0},{"damage":51.0,"enemies":"Jaw Worm Horde","floor":43.0,"turns":4.0},{"damage":22.0,"enemies":"downfall:FleeingMerchant","floor":46.0,"turns":4.0},{"damage":0.0,"enemies":"downfall:FleeingMerchant","floor":47.0,"turns":1.0},{"damage":41,"enemies":"Maw","floor":49,"turns":7},{"damage":87,"enemies":"downfall:Defect","floor":50,"turns":7}],"seed_played":"5818178933328243732","potions_obtained":[{"floor":8.0,"key":"champ:CounterPotion"},{"floor":8.0,"key":"SteroidPotion"},{"floor":8.0,"key":"DuplicationPotion"},{"floor":11.0,"key":"Block Potion"},{"floor":12.0,"key":"Strength Potion"},{"floor":16.0,"key":"GamblersBrew"},{"floor":22.0,"key":"sneckomod:MuddlingPotion"},{"floor":25.0,"key":"Fire Potion"},{"floor":31.0,"key":"SpeedPotion"},{"floor":32.0,"key":"Swift Potion"},{"floor":42.0,"key":"champ:CounterPotion"}],"is_trial":false,"path_per_floor":["R","?","R","E","?","M","T","?","R","M","M","M","?","T","M","B",null,"R","M","?","R","E","$","T","E","R","M","M","$","?","M","M","B",null,"R","M","?","R","T","?","T","M","M","R","?","$","$","?","M","B",null],"character_chosen":"SLIMEBOUND","items_purchased":["Gremlin Horn","Slimebound:AcidTongue","Slimebound:SelfDamagePreventRelic"],"campfire_rested":2,"item_purchase_floors":[23,46,47],"current_hp_per_floor":[60,60,60,33,60,59,59,26,47,49,50,49,54,54,59,47,65,65,48,37,43,22,46,46,23,53,64,52,61,45,29,60,53,70,70,69,69,70,70,70,70,70,59,68,68,70,70,70,66,29],"gold":58,"neow_bonus":"REMOVE_TWO","is_daily":false,"chose_seed":false,"campfire_upgraded":7,"win_rate":0.0,"timestamp":1608044931,"path_taken":["R","?","R","E","?","?","T","?","R","?","M","M","?","?","M","BOSS","R","M","?","R","E","$","T","E","R","M","M","$","?","M","M","BOSS","R","M","?","R","?","?","T","M","M","R","?","$","$","?","M","BOSS"],"items_purchased_type":["Relic","Card","Relic"],"build_version":"2020-12-13","purchased_purges":4,"victory":true,"max_hp_per_floor":[60,60,60,60,60,60,60,60,60,60,60,60,65,65,65,65,65,65,65,70,70,70,70,70,70,70,70,70,70,70,70,70,70,70,70,70,70,70,70,70,70,70,70,70,70,70,70,70,70,70],"card_choices":[{"not_picked":["Slimebound:SplitBruiser","Slimebound:SpikyOuterGoop"],"picked":"Slimebound:Grow","floor":4.0},{"not_picked":["Slimebound:LivingWall","Slimebound:ComboTackle"],"picked":"Slimebound:LevelUp","floor":6.0},{"not_picked":["Slimebound:SplitAcid","Slimebound:SamplingLick"],"picked":"Slimebound:MegaLick","floor":8.0},{"not_picked":["Slimebound:Dissolve","Slimebound:PressTheAttack"],"picked":"Slimebound:LeechEnergy","floor":10.0},{"not_picked":["Slimebound:HauntingLick","Slimebound:RollThrough"],"picked":"Slimebound:FormOfPuddle","floor":11.0},{"not_picked":["Slimebound:Recollect","Slimebound:LeechingTouch"],"picked":"Slimebound:Equalize","floor":12.0},{"not_picked":["Slimebound:GrowthPunch","Slimebound:SlimeBarrage","Slimebound:Repurpose"],"picked":"SKIP","floor":15.0},{"not_picked":["Slimebound:SelfFormingGoo","Slimebound:Recycling"],"picked":"Slimebound:LeechLife","floor":16.0},{"not_picked":["Slimebound:ItLooksTasty","Slimebound:LeechingTouch"],"picked":"Slimebound:SamplingLick+1","floor":19.0},{"not_picked":["Slimebound:MinionMaster","Slimebound:SlimeBrawl"],"picked":"Slimebound:RejuvenatingLick+1","floor":22.0},{"not_picked":["Slimebound:FinishingTackle+1","Slimebound:PressTheAttack+1"],"picked":"Slimebound:RainOfGoop","floor":23.0},{"not_picked":["Slimebound:ItLooksTasty","Slimebound:LeechingTouch","Slimebound:MegaLick"],"picked":"SKIP","floor":25.0},{"not_picked":["Slimebound:SplitAcid","Slimebound:Schlurp"],"picked":"Slimebound:GoopSpray+1","floor":27.0},{"not_picked":["Slimebound:SlimeBarrage","Slimebound:ComboTackle","Slimebound:SplitAcid"],"picked":"SKIP","floor":28.0},{"not_picked":["Slimebound:LeechLife","Slimebound:ComboTackle"],"picked":"Slimebound:SplitLeeching","floor":29.0},{"not_picked":["Slimebound:FlameTackle","Slimebound:LeadByExample","Slimebound:FormOfPuddle+1"],"picked":"SKIP","floor":31.0},{"not_picked":["Slimebound:RollThrough","Slimebound:GrowthPunch"],"picked":"Slimebound:SlimeSpikes","floor":32.0},{"not_picked":["Slimebound:MassFeed","Slimebound:Recycling"],"picked":"Slimebound:PrepareCrush","floor":33.0},{"not_picked":["Slimebound:ViciousTackle","Slimebound:ComboTackle+1","Slimebound:Dissolve+1"],"picked":"SKIP","floor":36.0},{"not_picked":["Slimebound:LeechEnergy+1","Slimebound:SplitLeeching+1","Slimebound:DivideAndConquer"],"picked":"SKIP","floor":42.0},{"not_picked":["Slimebound:PressTheAttack+1","Slimebound:FinishingTackle+1","Slimebound:RollThrough"],"picked":"SKIP","floor":43.0},{"not_picked":["Slimebound:SplitBruiser+1","Slimebound:SplitLeeching"],"picked":"Slimebound:SpikyOuterGoop+1","floor":46.0},{"not_picked":["Slimebound:ForwardTackle","Slimebound:SplitBruiser","Slimebound:SplitMire+1"],"picked":"SKIP","floor":49}],"player_experience":521950,"relics_obtained":[{"floor":4.0,"key":"Eternal Feather"},{"floor":7.0,"key":"Oddly Smooth Stone"},{"floor":8.0,"key":"Potion Belt"},{"floor":14.0,"key":"Tiny Chest"},{"floor":22.0,"key":"CaptainsWheel"},{"floor":24.0,"key":"Mercury Hourglass"},{"floor":25.0,"key":"InkBottle"},{"floor":30.0,"key":"Enchiridion"},{"floor":39.0,"key":"Toy Ornithopter"},{"floor":41.0,"key":"Unceasing Top"}],"event_choices":[{"cards_removed":["Slimebound:Grow"],"damage_healed":27.0,"max_hp_gain":0.0,"max_hp_loss":0.0,"gold_gain":0.0,"event_name":"Bonfire Elementals","player_choice":"Offered Uncommon","floor":5.0,"gold_loss":0.0,"damage_taken":0.0},{"damage_healed":0.0,"max_hp_gain":5.0,"max_hp_loss":0.0,"gold_gain":0.0,"event_name":"Big Fish","player_choice":"Donut","floor":13.0,"gold_loss":0.0,"damage_taken":0.0},{"damage_healed":0.0,"max_hp_gain":0.0,"max_hp_loss":0.0,"gold_gain":0.0,"event_name":"Mysterious Sphere","player_choice":"Ignored","floor":37.0,"gold_loss":0.0,"damage_taken":0.0},{"cards_removed":["Slimebound:MegaLick"],"damage_healed":0.0,"max_hp_gain":0.0,"max_hp_loss":0.0,"gold_gain":0.0,"event_name":"Falling","player_choice":"Removed Skill","floor":40.0,"gold_loss":0.0,"damage_taken":0.0},{"damage_healed":0,"gold_gain":0,"player_choice":"Ignored","damage_taken":0,"max_hp_gain":0,"max_hp_loss":0,"event_name":"NoteForYourself","floor":48,"gold_loss":0}],"is_beta":false,"boss_relics":[{"not_picked":["Fusion Hammer","Tiny House"],"picked":"SacredBark"},{"not_picked":["Snecko Eye","Coffee Dripper"],"picked":"Slimebound:AbsorbEndCombatUpgraded"}],"items_purged_floors":[23,29,46,47],"is_endless":false,"potions_floor_spawned":[11,12,16,22,25,31,32,42],"ascension_level":0}}