{"host":"pdsyh71gl8fwuuoe","time":1608006013,"event":{"mods":["AchievementEnabler","Act Like it!","BaseMod","Colored Powertips","Custom Start","Downfall","Highlight Path","Minty Spire (QoL Compilation)","Quick Restart","Relic Stats","StSLib"],"gold_per_floor":[99,99,549,577,146,146,146,178,103,130,130,33,18,36,50,152,152,152,163,163,263,263,263],"floor_reached":22,"playtime":1799,"items_purged":["Slimebound:Icky"],"score":221,"play_id":"63ed65f5-a894-4cf4-bb4e-70bb112709e5","local_time":"20201214232013","is_ascension_mode":false,"campfire_choices":[{"data":"champ:Execute","floor":1.0,"key":"SMITH"},{"data":"champ:FocusedGladiator","floor":6.0,"key":"SMITH"},{"data":"champ:Taunt","floor":9.0,"key":"SMITH"},{"data":"champ:GutPunch","floor":18.0,"key":"SMITH"}],"circlet_count":0,"master_deck":["champ:Strike","champ:Strike","champ:Strike","champ:Strike","champ:Defend","champ:Defend","champ:Defend","champ:Defend","champ:Execute+1","champ:Taunt+1","champ:GladiatorsShout","Slimebound:Icky","Slimebound:Icky","champ:BringItOn","champ:FocusedGladiator+1","champ:FightOn","champ:PreciseThrust","champ:EndlessRage","champ:Shatter","champ:GutPunch+1","champ:GladiatorStyle","champ:GutPunch","champ:IgnorePain","champ:FocusedBerserking","RitualDagger","champ:CalledShot"],"relics":["champ:ChampionCrown","downfall:HeartsMalice","champ:GladiatorsBookOfMartialProwess","Singing Bowl","Pantograph","downfall:HeartBlessingBlue","Blue Candle","champ:LiftRelic","Sozu","champ:BlackKnightHelmet","Meat on the Bone"],"acts_visited":["Exordium","TheCity"],"potions_floor_usage":[22,22],"damage_taken":[{"damage":0.0,"enemies":"2 Louse","floor":2.0,"turns":1.0},{"damage":0.0,"enemies":"3 Sentries","floor":4.0,"turns":1.0},{"damage":0.0,"enemies":"downfall:FleeingMerchant","floor":5.0,"turns":1.0},{"damage":42.0,"enemies":"Gremlin Nob","floor":8.0,"turns":5.0},{"damage":42.0,"enemies":"Lagavulin","floor":10.0,"turns":12.0},{"damage":11.0,"enemies":"downfall:FleeingMerchant","floor":12.0,"turns":4.0},{"damage":9.0,"enemies":"downfall:FleeingMerchant","floor":13.0,"turns":4.0},{"damage":18.0,"enemies":"Jaw Worm","floor":14.0,"turns":5.0},{"damage":5.0,"enemies":"Cultist","floor":15.0,"turns":4.0},{"damage":44.0,"enemies":"downfall:Watcher","floor":16.0,"turns":10.0},{"damage":37.0,"enemies":"Chosen","floor":19.0,"turns":6.0},{"damage":84,"enemies":"Chosen","floor":21,"turns":11},{"damage":37,"enemies":"Book of Stabbing","floor":22,"turns":5}],"seed_played":"6669501303461412809","potions_obtained":[{"floor":14.0,"key":"ColorlessPotion"},{"floor":15.0,"key":"SpeedPotion"},{"floor":16.0,"key":"PowerPotion"}],"is_trial":false,"path_per_floor":["R","M","?","E","$","R","T","E","R","E","?","$","$","M","M","B",null,"R","M","?","?","E"],"character_chosen":"THE_CHAMP","items_purchased":["Singing Bowl","champ:FightOn","champ:PreciseThrust","champ:GutPunch"],"campfire_rested":0,"item_purchase_floors":[5,5,5,12],"current_hp_per_floor":[90,90,90,90,90,90,90,58,68,36,36,34,40,32,35,43,104,104,76,70,25,0,0],"gold":263,"neow_bonus":"THREE_ENEMY_KILL","is_daily":false,"chose_seed":false,"campfire_upgraded":4,"win_rate":0.0,"timestamp":1608006013,"path_taken":["R","M","?","E","$","R","T","E","R","E","?","$","$","M","M","BOSS","R","M","?","?","E"],"items_purchased_type":["Relic","Card","Card","Card"],"build_version":"2020-12-13","purchased_purges":1,"victory":false,"max_hp_per_floor":[90,90,90,90,90,90,90,90,100,100,100,102,102,102,104,104,104,104,104,104,104,104,104],"relic_stats":{"Sozu":0,"Singing Bowl":4,"counters":[13,66],"Pantograph":25,"Blue Candle":[8],"obtain_stats":[{"Sozu":17,"champ:BlackKnightHelmet":21,"Singing Bowl":5,"downfall:HeartBlessingBlue":9,"Pantograph":8,"Blue Candle":10,"champ:LiftRelic":11,"champ:ChampionCrown":0,"downfall:HeartsMalice":0,"champ:GladiatorsBookOfMartialProwess":4,"Meat on the Bone":21},{"Sozu":10,"champ:BlackKnightHelmet":12,"Singing Bowl":3,"downfall:HeartBlessingBlue":4,"Pantograph":4,"Blue Candle":5,"champ:LiftRelic":5,"champ:ChampionCrown":0,"downfall:HeartsMalice":0,"champ:GladiatorsBookOfMartialProwess":2,"Meat on the Bone":12},{"Sozu":44,"champ:BlackKnightHelmet":61,"Singing Bowl":0,"downfall:HeartBlessingBlue":5,"Pantograph":5,"Blue Candle":17,"champ:LiftRelic":17,"champ:ChampionCrown":0,"downfall:HeartsMalice":0,"champ:GladiatorsBookOfMartialProwess":0,"Meat on the Bone":61}],"Meat on the Bone":0},"card_choices":[{"not_picked":["champ:ViciousMockery","champ:Riposte"],"picked":"champ:GladiatorsShout","floor":2.0},{"not_picked":["champ:FocusedDefense","champ:GladiatorsShout"],"picked":"champ:BringItOn","floor":4.0},{"not_picked":["champ:Haymaker","champ:BringItOn"],"picked":"champ:FocusedGladiator","floor":5.0},{"not_picked":["champ:Improvising","champ:HeartStrike"],"picked":"champ:EndlessRage","floor":8.0},{"not_picked":["champ:BerserkersShout","champ:MurderStrike"],"picked":"champ:Shatter","floor":10.0},{"not_picked":["champ:PerfectedStrike","champ:BerserkersShout","champ:BerserkerStyle"],"picked":"Singing Bowl","floor":12.0},{"not_picked":["champ:RecklessLeap","champ:StanceDance"],"picked":"champ:GladiatorStyle","floor":13.0},{"not_picked":["champ:StanceDance","champ:BladeFlurry"],"picked":"champ:GutPunch","floor":14.0},{"not_picked":["champ:SkillfulDodge","champ:Encircle","champ:FalseCounter"],"picked":"Singing Bowl","floor":15.0},{"not_picked":["champ:Improvising","champ:HeavySlash"],"picked":"champ:IgnorePain","floor":16.0},{"not_picked":["champ:TornadoPunch","champ:Circumvent"],"picked":"champ:FocusedBerserking","floor":19.0},{"not_picked":["champ:PerfectedStrike","champ:BerserkerStyle+1"],"picked":"champ:CalledShot","floor":21}],"player_experience":631165,"relics_obtained":[{"floor":4.0,"key":"champ:GladiatorsBookOfMartialProwess"},{"floor":8.0,"key":"Pantograph"},{"floor":10.0,"key":"Blue Candle"},{"floor":21,"key":"champ:BlackKnightHelmet"},{"floor":21,"key":"Meat on the Bone"}],"event_choices":[],"is_beta":false,"boss_relics":[{"not_picked":["Busted Crown","Pandora\u0027s Box"],"picked":"Sozu"}],"items_purged_floors":[5],"is_endless":false,"potions_floor_spawned":[14,15,16],"killed_by":"Book of Stabbing","ascension_level":0}}