{"host":"sc0o2qwpf9j16a4i","time":1608055106,"event":{"mods":["AchievementEnabler","BaseMod","BetterRewards","Block Reminder","Colored Map","Colored Powertips","Custom Start","Highlight Path","Minty Spire (QoL Compilation)","Relic Stats"],"gold_per_floor":[114,126,126,145,164,164,181,206,206,206,219,219,219,12,12,12,12],"floor_reached":16,"playtime":312,"items_purged":[],"score":189,"play_id":"8e7931e4-6d8b-45ca-a2e7-8a622eb8dd32","local_time":"20201215195826","is_ascension_mode":true,"campfire_choices":[{"data":"FearNoEvil","floor":6,"key":"SMITH"},{"floor":10,"key":"REST"},{"floor":15,"key":"REST"}],"circlet_count":0,"master_deck":["AscendersBane","Strike_P","Strike_P","Strike_P","Strike_P","Defend_P","Defend_P","Defend_P","Defend_P","Eruption","Vigilance","FearNoEvil+1","FlyingSleeves+1","Swivel","WreathOfFlame+1","BowlingBash","ReachHeaven","Shame","Indignation","MasterReality","CrushJoints"],"relics":["Cursed Key","Bronze Scales","Art of War"],"acts_visited":["Exordium"],"potions_floor_usage":[8,16],"damage_taken":[{"damage":7,"enemies":"2 Louse","floor":1,"turns":4},{"damage":0,"enemies":"Cultist","floor":2,"turns":3},{"damage":7,"enemies":"Jaw Worm","floor":4,"turns":2},{"damage":3,"enemies":"Blue Slaver","floor":5,"turns":3},{"damage":6,"enemies":"Looter","floor":7,"turns":2},{"damage":34,"enemies":"Lagavulin","floor":8,"turns":6},{"damage":9,"enemies":"Red Slaver","floor":11,"turns":3},{"damage":54,"enemies":"Slime Boss","floor":16,"turns":4}],"seed_played":"-2769257992802636452","potions_obtained":[{"floor":4,"key":"Fruit Juice"},{"floor":7,"key":"BottledMiracle"},{"floor":8,"key":"SkillPotion"}],"is_trial":false,"path_per_floor":["M","M","?","M","M","R","M","E","T","R","M","?","$","$","R","B"],"character_chosen":"WATCHER","items_purchased":["MasterReality","CrushJoints"],"campfire_rested":2,"item_purchase_floors":[14,14],"current_hp_per_floor":[54,54,54,47,44,44,38,9,9,30,21,21,21,21,42,0,0],"gold":12,"neow_bonus":"BOSS_RELIC","is_daily":false,"chose_seed":false,"campfire_upgraded":1,"win_rate":0.0,"timestamp":1608055106,"path_taken":["M","M","?","M","?","R","M","E","T","R","M","?","?","$","R","BOSS"],"items_purchased_type":["Card","Card"],"build_version":"2020-12-13","purchased_purges":0,"victory":false,"max_hp_per_floor":[68,68,68,68,68,68,68,73,73,73,73,73,73,73,73,73,73],"relic_stats":{"counters":[8,27],"Bronze Scales":[9],"Art of War":[1],"Cursed Key":1,"obtain_stats":[{"Bronze Scales":8,"Art of War":9,"PureWater":0,"Cursed Key":0},{"Bronze Scales":6,"Art of War":6,"PureWater":0,"Cursed Key":0},{"Bronze Scales":20,"Art of War":20,"PureWater":0,"Cursed Key":0}]},"card_choices":[{"not_picked":["PathToVictory","Evaluate"],"picked":"FearNoEvil","floor":1},{"not_picked":["Sanctity","Evaluate"],"picked":"FlyingSleeves","floor":2},{"not_picked":["Vengeance","Protect"],"picked":"Swivel","floor":4},{"not_picked":["CutThroughFate","JustLucky"],"picked":"WreathOfFlame","floor":5},{"not_picked":["EmptyBody","Crescendo"],"picked":"BowlingBash","floor":7},{"not_picked":["JustLucky","Wireheading"],"picked":"ReachHeaven","floor":8},{"not_picked":["FlurryOfBlows","WaveOfTheHand"],"picked":"Indignation","floor":11}],"player_experience":345242,"relics_obtained":[{"floor":8,"key":"Bronze Scales"},{"floor":9,"key":"Art of War"}],"event_choices":[{"damage_healed":0,"gold_gain":0,"player_choice":"Upgraded","damage_taken":0,"max_hp_gain":0,"max_hp_loss":0,"event_name":"Upgrade Shrine","floor":3,"gold_loss":0,"cards_upgraded":["FlyingSleeves"]},{"damage_healed":0,"gold_gain":0,"player_choice":"Grow","damage_taken":0,"max_hp_gain":0,"max_hp_loss":0,"event_name":"Living Wall","floor":12,"gold_loss":0,"cards_upgraded":["WreathOfFlame"]}],"is_beta":false,"boss_relics":[],"items_purged_floors":[],"is_endless":false,"potions_floor_spawned":[4,7,8],"killed_by":"Slime Boss","ascension_level":17}}