{"host":"m1ntkrf87179kmo6","time":1608074172,"event":{"mods":["BaseMod","Better Third Choice","Minty Spire (QoL Compilation)","Shade Mod","StSLib"],"gold_per_floor":[209,209,55,55,68,99,117,135,180,36,36,36,36,57,57,176,176,190,190,210,54,79,79,94,94,94,117,0,34,48,72,72,196,196,212,172,195,216,137,137,24,24,73,73,113,176,21,121,121,121,121,121,28,28,28],"floor_reached":54,"playtime":7367,"items_purged":["Injury"],"score":784,"play_id":"be2de700-79cc-4d61-9244-b6759c5cc4e8","local_time":"20201215181612","is_ascension_mode":false,"campfire_choices":[{"floor":12.0,"key":"RECALL"},{"data":"Shade:FuneraryArmor","floor":15.0,"key":"SMITH"},{"floor":23.0,"key":"REST"},{"data":"Shade:Putrefaction","floor":25.0,"key":"SMITH"},{"floor":32.0,"key":"REST"},{"floor":40,"key":"REST"},{"data":"Shade:FuneraryArmor","floor":42,"key":"SMITH"},{"data":"Shade:GreyBargain","floor":44,"key":"SMITH"},{"data":"Shade:Bite_Shade","floor":49,"key":"SMITH"},{"data":"Shade:ExtraLimbs","floor":52,"key":"SMITH"}],"circlet_count":0,"master_deck":["Shade:Strike_Shade","Shade:Strike_Shade","Shade:Strike_Shade","Shade:Strike_Shade","Shade:Defend_Shade","Shade:Defend_Shade","Shade:Defend_Shade","Shade:Defend_Shade","Shade:AnimateDead+1","Shade:CarefulCut","Shade:FuneraryArmor+1","Shade:AblativeArmor","Shade:Putrefaction+1","Shade:GreyBargain+1","Shade:FuneraryJewels","Shade:FuneraryArmor+1","Shade:FleshToFlesh+1","Shade:OpenGraves+1","Shade:FleshLikeOak+1","Shade:WallOfFlesh+1","Shade:FleshToFlesh+1","Shade:Carnophage+1","Shade:TouchOfTheGrave+1","Shade:ExtraLimbs+1","Shade:Bite_Shade+1","Shade:Brains+1","Shade:WallOfFlesh+1"],"relics":["Shade:YorickSkull","Letter Opener","PreservedInsect","Spirit Poop","MealTicket","Lee\u0027s Waffle","Golden Idol","Black Star","Bronze Scales","Toxic Egg 2","Frozen Egg 2","Potion Belt","SlaversCollar","Juzu Bracelet","Mercury Hourglass","Shuriken","Calipers"],"acts_visited":["Exordium","TheCity","TheBeyond","TheEnding"],"potions_floor_usage":[45,45,50,50,50],"damage_taken":[{"damage":0.0,"enemies":"Small Slimes","floor":1.0,"turns":3.0},{"damage":0.0,"enemies":"Cultist","floor":5.0,"turns":3.0},{"damage":0.0,"enemies":"Gremlin Nob","floor":6.0,"turns":3.0},{"damage":0.0,"enemies":"Jaw Worm","floor":7.0,"turns":4.0},{"damage":8.0,"enemies":"Large Slime","floor":8.0,"turns":7.0},{"damage":0.0,"enemies":"Lots of Slimes","floor":14.0,"turns":4.0},{"damage":13.0,"enemies":"Slime Boss","floor":16.0,"turns":14.0},{"damage":4.0,"enemies":"Chosen","floor":18.0,"turns":7.0},{"damage":29.0,"enemies":"2 Thieves","floor":20.0,"turns":5.0},{"damage":5.0,"enemies":"Shelled Parasite and Fungi","floor":22.0,"turns":9.0},{"damage":11.0,"enemies":"Snake Plant","floor":24.0,"turns":6.0},{"damage":12.0,"enemies":"Centurion and Healer","floor":27.0,"turns":8.0},{"damage":15.0,"enemies":"Slavers","floor":29.0,"turns":4.0},{"damage":9.0,"enemies":"Shelled Parasite and Fungi","floor":30.0,"turns":7.0},{"damage":2.0,"enemies":"Snecko","floor":31.0,"turns":7.0},{"damage":0.0,"enemies":"Champ","floor":33.0,"turns":19.0},{"damage":17,"enemies":"3 Darklings","floor":35,"turns":6},{"damage":0,"enemies":"3 Shapes","floor":37,"turns":6},{"damage":29,"enemies":"Jaw Worm Horde","floor":38,"turns":8},{"damage":10,"enemies":"Reptomancer","floor":45,"turns":7},{"damage":0,"enemies":"Mind Bloom Boss Battle","floor":46,"turns":9},{"damage":20,"enemies":"Awakened One","floor":50,"turns":14},{"damage":77,"enemies":"Shield and Spear","floor":54,"turns":6}],"seed_played":"-497694556683856184","potions_obtained":[{"floor":5.0,"key":"LiquidMemories"},{"floor":7.0,"key":"LiquidMemories"},{"floor":8.0,"key":"Fire Potion"},{"floor":14.0,"key":"Block Potion"},{"floor":18.0,"key":"EssenceOfSteel"},{"floor":22.0,"key":"EssenceOfSteel"},{"floor":24.0,"key":"LiquidMemories"},{"floor":31.0,"key":"DistilledChaos"},{"floor":36,"key":"SteroidPotion"},{"floor":36,"key":"SteroidPotion"},{"floor":36,"key":"LiquidMemories"},{"floor":37,"key":"LiquidMemories"},{"floor":46,"key":"Explosive Potion"}],"is_trial":false,"path_per_floor":["M","?","$","?","M","E","M","M","T","$","?","R","?","M","R","B",null,"M","?","M","$","M","R","M","R","T","M","?","E","M","M","R","B",null,"M","?","M","M","$","R","$","R","T","R","E","?","$","?","R","B",null,"R","$","E"],"character_chosen":"SHADE","items_purchased":["PreservedInsect","Lee\u0027s Waffle","Bronze Scales","Shade:Carnophage+1","Shade:TouchOfTheGrave+1","Shade:ExtraLimbs","Shade:Bite_Shade","Shade:Brains+1","Shade:WallOfFlesh+1"],"campfire_rested":3,"item_purchase_floors":[3,10,21,39,41,41,47,53,53],"current_hp_per_floor":[65,65,65,65,65,65,65,57,57,72,72,72,72,72,72,59,72,68,68,39,54,49,70,59,59,59,47,47,32,23,21,42,42,72,55,55,55,26,41,62,72,72,72,72,62,62,72,72,72,61,72,72,72,0,0],"gold":28,"neow_bonus":"HUNDRED_GOLD","is_daily":false,"chose_seed":false,"campfire_upgraded":6,"win_rate":0.0,"timestamp":1608074172,"path_taken":["M","?","$","?","?","E","M","M","T","$","?","R","?","M","R","BOSS","M","?","?","$","?","R","M","R","T","M","?","E","M","M","R","BOSS","M","?","M","?","$","R","?","R","T","R","E","?","?","?","R","BOSS","R","$","E"],"items_purchased_type":["Relic","Relic","Relic","Card","Card","Card","Card","Card","Card"],"build_version":"2020-12-13","purchased_purges":1,"victory":false,"max_hp_per_floor":[65,65,65,65,65,65,65,65,65,72,72,72,72,72,72,72,72,72,72,72,72,72,72,72,72,72,72,72,72,72,72,72,72,72,72,72,72,72,72,72,72,72,72,72,72,72,72,72,72,72,72,72,72,72,72],"card_choices":[{"not_picked":["Shade:FeralStrike","Shade:SpontaneousRitual"],"picked":"Shade:FuneraryArmor","floor":1.0},{"not_picked":["Shade:Doomsay","Shade:CommandSoldier"],"picked":"Shade:AblativeArmor","floor":5.0},{"not_picked":["Shade:FeralStrike","Shade:CommandSoldier","Shade:GraveStillness"],"picked":"SKIP","floor":6.0},{"not_picked":["Shade:FeralStrike","Shade:CommandSoldier","Shade:GraveStillness"],"picked":"SKIP","floor":6.0},{"not_picked":["Shade:RitualOffering","Shade:CloudOfShrapnel","Shade:Trample"],"picked":"SKIP","floor":7.0},{"not_picked":["Shade:FeralStrike","Shade:FleshToFlesh","Shade:Doomsay"],"picked":"SKIP","floor":8.0},{"not_picked":["Shade:CommandSoldier","Shade:BoneShards","Shade:Bonestorm"],"picked":"SKIP","floor":14.0},{"not_picked":["Shade:SelfBurial","Shade:OfferingToTheBeyond"],"picked":"Shade:Putrefaction","floor":16.0},{"not_picked":["Shade:Awaken","Shade:Excise"],"picked":"Shade:GreyBargain","floor":18.0},{"not_picked":["Shade:GraveStillness","Shade:FuneraryArmor+1","Shade:StitchTogether+1"],"picked":"SKIP","floor":20.0},{"not_picked":["Shade:SensePrey+1","Shade:Premonition"],"picked":"Shade:FuneraryJewels","floor":22.0},{"not_picked":["Shade:FuneraryJewels","Shade:Bonestorm"],"picked":"Shade:FuneraryArmor","floor":24.0},{"not_picked":["Shade:SkeletonHug+1","Shade:FeralStrike"],"picked":"Shade:FleshToFlesh+1","floor":27.0},{"not_picked":["Shade:Doomsay+1","Shade:PotionOfRestlessness+1","Shade:AblativeArmor+1"],"picked":"SKIP","floor":29.0},{"not_picked":["Shade:GraveStillness+1","Shade:Premonition+1"],"picked":"Shade:OpenGraves+1","floor":30.0},{"not_picked":["Shade:FeralStrike","Shade:SkeletonHug","Shade:Asphyxiate"],"picked":"SKIP","floor":31.0},{"not_picked":["Shade:ScuttlingHand","Shade:Trample+1"],"picked":"Shade:FleshLikeOak+1","floor":35},{"not_picked":["Shade:Doomsay+1","Shade:GreyBargain+1"],"picked":"Shade:WallOfFlesh+1","floor":37},{"not_picked":["Shade:FingerOfDeath","Shade:CommandSoldier+1"],"picked":"Shade:FleshToFlesh+1","floor":38},{"not_picked":["Shade:Bonestorm+1","Shade:RitualOffering+1","Shade:CommandSoldier+1"],"picked":"SKIP","floor":45}],"player_experience":1014610,"relics_obtained":[{"floor":6.0,"key":"MealTicket"},{"floor":26.0,"key":"Toxic Egg 2"},{"floor":29.0,"key":"Frozen Egg 2"},{"floor":29.0,"key":"Potion Belt"},{"floor":43,"key":"Juzu Bracelet"},{"floor":45,"key":"Mercury Hourglass"},{"floor":45,"key":"Shuriken"},{"floor":46,"key":"Calipers"}],"event_choices":[{"damage_healed":0.0,"max_hp_gain":0.0,"max_hp_loss":0.0,"gold_gain":0.0,"event_name":"Big Fish","player_choice":"Box","floor":2.0,"gold_loss":0.0,"damage_taken":0.0,"relics_obtained":["Letter Opener"],"cards_obtained":["Regret"]},{"cards_removed":["Regret"],"damage_healed":0.0,"max_hp_gain":0.0,"max_hp_loss":0.0,"gold_gain":0.0,"event_name":"Bonfire Elementals","player_choice":"Offered Curse","floor":4.0,"gold_loss":0.0,"damage_taken":0.0,"relics_obtained":["Spirit Poop"]},{"damage_healed":0.0,"max_hp_gain":0.0,"max_hp_loss":0.0,"gold_gain":0.0,"event_name":"Golden Idol","player_choice":"Take Wound","floor":11.0,"gold_loss":0.0,"damage_taken":0.0,"relics_obtained":["Golden Idol"],"cards_obtained":["Injury"]},{"damage_healed":0.0,"max_hp_gain":0.0,"max_hp_loss":0.0,"gold_gain":0.0,"event_name":"Living Wall","player_choice":"Grow","floor":13.0,"gold_loss":0.0,"damage_taken":0.0,"cards_upgraded":["Shade:AnimateDead"]},{"damage_healed":0.0,"max_hp_gain":0.0,"max_hp_loss":0.0,"gold_gain":0.0,"event_name":"NoteForYourself","player_choice":"Ignored","floor":19.0,"gold_loss":0.0,"damage_taken":0.0},{"damage_healed":0.0,"max_hp_gain":0.0,"max_hp_loss":0.0,"gold_gain":0.0,"event_name":"Masked Bandits","player_choice":"Paid Fearfully","floor":28.0,"gold_loss":117.0,"damage_taken":0.0},{"damage_healed":0,"gold_gain":0,"player_choice":"Bought 3 Potions","damage_taken":0,"max_hp_gain":0,"max_hp_loss":0,"event_name":"The Woman in Blue","floor":36,"gold_loss":0},{"damage_healed":0,"gold_gain":0,"player_choice":"Fight","damage_taken":0,"max_hp_gain":0,"max_hp_loss":0,"event_name":"MindBloom","floor":46,"gold_loss":0},{"damage_healed":0,"gold_gain":100,"player_choice":"Pray","damage_taken":0,"max_hp_gain":0,"max_hp_loss":0,"event_name":"Golden Shrine","floor":48,"gold_loss":0}],"is_beta":false,"boss_relics":[{"not_picked":["Tiny House","Astrolabe"],"picked":"Black Star"},{"not_picked":["Fusion Hammer","Busted Crown"],"picked":"SlaversCollar"}],"items_purged_floors":[47],"is_endless":false,"potions_floor_spawned":[5,7,8,14,18,22,24,31,37,46],"killed_by":"Shield and Spear","ascension_level":0}}