{"host":"15dd7v8o90xso62x","time":1608066485,"event":{"mods":["BaseMod","Minty Spire (QoL Compilation)","Quick Restart","StSLib"],"gold_per_floor":[114,31,31,49,49,75,24,24,70,82,93,109,109,59,59,138,138,152,163,88,107,127,127,127],"floor_reached":23,"playtime":482,"items_purged":["Strike_B"],"score":371,"play_id":"98f8f6c6-6683-4935-b32f-ade055204b0c","local_time":"20201216060805","is_ascension_mode":true,"campfire_choices":[{"data":"Zap","floor":8.0,"key":"SMITH"},{"data":"Beam Cell","floor":13.0,"key":"SMITH"},{"data":"Streamline","floor":15.0,"key":"SMITH"}],"circlet_count":0,"master_deck":["AscendersBane","Defend_B","Defend_B","Defend_B","Zap+1","Dualcast","FTL","Flash of Steel","Streamline+1","Rebound","Sweeping Beam","Defragment","Beam Cell+1","Core Surge","Gash","Go for the Eyes","Gash"],"relics":["Cracked Core","NeowsBlessing","Vajra","Bronze Scales","Empty Cage"],"acts_visited":["Exordium","TheCity"],"potions_floor_usage":[23],"damage_taken":[{"damage":0.0,"enemies":"Cultist","floor":1.0,"turns":1.0},{"damage":0.0,"enemies":"Jaw Worm","floor":4.0,"turns":1.0},{"damage":0.0,"enemies":"3 Sentries","floor":6.0,"turns":1.0},{"damage":3.0,"enemies":"Small Slimes","floor":10.0,"turns":2.0},{"damage":3.0,"enemies":"3 Louse","floor":11.0,"turns":2.0},{"damage":4.0,"enemies":"Red Slaver","floor":12.0,"turns":3.0},{"damage":31.0,"enemies":"The Guardian","floor":16.0,"turns":7.0},{"damage":2.0,"enemies":"Chosen","floor":18.0,"turns":3.0},{"damage":18.0,"enemies":"Shell Parasite","floor":19.0,"turns":3.0},{"damage":21,"enemies":"Centurion and Healer","floor":21,"turns":4},{"damage":12,"enemies":"Chosen and Byrds","floor":22,"turns":3},{"damage":13,"enemies":"Slavers","floor":23,"turns":1}],"seed_played":"-3149468613161689107","potions_obtained":[{"floor":1.0,"key":"AttackPotion"},{"floor":10.0,"key":"AttackPotion"},{"floor":16.0,"key":"EssenceOfDarkness"},{"floor":19.0,"key":"GamblersBrew"}],"is_trial":false,"path_per_floor":["M","$","?","M","?","E","$","R","T","M","M","M","R","?","R","B",null,"M","M","$","M","M","E"],"character_chosen":"DEFECT","items_purchased":["Flash of Steel","Sweeping Beam"],"campfire_rested":0,"item_purchase_floors":[2,7],"current_hp_per_floor":[64,64,57,57,62,62,62,62,62,59,56,52,52,52,52,21,62,60,42,42,21,9,0,0],"gold":127,"neow_bonus":"THREE_ENEMY_KILL","is_daily":false,"chose_seed":false,"campfire_upgraded":3,"win_rate":0.0,"timestamp":1608066485,"path_taken":["M","$","?","M","?","E","$","R","T","M","M","M","R","?","R","BOSS","M","M","$","M","M","E"],"items_purchased_type":["Card","Card"],"build_version":"2020-12-13","purchased_purges":1,"victory":false,"max_hp_per_floor":[71,71,71,71,76,76,76,76,76,76,76,76,76,76,76,76,76,76,76,76,76,76,76,76],"card_choices":[{"not_picked":["BootSequence","Double Energy"],"picked":"FTL","floor":1.0},{"not_picked":["Compile Driver","Scrape"],"picked":"Streamline","floor":4.0},{"not_picked":["Leap","Cold Snap"],"picked":"Rebound","floor":6.0},{"not_picked":["Scrape","Redo"],"picked":"Defragment","floor":10.0},{"not_picked":["Barrage","Cold Snap","Leap"],"picked":"SKIP","floor":11.0},{"not_picked":["Compile Driver","Coolheaded"],"picked":"Beam Cell","floor":12.0},{"not_picked":["Reboot","Machine Learning"],"picked":"Core Surge","floor":16.0},{"not_picked":["Doom and Gloom","Steam"],"picked":"Gash","floor":18.0},{"not_picked":["Turbo+1","Aggregate"],"picked":"Go for the Eyes","floor":19.0},{"not_picked":["Steam","Cold Snap","Doom and Gloom"],"picked":"SKIP","floor":21},{"not_picked":["Streamline+1","Conserve Battery"],"picked":"Gash","floor":22}],"player_experience":911459,"relics_obtained":[{"floor":6.0,"key":"Vajra"},{"floor":9.0,"key":"Bronze Scales"}],"event_choices":[{"cards_removed":["Strike_B"],"damage_healed":0.0,"max_hp_gain":0.0,"max_hp_loss":0.0,"gold_gain":0.0,"event_name":"Golden Wing","player_choice":"Card Removal","floor":3.0,"gold_loss":0.0,"damage_taken":7.0},{"damage_healed":0.0,"max_hp_gain":5.0,"max_hp_loss":0.0,"gold_gain":0.0,"event_name":"Big Fish","player_choice":"Donut","floor":5.0,"gold_loss":0.0,"damage_taken":0.0},{"cards_removed":["Strike_B"],"damage_healed":0.0,"max_hp_gain":0.0,"max_hp_loss":0.0,"gold_gain":0.0,"event_name":"The Cleric","player_choice":"Card Removal","floor":14.0,"gold_loss":50.0,"damage_taken":0.0}],"is_beta":false,"boss_relics":[{"not_picked":["Fusion Hammer","Velvet Choker"],"picked":"Empty Cage"}],"items_purged_floors":[20],"is_endless":false,"potions_floor_spawned":[1,10,16,19,21],"killed_by":"Slavers","ascension_level":14}}