{"host":"f7i0xv5umhttwhc1","time":1608023722,"event":{"mods":["BaseMod","Better Third Choice","Colored Map","Highlight Path","Minty Spire (QoL Compilation)","Relic Stats","StSLib"],"gold_per_floor":[114,39,53,53,66,66,93,93,393,393,393,407,407,420,420,523,523,543,561,573,573,75,75,75,75,98,98,98,98,58,72,72,72,72],"floor_reached":33,"playtime":2283,"items_purged":["Strike_B","Compile Driver+1"],"score":243,"play_id":"eea15156-0d6e-44f3-bc4b-e95c18311e8e","local_time":"20201215201522","is_ascension_mode":false,"campfire_choices":[{"data":"Dualcast","floor":6,"key":"SMITH"},{"data":"Conserve Battery","floor":11,"key":"SMITH"},{"data":"Ball Lightning","floor":13,"key":"SMITH"},{"data":"Sunder","floor":15,"key":"SMITH"},{"floor":23,"key":"REST"},{"data":"Sunder","floor":25,"key":"SMITH"},{"data":"HandOfGreed","floor":29,"key":"SMITH"},{"data":"Conserve Battery","floor":32,"key":"SMITH"}],"circlet_count":0,"master_deck":["Strike_B","Strike_B","Defend_B+1","Zap","Dualcast+1","Multi-Cast","Ball Lightning+1","Stack","Conserve Battery+1","Conserve Battery+1","Rebound","Sunder+1","Hyperbeam+1","Biased Cognition+1","Core Surge+1","Rebound","HandOfGreed+1","Sunder+1"],"relics":["Cracked Core","Pantograph","Old Coin","Astrolabe","Regal Pillow","Centennial Puzzle"],"acts_visited":["Exordium","TheCity"],"potions_floor_usage":[7,7,33,33],"damage_taken":[{"damage":0,"enemies":"Cultist","floor":1,"turns":3},{"damage":5,"enemies":"2 Louse","floor":3,"turns":3},{"damage":1,"enemies":"Jaw Worm","floor":5,"turns":3},{"damage":26,"enemies":"Lagavulin","floor":7,"turns":8},{"damage":0,"enemies":"Blue Slaver","floor":12,"turns":3},{"damage":4,"enemies":"Large Slime","floor":14,"turns":4},{"damage":31,"enemies":"Slime Boss","floor":16,"turns":10},{"damage":13,"enemies":"2 Thieves","floor":18,"turns":3},{"damage":7,"enemies":"Shell Parasite","floor":19,"turns":3},{"damage":19,"enemies":"3 Cultists","floor":20,"turns":5},{"damage":12,"enemies":"Cultist and Chosen","floor":31,"turns":6},{"damage":79,"enemies":"Champ","floor":33,"turns":9}],"seed_played":"9076155210263471762","potions_obtained":[{"floor":3,"key":"Regen Potion"},{"floor":5,"key":"Swift Potion"},{"floor":16,"key":"DuplicationPotion"},{"floor":31,"key":"LiquidMemories"}],"is_trial":false,"path_per_floor":["M","$","M","$","M","R","E","?","T","?","R","M","R","M","R","B",null,"M","M","M","?","$","R","$","R","T","$","?","R","?","M","R","B"],"character_chosen":"DEFECT","items_purchased":["HandOfGreed","Sunder","Regal Pillow"],"campfire_rested":1,"item_purchase_floors":[22,22,22],"current_hp_per_floor":[75,75,70,70,69,69,58,58,58,58,58,58,58,54,54,44,75,62,55,36,36,36,73,73,73,73,73,73,73,73,61,61,0,0],"gold":72,"neow_bonus":"ONE_RANDOM_RARE_CARD","is_daily":false,"chose_seed":false,"campfire_upgraded":7,"win_rate":0.0,"timestamp":1608023722,"path_taken":["M","?","M","$","M","R","E","?","T","?","R","M","R","M","R","BOSS","M","M","M","?","$","R","?","R","T","$","?","R","?","?","R","BOSS"],"items_purchased_type":["Card","Card","Relic"],"build_version":"2020-12-13","purchased_purges":2,"victory":false,"max_hp_per_floor":[75,75,75,75,75,75,75,75,75,75,75,75,75,75,75,75,75,75,75,75,75,75,75,75,75,75,75,75,75,75,75,75,75,75],"relic_stats":{"Regal Pillow":15,"Centennial Puzzle":[6],"counters":[12,60],"Pantograph":35,"Astrolabe":["Compile Driver","Biased Cognition","Core Surge"],"obtain_stats":[{"Regal Pillow":22,"Centennial Puzzle":26,"Pantograph":7,"Astrolabe":17,"Cracked Core":0,"Old Coin":9},{"Regal Pillow":10,"Centennial Puzzle":10,"Pantograph":4,"Astrolabe":7,"Cracked Core":0,"Old Coin":4},{"Regal Pillow":45,"Centennial Puzzle":45,"Pantograph":17,"Astrolabe":34,"Cracked Core":0,"Old Coin":17}]},"card_choices":[{"not_picked":["Compile Driver","Steam"],"picked":"Ball Lightning","floor":1},{"not_picked":["Compile Driver","Beam Cell"],"picked":"Stack","floor":3},{"not_picked":["Cold Snap","Ball Lightning"],"picked":"Conserve Battery","floor":5},{"not_picked":["Fission","Recycle"],"picked":"Conserve Battery","floor":7},{"not_picked":["Blizzard","Barrage"],"picked":"Rebound","floor":12},{"not_picked":["Tempest","Steam Power"],"picked":"Sunder","floor":14},{"not_picked":["Reboot","Echo Form"],"picked":"Hyperbeam","floor":16},{"not_picked":["Streamline","Conserve Battery"],"picked":"Rebound","floor":18},{"not_picked":["Doom and Gloom","Beam Cell","Undo"],"picked":"SKIP","floor":19},{"not_picked":["Defragment","FTL+1","Compile Driver"],"picked":"SKIP","floor":20},{"not_picked":["Gash+1","Barrage+1","Double Energy"],"picked":"SKIP","floor":31}],"player_experience":174211,"relics_obtained":[{"floor":7,"key":"Pantograph"},{"floor":9,"key":"Old Coin"},{"floor":26,"key":"Centennial Puzzle"}],"event_choices":[{"damage_healed":0,"gold_gain":0,"player_choice":"Searched \u00270\u0027 times","damage_taken":0,"max_hp_gain":0,"max_hp_loss":0,"event_name":"Dead Adventurer","floor":8,"gold_loss":0},{"cards_removed":["Defend_B"],"damage_healed":0,"gold_gain":0,"player_choice":"Forget","damage_taken":0,"max_hp_gain":0,"max_hp_loss":0,"event_name":"Living Wall","floor":10,"gold_loss":0},{"damage_healed":0,"gold_gain":0,"player_choice":"Bought 0 Potions","damage_taken":0,"max_hp_gain":0,"max_hp_loss":0,"event_name":"The Woman in Blue","floor":21,"gold_loss":0},{"damage_healed":0,"gold_gain":0,"player_choice":"Ignored","damage_taken":0,"max_hp_gain":0,"max_hp_loss":0,"event_name":"The Mausoleum","floor":28,"gold_loss":0},{"damage_healed":0,"gold_gain":0,"player_choice":"Upgraded Two","damage_taken":0,"max_hp_gain":0,"max_hp_loss":0,"event_name":"Designer","floor":30,"gold_loss":40,"cards_upgraded":["Defend_B","Hyperbeam"]}],"is_beta":false,"boss_relics":[{"not_picked":["Calling Bell","Snecko Eye"],"picked":"Astrolabe"}],"items_purged_floors":[2,22],"is_endless":false,"potions_floor_spawned":[3,5,16,31],"killed_by":"Champ","ascension_level":0}}