{"host":"qkftg4mo82g1xzt5","time":1608014293,"event":{"mods":["Act Like it!","Ascension Reborn","BaseMod","Challenge The Spire","Decade(王小明)","Friendly Minions","Gensokyo","Gold Saver","GungeonMod","Hallownest","KinomotoSakuraMod(木之本樱)","Kiyohime（清姬）","Koishi","LagranYue(拉格朗・月)","Lobotomy","LobotomyExtend","Luminous","Marisa（F雨　魔理沙）","Minty Spire (QoL Compilation)","MostiFishMod","Pale of the Ancients","Prisma Mod","Quick Restart","Reimu（博丽灵梦）","Replay The Spire","RumiaBox-露米娅的神秘盒子","SIMod","StSLib","Td1madao Mod","TestMod","The Administrix","The Animator","The Bug Knight","The Gatherer","The Hierophant","The Senshi","WarShipGirlsR/战舰少女R mod","Youmu（魂魄妖梦）","Yuyuko","【东方二次创作】八云紫mod","【遗物卡牌】REMEMod"],"gold_per_floor":[136,149,160,173,173,207,282,282,333,143,159,178,178,213,213,315,315,327,342,372,387,387,419,419,39,39,39,49,66,78,93,103,103,103,200,200,218,21,21,11,22,49,49,49,49,74,100,128,145,155,155,155,171,188,188,240,240,251,251,320,320,320],"floor_reached":63,"playtime":5864,"items_purged":["Line_surface_state_purple","Mirror_FormAndEmptin_purple"],"score":1489,"play_id":"86640a8f-ac7a-4bf8-983e-1c224bc49f4f","local_time":"20201215143813","daily_mods":["SealedDeck","Flight"],"is_ascension_mode":true,"campfire_choices":[{"data":"Monsters_DoubleDeathButterfly_purple","floor":8,"key":"SMITH"},{"data":"RuleDissolution_purple","floor":13,"key":"SMITH"},{"floor":15,"key":"REST"},{"data":"Extrememeaning_purpleEX","floor":24,"key":"SMITH"},{"data":"MostiFishMod:PerfectForm","floor":27,"key":"SMITH"},{"data":"MonsterNeedle_purple","floor":33,"key":"SMITH"},{"data":"Extrememeaning_purpleEX","floor":43,"key":"SMITH"},{"data":"StateErode_purple","floor":44,"key":"SMITH"},{"data":"ButterflyHabitatTemple_purple","floor":51,"key":"SMITH"},{"data":"PositiveMatter_Antimatter_Universe_purple","floor":57,"key":"SMITH"},{"data":"Boundary_LifeAndDeath_purple","floor":59,"key":"SMITH"}],"circlet_count":0,"master_deck":["Shallow_ocean_purpleEX","DimensionStaggered_purple","EighthInstrument_OneDividesIntoTwo_purple","StateErode_purple+1","ButterflyHabitatTemple_purple+1","Charmbait_purple","WeekHit_purple","Mirror_WaveAndshot_purple","MonsterNeedle_purple+1","RuleDissolution_purple+1","Extrememeaning_purpleEX+1","ButterflyHabitatTemple_purple","Monsters_DoubleDeathButterfly_purple+1","WasteWire_Metro_purple","Charmbait_purple","OmniscientAndOmnipotent_Monster_purple","Line_surface_state_purple","Human_Monster_Realm_purple","CommonSense_AntiCommonSense_purple+1","Realm_recovery_purpleEX+1","Mirror_WaveAndshot_purple+1","Human_Monster_Realm_purple","StretchesForeverDream_purple+1","WeekHit_purple","MostiFishMod:PerfectForm+1","Monsters_DoubleDeathButterfly_purple","Realm_recovery_purpleEX+1","Boundary_DynamicStaticEquilibrium_purple+1","RuleDissolution_purple+1","RuleDissolution_purple+1","Boundary_LifeAndDeath_purple","Extrememeaning_purpleEX+1","AdvanceAttack_purple","Boundary_LifeAndDeath_purple+1","PositiveMatter_Antimatter_Universe_purple+1","WatchEChange_purple+1","WasteWire_Metro_purple","D_absorption_purple","ButterflyHabitatTemple_purple+1","Theboundaryofcreation_purpleEX","AdvanceAttack_purple","PositiveMatter_Antimatter_Universe_purple+1","WasteWire_Metro_purple"],"relics":["Boundary_crack","Memoryfragments_purpleEX","testmod-TestBox","REME_ComplimentaryCards","DaveBox","replay:Trail_Library","LagranYue:RandomDrawCardRelic","Question Card","LetterFromLob","Juzu Bracelet","SynthV:C4","Question Card","ImportantClient","ChiXiaoBlade","testmod-BouquetWithThorns","testmod-ArcanaOfDestiny","DemoMod:RatBoots","DemoMod:ResourcefulSack","DemoMod:PartiallyEatenCheese","BirthdayGift-Tetrahedron","testmod-TimeTraveler","DemoMod:GlassGuonStoneRelic","Replay:Baseball","StrikeDummy","Tea:ReiMu","Potion Belt","ZombieArmy","Mirror","paleoftheancients:Timepiece","CultistMask","paleoftheancients:SoulOfTheWokeBloke","Anchor","Replay:Bottled Snecko"],"acts_visited":["Exordium","Hallownest:CityofTears","DemoMod:Maze","TheBeyond","paleoftheancients:PaleOfTheAncients"],"potions_floor_usage":[18,19],"damage_taken":[{"damage":0,"enemies":"Jaw Worm","floor":1,"turns":2},{"damage":4,"enemies":"Small Slimes","floor":2,"turns":2},{"damage":0,"enemies":"Cultist","floor":3,"turns":2},{"damage":4,"enemies":"Large Slime","floor":4,"turns":2},{"damage":42,"enemies":"3 Sentries","floor":6,"turns":7},{"damage":2,"enemies":"Looter","floor":11,"turns":4},{"damage":5,"enemies":"2 Fungi Beasts","floor":12,"turns":3},{"damage":8,"enemies":"Gremlin Nob","floor":14,"turns":2},{"damage":6,"enemies":"Hexaghost","floor":16,"turns":6},{"damage":1,"enemies":"Hallownest:2_Mistakes","floor":18,"turns":5},{"damage":12,"enemies":"Hallownest:3_Youths","floor":19,"turns":5},{"damage":6,"enemies":"Hallownest:Glutton_and_Coward","floor":20,"turns":2},{"damage":0,"enemies":"Hallownest:monsterShrumalOgre","floor":21,"turns":4},{"damage":27,"enemies":"Hallownest:eliteSoulWarrior","floor":23,"turns":5},{"damage":16,"enemies":"DemoMod:Red_and_blue_shotgun_kin","floor":28,"turns":1},{"damage":3,"enemies":"DemoMod:2_Veteran_bullet_kins_and_red_shotgun_kin","floor":29,"turns":2},{"damage":1,"enemies":"DemoMod:Veteran_shot_gun_kin_and_blue_shotgun_kin","floor":30,"turns":1},{"damage":4,"enemies":"DemoMod:Veteran_shot_gun_kin_and_red_shotgun_kin_with_gunsinger","floor":31,"turns":2},{"damage":4,"enemies":"DemoMod:Veteran_shot_gun_kin_and_blue_shotgun_kin_with_gunsinger","floor":32,"turns":2},{"damage":10,"enemies":"DemoMod:ResourcefulRat","floor":35,"turns":7},{"damage":0,"enemies":"3 Shapes","floor":37,"turns":1},{"damage":0,"enemies":"3 Darklings","floor":41,"turns":1},{"damage":21,"enemies":"Giant Head","floor":42,"turns":1},{"damage":0,"enemies":"Nemesis","floor":46,"turns":1},{"damage":0,"enemies":"R_Hoarder","floor":47,"turns":1},{"damage":0,"enemies":"Nemesis","floor":48,"turns":1},{"damage":0,"enemies":"Spire Growth","floor":49,"turns":1},{"damage":2,"enemies":"Maw","floor":50,"turns":2},{"damage":4,"enemies":"Time Eater","floor":52,"turns":2},{"damage":4,"enemies":"Time Eater","floor":53,"turns":2},{"damage":2,"enemies":"Time Eater","floor":54,"turns":2},{"damage":2,"enemies":"Time Eater","floor":58,"turns":2},{"damage":2,"enemies":"paleoftheancients:N","floor":62,"turns":2}],"seed_played":"-5574605999579396410","potions_obtained":[{"floor":6,"key":"Block Potion"},{"floor":11,"key":"testmod-TestPotion"},{"floor":21,"key":"SteroidPotion"},{"floor":23,"key":"ZuzhouPotion:ReiMu"},{"floor":28,"key":"Reflective Coating"},{"floor":29,"key":"Fire Potion"},{"floor":47,"key":"ColorlessPotion"},{"floor":49,"key":"Fire Potion"}],"is_trial":true,"path_per_floor":["M","M","M","M","M","E","?","R","T","$","M","M","R","E","R","B",null,"M","M","M","M","?","E","R","$","T","R","M","M","M","M","M","R","B","B",null,"M","$","?","?","M","E","R","R","T","E","E","E","M","M","R","B","M","M","?","T","R","M","R","T","?","B",null],"character_chosen":"Youkari","items_purchased":["DemoMod:GnawedKey","WeekHit_purple","MostiFishMod:PerfectForm","testmod-ArcanaOfDestiny","Replay:Baseball"],"campfire_rested":1,"item_purchase_floors":[10,25,25,25,38],"current_hp_per_floor":[70,66,68,69,69,28,21,21,21,21,29,25,25,22,43,43,70,70,68,67,70,70,53,53,53,70,70,56,53,53,49,49,49,49,46,70,70,70,63,63,69,54,54,54,54,58,61,69,70,70,70,73,73,73,73,73,73,73,73,73,73,73],"gold":320,"neow_bonus":"","is_daily":false,"chose_seed":false,"campfire_upgraded":10,"win_rate":0.0,"timestamp":1608014293,"path_taken":["M","M","M","M","M","E","?","R","T","$","M","M","R","E","R","BOSS","M","M","M","M","?","E","R","$","T","R","M","M","M","M","M","R","BOSS","BOSS","M","$","?","?","M","E","R","R","T","E","E","E","M","M","R","BOSS","M","M","?","T","R","M","R","T","?","BOSS"],"items_purchased_type":["Relic","Card","Card","Relic","Relic"],"build_version":"2020-12-13","purchased_purges":2,"victory":true,"max_hp_per_floor":[70,70,70,70,70,70,70,70,70,70,70,70,70,70,70,70,70,70,70,70,70,70,70,70,70,70,70,70,70,70,70,70,70,70,70,70,70,70,70,70,70,70,70,70,70,70,70,70,70,70,70,73,73,73,73,73,73,73,73,73,73,73],"card_choices":[{"not_picked":["PurpleNeedle_purple","Realm_recovery_purpleEX"],"picked":"RuleDissolution_purple","floor":1},{"not_picked":["EighthInstrument_OneDividesIntoTwo_purple","Realm_recovery_purpleEX","DimensionStaggered_purple"],"picked":"Extrememeaning_purpleEX","floor":2},{"not_picked":["SfantasyHide_purple","Realm_recovery_purpleEX","ExternalForce_HighSpeedFlying_purple"],"picked":"ButterflyHabitatTemple_purple","floor":3},{"not_picked":["StateDuplicate_purple","Umbrella_purple","DimensionStaggered_purple"],"picked":"Monsters_DoubleDeathButterfly_purple","floor":4},{"not_picked":["ExistenceContinue_purple","StateErode_purple","WatchEChange_purple"],"picked":"WasteWire_Metro_purple","floor":6},{"not_picked":["MetroBOOM_purple","AdvanceAttack_purple","ExistenceContinue_purple"],"picked":"Charmbait_purple","floor":11},{"not_picked":["MonsterNeedle_purple","Worldmountain_purple","MetroBOOM_purple"],"picked":"OmniscientAndOmnipotent_Monster_purple","floor":12},{"not_picked":["Mirror_WaveAndshot_purple","PurpleNeedle_purple","Mirror_FormAndEmptin_purple"],"picked":"Line_surface_state_purple","floor":14},{"not_picked":["Computing_the_future_purpleEX","Price_of_realm_purpleEX","WasteWire_Metro_purple","MagicEyes_LaplaceDemon_purple"],"picked":"Human_Monster_Realm_purple","floor":16},{"not_picked":["PositiveMatter_Antimatter_Universe_purple","OmniscientAndOmnipotent_Monster_purple","Umbrella_purple","MeetDecomposer_purple+1"],"picked":"CommonSense_AntiCommonSense_purple+1","floor":18},{"not_picked":["ExistenceContinue_purple","Umbrella_purple","StateErode_purple+1","EighthInstrument_OneDividesIntoTwo_purple+1"],"picked":"Realm_recovery_purpleEX+1","floor":19},{"not_picked":["CommonSense_AntiCommonSense_purple","Realm_recovery_purpleEX+1","Umbrella_purple","MeetDecomposer_purple"],"picked":"UniverseChoice_purple","floor":20},{"not_picked":["Charmbait_purple+1","SharpContractionReality_purple","Erosivefilter_purple","StateDuplicate_purple"],"picked":"Mirror_WaveAndshot_purple+1","floor":21},{"not_picked":["WeekHit_purple","Anti_communist_purple","Worldmountain_purple+1","WingOfChimera_purple"],"picked":"StretchesForeverDream_purple+1","floor":23},{"not_picked":["Anti_communist_purple+1","ExternalForce_HighSpeedFlying_purple","Worldmountain_purple+1","Mirror_FormAndEmptin_purple+1"],"picked":"Monsters_DoubleDeathButterfly_purple","floor":28},{"not_picked":["Umbrella_purple","CommonSense_AntiCommonSense_purple","StateDuplicate_purple","Charmbait_purple"],"picked":"Realm_recovery_purpleEX+1","floor":29},{"not_picked":["DimensionStaggered_purple+1","WingOfChimera_purple+1","MetroBOOM_purple+1","Umbrella_purple+1"],"picked":"Boundary_DynamicStaticEquilibrium_purple+1","floor":30},{"not_picked":["OmniscientAndOmnipotent_Monster_purple","Line_surface_state_purple","Bait_HighSpeedFlying_purple","StateDuplicate_purple"],"picked":"RuleDissolution_purple+1","floor":31},{"not_picked":["Charmbait_purple","ExternalForce_HighSpeedFlying_purple","WingOfChimera_purple+1","OmniscientAndOmnipotent_Monster_purple"],"picked":"RuleDissolution_purple+1","floor":32},{"not_picked":["Mirror_TwoAndThreeElementRealm_purple","WangLiang_LineAndCurveDreams_purple","Know_ledgeAbilityRealm_purple","Fancifulhole_purple"],"picked":"Boundary_LifeAndDeath_purple","floor":35},{"not_picked":["MeetDecomposer_purple","FragmentationRealm_purple","Shallow_ocean_purpleEX+1","WatchEChange_purple"],"picked":"Extrememeaning_purpleEX","floor":36},{"not_picked":["MeetDecomposer_purple","AdvanceAttack_purple+1","DimensionStaggered_purple","WatchEyeChange_purple+1","RuleDissolution_purple+1"],"picked":"SKIP","floor":37},{"not_picked":[],"picked":"Boundary_LifeAndDeath_purple","floor":40},{"not_picked":["SharpContractionReality_purple","WingOfChimera_purple+1","DarkRealmRedLine_purple","Nest_LightFlightworm_purple+1"],"picked":"PositiveMatter_Antimatter_Universe_purple+1","floor":41},{"not_picked":["Boundary_ObjectiveBoundary_purple+1","DimensionStaggered_purple","Worldmountain_purple+1","Line_surface_state_purple+1"],"picked":"WatchEChange_purple+1","floor":42},{"not_picked":["StateDuplicate_purple","MetroBOOM_purple+1","FragmentationRealm_purple","BarrageBoundary_PipeDream_purple"],"picked":"WasteWire_Metro_purple","floor":46},{"not_picked":["Bait_Toxicbait_purple+1","Umbrella_purple+1","Mirror_FormAndEmptin_purple+1","Charmbait_purple+1"],"picked":"D_absorption_purple","floor":47},{"not_picked":["RealityDreamConfluencek_purple","Boundary_of_Extermination_purpleEX+1","Shallow_ocean_purpleEX","Extrememeaning_purpleEX"],"picked":"ButterflyHabitatTemple_purple+1","floor":48},{"not_picked":["ExistenceContinue_purple","SfantasyHide_purple+1","WatchEyeChange_purple","Erosivefilter_purple+1"],"picked":"Theboundaryofcreation_purpleEX","floor":49},{"not_picked":["MetroBOOM_purple+1","SfantasyHide_purple+1","Yakumo_Ran_purple+1","Mirror_WaveAndshot_purple+1"],"picked":"AdvanceAttack_purple","floor":50},{"not_picked":["Boundary_LightAndDark_purple+1","WingOfChimera_purple","Shallow_ocean_purpleEX","Erosivefilter_purple","StateErode_purple+1"],"picked":"SKIP","floor":53},{"not_picked":["WatchEyeChange_purple","Nest_LightFlightworm_purple","Line_surface_state_purple+1","Shallow_ocean_purpleEX","Realm_recovery_purpleEX+1"],"picked":"SKIP","floor":54},{"not_picked":["Realm_recovery_purpleEX","Bait_HighSpeedFlying_purple+1","DimensionStaggered_purple","EighthInstrument_OneDividesIntoTwo_purple"],"picked":"WasteWire_Metro_purple","floor":58}],"player_experience":266673,"relics_obtained":[{"floor":1,"key":"Question Card"},{"floor":1,"key":"LetterFromLob"},{"floor":6,"key":"Juzu Bracelet"},{"floor":9,"key":"SynthV:C4"},{"floor":14,"key":"Question Card"},{"floor":16,"key":"ImportantClient"},{"floor":23,"key":"testmod-BouquetWithThorns"},{"floor":36,"key":"DemoMod:RatBoots"},{"floor":36,"key":"DemoMod:ResourcefulSack"},{"floor":36,"key":"DemoMod:PartiallyEatenCheese"},{"floor":36,"key":"BirthdayGift-Tetrahedron"},{"floor":36,"key":"testmod-TimeTraveler"},{"floor":42,"key":"StrikeDummy"},{"floor":45,"key":"Tea:ReiMu"},{"floor":46,"key":"Potion Belt"},{"floor":47,"key":"ZombieArmy"},{"floor":48,"key":"Mirror"},{"floor":53,"key":"paleoftheancients:SoulOfTheWokeBloke"},{"floor":54,"key":"paleoftheancients:SoulOfTheShapes"},{"floor":56,"key":"Anchor"},{"floor":60,"key":"Replay:Bottled Snecko"}],"event_choices":[{"damage_healed":0,"gold_gain":75,"player_choice":"Touch","damage_taken":7,"max_hp_gain":0,"max_hp_loss":0,"event_name":"FaceTrader","floor":7,"gold_loss":0},{"damage_healed":0,"gold_gain":0,"player_choice":"Ignored","damage_taken":7,"max_hp_gain":0,"max_hp_loss":0,"event_name":"恩洛斯的盘子","floor":39,"gold_loss":0}],"is_beta":false,"boss_relics":[{"not_picked":["Replay:Grab Bag","REME_DemonsWealth"],"picked":"ChiXiaoBlade"},{"not_picked":[]}],"items_purged_floors":[10,38],"is_endless":false,"potions_floor_spawned":[6,11,12,21,23,28,29,42,47,49,50,53,58],"ascension_level":0}}