{"host":"8rgizj6m5sl53afx","time":1608028835,"event":{"mods":["AchievementEnabler","BaseMod","Colored Map","Minty Spire (QoL Compilation)","Permanent Neow","Relic Stats","Slay-I","StSLib","SuperFastMode"],"gold_per_floor":[364,364,376,376,32,50,50,66,66,166,134,152,152,163,163,259,259,259],"floor_reached":17,"playtime":403,"items_purged":[],"score":194,"play_id":"dfd65f26-f1fd-4eda-a399-f30498e41cf6","local_time":"20201215194035","is_ascension_mode":true,"campfire_choices":[{"data":"Gash","floor":7,"key":"SMITH"},{"data":"Rainbow","floor":13,"key":"SMITH"},{"floor":15,"key":"REST"}],"circlet_count":0,"master_deck":["Strike_B","Strike_B","Strike_B","Strike_B","Defend_B","Defend_B","Defend_B","Defend_B","Zap","Dualcast","Conserve Battery","Rainbow+1","Gash+1","Hologram","Capacitor","FTL","Genetic Algorithm","All For One","Machine Learning"],"relics":["Cracked Core","Omamori","Lee\u0027s Waffle","Art of War","Inserter"],"acts_visited":["Exordium","TheCity"],"potions_floor_usage":[14],"damage_taken":[{"damage":1.0,"enemies":"2 Louse","floor":1.0,"turns":2.0},{"damage":7,"enemies":"Cultist","floor":3,"turns":4},{"damage":2,"enemies":"Small Slimes","floor":6,"turns":3},{"damage":10,"enemies":"2 Fungi Beasts","floor":8,"turns":4},{"damage":9,"enemies":"Exordium Thugs","floor":11,"turns":5},{"damage":9,"enemies":"Exordium Wildlife","floor":12,"turns":6},{"damage":34,"enemies":"Gremlin Gang","floor":14,"turns":4},{"damage":41,"enemies":"Slime Boss","floor":16,"turns":12}],"seed_played":"-5323907302714025096","potions_obtained":[{"floor":1.0,"key":"FairyPotion"},{"floor":3,"key":"Swift Potion"},{"floor":8,"key":"SpeedPotion"}],"is_trial":false,"path_per_floor":["M","?","M","?","$","M","R","M","T","?","M","M","R","M","R","B",null],"character_chosen":"DEFECT","items_purchased":["Omamori","Hologram","Lee\u0027s Waffle"],"campfire_rested":1,"item_purchase_floors":[5,5,5],"current_hp_per_floor":[67,67,60,53,82,80,80,70,70,70,61,52,52,18,42,1,62,62],"gold":259,"neow_bonus":"TWO_FIFTY_GOLD","is_daily":false,"chose_seed":false,"campfire_upgraded":2,"win_rate":0.0,"timestamp":1608028835,"path_taken":["M","?","?","?","$","M","R","M","T","?","M","?","R","M","R","BOSS"],"items_purchased_type":["Relic","Card","Relic"],"build_version":"2020-12-13","purchased_purges":0,"victory":false,"max_hp_per_floor":[75,75,75,75,82,82,82,82,82,82,82,82,82,82,82,82,82,82],"relic_stats":{"Lee\u0027s Waffle":29,"Inserter":[0],"counters":[8,40],"Art of War":[4],"obtain_stats":[{"Lee\u0027s Waffle":5,"Inserter":17,"Omamori":5,"Art of War":9,"Cracked Core":0},{"Lee\u0027s Waffle":2,"Inserter":8,"Omamori":2,"Art of War":4,"Cracked Core":0},{"Lee\u0027s Waffle":6,"Inserter":40,"Omamori":6,"Art of War":13,"Cracked Core":0}]},"card_choices":[{"not_picked":["Turbo","Redo"],"picked":"Conserve Battery","floor":1.0},{"not_picked":["White Noise","Storm"],"picked":"Gash","floor":3},{"not_picked":["Streamline","Stack"],"picked":"Capacitor","floor":6},{"not_picked":["Reinforced Body","Streamline"],"picked":"FTL","floor":8},{"not_picked":["Blizzard","Force Field","Lockon"],"picked":"SKIP","floor":11},{"not_picked":["Rip and Tear","Conserve Battery"],"picked":"Genetic Algorithm","floor":12},{"not_picked":["Recycle","Lockon"],"picked":"All For One","floor":14},{"not_picked":["Rainbow","Hyperbeam"],"picked":"Machine Learning","floor":16}],"player_experience":231072,"relics_obtained":[{"floor":9,"key":"Art of War"}],"event_choices":[{"damage_healed":0,"gold_gain":0,"player_choice":"1 cards matched","damage_taken":0,"max_hp_gain":0,"max_hp_loss":0,"event_name":"Match and Keep!","floor":2,"gold_loss":0,"cards_obtained":["Rainbow"]},{"cards_removed":["Regret"],"damage_healed":0,"gold_gain":0,"player_choice":"Card Removal","damage_taken":7,"max_hp_gain":0,"max_hp_loss":0,"event_name":"Golden Wing","floor":4,"gold_loss":0},{"damage_healed":0,"gold_gain":100,"player_choice":"Pray","damage_taken":0,"max_hp_gain":0,"max_hp_loss":0,"event_name":"Golden Shrine","floor":10,"gold_loss":0}],"is_beta":false,"boss_relics":[{"not_picked":["Busted Crown","Ectoplasm"],"picked":"Inserter"}],"items_purged_floors":[],"is_endless":false,"potions_floor_spawned":[1,3,8],"ascension_level":6}}