{"host":"qwttrqaysb380yri","time":1608068810,"event":{"mods":["BaseMod","Custom Start","Minty Spire (QoL Compilation)","Puzzle Mod","Relic Stats","StSLib","The Cursed","The Hierophant"],"gold_per_floor":[110,125,138,213,17,42,53,53,78,103,120,145,164,164,164,128,128],"floor_reached":16,"playtime":510,"items_purged":[],"score":257,"play_id":"83827e4c-30df-4f8e-932f-ed716f9a6100","local_time":"20201215224650","is_ascension_mode":true,"campfire_choices":[{"data":"hierophant:Martyrdom","floor":8,"key":"SMITH"},{"floor":15,"key":"REST"}],"circlet_count":0,"master_deck":["AscendersBane","hierophant:Strike_Hierophant","hierophant:Strike_Hierophant","hierophant:Strike_Hierophant","hierophant:Punish","hierophant:Defend_Hierophant","hierophant:Defend_Hierophant+1","hierophant:Defend_Hierophant","hierophant:Defend_Hierophant+1","hierophant:ChurchCoffers","hierophant:Purify","hierophant:Purify","hierophant:Chorus","hierophant:Martyrdom+1","hierophant:Doomsaying","hierophant:Bribe","hierophant:TollTheBells","hierophant:HammerAndAnvil","hierophant:AuricShield"],"relics":["hierophant:PropheticMaskRelic","PreservedInsect","War Paint","Strawberry","Boot"],"acts_visited":["Exordium"],"potions_floor_usage":[6,10,12,16],"damage_taken":[{"damage":6,"enemies":"Jaw Worm","floor":1,"turns":5},{"damage":1,"enemies":"Cultist","floor":2,"turns":3},{"damage":0,"enemies":"2 Louse","floor":3,"turns":2},{"damage":15,"enemies":"Gremlin Nob","floor":6,"turns":3},{"damage":11,"enemies":"Blue Slaver","floor":7,"turns":4},{"damage":10,"enemies":"3 Sentries","floor":10,"turns":3},{"damage":9,"enemies":"3 Louse","floor":11,"turns":3},{"damage":0,"enemies":"Lagavulin","floor":12,"turns":4},{"damage":15,"enemies":"Exordium Wildlife","floor":13,"turns":4},{"damage":35,"enemies":"The Guardian","floor":16,"turns":9}],"seed_played":"4014311284433351390","potions_obtained":[{"floor":2,"key":"SpeedPotion"},{"floor":3,"key":"Weak Potion"},{"floor":7,"key":"ColorlessPotion"},{"floor":13,"key":"Dexterity Potion"}],"is_trial":false,"path_per_floor":["M","M","M","?","$","E","M","R","T","E","M","E","M","?","R","B"],"character_chosen":"HIEROPHANT","items_purchased":["hierophant:Martyrdom","hierophant:Doomsaying","Fire Potion"],"campfire_rested":1,"item_purchase_floors":[5,5,5],"current_hp_per_floor":[69,68,68,57,57,42,31,31,31,28,19,19,4,4,30,0,0],"gold":128,"neow_bonus":"TEN_PERCENT_HP_BONUS","is_daily":false,"chose_seed":false,"campfire_upgraded":1,"win_rate":0.0,"timestamp":1608068810,"path_taken":["M","M","M","?","$","E","M","R","T","E","M","E","M","?","R","BOSS"],"items_purchased_type":["Card","Card","Potion"],"build_version":"2020-12-13","purchased_purges":0,"victory":false,"max_hp_per_floor":[82,82,82,82,82,82,82,82,82,89,89,89,89,89,89,89,89],"relic_stats":{"counters":[10,40],"PreservedInsect":62,"War Paint":["hierophant:Defend_Hierophant","hierophant:Defend_Hierophant"],"Boot":[4],"obtain_stats":[{"hierophant:PropheticMaskRelic":0,"Strawberry":10,"PreservedInsect":6,"War Paint":9,"Boot":12},{"hierophant:PropheticMaskRelic":0,"Strawberry":6,"PreservedInsect":4,"War Paint":5,"Boot":8},{"hierophant:PropheticMaskRelic":0,"Strawberry":20,"PreservedInsect":13,"War Paint":17,"Boot":27}]},"card_choices":[{"not_picked":["hierophant:Repentance","hierophant:ArchangelShield"],"picked":"hierophant:Purify","floor":1},{"not_picked":["hierophant:AuricShield","hierophant:Rebuild"],"picked":"hierophant:Purify","floor":2},{"not_picked":["hierophant:HolyVerse","hierophant:Racketeering"],"picked":"hierophant:Chorus","floor":3},{"not_picked":["hierophant:LocustPlague","hierophant:Rebuild","hierophant:Determination"],"picked":"SKIP","floor":6},{"not_picked":["hierophant:ConvertCurrency","hierophant:Blessing","hierophant:AuricBeam"],"picked":"SKIP","floor":7},{"not_picked":["hierophant:ThreeLashes","hierophant:FaithHealing"],"picked":"hierophant:Bribe","floor":10},{"not_picked":["hierophant:AuricShield","hierophant:Purify"],"picked":"hierophant:TollTheBells","floor":11},{"not_picked":["hierophant:Anathema","hierophant:FieryStrike"],"picked":"hierophant:HammerAndAnvil","floor":12},{"not_picked":["hierophant:Dazzle","hierophant:Doomsaying","hierophant:PristineSoul"],"picked":"SKIP","floor":13}],"player_experience":1863196,"relics_obtained":[{"floor":6,"key":"PreservedInsect"},{"floor":9,"key":"War Paint"},{"floor":10,"key":"Strawberry"},{"floor":12,"key":"Boot"}],"event_choices":[{"damage_healed":0,"gold_gain":75,"player_choice":"Gather Gold","damage_taken":11,"max_hp_gain":0,"max_hp_loss":0,"event_name":"World of Goop","floor":4,"gold_loss":0},{"damage_healed":0,"gold_gain":0,"cards_transformed":["hierophant:Strike_Hierophant"],"player_choice":"Transformed","damage_taken":0,"max_hp_gain":0,"max_hp_loss":0,"event_name":"Transmorgrifier","floor":14,"gold_loss":0,"cards_obtained":["hierophant:AuricShield"]}],"is_beta":false,"boss_relics":[],"items_purged_floors":[],"is_endless":false,"potions_floor_spawned":[2,3,7,13],"killed_by":"The Guardian","ascension_level":15}}