{"host":"jak4ncvfzor9mys0","time":1608075041,"event":{"mods":["2.2 Compatiblity","AchievementEnabler","BaseMod","Better Altar","Better Match","Better Note","Better Sensory Stone","Better Skull","Better Third Choice","BetterRewards","Block Reminder","Colored Map","Colored Powertips","Energized Spire","Gold Saver","Hubris","Infinite Spire","Key Reminder","Minty Spire (QoL Compilation)","Rare Cards Sparkle","Red Circlet Mod","Relic Sorter","Relic Stats","Replay The Spire","Retaliation","StSLib","SuperFastMode","The Blue Laboratory"],"gold_per_floor":[415,415,429,444,343,371,387,387,455,355,355,370,370,113,113,232,232,248,248,272,86,86,86,86],"floor_reached":23,"playtime":624,"items_purged":["Strike_R","Strike_R","Strike_R","Defend_R"],"score":314,"play_id":"8f75cb09-98a9-402e-a6c6-0e53bd188faf","local_time":"20201215153041","is_ascension_mode":false,"campfire_choices":[{"data":"Body Slam","floor":8,"key":"SMITH"},{"data":"Rage","floor":11,"key":"SMITH"},{"data":"Iron Wave","floor":15,"key":"SMITH"}],"circlet_count":0,"master_deck":["Strike_R+1","Strike_R","Defend_R","Defend_R","Defend_R","Bash","Rage+1","Twin Strike","Shrug It Off","Body Slam+1","Iron Wave+1","DDmod:SpikeMailSkill","Inflame"],"relics":["Burning Blood","Shuriken","Lantern","Golden Idol","energizedSpire:TabascoSauce"],"acts_visited":["Exordium","TheCity"],"potions_floor_usage":[6,16,23],"damage_taken":[{"damage":2,"enemies":"2 Louse","floor":1,"turns":3},{"damage":0,"enemies":"Small Slimes","floor":3,"turns":4},{"damage":2,"enemies":"Jaw Worm","floor":4,"turns":3},{"damage":0,"enemies":"Gremlin Nob","floor":6,"turns":3},{"damage":0,"enemies":"2 Fungi Beasts","floor":7,"turns":3},{"damage":0,"enemies":"Red Slaver","floor":12,"turns":3},{"damage":20,"enemies":"Slime Boss","floor":16,"turns":8},{"damage":0,"enemies":"2 Thieves","floor":18,"turns":4},{"damage":0,"enemies":"Shell Parasite","floor":20,"turns":5},{"damage":103,"enemies":"Nightmare","floor":23,"turns":13}],"seed_played":"5428717366207542779","potions_obtained":[{"floor":4,"key":"blueLaboratory:IronCompound"},{"floor":7,"key":"blueLaboratory:RecallPotion"},{"floor":16,"key":"blueLaboratory:FruitPreserves"},{"floor":18,"key":"SmokeBomb"}],"is_trial":false,"path_per_floor":["M","?","M","M","$","E","M","R","T","$","R","M","?","$","R","B",null,"M","?","M","$","?","NM"],"character_chosen":"IRONCLAD","items_purchased":["Shuriken","Twin Strike","Iron Wave","DDmod:SpikeMailSkill","Inflame"],"campfire_rested":0,"item_purchase_floors":[0,5,14,14,21],"current_hp_per_floor":[75,75,80,80,80,80,80,80,80,80,80,80,60,60,60,46,80,80,80,80,80,80,0,0],"gold":86,"neow_bonus":"","is_daily":false,"chose_seed":false,"campfire_upgraded":3,"win_rate":0.0,"timestamp":1608075041,"path_taken":["M","?","M","M","$","E","M","R","T","$","R","M","?","$","R","BOSS","M","?","M","$","?","NM"],"items_purchased_type":["Relic","Card","Card","Card","Card"],"build_version":"2020-12-13","purchased_purges":4,"victory":false,"max_hp_per_floor":[80,80,80,80,80,80,80,80,80,80,80,80,80,80,80,80,80,80,80,80,80,80,80,80],"relic_stats":{"counters":[57,305],"Shuriken":[14],"Golden Idol":32,"obtain_stats":[{"hubris:Metronome":9,"Lantern":6,"hubris:CrystalStatue":19,"Blue Doll":5,"Bottled Tornado":28,"Burning Blood":0,"ClockworkSouvenir":3,"Shovel":13,"hubris:Stopwatch":17,"hubris:ScarierMask":17,"energizedSpire:TabascoSauce":17,"Tiny Chest":9,"Replay:Bottled Eggs":26,"energizedSpire:DecayingSkull":17,"Red Skull":3,"hubris:DisguiseKit":11,"NeowsBlessing":0,"infinitespire:CursedDice":7,"Golden Idol":5,"Ring of Chaos":25,"Replay:WaspNest":0,"PreservedInsect":9,"infinitespire:Lucky Rock":7,"Akabeko":5,"Cauldron":25,"ReplayTheSpireMod:Spearhead":0,"DDmod:StuhbiRelic":10,"Shuriken":0,"betterThird:SlimedRelic":2,"hubris:ToyBattleship":24,"Membership Card":0,"Champion Belt":6,"DDmod:BarbedSlagRelic":11,"ReplayTheSpireMod:Lightbulb":8,"Pocketwatch":2,"infinitespire:Midas Blood":4},{"hubris:Metronome":3,"Lantern":51,"hubris:CrystalStatue":8,"Blue Doll":16,"Bottled Tornado":12,"Burning Blood":0,"ClockworkSouvenir":15,"Shovel":30,"hubris:Stopwatch":7,"hubris:ScarierMask":32,"energizedSpire:TabascoSauce":54,"Tiny Chest":17,"Replay:Bottled Eggs":11,"energizedSpire:DecayingSkull":20,"Red Skull":25,"hubris:DisguiseKit":4,"NeowsBlessing":0,"infinitespire:CursedDice":17,"Golden Idol":26,"Ring of Chaos":11,"Replay:WaspNest":24,"PreservedInsect":29,"infinitespire:Lucky Rock":3,"Akabeko":2,"Cauldron":11,"ReplayTheSpireMod:Spearhead":37,"DDmod:StuhbiRelic":29,"Shuriken":47,"betterThird:SlimedRelic":1,"hubris:ToyBattleship":11,"Membership Card":14,"Champion Belt":27,"DDmod:BarbedSlagRelic":29,"ReplayTheSpireMod:Lightbulb":41,"Pocketwatch":38,"infinitespire:Midas Blood":39},{"hubris:Metronome":3,"Lantern":269,"hubris:CrystalStatue":35,"Blue Doll":82,"Bottled Tornado":59,"Burning Blood":0,"ClockworkSouvenir":78,"Shovel":159,"hubris:Stopwatch":26,"hubris:ScarierMask":174,"energizedSpire:TabascoSauce":283,"Tiny Chest":89,"Replay:Bottled Eggs":55,"energizedSpire:DecayingSkull":106,"Red Skull":134,"hubris:DisguiseKit":5,"NeowsBlessing":0,"infinitespire:CursedDice":89,"Golden Idol":137,"Ring of Chaos":55,"Replay:WaspNest":132,"PreservedInsect":152,"infinitespire:Lucky Rock":3,"Akabeko":2,"Cauldron":55,"ReplayTheSpireMod:Spearhead":202,"DDmod:StuhbiRelic":152,"Shuriken":256,"betterThird:SlimedRelic":1,"hubris:ToyBattleship":55,"Membership Card":75,"Champion Belt":144,"DDmod:BarbedSlagRelic":152,"ReplayTheSpireMod:Lightbulb":215,"Pocketwatch":205,"infinitespire:Midas Blood":209}],"Burning Blood":242},"card_choices":[{"not_picked":["DDmod:SpikeMailSkill","Feel No Pain"],"picked":"Rage","floor":1},{"not_picked":["Thunderclap","DDmod:EasePowerCard","Evolve"],"picked":"SKIP","floor":3},{"not_picked":["Clothesline","Metallicize","Second Wind"],"picked":"SKIP","floor":4},{"not_picked":["Iron Wave","infinitespire:OneForAll"],"picked":"Shrug It Off","floor":6},{"not_picked":["True Grit","Havoc"],"picked":"Body Slam","floor":7},{"not_picked":["DDmod:SpikeShotSkill","ReplayTheSpireMod:LeadingStrike","True Grit"],"picked":"SKIP","floor":12},{"not_picked":["Sword Boomerang","ReplayTheSpireMod:Corrosion Curse+1","Battle Trance"],"picked":"SKIP","floor":18},{"not_picked":["Headbutt","DDmod:EasePowerCard","Massacre+1"],"picked":"SKIP","floor":20}],"player_experience":2612722,"relics_obtained":[{"floor":6,"key":"Lantern"}],"event_choices":[{"damage_healed":0,"gold_gain":0,"player_choice":"Take Damage","damage_taken":20,"relics_obtained":["Golden Idol"],"max_hp_gain":0,"max_hp_loss":0,"event_name":"Golden Idol","floor":13,"gold_loss":0},{"damage_healed":0,"gold_gain":0,"player_choice":"Bought 0 Potions","damage_taken":0,"max_hp_gain":0,"max_hp_loss":0,"event_name":"The Woman in Blue","floor":19,"gold_loss":0},{"cards_removed":["Strike_R"],"damage_healed":0,"gold_gain":0,"player_choice":"Give","damage_taken":0,"max_hp_gain":0,"max_hp_loss":0,"event_name":"betterNote:BetterNote","floor":22,"gold_loss":0,"cards_obtained":["Bash"]}],"is_beta":false,"boss_relics":[{"not_picked":["energizedSpire:EnergizedDie","Cursed Key"],"picked":"energizedSpire:TabascoSauce"}],"items_purged_floors":[5,10,14,21],"is_endless":false,"potions_floor_spawned":[4,7,16,18],"killed_by":"Nightmare","ascension_level":0}}