{"host":"p7j7o00jacnw7qzt","time":1608051030,"event":{"mods":["BaseMod","Colored Map","Colored Powertips","DeckTracker","Highlight Path","Minty Spire (QoL Compilation)","Relic Stats"],"gold_per_floor":[118,118,118,137,62,96,96,135,190,224,242,257,257,281,281,281,281],"floor_reached":16,"playtime":490,"items_purged":["Strike_R"],"score":290,"play_id":"20594c9a-8965-4fa6-a91a-9fc39707d2d3","local_time":"20201215115030","is_ascension_mode":true,"campfire_choices":[{"data":"Rupture","floor":13.0,"key":"SMITH"},{"data":"Bloodletting","floor":15.0,"key":"SMITH"}],"circlet_count":0,"master_deck":["AscendersBane","Strike_R","Strike_R","Strike_R","Strike_R","Defend_R","Defend_R","Defend_R","Defend_R","Bash","Dark Embrace","Pommel Strike","Offering","Rupture+1","Bloodletting+1","Shrug It Off","Reaper"],"relics":["Burning Blood","NeowsBlessing","Blood Vial","Anchor","Golden Idol","CaptainsWheel","Art of War","Toy Ornithopter"],"acts_visited":["Exordium"],"potions_floor_usage":[],"damage_taken":[{"damage":0.0,"enemies":"Small Slimes","floor":1.0,"turns":1.0},{"damage":0.0,"enemies":"Cultist","floor":4.0,"turns":1.0},{"damage":0.0,"enemies":"Lagavulin","floor":6.0,"turns":1.0},{"damage":41.0,"enemies":"3 Sentries","floor":8.0,"turns":13.0},{"damage":14.0,"enemies":"Gremlin Nob","floor":10.0,"turns":4.0},{"damage":0.0,"enemies":"2 Louse","floor":11.0,"turns":3.0},{"damage":10.0,"enemies":"Large Slime","floor":12.0,"turns":5.0},{"damage":14.0,"enemies":"Blue Slaver","floor":14.0,"turns":3.0},{"damage":35,"enemies":"The Guardian","floor":16,"turns":2}],"seed_played":"-6391178475247142486","potions_obtained":[{"floor":1.0,"key":"Explosive Potion"},{"floor":6.0,"key":"Weak Potion"},{"floor":10.0,"key":"FearPotion"}],"is_trial":false,"path_per_floor":["M","?","$","M","$","E","?","E","T","E","M","M","R","M","R","B"],"character_chosen":"IRONCLAD","items_purchased":[],"campfire_rested":0,"item_purchase_floors":[],"current_hp_per_floor":[74,74,74,75,75,75,49,16,16,10,18,21,21,15,15,0,0],"gold":281,"neow_bonus":"THREE_ENEMY_KILL","is_daily":false,"chose_seed":false,"campfire_upgraded":2,"win_rate":0.0,"timestamp":1608051030,"path_taken":["M","?","?","M","$","E","?","E","T","E","M","M","R","M","R","BOSS"],"items_purchased_type":[],"build_version":"2020-12-13","purchased_purges":1,"victory":false,"max_hp_per_floor":[75,75,75,75,75,75,75,75,75,75,75,75,75,75,75,75,75],"relic_stats":{"Blood Vial":13,"counters":[9,33],"Golden Idol":27,"Art of War":[0],"obtain_stats":[{"Blood Vial":2,"Anchor":6,"CaptainsWheel":8,"NeowsBlessing":0,"Golden Idol":7,"Art of War":9,"Burning Blood":0,"Toy Ornithopter":10},{"Blood Vial":1,"Anchor":3,"CaptainsWheel":4,"NeowsBlessing":0,"Golden Idol":3,"Art of War":4,"Burning Blood":0,"Toy Ornithopter":5},{"Blood Vial":1,"Anchor":3,"CaptainsWheel":16,"NeowsBlessing":0,"Golden Idol":3,"Art of War":16,"Burning Blood":0,"Toy Ornithopter":20}],"Burning Blood":36,"Toy Ornithopter":5},"card_choices":[{"not_picked":["Feel No Pain","Perfected Strike"],"picked":"Dark Embrace","floor":1.0},{"not_picked":["Wild Strike","Thunderclap"],"picked":"Pommel Strike","floor":4.0},{"not_picked":["Havoc","Reckless Charge"],"picked":"Offering","floor":6.0},{"not_picked":["Sever Soul","Thunderclap","Pommel Strike"],"picked":"SKIP","floor":8.0},{"not_picked":["Anger","Clash"],"picked":"Rupture","floor":10.0},{"not_picked":["Fire Breathing","Warcry"],"picked":"Bloodletting","floor":11.0},{"not_picked":["Body Slam","Fire Breathing"],"picked":"Shrug It Off","floor":12.0},{"not_picked":["Metallicize","Warcry"],"picked":"Reaper","floor":14.0}],"player_experience":869540,"relics_obtained":[{"floor":6.0,"key":"Anchor"},{"floor":8.0,"key":"CaptainsWheel"},{"floor":9.0,"key":"Art of War"},{"floor":10.0,"key":"Toy Ornithopter"}],"event_choices":[{"damage_healed":0.0,"max_hp_gain":0.0,"max_hp_loss":0.0,"gold_gain":0.0,"event_name":"WeMeetAgain","player_choice":"Gave Potion","floor":2.0,"gold_loss":0.0,"damage_taken":0.0,"relics_obtained":["Blood Vial"]},{"damage_healed":0.0,"max_hp_gain":0.0,"max_hp_loss":0.0,"gold_gain":0.0,"event_name":"Golden Idol","player_choice":"Take Damage","floor":7.0,"gold_loss":0.0,"damage_taken":26.0,"relics_obtained":["Golden Idol"]}],"is_beta":false,"boss_relics":[],"items_purged_floors":[5],"is_endless":false,"potions_floor_spawned":[1,6,10],"killed_by":"The Guardian","ascension_level":20}}