{"host":"6p0attdrtjqaih7v","time":1608011569,"event":{"mods":["2.2 Compatiblity","AchievementEnabler","Bard","BaseMod","Better Skull","Better Third Choice","Colored Powertips","Hermit","Highlight Path","Jorbs\u0027s Wanderer Trilogy","Key Reminder","Minty Spire (QoL Compilation)","Permanent Neow","Quick Restart","Random Character Button","Relic Stats","Replay The Spire","StSLib","The Construct"],"gold_per_floor":[119,119,133,148,226,226,288,394,394,444,444,477,505,69,69,222,222,255,288,15,65,65,65],"floor_reached":22,"playtime":1155,"items_purged":["Pain","hermit:Strike_Hermit"],"score":363,"play_id":"17035cf5-019e-4c1a-98aa-a50752f39b96","local_time":"20201215005249","is_ascension_mode":true,"campfire_choices":[{"data":"hermit:Glare","floor":6,"key":"SMITH"},{"data":"hermit:Brawl","floor":11,"key":"SMITH"},{"data":"Magnetism","floor":15,"key":"SMITH"}],"circlet_count":0,"master_deck":["AscendersBane","hermit:Strike_Hermit","hermit:Strike_Hermit","hermit:Strike_Hermit","hermit:Defend_Hermit","hermit:Defend_Hermit","hermit:Defend_Hermit","hermit:Defend_Hermit","hermit:Snapshot+1","hermit:Covet","hermit:Headshot","hermit:DeadOrAlive","hermit:Glare+1","hermit:LoneWolf","hermit:Brawl+1","hermit:Determination","hermit:Headshot","hermit:Deadeye","Magnetism+1","hermit:HoleUp","hermit:Dissolve","AbeCurse","Impatience","Writhe"],"relics":["hermit:Momento","SsserpentHead","hermit:RyeStalk","Eternal Feather","Replay:Bottled Flurry","ReplayTheSpireMod:ShopPack","Regal Pillow","Abe\u0027s Treasure","Replay:Baseball"],"acts_visited":["Exordium","TheCity"],"potions_floor_usage":[7,10,12,13,18,22,22],"damage_taken":[{"damage":0,"enemies":"2 Louse","floor":1,"turns":3},{"damage":1,"enemies":"Cultist","floor":3,"turns":3},{"damage":0,"enemies":"Small Slimes","floor":4,"turns":2},{"damage":4,"enemies":"Red Slaver","floor":5,"turns":2},{"damage":10,"enemies":"3 Sentries","floor":7,"turns":6},{"damage":13,"enemies":"3 Louse","floor":10,"turns":3},{"damage":0,"enemies":"Looter","floor":12,"turns":1},{"damage":24,"enemies":"Gremlin Nob","floor":13,"turns":4},{"damage":16,"enemies":"The Guardian","floor":16,"turns":13},{"damage":30,"enemies":"Chosen","floor":18,"turns":6},{"damage":8,"enemies":"Shell Parasite","floor":19,"turns":5},{"damage":20,"enemies":"Snake Plant","floor":22,"turns":4}],"seed_played":"1640841505647869661","potions_obtained":[{"floor":3,"key":"Elixir"},{"floor":5,"key":"Ancient Potion"},{"floor":7,"key":"SkillPotion"},{"floor":8,"key":"hermit:Eclipse"},{"floor":8,"key":"SteroidPotion"},{"floor":12,"key":"SpeedPotion"},{"floor":16,"key":"Weak Potion"},{"floor":19,"key":"Toxic Potion"}],"is_trial":false,"path_per_floor":["M","?","M","M","M","R","E","?","T","M","R","M","E","$","R","B",null,"M","M","$","?","M"],"character_chosen":"HERMIT","items_purchased":["ReplayTheSpireMod:ShopPack","hermit:HoleUp","Regal Pillow","Impatience","DuplicationPotion"],"campfire_rested":0,"item_purchase_floors":[14,14,14,20,20],"current_hp_per_floor":[64,64,63,63,59,59,49,49,49,36,45,45,21,21,33,17,58,28,20,20,20,0,0],"gold":65,"neow_bonus":"UPGRADE_CARD","is_daily":false,"chose_seed":false,"campfire_upgraded":3,"win_rate":0.0,"timestamp":1608011569,"path_taken":["M","?","M","M","?","R","E","?","T","M","R","M","E","$","R","BOSS","M","M","$","?","M"],"items_purchased_type":["Relic","Card","Relic","Card","Potion"],"build_version":"2020-12-13","purchased_purges":2,"victory":false,"max_hp_per_floor":[71,71,71,71,71,71,71,71,71,71,71,71,71,71,71,71,71,71,71,71,71,71,71],"relic_stats":{"SsserpentHead":150,"Regal Pillow":0,"counters":[12,52],"Eternal Feather":21,"obtain_stats":[{"SsserpentHead":2,"hermit:RyeStalk":7,"Regal Pillow":14,"Replay:Baseball":21,"Eternal Feather":9,"Replay:Bottled Flurry":13,"hermit:Momento":0,"Abe\u0027s Treasure":17,"ReplayTheSpireMod:ShopPack":14},{"SsserpentHead":1,"hermit:RyeStalk":5,"Regal Pillow":8,"Replay:Baseball":11,"Eternal Feather":5,"Replay:Bottled Flurry":8,"hermit:Momento":0,"Abe\u0027s Treasure":9,"ReplayTheSpireMod:ShopPack":8},{"SsserpentHead":3,"hermit:RyeStalk":16,"Regal Pillow":24,"Replay:Baseball":48,"Eternal Feather":16,"Replay:Bottled Flurry":24,"hermit:Momento":0,"Abe\u0027s Treasure":37,"ReplayTheSpireMod:ShopPack":24}]},"card_choices":[{"not_picked":["hermit:ItchyTrigger","hermit:Coalescence"],"picked":"hermit:Headshot","floor":1},{"not_picked":["hermit:Glare","hermit:ShadowCloak"],"picked":"hermit:DeadOrAlive","floor":3},{"not_picked":["hermit:ShadowCloak","hermit:Quickdraw"],"picked":"hermit:Glare","floor":4},{"not_picked":["hermit:FullyLoaded","hermit:Roulette"],"picked":"hermit:LoneWolf","floor":5},{"not_picked":["hermit:DeadMansHand","hermit:Grudge"],"picked":"hermit:Brawl","floor":7},{"not_picked":["hermit:Coalescence","hermit:Desperado"],"picked":"hermit:Determination","floor":8},{"not_picked":["hermit:SprayPray","hermit:Spite"],"picked":"hermit:Headshot","floor":10},{"not_picked":["hermit:FatalDesire","hermit:Glare","hermit:TrackingShot"],"picked":"SKIP","floor":12},{"not_picked":["hermit:Misfire","hermit:GhostlyPresence"],"picked":"hermit:Deadeye","floor":13},{"not_picked":["Enlightenment","Specialist"],"picked":"Magnetism","floor":14},{"not_picked":["hermit:EternalForm","hermit:HeroicBravado"],"picked":"hermit:Dissolve","floor":16},{"not_picked":["hermit:HighCaliber","hermit:Ricochet","hermit:ShadowCloak"],"picked":"SKIP","floor":18},{"not_picked":["hermit:TakeAim+1","hermit:Desperado","hermit:Quickdraw"],"picked":"SKIP","floor":19}],"player_experience":843667,"relics_obtained":[{"floor":7,"key":"hermit:RyeStalk"},{"floor":9,"key":"Eternal Feather"},{"floor":13,"key":"Replay:Bottled Flurry"}],"event_choices":[{"damage_healed":0,"gold_gain":0,"player_choice":"Trade","damage_taken":0,"relics_obtained":["SsserpentHead"],"max_hp_gain":0,"max_hp_loss":0,"event_name":"FaceTrader","floor":2,"gold_loss":0},{"damage_healed":0,"gold_gain":0,"player_choice":"Opened","damage_taken":0,"relics_obtained":["Replay:Baseball"],"max_hp_gain":0,"max_hp_loss":0,"event_name":"The Mausoleum","floor":21,"gold_loss":0,"cards_obtained":["Writhe"]}],"is_beta":false,"boss_relics":[{"not_picked":["Astrolabe","ReplayTheSpireMod:DimensionalGlitch"],"picked":"Abe\u0027s Treasure"}],"items_purged_floors":[14,20],"is_endless":false,"potions_floor_spawned":[3,5,7,12,16,19],"killed_by":"Snake Plant","ascension_level":17}}