{"host":"f0gpob8hq9vgebej","time":1608014078,"event":{"mods":["AchievementEnabler","BaseMod","Googly Eyes","Minty Spire (QoL Compilation)","Quick Restart","SuperFastMode"],"gold_per_floor":[114,131,144,164,177,177,191,40,40,40,51,64,64,64,64,160,160,178,10,21,21,21],"floor_reached":21,"playtime":547,"items_purged":["Strike_G","Flying Knee"],"score":219,"play_id":"904e22e9-e177-40c8-8df4-ab31d2907b81","local_time":"20201215153438","is_ascension_mode":true,"campfire_choices":[{"data":"After Image","floor":6.0,"key":"SMITH"},{"data":"Tactician","floor":10.0,"key":"SMITH"},{"floor":13,"key":"REST"},{"data":"1","floor":15,"key":"LIFT"}],"circlet_count":0,"master_deck":["Survivor","Neutralize","After Image+1","Dagger Spray","Crippling Poison","Backflip","Poisoned Stab","Tactician+1","Reflex","After Image","Blur","Sucker Punch","Deflect","Flying Knee","Slice","Skewer","Footwork","Storm of Steel","Acrobatics","Accuracy"],"relics":["Ring of the Snake","Girya","Pandora\u0027s Box"],"acts_visited":["Exordium","TheCity"],"potions_floor_usage":[16,16,18],"damage_taken":[{"damage":4.0,"enemies":"Jaw Worm","floor":1.0,"turns":6.0},{"damage":0.0,"enemies":"2 Louse","floor":2.0,"turns":3.0},{"damage":3.0,"enemies":"Small Slimes","floor":3.0,"turns":6.0},{"damage":0.0,"enemies":"2 Fungi Beasts","floor":4.0,"turns":5.0},{"damage":16.0,"enemies":"Exordium Thugs","floor":5.0,"turns":7.0},{"damage":7.0,"enemies":"Blue Slaver","floor":7.0,"turns":4.0},{"damage":4,"enemies":"Lots of Slimes","floor":11,"turns":2},{"damage":6,"enemies":"Exordium Wildlife","floor":12,"turns":5},{"damage":20,"enemies":"The Guardian","floor":16,"turns":16},{"damage":23,"enemies":"2 Thieves","floor":18,"turns":5},{"damage":27,"enemies":"Chosen","floor":20,"turns":8},{"damage":7,"enemies":"Sentry and Sphere","floor":21,"turns":4}],"seed_played":"-8860169567386081804","potions_obtained":[{"floor":1.0,"key":"Block Potion"},{"floor":5.0,"key":"Strength Potion"},{"floor":7.0,"key":"Dexterity Potion"},{"floor":11,"key":"AttackPotion"},{"floor":16,"key":"Explosive Potion"},{"floor":20,"key":"FearPotion"}],"is_trial":false,"path_per_floor":["M","M","M","M","M","R","M","$","T","R","M","M","R","?","R","B",null,"M","$","M","M"],"character_chosen":"THE_SILENT","items_purchased":["Tactician","Accuracy"],"campfire_rested":1,"item_purchase_floors":[8,19],"current_hp_per_floor":[45,45,42,42,26,26,19,19,19,19,15,9,30,30,30,10,55,32,32,5,0,0],"gold":21,"neow_bonus":"THREE_RARE_CARDS","is_daily":false,"chose_seed":false,"campfire_upgraded":2,"win_rate":0.0,"timestamp":1608014078,"path_taken":["M","M","M","M","M","R","M","$","T","R","M","M","R","?","R","BOSS","M","$","M","M"],"items_purchased_type":["Card","Card"],"build_version":"2020-12-13","purchased_purges":2,"victory":false,"max_hp_per_floor":[70,70,70,70,70,70,70,70,70,70,70,70,70,70,70,70,70,70,70,70,70,70],"card_choices":[{"not_picked":["Bullet Time","Storm of Steel"],"picked":"After Image","floor":0.0},{"not_picked":["Footwork","Quick Slash"],"picked":"Dagger Spray","floor":1.0},{"not_picked":["Setup","Expertise","Bane"],"picked":"SKIP","floor":2.0},{"not_picked":["Prepared","Setup"],"picked":"Crippling Poison","floor":3.0},{"not_picked":["Dodge and Roll","Eviscerate"],"picked":"Backflip","floor":4.0},{"not_picked":["Predator","Underhanded Strike"],"picked":"Poisoned Stab","floor":5.0},{"not_picked":["Dodge and Roll","Bane","Sucker Punch"],"picked":"SKIP","floor":7.0},{"not_picked":["Underhanded Strike","Deflect","Quick Slash"],"picked":"SKIP","floor":11},{"not_picked":["Dodge and Roll","Night Terror"],"picked":"Reflex","floor":12},{"not_picked":["A Thousand Cuts","Venomology"],"picked":"After Image","floor":16},{"not_picked":["Deadly Poison","Well Laid Plans+1"],"picked":"Acrobatics","floor":18},{"not_picked":["Sucker Punch","Underhanded Strike","Backflip"],"picked":"SKIP","floor":20}],"player_experience":137187,"relics_obtained":[{"floor":9.0,"key":"Girya"}],"event_choices":[{"damage_healed":0,"gold_gain":0,"player_choice":"Ignored","damage_taken":0,"max_hp_gain":0,"max_hp_loss":0,"event_name":"Golden Idol","floor":14,"gold_loss":0}],"is_beta":false,"boss_relics":[{"not_picked":["Fusion Hammer","Philosopher\u0027s Stone"],"picked":"Pandora\u0027s Box"}],"items_purged_floors":[8,19],"is_endless":false,"potions_floor_spawned":[1,5,7,11,16,20],"killed_by":"Sentry and Sphere","ascension_level":5}}