{"host":"r5cycnjhcbwgkpkf","time":1608058965,"event":{"mods":["2.2 Compatiblity","AchievementEnabler","BaseMod","Bestiary","Better Match","Better Note","Better Skull","Better Third Choice","BetterRewards","Colored Map","Colored Powertips","Infinite Spire","Minty Spire (QoL Compilation)","Replay The Spire","Robot Space Explorer","Spicy Shops","StSLib","The Gatherer"],"gold_per_floor":[110,74,89,13,13,38,38,66,137,157,79,79,110,110,110,206,206,224,224,224,237,336,336,352,372,395,92,92,92,52,62,62,161,161,178,228,228,239,239,239],"floor_reached":39,"playtime":1684,"items_purged":["Decay"],"score":567,"play_id":"9cb9141f-787e-4059-8ee5-2448fe8d2079","local_time":"20201215110245","is_ascension_mode":true,"campfire_choices":[{"floor":7,"key":"REST"},{"floor":12,"key":"REST"},{"floor":15,"key":"REST"},{"floor":23,"key":"REST"},{"floor":28,"key":"REST"},{"floor":32,"key":"REST"}],"circlet_count":0,"master_deck":["Strike_B","Strike_B","Strike_B","Strike_B","Defend_B","Defend_B","Defend_B","Defend_B","Zap","Dualcast","Lockon","Panic Button","Ball Lightning","Loop","Redo","Melter","Apotheosis+1","Echo Form+1","Redo","Static Discharge","Static Discharge","Mayhem+1","Hello World","Biased Cognition","FTL+1","infinitespire:TheBestDefense","Static Discharge+1"],"relics":["Cracked Core","ClockworkSouvenir","Sling","ReplayTheSpireMod:CursedCoin","infinitespire:PuzzleCube","Strawberry","Blue Doll","Chameleon Ring","Iron Hammer","Anchor","Darkstone Periapt","Sozu","MutagenicStrength","Runic Capacitor","Art of War","Mummified Hand","Ring of Chaos","Replay:Arrowhead","TungstenRod"],"acts_visited":["Exordium","TheCity","TheBeyond"],"potions_floor_usage":[8,38],"damage_taken":[{"damage":0,"enemies":"Small Slimes","floor":1,"turns":2},{"damage":7,"enemies":"Jaw Worm","floor":3,"turns":2},{"damage":18,"enemies":"Gremlin Nob","floor":6,"turns":3},{"damage":20,"enemies":"Lagavulin","floor":8,"turns":4},{"damage":0,"enemies":"2 Louse","floor":10,"turns":1},{"damage":0,"enemies":"3 Sentries","floor":13,"turns":4},{"damage":46,"enemies":"Hexaghost","floor":16,"turns":6},{"damage":6,"enemies":"Spheric Guardian","floor":18,"turns":3},{"damage":4,"enemies":"3 Byrds","floor":21,"turns":4},{"damage":31,"enemies":"Snecko","floor":24,"turns":4},{"damage":27,"enemies":"Shelled Parasite and Fungi","floor":25,"turns":4},{"damage":6,"enemies":"Chosen and Byrds","floor":31,"turns":4},{"damage":38,"enemies":"Collector","floor":33,"turns":6},{"damage":14,"enemies":"Orb Walker","floor":35,"turns":3},{"damage":28,"enemies":"Mind Bloom Boss Battle","floor":36,"turns":4},{"damage":20,"enemies":"3 Darklings","floor":38,"turns":3},{"damage":20,"enemies":"Maw","floor":39,"turns":4}],"seed_played":"-5214444457234438417","potions_obtained":[{"floor":1,"key":"Weak Potion"},{"floor":8,"key":"PotionOfCapacity"},{"floor":16,"key":"Adrenaline Potion"}],"is_trial":false,"path_per_floor":["M","$","M","$","?","E","R","E","T","M","$","R","E","?","R","B",null,"M","?","AVR","M","?","R","M","M","T","$","R","?","?","M","R","B",null,"M","?","AVR","M","M"],"character_chosen":"DEFECT","items_purchased":["ClockworkSouvenir","Lockon","Panic Button","Sling","ReplayTheSpireMod:CursedCoin","Loop","infinitespire:PuzzleCube","Anchor","Static Discharge","Mummified Hand","Mayhem+1"],"campfire_rested":6,"item_purchase_floors":[0,0,0,0,2,2,4,11,27,27,27],"current_hp_per_floor":[55,55,48,48,30,12,36,16,16,16,16,40,40,40,64,18,66,60,60,60,56,56,80,49,22,22,22,46,46,46,40,64,26,68,54,26,26,6,0,0],"gold":239,"neow_bonus":"","is_daily":false,"chose_seed":false,"campfire_upgraded":0,"win_rate":0.0,"timestamp":1608058965,"path_taken":["M","$","M","$","?","E","R","E","T","M","$","R","E","?","R","BOSS","M","?","AVR","M","?","R","M","M","T","$","R","?","?","?","R","BOSS","M","?","AVR","M","M"],"items_purchased_type":["Relic","Card","Card","Relic","Relic","Card","Relic","Relic","Card","Relic","Card"],"build_version":"2020-12-13","purchased_purges":1,"victory":false,"max_hp_per_floor":[75,75,75,75,82,82,82,82,82,82,82,82,82,82,82,82,82,82,82,82,82,82,82,82,82,82,82,82,82,82,82,82,82,82,82,82,82,82,82,82],"card_choices":[{"not_picked":["Aggregate","Time Bomb"],"picked":"Ball Lightning","floor":1},{"not_picked":["Sweeping Beam","Barrage","Stack"],"picked":"SKIP","floor":3},{"not_picked":["Recycle","Gash","Barrage"],"picked":"SKIP","floor":6},{"not_picked":["Coolheaded","Capacitor"],"picked":"Redo","floor":8},{"not_picked":["Streamline","Rebound"],"picked":"Melter","floor":10},{"not_picked":["Sweeping Beam","ReplayTheSpireMod:GoodbyeWorld","Capacitor"],"picked":"SKIP","floor":13},{"not_picked":["All For One","Buffer"],"picked":"Echo Form","floor":16},{"not_picked":["Doom and Gloom","Gash","Compile Driver"],"picked":"SKIP","floor":18},{"not_picked":["Panic Button","ReplayGash"],"picked":"Redo","floor":21},{"not_picked":["Stack","Time Bomb+1","Panic Button"],"picked":"SKIP","floor":24},{"not_picked":["Coolheaded","Meteor Strike","Leap"],"picked":"SKIP","floor":25},{"not_picked":["Streamline","Reinforced Body"],"picked":"Hello World","floor":31},{"not_picked":["Machine Learning","Reboot"],"picked":"Biased Cognition","floor":33},{"not_picked":["Redo+1","Gash+1"],"picked":"FTL+1","floor":35},{"not_picked":["ReplaySolidLightProjector+1","Turbo"],"picked":"Static Discharge+1","floor":38}],"player_experience":303911,"relics_obtained":[{"floor":6,"key":"Blue Doll"},{"floor":8,"key":"Chameleon Ring"},{"floor":9,"key":"Iron Hammer"},{"floor":13,"key":"Darkstone Periapt"},{"floor":26,"key":"Art of War"},{"floor":36,"key":"Replay:Arrowhead"}],"event_choices":[{"damage_healed":0,"gold_gain":0,"player_choice":"Relic ","damage_taken":25,"max_hp_gain":0,"max_hp_loss":0,"event_name":"betterThird:BetterScrap","floor":5,"gold_loss":0,"cards_obtained":["Limit Break"]},{"damage_healed":40,"gold_gain":0,"player_choice":"Embrace","damage_taken":0,"max_hp_gain":0,"max_hp_loss":82,"event_name":"betterThird:BetterShining","floor":14,"gold_loss":0},{"damage_healed":0,"gold_gain":0,"player_choice":"Inject Mutagens","damage_taken":0,"relics_obtained":["MutagenicStrength"],"max_hp_gain":0,"max_hp_loss":0,"event_name":"Drug Dealer","floor":19,"gold_loss":0},{"damage_healed":0,"gold_gain":99,"player_choice":"Steal","damage_taken":0,"max_hp_gain":0,"max_hp_loss":0,"event_name":"betterThird:BetterNest","floor":22,"gold_loss":0},{"damage_healed":0,"gold_gain":0,"player_choice":"Ignored","damage_taken":0,"max_hp_gain":0,"max_hp_loss":0,"event_name":"Cursed Tome","floor":29,"gold_loss":0},{"damage_healed":0,"gold_gain":0,"player_choice":"Upgrade","damage_taken":0,"max_hp_gain":0,"max_hp_loss":0,"event_name":"Designer","floor":30,"gold_loss":40,"cards_upgraded":["Echo Form"]},{"damage_healed":0,"gold_gain":0,"player_choice":"Fight","damage_taken":0,"max_hp_gain":0,"max_hp_loss":0,"event_name":"MindBloom","floor":36,"gold_loss":0}],"is_beta":false,"boss_relics":[{"not_picked":["Tiny House","Honey Jar"],"picked":"Sozu"},{"not_picked":["Replay:Drink Me","Runic Dome"],"picked":"Ring of Chaos"}],"items_purged_floors":[2],"is_endless":false,"potions_floor_spawned":[1,8,16,21,25,33,35,36],"killed_by":"Maw","ascension_level":7}}