{"host":"qwttrqaysb380yri","time":1608032227,"event":{"mods":["BaseMod","Custom Start","Minty Spire (QoL Compilation)","Puzzle Mod","Relic Stats","StSLib","The Cursed","The Hierophant"],"gold_per_floor":[117,180,180,200,28,28,63,148,196,252,297,350,362,374,386,498,510,488,542,604,616,5,5,5,47,71,127,127,177,177,217,217,217,217],"floor_reached":33,"playtime":1170,"items_purged":["Strike_R"],"score":527,"play_id":"90caaca8-1ccb-4e4c-98a8-de784c87598c","local_time":"20201215123707","is_ascension_mode":true,"campfire_choices":[{"data":"HandOfGreed","floor":6,"key":"SMITH"},{"floor":13,"key":"REST"},{"data":"Disarm","floor":15,"key":"SMITH"},{"floor":24,"key":"REST"},{"floor":28,"key":"REST"},{"floor":30,"key":"REST"},{"floor":32,"key":"REST"}],"circlet_count":0,"master_deck":["AscendersBane","Strike_R","Strike_R","Strike_R","Strike_R","Defend_R","Defend_R","Defend_R","Defend_R","Bash","Clothesline","Sever Soul","HandOfGreed+1","Disarm+1","Iron Wave","Shockwave","Cleave","Armaments","Thunderclap","Offering","Sentinel","Uppercut","Sentinel","Reaper","Iron Wave","Rage","Inflame","Demon Form","Sentinel","Armaments+1","Dual Wield"],"relics":["Burning Blood","Pen Nib","Art of War","Dream Catcher","MawBank","Black Star","Enchiridion","Pear","Happy Flower","Anchor","Omamori","Red Skull","Lantern"],"acts_visited":["Exordium","TheCity"],"potions_floor_usage":[10,12,12,16,19,25,27,29,33,33],"damage_taken":[{"damage":3,"enemies":"2 Louse","floor":1,"turns":4},{"damage":8,"enemies":"Small Slimes","floor":4,"turns":4},{"damage":4,"enemies":"Jaw Worm","floor":7,"turns":3},{"damage":32,"enemies":"3 Sentries","floor":8,"turns":7},{"damage":37,"enemies":"Lagavulin","floor":10,"turns":7},{"damage":0,"enemies":"2 Fungi Beasts","floor":11,"turns":3},{"damage":5,"enemies":"3 Sentries","floor":12,"turns":5},{"damage":17,"enemies":"Hexaghost","floor":16,"turns":10},{"damage":35,"enemies":"2 Thieves","floor":18,"turns":5},{"damage":15,"enemies":"Chosen","floor":19,"turns":5},{"damage":34,"enemies":"3 Cultists","floor":25,"turns":6},{"damage":37,"enemies":"Book of Stabbing","floor":27,"turns":6},{"damage":34,"enemies":"Slavers","floor":29,"turns":7},{"damage":12,"enemies":"Snake Plant","floor":31,"turns":4},{"damage":76,"enemies":"Collector","floor":33,"turns":7}],"seed_played":"7314638141213860015","potions_obtained":[{"floor":4,"key":"EntropicBrew"},{"floor":8,"key":"PowerPotion"},{"floor":10,"key":"DistilledChaos"},{"floor":18,"key":"Dexterity Potion"},{"floor":27,"key":"Dexterity Potion"},{"floor":29,"key":"SteroidPotion"},{"floor":31,"key":"Ancient Potion"}],"is_trial":false,"path_per_floor":["M","?","?","M","$","R","M","E","T","E","M","E","R","?","R","B",null,"M","M","?","?","$","?","R","M","T","E","R","E","R","M","R","B"],"character_chosen":"IRONCLAD","items_purchased":["HandOfGreed","Sentinel","Reaper","Pear","Dexterity Potion"],"campfire_rested":5,"item_purchase_floors":[5,22,22,22,22],"current_hp_per_floor":[78,78,78,76,76,76,78,52,52,21,27,28,52,34,34,23,67,38,29,29,8,18,18,45,34,34,9,36,20,47,41,68,0,0],"gold":217,"neow_bonus":"TEN_PERCENT_HP_BONUS","is_daily":false,"chose_seed":false,"campfire_upgraded":2,"win_rate":0.0,"timestamp":1608032227,"path_taken":["M","?","?","M","$","R","M","E","T","E","M","E","R","?","R","BOSS","M","M","?","?","$","?","R","M","T","E","R","E","R","M","R","BOSS"],"items_purchased_type":["Card","Card","Card","Relic","Potion"],"build_version":"2020-12-13","purchased_purges":1,"victory":false,"max_hp_per_floor":[82,82,82,82,82,82,82,82,82,82,82,82,82,82,82,82,82,82,82,82,82,92,92,92,92,92,92,92,92,92,92,92,92,92],"relic_stats":{"Dream Catcher":5,"Happy Flower":[8],"counters":[15,83],"Pen Nib":[8],"Art of War":[12],"Black Star":2,"MawBank":120,"obtain_stats":[{"Lantern":29,"Pear":22,"Happy Flower":26,"Enchiridion":21,"Pen Nib":8,"Omamori":27,"MawBank":12,"Burning Blood":0,"Dream Catcher":10,"Anchor":27,"Art of War":9,"Black Star":17,"Red Skull":29},{"Lantern":13,"Pear":10,"Happy Flower":11,"Enchiridion":10,"Pen Nib":4,"Omamori":12,"MawBank":7,"Burning Blood":0,"Dream Catcher":5,"Anchor":12,"Art of War":4,"Black Star":8,"Red Skull":13},{"Lantern":72,"Pear":53,"Happy Flower":59,"Enchiridion":53,"Pen Nib":18,"Omamori":65,"MawBank":33,"Burning Blood":0,"Dream Catcher":25,"Anchor":65,"Art of War":18,"Black Star":43,"Red Skull":72}],"Burning Blood":84},"card_choices":[{"not_picked":["Flex","Iron Wave"],"picked":"Clothesline","floor":1},{"not_picked":["Intimidate","Sword Boomerang"],"picked":"Sever Soul","floor":4},{"not_picked":["Warcry","True Grit"],"picked":"Disarm","floor":7},{"not_picked":["Disarm","Rupture"],"picked":"Iron Wave","floor":8},{"not_picked":["Reaper","Whirlwind"],"picked":"Shockwave","floor":10},{"not_picked":["Whirlwind","Rampage"],"picked":"Cleave","floor":11},{"not_picked":["Rage","Thunderclap"],"picked":"Armaments","floor":12},{"not_picked":["Dark Embrace","Perfected Strike"],"picked":"Thunderclap","floor":13},{"not_picked":["Barricade","Fiend Fire"],"picked":"Offering","floor":16},{"not_picked":["Sword Boomerang","Rampage"],"picked":"Sentinel","floor":18},{"not_picked":["Thunderclap","Clash"],"picked":"Uppercut","floor":19},{"not_picked":["Combust","Headbutt+1"],"picked":"Iron Wave","floor":24},{"not_picked":["Flex","Entrench","Warcry+1"],"picked":"SKIP","floor":25},{"not_picked":["Perfected Strike","Armaments"],"picked":"Rage","floor":27},{"not_picked":["Heavy Blade","Iron Wave"],"picked":"Inflame","floor":28},{"not_picked":["Evolve","Clash"],"picked":"Demon Form","floor":29},{"not_picked":["Sword Boomerang","Cleave"],"picked":"Sentinel","floor":30},{"not_picked":["Twin Strike","Flex"],"picked":"Armaments+1","floor":31},{"not_picked":["Iron Wave","Infernal Blade"],"picked":"Dual Wield","floor":32}],"player_experience":1846674,"relics_obtained":[{"floor":8,"key":"Pen Nib"},{"floor":9,"key":"Art of War"},{"floor":10,"key":"Dream Catcher"},{"floor":12,"key":"MawBank"},{"floor":21,"key":"Enchiridion"},{"floor":26,"key":"Happy Flower"},{"floor":27,"key":"Anchor"},{"floor":27,"key":"Omamori"},{"floor":29,"key":"Red Skull"},{"floor":29,"key":"Lantern"}],"event_choices":[{"damage_healed":0,"gold_gain":63,"player_choice":"Gained Gold","damage_taken":0,"max_hp_gain":0,"max_hp_loss":0,"event_name":"Golden Wing","floor":2,"gold_loss":0},{"damage_healed":0,"gold_gain":0,"player_choice":"Ignored","damage_taken":0,"max_hp_gain":0,"max_hp_loss":0,"event_name":"Shining Light","floor":3,"gold_loss":0},{"damage_healed":0,"gold_gain":0,"player_choice":"Fled","damage_taken":18,"max_hp_gain":0,"max_hp_loss":0,"event_name":"Scrap Ooze","floor":14,"gold_loss":0},{"damage_healed":0,"gold_gain":50,"player_choice":"Stole From Cult","damage_taken":0,"max_hp_gain":0,"max_hp_loss":0,"event_name":"Nest","floor":20,"gold_loss":0},{"damage_healed":0,"gold_gain":0,"player_choice":"Obtained Book","damage_taken":21,"max_hp_gain":0,"max_hp_loss":0,"event_name":"Cursed Tome","floor":21,"gold_loss":0},{"damage_healed":0,"gold_gain":0,"player_choice":"Ignored","damage_taken":0,"max_hp_gain":0,"max_hp_loss":0,"event_name":"Ghosts","floor":23,"gold_loss":0}],"is_beta":false,"boss_relics":[{"not_picked":["Black Blood","Calling Bell"],"picked":"Black Star"}],"items_purged_floors":[22],"is_endless":false,"potions_floor_spawned":[4,8,10,18,27,29,31],"killed_by":"Collector","ascension_level":15}}