{"host":"raai0vtvcfkt8csp","time":1608067282,"event":{"mods":["2.2 Compatiblity","BaseMod","Block Reminder","Booster Modes","DeckTracker","Defective Defect","Dio Mod","Downfall","GifTheSpireLib","Infinite Spire","Minty Spire (QoL Compilation)","Quick Restart","Random Character Button","Rare Cards Sparkle","StSLib","Unceasing Turn Reminder"],"gold_per_floor":[99,99,99,549,576,576,576,607,532,560,580,580,580,580,599,599,599],"floor_reached":16,"playtime":5001,"items_purged":[],"score":146,"play_id":"d79394a9-b5b1-4f15-a75d-530e0363fe8a","local_time":"20201215222122","is_ascension_mode":true,"campfire_choices":[{"data":"hexamod:Sear","floor":1,"key":"SMITH"},{"data":"hexamod:ThermalTransfer","floor":6,"key":"SMITH"},{"floor":9,"key":"REST"}],"circlet_count":0,"master_deck":["hexamod:Strike","hexamod:Strike","hexamod:Strike","hexamod:Strike","hexamod:Defend","hexamod:Defend","hexamod:Defend","hexamod:Defend+1","hexamod:Sear+1","hexamod:Float","hexamod:ThermalTransfer+1","hexamod:NightmareGuise+1","Slimebound:Icky","Slimebound:Icky","Slimebound:Icky","hexamod:FourthSeal","hexamod:SpectersWail","hexamod:CatchUp","hexamod:HeatCrush","hexamod:SuperheatedStrike"],"relics":["sneckomod:SneckoSoul","downfall:HeartsMalice","Omamori","Matryoshka","War Paint","downfall:HeartBlessingGreen","WingedGreaves","infinitespire:Cubic Diamond"],"acts_visited":["Exordium"],"potions_floor_usage":[16,16],"damage_taken":[{"damage":0,"enemies":"Small Slimes","floor":2,"turns":1},{"damage":0,"enemies":"Jaw Worm","floor":3,"turns":1},{"damage":0,"enemies":"Lagavulin","floor":5,"turns":1},{"damage":61,"enemies":"3 Sentries","floor":8,"turns":19},{"damage":17,"enemies":"Lagavulin","floor":10,"turns":10},{"damage":0,"enemies":"2 Louse","floor":11,"turns":2},{"damage":13,"enemies":"Red Slaver","floor":15,"turns":3},{"damage":26,"enemies":"downfall:Ironclad","floor":16,"turns":8}],"seed_played":"7506985313347826314","potions_obtained":[{"floor":8,"key":"PowerPotion"},{"floor":10,"key":"Fire Potion"},{"floor":10,"key":"SmokeBomb"},{"floor":15,"key":"hexamod:DoubleChargePotion"}],"is_trial":false,"path_per_floor":["R","M","M","?","E","R","T","E","R","E","M","?","?","?","M","B"],"character_chosen":"THE_SPIRIT","items_purchased":[],"campfire_rested":1,"item_purchase_floors":[],"current_hp_per_floor":[70,70,70,70,70,70,70,9,30,13,13,34,34,34,21,0,0],"gold":599,"neow_bonus":"THREE_ENEMY_KILL","is_daily":false,"chose_seed":false,"campfire_upgraded":2,"win_rate":0.0,"timestamp":1608067282,"path_taken":["R","M","M","?","E","R","T","E","R","E","M","?","?","?","M","BOSS"],"items_purchased_type":[],"build_version":"2020-12-13","purchased_purges":0,"victory":false,"max_hp_per_floor":[70,70,70,70,70,70,70,70,70,70,70,70,70,70,70,70,70],"card_choices":[{"not_picked":["hexamod:PhantomCloak","hexamod:EtherealExpedition"],"picked":"hexamod:ThermalTransfer","floor":2},{"not_picked":["hexamod:AdvancingGuard","hexamod:SpectersWail"],"picked":"hexamod:NightmareGuise","floor":3},{"not_picked":["hexamod:EtherealExpedition","hexamod:GhostLash"],"picked":"hexamod:FourthSeal","floor":5},{"not_picked":["hexamod:NightmareStrike","hexamod:GhostOfSpireFuture"],"picked":"hexamod:SpectersWail","floor":8},{"not_picked":["hexamod:PhantomFireball","hexamod:RetreatToShadows"],"picked":"hexamod:CatchUp","floor":10},{"not_picked":["hexamod:AdvancingGuard","hexamod:BacktrackSmack"],"picked":"hexamod:HeatCrush","floor":11},{"not_picked":["hexamod:Hexaguard","hexamod:PowerFromBeyond"],"picked":"hexamod:SuperheatedStrike","floor":15}],"player_experience":556012,"relics_obtained":[{"floor":5,"key":"Omamori"},{"floor":7,"key":"Matryoshka"},{"floor":8,"key":"War Paint"},{"floor":10,"key":"WingedGreaves"}],"event_choices":[{"damage_healed":0,"gold_gain":0,"player_choice":"Fled","damage_taken":0,"max_hp_gain":0,"max_hp_loss":0,"event_name":"Scrap Ooze","floor":14,"gold_loss":0}],"is_beta":false,"boss_relics":[],"items_purged_floors":[],"is_endless":false,"potions_floor_spawned":[10],"killed_by":"downfall:Ironclad","ascension_level":1}}