{"host":"c2vrdknshfutmcsq","time":1608038269,"event":{"mods":["BaseMod","Minty Spire (QoL Compilation)"],"gold_per_floor":[117,67,67,85,85,85,5,32,57,100,25,25,59,81,81,186,240,260,185,155,155],"floor_reached":20,"playtime":1079,"items_purged":["Strike_B"],"score":341,"play_id":"2bcee928-226e-49c7-bce1-bba40076e8f9","local_time":"20201215141749","is_ascension_mode":true,"campfire_choices":[{"data":"Sunder","floor":6.0,"key":"SMITH"},{"data":"Chaos","floor":15.0,"key":"SMITH"}],"circlet_count":0,"master_deck":["AscendersBane","Zap+1","Dualcast+1","Sunder+1","Chaos+1","Melter","Capacitor","Cold Snap","Undo","Sweeping Beam","Buffer","Scrape","Stack","Barrage","Loop","Creative AI","Loop"],"relics":["Cracked Core","NeowsBlessing","Gremlin Horn","CeramicFish","TungstenRod","Du-Vu Doll","Pandora\u0027s Box"],"acts_visited":["Exordium","TheCity"],"potions_floor_usage":[],"damage_taken":[{"damage":0.0,"enemies":"Small Slimes","floor":1.0,"turns":1.0},{"damage":0.0,"enemies":"Cultist","floor":4.0,"turns":1.0},{"damage":0.0,"enemies":"Gremlin Nob","floor":8.0,"turns":1.0},{"damage":21.0,"enemies":"Lagavulin","floor":10.0,"turns":7.0},{"damage":7.0,"enemies":"Gremlin Nob","floor":13.0,"turns":3.0},{"damage":0.0,"enemies":"2 Louse","floor":14.0,"turns":2.0},{"damage":18.0,"enemies":"Slime Boss","floor":16.0,"turns":9.0},{"damage":25,"enemies":"Shell Parasite","floor":18,"turns":6},{"damage":10,"enemies":"2 Thieves","floor":20,"turns":2}],"seed_played":"592434109137936063","potions_obtained":[{"floor":10.0,"key":"Energy Potion"},{"floor":13.0,"key":"FocusPotion"},{"floor":18,"key":"Explosive Potion"}],"is_trial":false,"path_per_floor":["M","?","?","M","?","R","$","E","T","E","$","?","E","M","R","B",null,"M","?","M"],"character_chosen":"DEFECT","items_purchased":["Melter"],"campfire_rested":0,"item_purchase_floors":[7],"current_hp_per_floor":[68,68,68,68,68,68,68,68,68,47,47,52,45,45,45,27,67,42,42,32,32],"gold":155,"neow_bonus":"THREE_ENEMY_KILL","is_daily":false,"chose_seed":false,"campfire_upgraded":2,"win_rate":0.0,"timestamp":1608038269,"path_taken":["M","?","?","?","?","R","$","E","T","E","$","?","E","M","R","BOSS","M","?","M"],"items_purchased_type":["Card"],"build_version":"2020-12-13","purchased_purges":1,"victory":false,"max_hp_per_floor":[75,75,75,75,75,75,75,75,75,75,75,80,80,80,80,80,80,80,80,80,80],"card_choices":[{"not_picked":["Compile Driver","Ball Lightning"],"picked":"Sunder","floor":1.0},{"not_picked":["Loop","Coolheaded"],"picked":"Chaos","floor":4.0},{"not_picked":["Self Repair","Conserve Battery"],"picked":"Capacitor","floor":8.0},{"not_picked":["Static Discharge","Skim"],"picked":"Cold Snap","floor":10.0},{"not_picked":["Scrape","Hologram"],"picked":"Undo","floor":13.0},{"not_picked":["Turbo","Redo"],"picked":"Sweeping Beam","floor":14.0},{"not_picked":["All For One","Rainbow"],"picked":"Buffer","floor":16.0},{"not_picked":["Tempest","Scrape"],"picked":"Loop","floor":18}],"player_experience":1129502,"relics_obtained":[{"floor":8.0,"key":"Gremlin Horn"},{"floor":9.0,"key":"CeramicFish"},{"floor":10.0,"key":"TungstenRod"},{"floor":13.0,"key":"Du-Vu Doll"}],"event_choices":[{"cards_removed":["Strike_B"],"damage_healed":0.0,"max_hp_gain":0.0,"max_hp_loss":0.0,"gold_gain":0.0,"event_name":"The Cleric","player_choice":"Card Removal","floor":2.0,"gold_loss":50.0,"damage_taken":0.0},{"damage_healed":0.0,"max_hp_gain":0.0,"max_hp_loss":0.0,"gold_gain":0.0,"event_name":"Upgrade Shrine","player_choice":"Upgraded","floor":3.0,"gold_loss":0.0,"damage_taken":0.0,"cards_upgraded":["Dualcast"]},{"damage_healed":0.0,"max_hp_gain":0.0,"max_hp_loss":0.0,"gold_gain":0.0,"event_name":"Living Wall","player_choice":"Grow","floor":5.0,"gold_loss":0.0,"damage_taken":0.0,"cards_upgraded":["Zap"]},{"damage_healed":0.0,"max_hp_gain":5.0,"max_hp_loss":0.0,"gold_gain":0.0,"event_name":"Big Fish","player_choice":"Donut","floor":12.0,"gold_loss":0.0,"damage_taken":0.0},{"cards_removed":["Reprogram"],"damage_healed":0,"gold_gain":0,"player_choice":"Gave Gold","damage_taken":0,"max_hp_gain":0,"max_hp_loss":0,"event_name":"Beggar","floor":19,"gold_loss":75}],"is_beta":false,"boss_relics":[{"not_picked":["Velvet Choker","Snecko Eye"],"picked":"Pandora\u0027s Box"}],"items_purged_floors":[11],"is_endless":false,"potions_floor_spawned":[10,13,14,18],"killed_by":"2 Thieves","ascension_level":12}}