{"host":"Sumable","time":1608022537,"event":{"mods":["AchievementEnabler","BaseMod","Better Note","BetterRewards","Googly Eyes","Hermit","Minty Spire (QoL Compilation)","Quick Restart","Shop Mod","StSLib","The Cursed","everything is the same but u backflip on backflip","slay the spire mod where everything is the same but ironclad has a cowboy hat"],"gold_per_floor":[366,385,233,233,253,286,300,300,300,319,12,25,100,126,126,230,230,246,0,13,13,31,62,62,87,139,166,166,180,180,95,95,95,95],"floor_reached":33,"playtime":1307,"items_purged":[],"score":529,"play_id":"3c038f9e-13bc-48b4-95fa-efbfacd57b47","local_time":"20201215015537","is_ascension_mode":true,"campfire_choices":[{"floor":8.0,"key":"REST"},{"floor":15.0,"key":"REST"},{"floor":28,"key":"REST"},{"floor":30,"key":"REST"},{"data":"Offering","floor":32,"key":"SMITH"}],"circlet_count":0,"master_deck":["AscendersBane","Defend_R","Defend_R","Defend_R","Bash","Heavy Blade","Sword Boomerang","Flex","Ghostly Armor","Shrug It Off","Offering+1","Exhume","Rupture","Reckless Charge","Sword Boomerang","Inflame","Iron Wave","Combust","Feed","Power Through","Seeing Red","Bite","Bite","Bite","Bite","Bite"],"relics":["Burning Blood","Orrery","Gambling Chip","Sundial","Ginger","HornCleat","Busted Crown","Lee\u0027s Waffle","Darkstone Periapt","Matryoshka","Lantern","Akabeko","CeramicFish","Ancient Tea Set"],"acts_visited":["Exordium","TheCity"],"potions_floor_usage":[22,22,27,33],"damage_taken":[{"damage":11.0,"enemies":"2 Louse","floor":1.0,"turns":3.0},{"damage":1.0,"enemies":"Cultist","floor":2.0,"turns":3.0},{"damage":5.0,"enemies":"Small Slimes","floor":5.0,"turns":4.0},{"damage":26.0,"enemies":"Gremlin Nob","floor":6.0,"turns":4.0},{"damage":10.0,"enemies":"Red Slaver","floor":7.0,"turns":3.0},{"damage":10.0,"enemies":"2 Fungi Beasts","floor":10.0,"turns":3.0},{"damage":6.0,"enemies":"Exordium Wildlife","floor":12.0,"turns":3.0},{"damage":36.0,"enemies":"3 Sentries","floor":14.0,"turns":6.0},{"damage":24.0,"enemies":"Hexaghost","floor":16.0,"turns":6.0},{"damage":45.0,"enemies":"Shell Parasite","floor":18.0,"turns":7.0},{"damage":7.0,"enemies":"Spheric Guardian","floor":20.0,"turns":3.0},{"damage":12,"enemies":"Snecko","floor":22,"turns":2},{"damage":42,"enemies":"Gremlin Leader","floor":23,"turns":7},{"damage":38,"enemies":"Book of Stabbing","floor":25,"turns":4},{"damage":23,"enemies":"Gremlin Leader","floor":27,"turns":6},{"damage":28,"enemies":"Shelled Parasite and Fungi","floor":29,"turns":4},{"damage":93,"enemies":"Champ","floor":33,"turns":7}],"seed_played":"7606229596327222818","potions_obtained":[{"floor":1.0,"key":"LiquidBronze"},{"floor":2.0,"key":"LiquidBronze"},{"floor":16.0,"key":"LiquidMemories"},{"floor":25,"key":"AttackPotion"},{"floor":29,"key":"Strength Potion"}],"is_trial":false,"path_per_floor":["M","M","$","?","M","E","M","R","T","M","$","M","?","E","R","B",null,"M","$","M","$","M","E","?","E","T","E","R","M","R","?","R","B"],"character_chosen":"IRONCLAD","items_purchased":["Orrery","Ginger","Lee\u0027s Waffle","Strength Potion","Energy Potion"],"campfire_rested":4,"item_purchase_floors":[3,11,19,19,19],"current_hp_per_floor":[46,51,51,51,52,32,28,52,52,48,48,48,40,10,34,16,64,28,90,89,89,86,53,53,33,33,28,48,42,63,63,63,0,0],"gold":95,"neow_bonus":"TWO_FIFTY_GOLD","is_daily":false,"chose_seed":false,"campfire_upgraded":1,"win_rate":0.0,"timestamp":1608022537,"path_taken":["M","M","$","?","M","E","M","R","T","M","$","?","?","E","R","BOSS","M","$","M","?","M","E","?","E","T","E","R","M","R","?","R","BOSS"],"items_purchased_type":["Relic","Relic","Relic","Potion","Potion"],"build_version":"2020-12-07","purchased_purges":0,"victory":false,"max_hp_per_floor":[80,80,80,80,80,80,80,80,80,80,80,80,80,80,80,80,80,83,90,90,90,93,96,67,67,67,67,67,73,73,73,73,73,73],"card_choices":[{"not_picked":["Carnage","Headbutt"],"picked":"Heavy Blade","floor":1.0},{"not_picked":["Anger","Dual Wield"],"picked":"Sword Boomerang","floor":2.0},{"not_picked":["True Grit","Iron Wave"],"picked":"Flex","floor":3.0},{"not_picked":["Warcry","Uppercut"],"picked":"Ghostly Armor","floor":3.0},{"not_picked":["Fire Breathing","Pommel Strike"],"picked":"Shrug It Off","floor":3.0},{"not_picked":["Heavy Blade","True Grit"],"picked":"Offering","floor":3.0},{"not_picked":["Perfected Strike","Armaments"],"picked":"Exhume","floor":3.0},{"not_picked":["Entrench","Cleave"],"picked":"Rupture","floor":5.0},{"not_picked":["Rage","Clothesline"],"picked":"Reckless Charge","floor":6.0},{"not_picked":["Burning Pact","True Grit"],"picked":"Sword Boomerang","floor":7.0},{"not_picked":["Evolve","Cleave"],"picked":"Inflame","floor":10.0},{"not_picked":["Searing Blow","Dark Embrace"],"picked":"Iron Wave","floor":12.0},{"not_picked":["Infernal Blade","Berserk"],"picked":"Combust","floor":14.0},{"not_picked":["Double Tap","Immolate"],"picked":"Feed","floor":16.0},{"not_picked":[],"picked":"Power Through","floor":18.0},{"not_picked":["Searing Blow"],"picked":"SKIP","floor":20.0},{"not_picked":["True Grit"],"picked":"SKIP","floor":22},{"not_picked":[],"picked":"Seeing Red","floor":23},{"not_picked":["Anger+1"],"picked":"SKIP","floor":25},{"not_picked":["Twin Strike"],"picked":"SKIP","floor":27},{"not_picked":["Iron Wave"],"picked":"SKIP","floor":29}],"player_experience":975706,"relics_obtained":[{"floor":6.0,"key":"Gambling Chip"},{"floor":9.0,"key":"Sundial"},{"floor":14.0,"key":"HornCleat"},{"floor":23,"key":"Darkstone Periapt"},{"floor":25,"key":"Matryoshka"},{"floor":26,"key":"Lantern"},{"floor":26,"key":"Akabeko"},{"floor":27,"key":"CeramicFish"}],"event_choices":[{"cards_removed":["Defend_R"],"damage_healed":0.0,"max_hp_gain":0.0,"max_hp_loss":0.0,"gold_gain":0.0,"event_name":"Purifier","player_choice":"Purged","floor":4.0,"gold_loss":0.0,"damage_taken":0.0},{"damage_healed":0.0,"max_hp_gain":0.0,"max_hp_loss":0.0,"gold_gain":75.0,"event_name":"FaceTrader","player_choice":"Touch","floor":13.0,"gold_loss":0.0,"damage_taken":8.0},{"damage_healed":0,"gold_gain":0,"player_choice":"Became a vampire","damage_taken":0,"max_hp_gain":0,"max_hp_loss":29,"event_name":"Vampires","floor":24,"gold_loss":0,"cards_obtained":["Bite","Bite","Bite","Bite","Bite"]},{"damage_healed":0,"gold_gain":0,"player_choice":"Obtained Relic","damage_taken":0,"relics_obtained":["Ancient Tea Set"],"max_hp_gain":0,"max_hp_loss":0,"event_name":"Addict","floor":31,"gold_loss":85}],"is_beta":true,"boss_relics":[{"not_picked":["Tiny House","Empty Cage"],"picked":"Busted Crown"}],"items_purged_floors":[],"is_endless":false,"potions_floor_spawned":[1,2,16,25,29],"killed_by":"Champ","ascension_level":12}}