{"host":"uhhucka17mqeuzwb","time":1608036609,"event":{"mods":["2.2 Compatiblity","AchievementEnabler","Act Like it!","Astrologer","BaseMod","Better Altar","Better Skull","Colored Powertips","Defuse TimeMaze Blight","Downfall","Energized Spire","Faster Ascension Climbing","Friendly Minions","Gensokyo","GifTheSpireLib","Gremlin Mod","Gremlin Skip","Halation","Hallownest","Hermit","HololiveMod","KinomotoSakuraMod(????)","Lobotomy","Marisa????????","Minty Spire (QoL Compilation)","Quick Restart","Red Circlet Mod","Replay The Spire","Reworked Bosses","Shade Mod","Shop Mod","StSLib","The Administrix","The Animator","The Blue Laboratory","The Bug Knight","The Cursed","The Factory","The Forsaken","Waifu the Spire"],"gold_per_floor":[109,215,226,239,239,239,259,259,259,274,374,93,93,93,93,119,119,222,222,222,222],"floor_reached":20,"playtime":2535,"items_purged":["ClowCardTheSword"],"score":220,"play_id":"ab68a539-00f4-446a-8f4b-200a29fc4a3f","local_time":"20201215075009","is_ascension_mode":false,"campfire_choices":[{"data":"SpellCardSeal","floor":6,"key":"SMITH"},{"data":"ClowCardTheSand","floor":8,"key":"SMITH"}],"circlet_count":0,"master_deck":["ClowCardTheSword","ClowCardTheSword","ClowCardTheSword","ClowCardTheShield","ClowCardTheShield","ClowCardTheShield","ClowCardTheShield","SpellCardSeal+1","SpellCardRelease","Bloodbath","ClowCardTheSand+1","UniverseFragment","ClowCardTheChange+1","ClowCardTheShot","ClowCardTheWood+1","ClowCardTheSilent","Injury","OSAHOGD","ClowCardTheMaze","ClowCardTheLight"],"relics":["KSMOD_SealedBook","KSMOD_SealedWand","CogitoBucket","Juzu Bracelet","Darkstone Periapt","MerchantsRug","Replay:Bottled Eggs","CaptainsWheel"],"acts_visited":["Gensokyo:Gensokyo","TheCity"],"potions_floor_usage":[18],"damage_taken":[{"damage":8,"enemies":"Gensokyo:3_Fairies","floor":1,"turns":4},{"damage":6,"enemies":"Gensokyo:Python","floor":3,"turns":3},{"damage":0,"enemies":"Gensokyo:Gryphon","floor":4,"turns":3},{"damage":3,"enemies":"Gensokyo:Python_and_Kodama","floor":7,"turns":4},{"damage":3,"enemies":"Gensokyo:Kitsune","floor":10,"turns":4},{"damage":18,"enemies":"Gensokyo:Cirno","floor":16,"turns":14},{"damage":0,"enemies":"Gensokyo:Reimu","floor":18,"turns":8},{"damage":0,"enemies":"Chosen","floor":20,"turns":1}],"seed_played":"-6002710857015903536","potions_obtained":[{"floor":1,"key":"Strength Potion"},{"floor":16,"key":"SteroidPotion"},{"floor":18,"key":"FearPotion"}],"is_trial":false,"path_per_floor":["M","?","M","M","?","R","M","R","T","M","?","$","?","PTL","PTL","E","R","B",null,"M"],"character_chosen":"KINOMOTOSAKURA","items_purchased":["MerchantsRug","ClowCardTheSilent"],"campfire_rested":0,"item_purchase_floors":[12,12],"current_hp_per_floor":[62,54,49,50,50,50,48,48,48,46,46,46,52,52,52,40,62,63,76,76,76],"gold":222,"neow_bonus":"","is_daily":false,"chose_seed":false,"campfire_upgraded":2,"win_rate":0.0,"timestamp":1608036609,"path_taken":["M","?","M","M","?","R","M","R","T","M","?","$","?","PTL","PTL","E","R","BOSS","M"],"items_purchased_type":["Relic","Card"],"build_version":"2020-12-13","purchased_purges":1,"victory":false,"max_hp_per_floor":[70,70,70,70,70,70,70,70,70,70,70,70,76,76,76,76,76,76,76,76,76],"card_choices":[{"not_picked":["ShyLook","Woodsman"],"picked":"Bloodbath","floor":1},{"not_picked":["ClowCardTheDream","ClowCardTheGlow"],"picked":"ClowCardTheSand","floor":1},{"not_picked":["SpiderBud","FairyFestival"],"picked":"UniverseFragment","floor":3},{"not_picked":["ClowCardTheFirey","ClowCardTheDream","ClowCardTheJump"],"picked":"SKIP","floor":3},{"not_picked":["WallGazer","Scorched","SpiderBud"],"picked":"Singing Bowl","floor":4},{"not_picked":["ClowCardTheVoice","ClowCardTheLibra"],"picked":"ClowCardTheChange","floor":4},{"not_picked":["CherryBlossoms","Scorched","Wellcheers"],"picked":"Singing Bowl","floor":7},{"not_picked":["ClowCardTheBig","ClowCardTheLibra"],"picked":"ClowCardTheShot","floor":7},{"not_picked":["DreamingCurrent","RedShoes","Murderer"],"picked":"Singing Bowl","floor":10},{"not_picked":["ClowCardTheBubbles","ClowCardTheFly"],"picked":"ClowCardTheWood","floor":10},{"not_picked":["MeatLantern","GreedKing"],"picked":"OSAHOGD","floor":16},{"not_picked":["ClowCardTheMove","ClowCardTheStorm"],"picked":"ClowCardTheMaze","floor":16},{"not_picked":["QueenBee","OldLady","MHz"],"picked":"Singing Bowl","floor":18},{"not_picked":["ClowCardTheCreate","ClowCardTheDark"],"picked":"ClowCardTheLight","floor":18}],"player_experience":1027902,"relics_obtained":[{"floor":9,"key":"Darkstone Periapt"},{"floor":16,"key":"CaptainsWheel"}],"event_choices":[{"damage_healed":0,"gold_gain":106,"player_choice":"GO ","damage_taken":9,"relics_obtained":[],"max_hp_gain":0,"max_hp_loss":0,"event_name":"betterSkull:BetterSkull","floor":2,"gold_loss":0,"cards_upgraded":[]}],"is_beta":false,"boss_relics":[{"not_picked":["ReplayTheSpireMod:DimensionalGlitch","halation:LoveArrow","energizedSpire:RedRose"]}],"items_purged_floors":[12],"is_endless":false,"potions_floor_spawned":[1,16,18],"killed_by":"Chosen","ascension_level":0}}