{"host":"m6aaltr68g9tvoay","time":1608006256,"event":{"mods":["AchievementEnabler","BaseMod","Colored Map","Downfall","Minty Spire (QoL Compilation)","StSLib"],"gold_per_floor":[199,217,217,217,142,52,52,67,80,80,15,25,38,56,66,162,162,162,181,181,210,227,227,227,227,227,227,61,73,73,83,96,192,192,192,192,192],"floor_reached":36,"playtime":3377,"items_purged":["Pain"],"score":681,"play_id":"759f117c-68d9-4d0d-ad71-cb672a0297eb","local_time":"20201214202416","is_ascension_mode":true,"campfire_choices":[{"floor":1,"key":"RECALL"},{"data":"champ:Taunt","floor":5,"key":"SMITH"},{"floor":10,"key":"REST"},{"data":"champ:FalseCounter","floor":18,"key":"SMITH"},{"data":"champ:Haymaker","floor":20,"key":"SMITH"},{"floor":27,"key":"REST"},{"data":"champ:FaceSlap","floor":35,"key":"SMITH"}],"circlet_count":0,"master_deck":["champ:Strike","champ:Strike","champ:Strike","champ:Strike","champ:Defend","champ:Defend+1","champ:Defend","champ:Execute","champ:Taunt+1","champ:FaceSlap+1","champ:FalseCounter+1","champ:Circumvent+1","champ:SkillfulDodge+1","champ:DefensiveShout+1","champ:BringItOn+1","champ:Backstep+1","champ:ShieldSigil+1","champ:Haymaker+1","champ:Lariat+1","champ:HoldFirm+1","CurseOfTheBell","champ:StanceDance+1","champ:MurderStrike+1","champ:Shatter+1","champ:IgnorePain+1","champ:BladeFlurry+1","champ:Aggression+1","champ:IgnorePain+1","champ:SwordThrow+1"],"relics":["champ:ChampionCrown","WarpedTongs","downfall:HeartBlessingRed","Toxic Egg 2","Calling Bell","Anchor","Molten Egg 2","Turnip","Akabeko","MealTicket","Blue Candle","champ:ChampionCrownUpgraded"],"acts_visited":["Exordium","TheCity","TheBeyond"],"potions_floor_usage":[16,16,21,21,33,36,36],"damage_taken":[{"damage":14,"enemies":"Jaw Worm","floor":2,"turns":4},{"damage":8,"enemies":"downfall:FleeingMerchant","floor":6,"turns":4},{"damage":0,"enemies":"Cultist","floor":8,"turns":3},{"damage":6,"enemies":"2 Louse","floor":9,"turns":2},{"damage":20,"enemies":"downfall:FleeingMerchant","floor":11,"turns":4},{"damage":5,"enemies":"Gremlin Gang","floor":12,"turns":3},{"damage":2,"enemies":"2 Fungi Beasts","floor":13,"turns":3},{"damage":0,"enemies":"Blue Slaver","floor":14,"turns":3},{"damage":5,"enemies":"Exordium Thugs","floor":15,"turns":4},{"damage":7,"enemies":"downfall:Watcher","floor":16,"turns":8},{"damage":0,"enemies":"Spheric Guardian","floor":19,"turns":5},{"damage":36,"enemies":"Gremlin Leader","floor":21,"turns":13},{"damage":19,"enemies":"3 Cultists","floor":22,"turns":7},{"damage":3,"enemies":"downfall:FleeingMerchant","floor":28,"turns":4},{"damage":3,"enemies":"Sentry and Sphere","floor":29,"turns":4},{"damage":20,"enemies":"Cultist and Chosen","floor":31,"turns":7},{"damage":3,"enemies":"Snake Plant","floor":32,"turns":4},{"damage":19,"enemies":"downfall:Defect","floor":33,"turns":9},{"damage":134,"enemies":"Giant Head","floor":36,"turns":10}],"seed_played":"6188441089646188408","potions_obtained":[{"floor":2,"key":"Dexterity Potion"},{"floor":9,"key":"EssenceOfSteel"},{"floor":13,"key":"SpeedPotion"},{"floor":14,"key":"LiquidBronze"},{"floor":16,"key":"Fire Potion"},{"floor":22,"key":"Fire Potion"},{"floor":31,"key":"Energy Potion"},{"floor":32,"key":"SpeedPotion"}],"is_trial":false,"path_per_floor":["R","M","?","?","R","$","T","M","M","R","$","M","M","M","M","B",null,"R","M","R","E","M","?","T","?","?","R","$","M","?","M","M","B",null,"R","E"],"character_chosen":"THE_CHAMP","items_purchased":["champ:BringItOn+1","champ:IgnorePain+1"],"campfire_rested":2,"item_purchase_floors":[11,28],"current_hp_per_floor":[81,72,72,72,72,64,64,64,63,90,80,80,78,78,78,71,85,85,85,85,54,35,65,65,65,57,84,90,90,90,75,75,68,85,85,0,0],"gold":192,"neow_bonus":"HUNDRED_GOLD","is_daily":false,"chose_seed":false,"campfire_upgraded":4,"win_rate":0.0,"timestamp":1608006256,"path_taken":["R","M","?","?","R","$","T","M","M","R","$","M","?","M","M","BOSS","R","M","R","E","M","?","T","?","?","R","$","?","?","?","M","BOSS","R","E"],"items_purchased_type":["Card","Card"],"build_version":"2020-12-13","purchased_purges":1,"victory":false,"max_hp_per_floor":[90,90,90,90,90,90,90,90,90,90,90,90,90,90,90,90,90,90,90,90,90,90,90,90,90,90,90,90,90,90,90,90,90,90,90,90,90],"card_choices":[{"not_picked":["champ:FanOfKnives","champ:ViciousMockery"],"picked":"champ:FaceSlap","floor":2},{"not_picked":["champ:ViciousMockery","champ:HeartStrike"],"picked":"champ:FalseCounter","floor":6},{"not_picked":["champ:TornadoPunch","champ:Haymaker"],"picked":"champ:Circumvent+1","floor":8},{"not_picked":["champ:RageSigil+1","champ:RapidStrikes"],"picked":"champ:SkillfulDodge+1","floor":9},{"not_picked":["champ:AdrenalArmor+1","champ:FanOfKnives"],"picked":"champ:DefensiveShout+1","floor":11},{"not_picked":["champ:BringItOn+1","champ:RapidStrikes"],"picked":"champ:Backstep+1","floor":12},{"not_picked":["champ:FocusedGladiator+1","champ:SwordSigil+1"],"picked":"champ:ShieldSigil+1","floor":13},{"not_picked":["champ:RageSigil+1","champ:HeavySlash"],"picked":"champ:Haymaker","floor":14},{"not_picked":["champ:FaceSlap","champ:Backstep+1"],"picked":"champ:Lariat+1","floor":15},{"not_picked":["champ:DancingMaster","champ:PerfectForm"],"picked":"champ:HoldFirm+1","floor":16},{"not_picked":["champ:EndlessRage+1","champ:BerserkersShout+1"],"picked":"champ:StanceDance+1","floor":19},{"not_picked":["champ:FocusedDefense+1","champ:ShieldSigil+1"],"picked":"champ:MurderStrike+1","floor":21},{"not_picked":["champ:Lariat+1","champ:Haymaker+1"],"picked":"champ:Shatter+1","floor":22},{"not_picked":["champ:GutPunch+1","champ:Control+1","champ:Backstep+1"],"picked":"SKIP","floor":28},{"not_picked":["champ:BerserkersShout+1","champ:StanceDance+1"],"picked":"champ:BladeFlurry+1","floor":29},{"not_picked":["champ:BladeFlurry+1","champ:Encircle+1"],"picked":"champ:Aggression+1","floor":31},{"not_picked":["champ:GladiatorsShout+1","champ:IronFortress"],"picked":"champ:IgnorePain+1","floor":32},{"not_picked":["champ:PerfectForm","champ:LastStand"],"picked":"champ:SwordThrow+1","floor":33}],"player_experience":1631005,"relics_obtained":[{"floor":7,"key":"Toxic Egg 2"},{"floor":17,"key":"Anchor"},{"floor":17,"key":"Molten Egg 2"},{"floor":17,"key":"Turnip"},{"floor":21,"key":"Akabeko"},{"floor":24,"key":"MealTicket"}],"event_choices":[{"damage_healed":0,"gold_gain":0,"player_choice":"Rummage","damage_taken":0,"relics_obtained":["WarpedTongs"],"max_hp_gain":0,"max_hp_loss":0,"event_name":"Accursed Blacksmith","floor":4,"gold_loss":0,"cards_obtained":["Pain"]},{"damage_healed":30,"gold_gain":0,"player_choice":"Heal","damage_taken":0,"max_hp_gain":0,"max_hp_loss":0,"event_name":"The Library","floor":23,"gold_loss":0}],"is_beta":false,"boss_relics":[{"not_picked":["Black Star","expansioncontent:StudyCardRelic"],"picked":"Calling Bell"},{"not_picked":["Runic Pyramid","Astrolabe"],"picked":"champ:ChampionCrownUpgraded"}],"items_purged_floors":[6],"is_endless":false,"potions_floor_spawned":[2,9,13,14,16,22,31,32],"killed_by":"Giant Head","ascension_level":6}}