{"host":"15dd7v8o90xso62x","time":1608050229,"event":{"mods":["BaseMod","Minty Spire (QoL Compilation)","Quick Restart","StSLib"],"gold_per_floor":[115,115,126,51,51,83,100,100,100,127,167,201,201,230,242,328,340,363,375,53,53,69,69,80,130,176,176,176,176],"floor_reached":28,"playtime":621,"items_purged":["Defend_P"],"score":688,"play_id":"82019c27-82fa-49d0-a797-ed84dae88104","local_time":"20201216013709","is_ascension_mode":true,"campfire_choices":[{"data":"Eruption","floor":8.0,"key":"SMITH"},{"floor":15.0,"key":"REST"},{"data":"Scrawl","floor":23.0,"key":"SMITH"},{"data":"Adaptation","floor":27.0,"key":"SMITH"}],"circlet_count":0,"master_deck":["AscendersBane","Strike_P","Strike_P","Strike_P","Defend_P+1","Defend_P+1","Eruption+1","Vigilance","BowlingBash","Brilliance","CrushJoints","Scrawl+1","Perseverance","SashWhip","Adaptation+1"],"relics":["PureWater","NeowsBlessing","Pantograph","War Paint","Orichalcum","Incense Burner","Bronze Scales","MawBank","Sozu","Ginger","Akabeko"],"acts_visited":["Exordium","TheCity"],"potions_floor_usage":[],"damage_taken":[{"damage":0.0,"enemies":"Cultist","floor":1.0,"turns":1.0},{"damage":0.0,"enemies":"2 Louse","floor":3.0,"turns":1.0},{"damage":0.0,"enemies":"Gremlin Nob","floor":6.0,"turns":1.0},{"damage":6.0,"enemies":"Jaw Worm","floor":7.0,"turns":4.0},{"damage":39.0,"enemies":"Lagavulin","floor":10.0,"turns":5.0},{"damage":0.0,"enemies":"Exordium Thugs","floor":11.0,"turns":2.0},{"damage":0.0,"enemies":"Gremlin Nob","floor":12.0,"turns":1.0},{"damage":4.0,"enemies":"Lagavulin","floor":14.0,"turns":4.0},{"damage":0.0,"enemies":"Slime Boss","floor":16.0,"turns":5.0},{"damage":22.0,"enemies":"2 Thieves","floor":18.0,"turns":3.0},{"damage":12.0,"enemies":"Shell Parasite","floor":22.0,"turns":4.0},{"damage":0.0,"enemies":"Snecko","floor":24.0,"turns":2.0},{"damage":29,"enemies":"Book of Stabbing","floor":28,"turns":4}],"seed_played":"-7852471499977218054","potions_obtained":[{"floor":1.0,"key":"SteroidPotion"},{"floor":10.0,"key":"ColorlessPotion"},{"floor":11.0,"key":"DistilledChaos"},{"floor":14.0,"key":"CultistPotion"},{"floor":16.0,"key":"Explosive Potion"}],"is_trial":false,"path_per_floor":["M","?","M","$","?","E","M","R","T","E","M","E","?","E","R","B",null,"M","?","$","?","M","R","M","?","T","R","E"],"character_chosen":"WATCHER","items_purchased":["Ginger"],"campfire_rested":1,"item_purchase_floors":[20],"current_hp_per_floor":[61,51,51,51,51,51,45,45,45,6,6,6,6,2,22,47,63,41,41,41,41,29,29,29,29,29,29,0,0],"gold":176,"neow_bonus":"THREE_ENEMY_KILL","is_daily":false,"chose_seed":false,"campfire_upgraded":3,"win_rate":0.0,"timestamp":1608050229,"path_taken":["M","?","?","$","?","E","M","R","T","E","M","E","?","E","R","BOSS","M","?","$","?","M","R","M","?","T","R","E"],"items_purchased_type":["Relic"],"build_version":"2020-12-13","purchased_purges":1,"victory":false,"max_hp_per_floor":[68,68,68,68,68,68,68,68,68,68,68,68,68,68,68,68,68,68,68,68,68,68,68,68,68,68,68,68,68],"card_choices":[{"not_picked":["Pray","EmptyBody","Weave"],"picked":"SKIP","floor":1.0},{"not_picked":["Nirvana","DeceiveReality","JustLucky"],"picked":"SKIP","floor":3.0},{"not_picked":["BattleHymn","CutThroughFate"],"picked":"FearNoEvil","floor":6.0},{"not_picked":["WreathOfFlame","Study"],"picked":"BowlingBash","floor":7.0},{"not_picked":["EmptyBody","FlurryOfBlows"],"picked":"Brilliance","floor":10.0},{"not_picked":["LikeWater","BowlingBash","CrushJoints"],"picked":"SKIP","floor":11.0},{"not_picked":["LikeWater","BowlingBash"],"picked":"CrushJoints","floor":11.0},{"not_picked":["Crescendo","FollowUp","ThirdEye"],"picked":"SKIP","floor":12.0},{"not_picked":["PathToVictory","Evaluate","JustLucky"],"picked":"SKIP","floor":14.0},{"not_picked":["Blasphemy","ConjureBlade"],"picked":"Scrawl","floor":16.0},{"not_picked":["ThirdEye","PathToVictory","CrushJoints"],"picked":"SKIP","floor":18.0},{"not_picked":["Consecrate","EmptyBody","FollowUp"],"picked":"SKIP","floor":22.0},{"not_picked":["BattleHymn","CrushJoints","Wireheading+1"],"picked":"SKIP","floor":24.0}],"player_experience":908024,"relics_obtained":[{"floor":6.0,"key":"Pantograph"},{"floor":9.0,"key":"War Paint"},{"floor":10.0,"key":"Orichalcum"},{"floor":12.0,"key":"Incense Burner"},{"floor":14.0,"key":"MawBank"},{"floor":26.0,"key":"Akabeko"}],"event_choices":[{"damage_healed":0.0,"max_hp_gain":0.0,"max_hp_loss":0.0,"gold_gain":0.0,"event_name":"Wheel of Change","player_choice":"Damaged","floor":2.0,"gold_loss":0.0,"damage_taken":10.0},{"damage_healed":0.0,"max_hp_gain":0.0,"max_hp_loss":0.0,"gold_gain":0.0,"event_name":"The Cleric","player_choice":"Leave","floor":5.0,"gold_loss":0.0,"damage_taken":0.0},{"cards_removed":["FearNoEvil"],"damage_healed":0.0,"max_hp_gain":0.0,"max_hp_loss":0.0,"gold_gain":0.0,"event_name":"WeMeetAgain","player_choice":"Gave Card","floor":13.0,"gold_loss":0.0,"damage_taken":0.0,"relics_obtained":["Bronze Scales"]},{"damage_healed":0.0,"max_hp_gain":0.0,"max_hp_loss":0.0,"gold_gain":0.0,"cards_transformed":["Strike_P","Defend_P"],"event_name":"Drug Dealer","player_choice":"Became Test Subject","floor":19.0,"gold_loss":0.0,"damage_taken":0.0,"cards_obtained":["Perseverance","SashWhip"]},{"damage_healed":0.0,"max_hp_gain":0.0,"max_hp_loss":0.0,"gold_gain":0.0,"event_name":"The Library","player_choice":"Read","floor":21.0,"gold_loss":0.0,"damage_taken":0.0,"cards_obtained":["Adaptation"]},{"damage_healed":0.0,"max_hp_gain":0.0,"max_hp_loss":0.0,"gold_gain":50.0,"event_name":"Nest","player_choice":"Stole From Cult","floor":25.0,"gold_loss":0.0,"damage_taken":0.0}],"is_beta":false,"boss_relics":[{"not_picked":["Empty Cage","Black Star"],"picked":"Sozu"}],"items_purged_floors":[4],"is_endless":false,"potions_floor_spawned":[1,10,11,14,16,22,24],"killed_by":"Book of Stabbing","ascension_level":20}}