{"host":"2sct7qpnpunnnd84","time":1608001288,"event":{"mods":["BaseMod","Minty Spire (QoL Compilation)","Quick Restart","StSLib","The IronCluck"],"gold_per_floor":[13,27,37,37,37,71,71,71,71,71,87,87,104,115,115,216,216,226,226,257,184,202,202,213,213,213,213,213,173,173,189,189,284,334,347,36,50,50,272,272,272,284,333,333,333,351,367,387,387,387,387],"floor_reached":50,"playtime":5491,"items_purged":[],"score":467,"play_id":"7ffa41c1-87e4-40e6-bb1c-330da82f2929","local_time":"20201214190128","is_ascension_mode":false,"campfire_choices":[{"floor":7.0,"key":"REST"},{"floor":10.0,"key":"REST"},{"data":"Deadly Poison","floor":12.0,"key":"SMITH"},{"floor":15.0,"key":"REST"},{"floor":23.0,"key":"REST"},{"floor":30.0,"key":"REST"},{"floor":32.0,"key":"REST"},{"floor":40,"key":"DIG"},{"floor":41,"key":"REST"},{"floor":44,"key":"DIG"},{"floor":49,"key":"REST"}],"circlet_count":0,"master_deck":["Strike_G+1","Strike_G+1","Strike_G+1","Strike_G+1","Strike_G+1","Defend_G+1","Defend_G+1","Defend_G+1","Defend_G+1","Defend_G+1","Survivor","Neutralize","Caltrops","Flying Knee","Slice","Deflect","Deadly Poison+1","Noxious Fumes+1","Corpse Explosion","Corpse Explosion","Backflip+1","RitualDagger+1","Poisoned Stab+1","Noxious Fumes","Flying Knee+1","Dagger Throw","Deadly Poison","Tools of the Trade","Flying Knee+1","Escape Plan+1","Dagger Spray+1","Footwork+1","Madness","Madness","Bane+1","Catalyst","Dagger Spray+1"],"relics":["Ring of the Snake","WingedGreaves","Turnip","Matryoshka","Fusion Hammer","Red Mask","Molten Egg 2","Pocketwatch","Tiny House","Shovel","Gremlin Horn","Bottled Lightning","MealTicket","HornCleat"],"acts_visited":["Exordium","TheCity","TheBeyond"],"potions_floor_usage":[33,33,42,46,47,50,50],"damage_taken":[{"damage":0.0,"enemies":"Cultist","floor":1.0,"turns":5.0},{"damage":3.0,"enemies":"Small Slimes","floor":2.0,"turns":4.0},{"damage":6.0,"enemies":"Jaw Worm","floor":3.0,"turns":4.0},{"damage":20.0,"enemies":"Lagavulin","floor":6.0,"turns":7.0},{"damage":7.0,"enemies":"Looter","floor":11.0,"turns":3.0},{"damage":2.0,"enemies":"3 Louse","floor":13.0,"turns":4.0},{"damage":26.0,"enemies":"Large Slime","floor":14.0,"turns":5.0},{"damage":51.0,"enemies":"Slime Boss","floor":16.0,"turns":8.0},{"damage":11.0,"enemies":"2 Thieves","floor":18.0,"turns":2.0},{"damage":3.0,"enemies":"Masked Bandits","floor":20.0,"turns":3.0},{"damage":8.0,"enemies":"Spheric Guardian","floor":22.0,"turns":5.0},{"damage":12.0,"enemies":"Snecko","floor":24.0,"turns":5.0},{"damage":19.0,"enemies":"Shelled Parasite and Fungi","floor":31.0,"turns":4.0},{"damage":38,"enemies":"Collector","floor":33,"turns":7},{"damage":4,"enemies":"Orb Walker","floor":35,"turns":4},{"damage":13,"enemies":"3 Darklings","floor":37,"turns":3},{"damage":0,"enemies":"Maw","floor":42,"turns":7},{"damage":5,"enemies":"Jaw Worm Horde","floor":46,"turns":3},{"damage":1,"enemies":"3 Darklings","floor":47,"turns":2},{"damage":0,"enemies":"Transient","floor":48,"turns":5},{"damage":78,"enemies":"Awakened One","floor":50,"turns":10}],"seed_played":"478915681895841763","potions_obtained":[{"floor":1.0,"key":"ColorlessPotion"},{"floor":3.0,"key":"EssenceOfSteel"},{"floor":8.0,"key":"Strength Potion"},{"floor":8.0,"key":"SteroidPotion"},{"floor":11.0,"key":"LiquidBronze"},{"floor":16.0,"key":"SkillPotion"},{"floor":20.0,"key":"LiquidBronze"},{"floor":22.0,"key":"BlessingOfTheForge"},{"floor":33,"key":"Dexterity Potion"},{"floor":34,"key":"GhostInAJar"},{"floor":35,"key":"CultistPotion"},{"floor":42,"key":"LiquidBronze"},{"floor":46,"key":"LiquidBronze"}],"is_trial":false,"path_per_floor":["M","M","M","$","?","E","R","?","T","R","M","R","M","M","R","B",null,"M","?","?","$","M","R","M","?","T","?","$","?","R","M","R","B",null,"M","$","M","?","?","R","R","M","T","R","?","M","M","M","R","B"],"character_chosen":"THE_SILENT","items_purchased":["Noxious Fumes","Shovel"],"campfire_rested":8,"item_purchase_floors":[21,36],"current_hp_per_floor":[70,67,61,61,47,27,48,48,48,69,62,62,60,34,55,4,70,59,53,50,50,42,63,51,51,51,51,51,51,70,51,70,32,75,71,71,58,58,58,58,75,75,75,75,66,61,60,60,75,0,0],"gold":387,"neow_bonus":"ONE_RARE_RELIC","is_daily":false,"chose_seed":false,"campfire_upgraded":1,"win_rate":0.0,"timestamp":1608001288,"path_taken":["M","M","?","$","?","E","R","?","T","R","M","R","M","?","R","BOSS","M","?","?","$","M","R","M","?","T","?","$","?","R","?","R","BOSS","M","$","M","?","?","R","R","M","T","R","?","M","M","?","R","BOSS"],"items_purchased_type":["Card","Relic"],"build_version":"2020-12-13","purchased_purges":0,"victory":false,"max_hp_per_floor":[70,70,70,70,70,70,70,70,70,70,70,70,70,70,70,70,70,70,70,70,70,70,70,70,70,70,70,70,70,70,70,70,70,75,75,75,75,75,75,75,75,75,75,75,75,75,75,75,75,75,75],"card_choices":[{"not_picked":["Well Laid Plans","Backflip"],"picked":"Caltrops","floor":1.0},{"not_picked":["Bane","Blade Dance"],"picked":"Flying Knee","floor":2.0},{"not_picked":["Quick Slash","Prepared"],"picked":"Slice","floor":3.0},{"not_picked":["Prepared","Skewer"],"picked":"Deflect","floor":6.0},{"not_picked":["Cloak And Dagger","Underhanded Strike"],"picked":"Deadly Poison","floor":11.0},{"not_picked":["Blade Dance","Backstab"],"picked":"Noxious Fumes","floor":13.0},{"not_picked":["Expertise","Flechettes"],"picked":"Corpse Explosion","floor":14.0},{"not_picked":["Adrenaline","Die Die Die"],"picked":"Corpse Explosion","floor":16.0},{"not_picked":["Expertise","Endless Agony"],"picked":"Backflip+1","floor":18.0},{"not_picked":["Cloak And Dagger+1","Blade Dance"],"picked":"Poisoned Stab+1","floor":20.0},{"not_picked":["Blade Dance","Outmaneuver"],"picked":"Flying Knee+1","floor":22.0},{"not_picked":["Acrobatics","PiercingWail"],"picked":"Dagger Throw","floor":24.0},{"not_picked":["Tactician","Infinite Blades"],"picked":"Deadly Poison","floor":31.0},{"not_picked":["Night Terror","Phantasmal Killer"],"picked":"Tools of the Trade","floor":33},{"not_picked":["Riddle With Holes+1","Poisoned Stab+1"],"picked":"Flying Knee+1","floor":34},{"not_picked":["Endless Agony+1","Reflex"],"picked":"Escape Plan+1","floor":35},{"not_picked":["Concentrate","Slice+1"],"picked":"Dagger Spray+1","floor":37},{"not_picked":["Acrobatics","Bane+1"],"picked":"Footwork+1","floor":42},{"not_picked":["Infinite Blades+1","Endless Agony+1"],"picked":"Bane+1","floor":46},{"not_picked":["Dodge and Roll","Heel Hook+1"],"picked":"Catalyst","floor":47},{"not_picked":["Quick Slash+1","Dagger Throw+1"],"picked":"Dagger Spray+1","floor":48}],"player_experience":3353158,"relics_obtained":[{"floor":6.0,"key":"Turnip"},{"floor":9.0,"key":"Matryoshka"},{"floor":20.0,"key":"Red Mask"},{"floor":26.0,"key":"Molten Egg 2"},{"floor":26.0,"key":"Pocketwatch"},{"floor":40,"key":"Gremlin Horn"},{"floor":43,"key":"Bottled Lightning"},{"floor":43,"key":"MealTicket"},{"floor":44,"key":"HornCleat"}],"event_choices":[{"damage_healed":0.0,"max_hp_gain":0.0,"max_hp_loss":0.0,"gold_gain":0.0,"event_name":"Shining Light","player_choice":"Entered Light","floor":5.0,"gold_loss":0.0,"damage_taken":14.0,"cards_upgraded":["Defend_G","Strike_G"]},{"damage_healed":0.0,"max_hp_gain":0.0,"max_hp_loss":0.0,"gold_gain":0.0,"event_name":"Lab","player_choice":"Got Potions","floor":8.0,"gold_loss":0.0,"damage_taken":0.0},{"damage_healed":0.0,"max_hp_gain":0.0,"max_hp_loss":0.0,"gold_gain":0.0,"event_name":"Nest","player_choice":"Joined the Cult","floor":19.0,"gold_loss":0.0,"damage_taken":6.0,"cards_obtained":["RitualDagger"]},{"damage_healed":0.0,"max_hp_gain":0.0,"max_hp_loss":0.0,"gold_gain":0.0,"event_name":"Masked Bandits","player_choice":"Fought Bandits","floor":20.0,"gold_loss":0.0,"damage_taken":0.0},{"damage_healed":0.0,"max_hp_gain":0.0,"max_hp_loss":0.0,"gold_gain":0.0,"event_name":"Back to Basics","player_choice":"Simplicity","floor":25.0,"gold_loss":0.0,"damage_taken":0.0,"cards_upgraded":["Strike_G","Strike_G","Strike_G","Strike_G","Defend_G","Defend_G","Defend_G","Defend_G"]},{"damage_healed":0.0,"max_hp_gain":0.0,"max_hp_loss":0.0,"gold_gain":0.0,"event_name":"Beggar","player_choice":"Ignored","floor":27.0,"gold_loss":0.0,"damage_taken":0.0},{"damage_healed":0.0,"max_hp_gain":0.0,"max_hp_loss":0.0,"gold_gain":0.0,"event_name":"Designer","player_choice":"Upgrade","floor":29.0,"gold_loss":40.0,"damage_taken":0.0,"cards_upgraded":["Noxious Fumes"]},{"damage_healed":0,"gold_gain":0,"player_choice":"Ignored","damage_taken":0,"max_hp_gain":0,"max_hp_loss":0,"event_name":"Mysterious Sphere","floor":38,"gold_loss":0},{"damage_healed":0,"gold_gain":222,"player_choice":"Wore Mask","damage_taken":0,"max_hp_gain":0,"max_hp_loss":0,"event_name":"Tomb of Lord Red Mask","floor":39,"gold_loss":0},{"damage_healed":0,"gold_gain":0,"player_choice":"Embrace Madness","damage_taken":9,"max_hp_gain":0,"max_hp_loss":0,"event_name":"Winding Halls","floor":45,"gold_loss":0,"cards_obtained":["Madness","Madness"]}],"is_beta":false,"boss_relics":[{"not_picked":["SlaversCollar","Astrolabe"],"picked":"Fusion Hammer"},{"not_picked":["HoveringKite","Velvet Choker"],"picked":"Tiny House"}],"items_purged_floors":[],"is_endless":false,"potions_floor_spawned":[1,3,11,16,20,22,33,35,42,46],"killed_by":"Awakened One","ascension_level":0}}