{"host":"jm9833yuloeli2yd","time":1608003157,"event":{"mods":["AchievementEnabler","BaseMod","Better Altar","Better Match","Better Note","Better Sensory Stone","Better Skull","Better Vampires","Colored Map","Colored Powertips","DeckTracker","Minty Spire (QoL Compilation)","Permanent Neow","Quick Restart","Replay The Spire","StSLib","SuperFastMode"],"gold_per_floor":[119,119,130,130,145,145,170,170,196,208,59,74,74,109,109,182,182,192,240,33,33,43,43,43],"floor_reached":23,"playtime":793,"items_purged":["Pain"],"score":398,"play_id":"d74d350f-d098-4e6b-b3fd-4e1812a22b30","local_time":"20201214223237","is_ascension_mode":true,"campfire_choices":[{"data":"Neutralize","floor":6.0,"key":"SMITH"},{"floor":8.0,"key":"REST"},{"floor":15.0,"key":"REST"}],"circlet_count":0,"master_deck":["AscendersBane","Strike_G","Strike_G","Strike_G","Defend_G","Defend_G","Defend_G","Defend_G","Defend_G","Survivor","Neutralize+1","Escape Plan","Corpse Explosion+1","Slice","Slice","ReplayTheSpireMod:Speed Training","Eviscerate","Noxious Fumes","Heel Hook","Heel Hook","Finisher","Sucker Punch","Normality","Backflip","Night Terror","Venomology","Blade Dance","Replay:Poison Smokescreen","Dagger Throw","Well Laid Plans","Footwork","Cloak And Dagger+1"],"relics":["Ring of the Snake","Dream Catcher","GremlinMask","PreservedInsect","Regal Pillow","ReplayTheSpireMod:Ring of Exchange","Happy Flower","Sling","Bottled Tornado"],"acts_visited":["Exordium","TheCity"],"potions_floor_usage":[23,23],"damage_taken":[{"damage":0.0,"enemies":"Small Slimes","floor":1.0,"turns":4.0},{"damage":0.0,"enemies":"2 Louse","floor":3.0,"turns":2.0},{"damage":6.0,"enemies":"Cultist","floor":5.0,"turns":5.0},{"damage":27.0,"enemies":"Lagavulin","floor":7.0,"turns":6.0},{"damage":0.0,"enemies":"Looter","floor":10.0,"turns":4.0},{"damage":7.0,"enemies":"Blue Slaver","floor":12.0,"turns":4.0},{"damage":22.0,"enemies":"Replay:BlueRogue","floor":14.0,"turns":4.0},{"damage":43.0,"enemies":"The Guardian","floor":16.0,"turns":11.0},{"damage":38.0,"enemies":"Shell Parasite","floor":18.0,"turns":8.0},{"damage":0.0,"enemies":"2 Thieves","floor":22.0,"turns":4.0},{"damage":18,"enemies":"Snake Plant","floor":23,"turns":3}],"seed_played":"-6407104486399997284","potions_obtained":[{"floor":3.0,"key":"Block Potion"},{"floor":7.0,"key":"Swift Potion"}],"is_trial":false,"path_per_floor":["M","?","M","?","M","R","E","R","T","M","$","M","?","E","R","B",null,"M","?","$","?","M","M"],"character_chosen":"THE_SILENT","items_purchased":["Heel Hook","Finisher","Dagger Throw","Well Laid Plans"],"campfire_rested":2,"item_purchase_floors":[11,11,20,20],"current_hp_per_floor":[59,59,59,59,53,53,26,45,45,45,45,38,38,16,50,7,51,13,13,13,13,13,0,0],"gold":43,"neow_bonus":"RANDOM_COMMON_RELIC","is_daily":false,"chose_seed":false,"campfire_upgraded":1,"win_rate":0.0,"timestamp":1608003157,"path_taken":["M","?","M","?","?","R","E","R","T","M","$","M","?","E","R","BOSS","M","?","$","?","?","M"],"items_purchased_type":["Card","Card","Card","Card"],"build_version":"2020-12-13","purchased_purges":1,"victory":false,"max_hp_per_floor":[66,66,66,66,66,66,66,66,66,66,66,66,66,66,66,66,66,66,66,66,66,66,66,66],"card_choices":[{"not_picked":["Cloak And Dagger","Catalyst"],"picked":"Escape Plan","floor":1.0},{"not_picked":["Well Laid Plans","Outmaneuver"],"picked":"Slice","floor":3.0},{"not_picked":["PiercingWail","Prepared"],"picked":"Slice","floor":5.0},{"not_picked":["Bouncing Flask","ReplayTheSpireMod:The Works"],"picked":"ReplayTheSpireMod:Speed Training","floor":7.0},{"not_picked":["Replay:Poison Smokescreen","Blade Dance"],"picked":"Eviscerate","floor":8.0},{"not_picked":["Dodge and Roll","Underhanded Strike"],"picked":"Noxious Fumes","floor":10.0},{"not_picked":["Bane","Blade Dance"],"picked":"Sucker Punch","floor":12.0},{"not_picked":["Prepared","ReplayTheSpireMod:Scrap Shanks"],"picked":"Backflip","floor":14.0},{"not_picked":["Eviscerate","Dagger Spray"],"picked":"Night Terror","floor":15.0},{"not_picked":["Atom Bomb","ReplayTheSpireMod:Necrosis"],"picked":"Venomology","floor":16.0},{"not_picked":["Hidden Blade","Prepared"],"picked":"Blade Dance","floor":18.0},{"not_picked":["Acrobatics","Quick Slash"],"picked":"Replay:Poison Smokescreen","floor":19.0},{"not_picked":["Blade Dance","Blur"],"picked":"Cloak And Dagger+1","floor":22.0}],"player_experience":1081011,"relics_obtained":[{"floor":7.0,"key":"PreservedInsect"},{"floor":9.0,"key":"Regal Pillow"},{"floor":13.0,"key":"ReplayTheSpireMod:Ring of Exchange"},{"floor":14.0,"key":"Happy Flower"},{"floor":19.0,"key":"Bottled Tornado"}],"event_choices":[{"damage_healed":0.0,"max_hp_gain":0.0,"max_hp_loss":0.0,"gold_gain":0.0,"event_name":"FaceTrader","player_choice":"Trade","floor":4.0,"gold_loss":0.0,"damage_taken":0.0,"relics_obtained":["GremlinMask"]},{"damage_healed":0.0,"max_hp_gain":0.0,"max_hp_loss":0.0,"gold_gain":0.0,"cards_transformed":["Strike_G"],"event_name":"Transmorgrifier","player_choice":"Transformed","floor":21.0,"gold_loss":0.0,"damage_taken":0.0,"cards_obtained":["Footwork"]}],"is_beta":false,"boss_relics":[{"not_picked":["Fusion Hammer","ReplayTheSpireMod:CursedCoin"],"picked":"Sling"}],"items_purged_floors":[20],"is_endless":false,"potions_floor_spawned":[3,7],"killed_by":"Snake Plant","ascension_level":20}}