{"host":"kh6fvhxn285ncg0o","time":1608063946,"event":{"mods":["Act Like it!","BaseMod","Colored Map","Friendly Minions","Keyboard Shortcuts","Minty Spire (QoL Compilation)","Quick Restart","Relic Stats","StSLib","SuperFastMode"],"gold_per_floor":[18,18,18,18,28,28,42,72,147,147,180,194,220,238,238,317,317,333,348,348,348],"floor_reached":20,"playtime":567,"items_purged":[],"score":388,"play_id":"c0bd2996-e533-4839-8552-c6438b44948c","local_time":"20201216052546","is_ascension_mode":true,"campfire_choices":[{"data":"Rage","floor":6,"key":"SMITH"},{"data":"Bash","floor":10,"key":"SMITH"},{"data":"Feed","floor":15,"key":"SMITH"}],"circlet_count":0,"master_deck":["AscendersBane","Strike_R","Strike_R","Strike_R","Defend_R","Defend_R","Defend_R","Defend_R","Bash+1","Rage+1","True Grit","Body Slam+1","Second Wind","Feed+1","Disarm+1","Double Tap+1","Shrug It Off+1","Dual Wield+1"],"relics":["Burning Blood","PreservedInsect","Torii","Toxic Egg 2","Ornamental Fan","Dream Catcher","SlaversCollar"],"acts_visited":["Exordium","TheCity"],"potions_floor_usage":[8,12],"damage_taken":[{"damage":0,"enemies":"2 Louse","floor":1,"turns":5},{"damage":9,"enemies":"Jaw Worm","floor":5,"turns":5},{"damage":2,"enemies":"Cultist","floor":7,"turns":5},{"damage":4,"enemies":"Gremlin Nob","floor":8,"turns":3},{"damage":10,"enemies":"Lagavulin","floor":11,"turns":7},{"damage":0,"enemies":"Gremlin Gang","floor":12,"turns":3},{"damage":10,"enemies":"Gremlin Nob","floor":13,"turns":3},{"damage":26,"enemies":"Exordium Wildlife","floor":14,"turns":8},{"damage":35,"enemies":"The Guardian","floor":16,"turns":15},{"damage":56,"enemies":"Spheric Guardian","floor":18,"turns":10},{"damage":16,"enemies":"3 Byrds","floor":19,"turns":9},{"damage":16,"enemies":"Sentry and Sphere","floor":20,"turns":5}],"seed_played":"1692111607883770837","potions_obtained":[{"floor":1,"key":"LiquidMemories"},{"floor":8,"key":"Ancient Potion"},{"floor":11,"key":"Explosive Potion"}],"is_trial":false,"path_per_floor":["M","?","?","$","M","R","M","E","T","R","E","M","E","M","R","B",null,"M","M","M"],"character_chosen":"IRONCLAD","items_purchased":[],"campfire_rested":0,"item_purchase_floors":[],"current_hp_per_floor":[74,74,63,63,60,60,64,66,66,66,62,71,67,50,50,21,66,16,10,0,0],"gold":348,"neow_bonus":"TRANSFORM_TWO_CARDS","is_daily":false,"chose_seed":false,"campfire_upgraded":3,"win_rate":0.0,"timestamp":1608063946,"path_taken":["M","?","?","?","M","R","M","E","T","R","E","M","E","M","R","BOSS","M","?","?"],"items_purchased_type":[],"build_version":"2020-12-13","purchased_purges":0,"victory":false,"max_hp_per_floor":[75,75,75,75,75,75,75,75,75,75,75,78,78,81,81,81,81,81,85,85,85],"relic_stats":{"Dream Catcher":0,"Torii":14,"counters":[12,78],"Ornamental Fan":[52],"PreservedInsect":72,"obtain_stats":[{"SlaversCollar":17,"Dream Catcher":13,"Torii":8,"Ornamental Fan":11,"PreservedInsect":3,"Toxic Egg 2":9,"Burning Blood":0},{"SlaversCollar":9,"Dream Catcher":7,"Torii":4,"Ornamental Fan":5,"PreservedInsect":1,"Toxic Egg 2":4,"Burning Blood":0},{"SlaversCollar":54,"Dream Catcher":31,"Torii":18,"Ornamental Fan":25,"PreservedInsect":5,"Toxic Egg 2":18,"Burning Blood":0}],"Burning Blood":66},"card_choices":[{"not_picked":["Metallicize","Iron Wave"],"picked":"Body Slam","floor":1},{"not_picked":["Anger","Shrug It Off"],"picked":"Second Wind","floor":5},{"not_picked":["Hemokinesis","Sword Boomerang","Anger"],"picked":"SKIP","floor":7},{"not_picked":["Spot Weakness","Headbutt","Clothesline"],"picked":"SKIP","floor":8},{"not_picked":["Shrug It Off+1","Clothesline"],"picked":"Feed","floor":11},{"not_picked":["Infernal Blade+1","Heavy Blade","Pommel Strike"],"picked":"SKIP","floor":12},{"not_picked":["Body Slam","True Grit+1","Clash"],"picked":"SKIP","floor":13},{"not_picked":["Perfected Strike","Carnage"],"picked":"Disarm+1","floor":14},{"not_picked":["Fiend Fire","Bludgeon"],"picked":"Double Tap+1","floor":16},{"not_picked":["Sever Soul+1","Twin Strike"],"picked":"Shrug It Off+1","floor":18},{"not_picked":["Clash","Inflame"],"picked":"Dual Wield+1","floor":19}],"player_experience":3176361,"relics_obtained":[{"floor":8,"key":"Torii"},{"floor":9,"key":"Toxic Egg 2"},{"floor":11,"key":"Ornamental Fan"},{"floor":13,"key":"Dream Catcher"}],"event_choices":[{"damage_healed":0,"gold_gain":0,"player_choice":"Grow","damage_taken":0,"max_hp_gain":0,"max_hp_loss":0,"event_name":"Living Wall","floor":2,"gold_loss":0,"cards_upgraded":["Body Slam"]},{"damage_healed":0,"gold_gain":0,"player_choice":"Success","damage_taken":11,"relics_obtained":["PreservedInsect"],"max_hp_gain":0,"max_hp_loss":0,"event_name":"Scrap Ooze","floor":3,"gold_loss":0}],"is_beta":false,"boss_relics":[{"not_picked":["Black Blood","SacredBark"],"picked":"SlaversCollar"}],"items_purged_floors":[],"is_endless":false,"potions_floor_spawned":[1,8,11],"killed_by":"Sentry and Sphere","ascension_level":20}}