{"host":"ufl0k2so27eic2iy","time":1608060691,"event":{"mods":["BaseMod","Minty Spire (QoL Compilation)","StSLib","The Animator"],"gold_per_floor":[129,129,141,158,2,35,35,77,132,132,145,177,6,24,24,101,101,129,129,149,149,73,73,87,113,181,181,198,198,217,276,276,276,276],"floor_reached":33,"playtime":2051,"items_purged":["animator:Strike","animator:Strike"],"score":559,"play_id":"17fcbc6b-599f-43f1-af32-cd1872f817a7","local_time":"20201215193131","is_ascension_mode":true,"campfire_choices":[{"data":"animator:ShidoItsuka","floor":7.0,"key":"SMITH"},{"floor":10.0,"key":"REST"},{"data":"animator:Souei","floor":15.0,"key":"SMITH"},{"data":"animator:ReineMurasame","floor":23.0,"key":"SMITH"},{"floor":27.0,"key":"REST"},{"data":"animator:ShidoItsuka","floor":29.0,"key":"SMITH"},{"floor":32.0,"key":"REST"}],"circlet_count":0,"master_deck":["AscendersBane","animator:Strike_DateALive","animator:Defend_DateALive","animator:Defend","animator:Defend","animator:Defend","animator:ShidoItsuka+1","animator:YamaiSisters","animator:ReineMurasame+1","animator:MikuIzayoi","animator:YaoHaDucy","animator:YoshinoHimekawa","animator:YamaiSisters","animator:ElricEdward","animator:Souei+1","animator:Arpeggio+1","animator:ShidoItsuka+1","animator:Envy+1","animator:NiaHonjou","animator:YamaiSisters","animator:Shuna","animator:GazelDwargon+1","animator:YamaiSisters","animator:YoshinoHimekawa","animator:OrigamiTobiichi+1","animator:TohkaYatogami"],"relics":["animator:LivingPicture","animator:TheMissingPiece","Bag of Preparation","animator:WornHelmet","Nunchaku","Frozen Egg 2","Sozu","Oddly Smooth Stone","Darkstone Periapt","InkBottle"],"acts_visited":["Exordium","TheCity"],"potions_floor_usage":[33],"damage_taken":[{"damage":8.0,"enemies":"Small Slimes","floor":1.0,"turns":4.0},{"damage":0.0,"enemies":"Cultist","floor":3.0,"turns":4.0},{"damage":6.0,"enemies":"Jaw Worm","floor":4.0,"turns":5.0},{"damage":11.0,"enemies":"Lagavulin","floor":6.0,"turns":15.0},{"damage":20.0,"enemies":"Gremlin Nob","floor":8.0,"turns":5.0},{"damage":6.0,"enemies":"Large Slime","floor":11.0,"turns":7.0},{"damage":2.0,"enemies":"3 Sentries","floor":12.0,"turns":8.0},{"damage":0.0,"enemies":"Looter","floor":14.0,"turns":4.0},{"damage":20.0,"enemies":"Slime Boss","floor":16.0,"turns":8.0},{"damage":1.0,"enemies":"Spheric Guardian","floor":18.0,"turns":6.0},{"damage":5.0,"enemies":"Shell Parasite","floor":20.0,"turns":6.0},{"damage":4.0,"enemies":"Snake Plant","floor":24.0,"turns":7.0},{"damage":36.0,"enemies":"Gremlin Leader","floor":25.0,"turns":10.0},{"damage":0.0,"enemies":"Centurion and Healer","floor":28.0,"turns":9.0},{"damage":2.0,"enemies":"Chosen and Byrds","floor":30.0,"turns":9.0},{"damage":2.0,"enemies":"Book of Stabbing","floor":31.0,"turns":8.0},{"damage":69,"enemies":"Collector","floor":33,"turns":7}],"seed_played":"1737570592957241557","potions_obtained":[{"floor":4.0,"key":"SpeedPotion"},{"floor":6.0,"key":"Dexterity Potion"},{"floor":11.0,"key":"AttackPotion"},{"floor":16.0,"key":"Explosive Potion"}],"is_trial":false,"path_per_floor":["M","?","M","M","$","E","R","E","T","R","M","E","$","M","R","B",null,"M","?","M","?","$","R","M","E","T","R","M","R","M","E","R","B"],"character_chosen":"THE_ANIMATOR","items_purchased":["animator:YoshinoHimekawa","animator:Arpeggio+1","animator:GazelDwargon+1"],"campfire_rested":3,"item_purchase_floors":[5,13,22],"current_hp_per_floor":[52,52,53,47,47,36,36,16,16,36,30,28,28,28,28,9,53,52,52,47,47,47,47,43,7,7,27,27,27,26,24,44,0,0],"gold":276,"neow_bonus":"TEN_PERCENT_HP_BONUS","is_daily":false,"chose_seed":true,"campfire_upgraded":4,"win_rate":0.0,"timestamp":1608060691,"path_taken":["M","?","M","M","$","E","R","E","T","R","M","E","$","M","R","BOSS","M","?","M","?","$","R","M","E","T","R","M","R","M","E","R","BOSS"],"items_purchased_type":["Card","Card","Card"],"build_version":"2020-12-13","purchased_purges":2,"victory":false,"max_hp_per_floor":[66,66,67,67,67,67,67,67,67,67,67,67,67,67,67,68,68,68,68,68,68,68,68,68,68,68,68,68,68,69,69,69,69,69],"card_choices":[{"not_picked":["animator:SuikaIbuki","animator:GazelDwargon"],"picked":"animator:ReineMurasame","floor":1.0},{"not_picked":["animator:ReineMurasame","animator:SanaeKochiya"],"picked":"animator:MikuIzayoi","floor":3.0},{"not_picked":["animator:Arpeggio","animator:TukaLunaMarceau"],"picked":"animator:YaoHaDucy","floor":4.0},{"not_picked":["animator:ShidoItsuka","animator:NiaHonjou"],"picked":"animator:YamaiSisters","floor":6.0},{"not_picked":["animator:Azekura","animator:LeleiLaLalena"],"picked":"animator:ElricEdward","floor":8.0},{"not_picked":["animator:SilverFang","animator:Clownpiece","animator:MumenRider"],"picked":"SKIP","floor":11.0},{"not_picked":["animator:Shuna","animator:Shizu"],"picked":"animator:Souei","floor":12.0},{"not_picked":["animator:ReineMurasame","animator:MukuroHoshimiya"],"picked":"animator:ShidoItsuka","floor":14.0},{"not_picked":["animator:MukuroHoshimiya","animator:KoishiKomeiji+1"],"picked":"animator:Envy+1","floor":16.0},{"not_picked":["animator:YuukaKazami","animator:AliceMargatroid+1"],"picked":"animator:NiaHonjou","floor":18.0},{"not_picked":["animator:MaesHughes","animator:Sloth"],"picked":"animator:Shuna","floor":20.0},{"not_picked":["animator:Natsumi","animator:ShidoItsuka"],"picked":"animator:YamaiSisters","floor":24.0},{"not_picked":["animator:TohkaYatogami","animator:ReineMurasame"],"picked":"animator:YoshinoHimekawa","floor":25.0},{"not_picked":["animator:UneriGinkaku","animator:LeleiLaLalena","animator:ElricAlphonse"],"picked":"SKIP","floor":28.0},{"not_picked":["animator:Konayuki","animator:ShidoItsuka"],"picked":"animator:OrigamiTobiichi+1","floor":30.0},{"not_picked":["animator:ElricEdward","animator:LeleiLaLalena"],"picked":"animator:TohkaYatogami","floor":31.0}],"player_experience":2291836,"relics_obtained":[{"floor":6.0,"key":"Bag of Preparation"},{"floor":8.0,"key":"animator:WornHelmet"},{"floor":9.0,"key":"Nunchaku"},{"floor":12.0,"key":"Frozen Egg 2"},{"floor":25.0,"key":"Oddly Smooth Stone"},{"floor":26.0,"key":"Darkstone Periapt"},{"floor":31.0,"key":"InkBottle"}],"event_choices":[{"cards_removed":["animator:Strike"],"damage_healed":0.0,"max_hp_gain":0.0,"max_hp_loss":0.0,"gold_gain":0.0,"event_name":"Purifier","player_choice":"Purged","floor":2.0,"gold_loss":0.0,"damage_taken":0.0},{"damage_healed":0.0,"max_hp_gain":0.0,"max_hp_loss":0.0,"gold_gain":0.0,"event_name":"The Library","player_choice":"Read","floor":19.0,"gold_loss":0.0,"damage_taken":0.0,"cards_obtained":["animator:YamaiSisters"]},{"damage_healed":0.0,"max_hp_gain":0.0,"max_hp_loss":0.0,"gold_gain":0.0,"event_name":"Cursed Tome","player_choice":"Ignored","floor":21.0,"gold_loss":0.0,"damage_taken":0.0}],"is_beta":false,"boss_relics":[{"not_picked":["Calling Bell","Black Star"],"picked":"Sozu"}],"items_purged_floors":[5,13],"is_endless":false,"potions_floor_spawned":[4,6,11,12,16,25,28],"killed_by":"Collector","ascension_level":15}}