{"host":"sc0o2qwpf9j16a4i","time":1608057927,"event":{"mods":["AchievementEnabler","BaseMod","BetterRewards","Block Reminder","Colored Map","Colored Powertips","Custom Start","Highlight Path","Minty Spire (QoL Compilation)","Relic Stats"],"gold_per_floor":[114,130,74,20,39,71,71,89,89,124,136,136,150,170,170,246,246,265,276,296,296,221,221,246,246,246,103,132,147,147,9,9,84,84,84,84],"floor_reached":35,"playtime":969,"items_purged":["Strike_B","Strike_B"],"score":814,"play_id":"0cd317fa-b3b7-422c-98b2-524baf9a359b","local_time":"20201215204527","is_ascension_mode":true,"campfire_choices":[{"data":"Ball Lightning","floor":7,"key":"SMITH"},{"data":"Ball Lightning","floor":12,"key":"SMITH"},{"floor":15,"key":"REST"},{"data":"Fission","floor":23,"key":"SMITH"},{"floor":25,"key":"REST"},{"floor":32,"key":"REST"}],"circlet_count":0,"master_deck":["AscendersBane","Strike_B","Strike_B+1","Defend_B","Defend_B","Defend_B","Defend_B","Zap+1","Dualcast","Conserve Battery","Cold Snap+1","Ball Lightning+1","Ball Lightning+1","Seek","Cold Snap","Core Surge","Glacier","Compile Driver","Lockon","Fission+1","Beam Cell+1","Loop","Leap","Doom and Gloom","Defragment","Stack","Buffer","Turbo","Buffer","CurseOfTheBell"],"relics":["Cracked Core","PreservedInsect","Shuriken","Whetstone","Inserter","Letter Opener","Thread and Needle","Boot","Calling Bell","Anchor","Frozen Egg 2","Ice Cream"],"acts_visited":["Exordium","TheCity","TheBeyond"],"potions_floor_usage":[16,16,24,28,33,33],"damage_taken":[{"damage":2,"enemies":"Jaw Worm","floor":1,"turns":3},{"damage":1,"enemies":"Cultist","floor":2,"turns":4},{"damage":0,"enemies":"2 Louse","floor":5,"turns":2},{"damage":9,"enemies":"Gremlin Nob","floor":6,"turns":3},{"damage":12,"enemies":"Lots of Slimes","floor":8,"turns":4},{"damage":6,"enemies":"Lagavulin","floor":10,"turns":4},{"damage":0,"enemies":"Exordium Wildlife","floor":11,"turns":2},{"damage":14,"enemies":"3 Louse","floor":13,"turns":2},{"damage":0,"enemies":"2 Fungi Beasts","floor":14,"turns":3},{"damage":10,"enemies":"Hexaghost","floor":16,"turns":9},{"damage":15,"enemies":"2 Thieves","floor":18,"turns":4},{"damage":11,"enemies":"Spheric Guardian","floor":19,"turns":4},{"damage":23,"enemies":"Snecko","floor":20,"turns":4},{"damage":39,"enemies":"Slavers","floor":24,"turns":5},{"damage":27,"enemies":"Gremlin Leader","floor":28,"turns":5},{"damage":2,"enemies":"3 Cultists","floor":29,"turns":4},{"damage":14,"enemies":"Collector","floor":33,"turns":9},{"damage":71,"enemies":"3 Darklings","floor":35,"turns":7}],"seed_played":"4867785892387465291","potions_obtained":[{"floor":8,"key":"EssenceOfSteel"},{"floor":10,"key":"Energy Potion"},{"floor":14,"key":"DistilledChaos"},{"floor":18,"key":"Strength Potion"},{"floor":19,"key":"BlessingOfTheForge"},{"floor":24,"key":"PowerPotion"}],"is_trial":false,"path_per_floor":["M","M","?","$","M","E","R","M","T","E","M","R","M","M","R","B",null,"M","M","M","?","$","R","E","R","T","$","E","M","$","$","R","B",null,"M"],"character_chosen":"DEFECT","items_purchased":["Ball Lightning","Defragment","DuplicationPotion","Turbo"],"campfire_rested":3,"item_purchase_floors":[4,27,31,31],"current_hp_per_floor":[62,61,61,61,61,52,52,40,40,34,34,34,20,20,41,31,61,46,35,12,71,71,71,32,53,53,53,26,24,24,24,45,31,61,0,0],"gold":84,"neow_bonus":"UPGRADE_CARD","is_daily":false,"chose_seed":false,"campfire_upgraded":3,"win_rate":0.0,"timestamp":1608057927,"path_taken":["M","M","?","?","M","E","R","M","T","E","?","R","?","M","R","BOSS","M","M","M","?","$","R","E","R","T","$","E","M","?","$","R","BOSS","M"],"items_purchased_type":["Card","Card","Potion","Card"],"build_version":"2020-12-13","purchased_purges":2,"victory":false,"max_hp_per_floor":[71,71,71,71,71,71,71,71,71,71,71,71,71,71,71,71,71,71,71,71,71,71,71,71,71,71,71,71,71,71,71,71,71,71,71,71],"relic_stats":{"Inserter":[21],"counters":[18,77],"Shuriken":[24],"PreservedInsect":141,"Whetstone":["Cold Snap","Strike_B"],"Letter Opener":[40],"Boot":[4],"obtain_stats":[{"Calling Bell":34,"Ice Cream":34,"Anchor":34,"Inserter":17,"Shuriken":6,"Thread and Needle":26,"PreservedInsect":3,"Whetstone":10,"Letter Opener":24,"Frozen Egg 2":34,"Cracked Core":0,"Boot":28},{"Calling Bell":17,"Ice Cream":17,"Anchor":17,"Inserter":10,"Shuriken":4,"Thread and Needle":14,"PreservedInsect":2,"Whetstone":6,"Letter Opener":14,"Frozen Egg 2":17,"Cracked Core":0,"Boot":15},{"Calling Bell":70,"Ice Cream":70,"Anchor":70,"Inserter":36,"Shuriken":12,"Thread and Needle":52,"PreservedInsect":7,"Whetstone":20,"Letter Opener":52,"Frozen Egg 2":70,"Cracked Core":0,"Boot":57}]},"card_choices":[{"not_picked":["Streamline","Recycle"],"picked":"Conserve Battery","floor":1},{"not_picked":["Stack","Static Discharge"],"picked":"Cold Snap","floor":2},{"not_picked":["Conserve Battery","Reprogram"],"picked":"Ball Lightning","floor":5},{"not_picked":["Ball Lightning","Stack"],"picked":"Seek","floor":6},{"not_picked":["Conserve Battery","Turbo"],"picked":"Cold Snap","floor":8},{"not_picked":["Heatsinks","Darkness"],"picked":"Core Surge","floor":10},{"not_picked":["Beam Cell","Chill"],"picked":"Glacier","floor":11},{"not_picked":["Double Energy","Sweeping Beam"],"picked":"Compile Driver","floor":13},{"not_picked":["Sweeping Beam","Skim"],"picked":"Lockon","floor":14},{"not_picked":["Amplify","Multi-Cast"],"picked":"Fission","floor":16},{"not_picked":["Recycle","Sunder"],"picked":"Beam Cell+1","floor":18},{"not_picked":["Cold Snap","Hologram"],"picked":"Loop","floor":19},{"not_picked":["Scrape","Compile Driver"],"picked":"Leap","floor":20},{"not_picked":["Steam","Chill"],"picked":"Doom and Gloom","floor":24},{"not_picked":["Cold Snap+1","Hello World"],"picked":"Stack","floor":28},{"not_picked":["Steam","Beam Cell"],"picked":"Buffer","floor":29},{"not_picked":["Rainbow","Hyperbeam"],"picked":"Buffer","floor":33}],"player_experience":347318,"relics_obtained":[{"floor":6,"key":"Shuriken"},{"floor":10,"key":"Whetstone"},{"floor":24,"key":"Letter Opener"},{"floor":26,"key":"Thread and Needle"},{"floor":28,"key":"Boot"},{"floor":34,"key":"Anchor"},{"floor":34,"key":"Frozen Egg 2"},{"floor":34,"key":"Ice Cream"}],"event_choices":[{"damage_healed":0,"gold_gain":0,"player_choice":"Paid Gold","damage_taken":0,"relics_obtained":["PreservedInsect"],"max_hp_gain":0,"max_hp_loss":0,"event_name":"WeMeetAgain","floor":3,"gold_loss":56},{"damage_healed":59,"gold_gain":0,"player_choice":"Full Heal","damage_taken":0,"max_hp_gain":0,"max_hp_loss":0,"event_name":"Wheel of Change","floor":21,"gold_loss":0}],"is_beta":false,"boss_relics":[{"not_picked":["FrozenCore","Pandora\u0027s Box"],"picked":"Inserter"},{"not_picked":["Coffee Dripper","Tiny House"],"picked":"Calling Bell"}],"items_purged_floors":[22,27],"is_endless":false,"potions_floor_spawned":[8,10,11,14,18,19,24],"killed_by":"3 Darklings","ascension_level":20}}