{"host":"4u2tcsoe5o5ny82a","time":1608000998,"event":{"mods":["Always Whale","BaseMod","Better Third Choice","BetterRewards","Downfall","Hubris","Infinite Spire","Minty Spire (QoL Compilation)","Quick Restart","Relic Sorter","Replay The Spire","Shop Mod","Spicy Shops","StSLib","SuperFastMode"],"gold_per_floor":[99,129,140,156,156,141,141,157,170,170,188,205,205,396,414,414,414],"floor_reached":16,"playtime":1040,"items_purged":[],"score":104,"play_id":"ce18f2f4-5a1b-47bb-bb74-a7e13f74177d","local_time":"20201214215638","is_ascension_mode":false,"campfire_choices":[{"data":"expansioncontent:GuardianWhirl","floor":1,"key":"SMITH"},{"data":"champ:RecklessLeap","floor":5,"key":"SMITH"},{"floor":10,"key":"RECALL"}],"circlet_count":0,"master_deck":["champ:Strike","champ:Strike","champ:Strike","champ:Strike","champ:Defend","champ:Defend","champ:Defend","champ:Defend","champ:Execute","champ:Taunt","expansioncontent:GuardianWhirl+1","Pot Of Greed","champ:StrikeOfGenius","Pot Of Greed","champ:StanceDance","champ:RecklessLeap+1","champ:HeartStrike","champ:RecklessLeap","champ:BerserkersShout"],"relics":["champ:ChampionCrown","Grinning Jar"],"acts_visited":["Exordium"],"potions_floor_usage":[],"damage_taken":[{"damage":33,"enemies":"Gremlin Nob","floor":2,"turns":4},{"damage":1,"enemies":"Cultist","floor":3,"turns":3},{"damage":15,"enemies":"Small Slimes","floor":4,"turns":3},{"damage":23,"enemies":"downfall:FleeingMerchant","floor":6,"turns":4},{"damage":5,"enemies":"Jaw Worm","floor":8,"turns":2},{"damage":15,"enemies":"Large Slime","floor":9,"turns":3},{"damage":0,"enemies":"2 Fungi Beasts","floor":11,"turns":2},{"damage":0,"enemies":"Exordium Wildlife","floor":12,"turns":2},{"damage":36,"enemies":"Large Slime","floor":15,"turns":3},{"damage":94,"enemies":"downfall:Watcher","floor":16,"turns":7}],"seed_played":"1963460749757088165","potions_obtained":[{"floor":2,"key":"Elixir"},{"floor":4,"key":"Toxic Potion"},{"floor":9,"key":"Explosive Potion"},{"floor":15,"key":"LifebloodPotion"}],"is_trial":false,"path_per_floor":["R","E","M","M","R","$","T","M","M","R","M","M","?","?","M","B"],"character_chosen":"THE_CHAMP","items_purchased":[],"campfire_rested":0,"item_purchase_floors":[],"current_hp_per_floor":[90,62,66,56,56,56,56,56,56,56,56,56,56,56,49,0,0],"gold":414,"neow_bonus":"RANDOM_COLORLESS","is_daily":false,"chose_seed":false,"campfire_upgraded":2,"win_rate":0.0,"timestamp":1608000998,"path_taken":["R","E","M","M","R","$","T","M","?","R","M","M","?","?","M","BOSS"],"items_purchased_type":[],"build_version":"2020-12-13","purchased_purges":0,"victory":false,"max_hp_per_floor":[90,90,90,90,90,90,90,90,90,90,90,90,90,90,90,90,90],"card_choices":[{"not_picked":["ReplayTheSpireMod:Trickstab","Bandage Up"],"picked":"expansioncontent:GuardianWhirl","floor":0},{"not_picked":["champ:DefensiveStyle","champ:Haymaker"],"picked":"champ:StrikeOfGenius","floor":2},{"not_picked":["champ:DefensiveShout","champ:FaceSlap"],"picked":"champ:StanceDance","floor":3},{"not_picked":["champ:EnragedBash","champ:GladiatorsShout"],"picked":"champ:RecklessLeap","floor":4},{"not_picked":["champ:Encircle","champ:Duel"],"picked":"champ:HeartStrike","floor":6},{"not_picked":["champ:RisingSlash","champ:GladiatorsShout"],"picked":"champ:RecklessLeap","floor":8},{"not_picked":["champ:GladiatorsShout","champ:Circumvent","champ:FlashCut"],"picked":"SKIP","floor":9},{"not_picked":["champ:DefensiveShout","champ:BladeFlurry","champ:Circumvent"],"picked":"SKIP","floor":11},{"not_picked":["champ:Riposte","champ:FanOfKnives","champ:Encircle"],"picked":"SKIP","floor":12},{"not_picked":["champ:FanOfKnives","champ:CrookedStrike"],"picked":"champ:BerserkersShout","floor":14},{"not_picked":["champ:BerserkersShout","champ:ViciousMockery","champ:FlashCut"],"picked":"SKIP","floor":15}],"player_experience":461535,"relics_obtained":[{"floor":2,"key":"Grinning Jar"}],"event_choices":[],"is_beta":false,"boss_relics":[],"items_purged_floors":[],"is_endless":false,"potions_floor_spawned":[2,4,9,15],"killed_by":"downfall:Watcher","ascension_level":0}}