{"host":"bg8va46pgqgvtzim","time":1608044119,"event":{"mods":["BaseMod","Minty Spire (QoL Compilation)","Quick Restart","StSLib","SuperFastMode"],"gold_per_floor":[115,132,144,144,244,244,272,300,337,374,386,415,437,481,493,604,616,647,675,697,808,600,635,635,654,654,671,686,706,633,658,658,756,756,767,777,792,792,792,827,827,857,857,869,514,541,561,591,591,591,591,591,101,130,130],"floor_reached":56,"playtime":2306,"items_purged":["Strike_G","Strike_G","Strike_G","Defend_G"],"score":1513,"play_id":"d13fc7cd-18bc-4137-8a4e-207d283fd6fc","local_time":"20201215225519","is_ascension_mode":true,"campfire_choices":[{"data":"Skewer","floor":6.0,"key":"SMITH"},{"data":"Flechettes","floor":11.0,"key":"SMITH"},{"data":"Footwork","floor":15.0,"key":"SMITH"},{"data":"Prepared","floor":24.0,"key":"SMITH"},{"data":"Tactician","floor":32.0,"key":"SMITH"},{"data":"Setup","floor":41.0,"key":"SMITH"},{"floor":49,"key":"RECALL"},{"data":"Acrobatics","floor":52,"key":"SMITH"}],"circlet_count":0,"master_deck":["Defend_G","Defend_G","Defend_G","Defend_G","Survivor","Neutralize","Distraction","Infinite Blades","Cloak And Dagger","Skewer+1","Crippling Poison","Flechettes+1","Prepared+1","Footwork+1","Malaise","Outmaneuver+1","Prepared","PiercingWail+1","Acrobatics+1","Tactician+1","After Image","Blur","Setup+1","Expertise","Concentrate","After Image","Terror","Panacea","Noxious Fumes","Escape Plan+1"],"relics":["Ring of the Snake","MawBank","Art of War","InkBottle","Runic Pyramid","Lantern","Smiling Mask","Snake Skull","Nunchaku","Coffee Dripper","Pantograph","Ornamental Fan","Shuriken","Mummified Hand","Membership Card","Sundial","Boot","Vajra","PrismaticShard","TungstenRod","Toy Ornithopter","Bronze Scales"],"acts_visited":["Exordium","TheCity","TheBeyond","TheEnding"],"potions_floor_usage":[55,55,55],"damage_taken":[{"damage":0.0,"enemies":"Jaw Worm","floor":1.0,"turns":6.0},{"damage":2.0,"enemies":"Cultist","floor":2.0,"turns":6.0},{"damage":0.0,"enemies":"Small Slimes","floor":3.0,"turns":4.0},{"damage":18.0,"enemies":"3 Sentries","floor":7.0,"turns":9.0},{"damage":0.0,"enemies":"2 Fungi Beasts","floor":8.0,"turns":3.0},{"damage":8.0,"enemies":"Lagavulin","floor":10.0,"turns":6.0},{"damage":2.0,"enemies":"Lots of Slimes","floor":12.0,"turns":4.0},{"damage":0.0,"enemies":"Looter","floor":13.0,"turns":4.0},{"damage":9.0,"enemies":"Gremlin Nob","floor":14.0,"turns":4.0},{"damage":3.0,"enemies":"The Guardian","floor":16.0,"turns":14.0},{"damage":1.0,"enemies":"Chosen","floor":18.0,"turns":6.0},{"damage":14.0,"enemies":"2 Thieves","floor":19.0,"turns":5.0},{"damage":3.0,"enemies":"Cultist and Chosen","floor":20.0,"turns":7.0},{"damage":0.0,"enemies":"Gremlin Leader","floor":23.0,"turns":9.0},{"damage":0.0,"enemies":"Shelled Parasite and Fungi","floor":25.0,"turns":5.0},{"damage":0.0,"enemies":"Snecko","floor":27.0,"turns":4.0},{"damage":0.0,"enemies":"Sentry and Sphere","floor":28.0,"turns":7.0},{"damage":0.0,"enemies":"Snake Plant","floor":29.0,"turns":6.0},{"damage":16.0,"enemies":"Slavers","floor":31.0,"turns":4.0},{"damage":0.0,"enemies":"Automaton","floor":33.0,"turns":9.0},{"damage":0.0,"enemies":"Orb Walker","floor":35.0,"turns":3.0},{"damage":0.0,"enemies":"3 Shapes","floor":36.0,"turns":7.0},{"damage":0.0,"enemies":"3 Darklings","floor":37.0,"turns":5.0},{"damage":0.0,"enemies":"Nemesis","floor":40.0,"turns":7.0},{"damage":18.0,"enemies":"Giant Head","floor":42.0,"turns":12.0},{"damage":0.0,"enemies":"Spire Growth","floor":44.0,"turns":5.0},{"damage":30.0,"enemies":"Reptomancer","floor":46.0,"turns":10.0},{"damage":0,"enemies":"Jaw Worm Horde","floor":47,"turns":4},{"damage":0,"enemies":"Nemesis","floor":48,"turns":5},{"damage":2,"enemies":"Awakened One","floor":50,"turns":11},{"damage":1,"enemies":"Shield and Spear","floor":54,"turns":6},{"damage":5,"enemies":"The Heart","floor":55,"turns":9}],"seed_played":"7513652698031060393","potions_obtained":[{"floor":2.0,"key":"Block Potion"},{"floor":7.0,"key":"Dexterity Potion"},{"floor":10.0,"key":"BlessingOfTheForge"},{"floor":13.0,"key":"Weak Potion"},{"floor":16.0,"key":"Fire Potion"},{"floor":19.0,"key":"LiquidBronze"},{"floor":25.0,"key":"Poison Potion"},{"floor":29.0,"key":"Strength Potion"},{"floor":33.0,"key":"Energy Potion"},{"floor":37.0,"key":"CultistPotion"},{"floor":54,"key":"GhostInAJar"}],"is_trial":false,"path_per_floor":["M","M","M","?","?","R","E","M","T","E","R","M","M","E","R","B",null,"M","M","M","?","$","E","R","M","T","M","M","M","$","E","R","B",null,"M","M","M","?","?","E","R","E","T","M","$","E","M","E","R","B",null,"R","$","E","B",null],"character_chosen":"THE_SILENT","items_purchased":["Lantern","Acrobatics","Membership Card","Sundial","Concentrate","Terror","PrismaticShard","TungstenRod","Toy Ornithopter","Panacea","LiquidMemories","Noxious Fumes"],"campfire_rested":0,"item_purchase_floors":[22,30,45,45,45,53,53,53,53,53,53,53],"current_hp_per_floor":[49,47,47,52,52,52,34,34,34,26,26,24,24,15,15,12,75,74,60,57,57,57,57,57,57,57,57,57,57,57,41,41,41,75,75,75,75,75,75,75,75,57,57,57,57,27,27,27,27,50,75,75,75,74,70],"gold":130,"neow_bonus":"TRANSFORM_TWO_CARDS","is_daily":false,"chose_seed":false,"campfire_upgraded":7,"win_rate":0.0,"timestamp":1608044119,"path_taken":["M","M","M","?","?","R","E","M","T","E","R","M","?","E","R","BOSS","M","M","M","?","$","E","R","M","T","M","M","M","$","E","R","BOSS","M","M","M","?","?","E","R","E","T","M","$","E","?","E","R","BOSS","R","$","E","BOSS"],"items_purchased_type":["Relic","Card","Relic","Relic","Card","Card","Relic","Relic","Relic","Card","Potion","Card"],"build_version":"2020-12-13","purchased_purges":4,"victory":true,"max_hp_per_floor":[70,70,70,75,75,75,75,75,75,75,75,75,75,75,75,75,75,75,75,75,75,75,75,75,75,75,75,75,75,75,75,75,75,75,75,75,75,75,75,75,75,75,75,75,75,75,75,75,75,75,75,75,75,75,75],"card_choices":[{"not_picked":["PiercingWail","Flying Knee"],"picked":"Cloak And Dagger","floor":1.0},{"not_picked":["Quick Slash","Wraith Form v2"],"picked":"Skewer","floor":2.0},{"not_picked":["Leg Sweep","Slice"],"picked":"Crippling Poison","floor":3.0},{"not_picked":["Masterful Stab","Quick Slash","PiercingWail"],"picked":"SKIP","floor":7.0},{"not_picked":["Quick Slash","Flying Knee"],"picked":"Flechettes","floor":8.0},{"not_picked":["Poisoned Stab","Blade Dance"],"picked":"Prepared","floor":10.0},{"not_picked":["Slice","Doppelganger"],"picked":"Footwork","floor":12.0},{"not_picked":["Dodge and Roll","Dagger Spray","Poisoned Stab"],"picked":"SKIP","floor":13.0},{"not_picked":["Flying Knee","Bane","Deadly Poison"],"picked":"SKIP","floor":14.0},{"not_picked":["Doppelganger","Grand Finale"],"picked":"Malaise","floor":16.0},{"not_picked":["Dash","Eviscerate","Catalyst"],"picked":"SKIP","floor":18.0},{"not_picked":["Cloak And Dagger+1","Dagger Throw"],"picked":"Outmaneuver+1","floor":19.0},{"not_picked":["Flying Knee","Backstab","Venomology"],"picked":"SKIP","floor":20.0},{"not_picked":["Blur+1","Distraction"],"picked":"Prepared","floor":23.0},{"not_picked":["Slice","Quick Slash"],"picked":"PiercingWail+1","floor":25.0},{"not_picked":["Heel Hook","Cloak And Dagger","Dagger Spray"],"picked":"SKIP","floor":27.0},{"not_picked":["Heel Hook","Cloak And Dagger","Dagger Spray"],"picked":"SKIP","floor":27.0},{"not_picked":["Catalyst","PiercingWail","Underhanded Strike"],"picked":"SKIP","floor":28.0},{"not_picked":["Poisoned Stab","Cloak And Dagger","Well Laid Plans+1"],"picked":"SKIP","floor":29.0},{"not_picked":["Setup+1","Deflect"],"picked":"Tactician","floor":31.0},{"not_picked":["Storm of Steel","A Thousand Cuts"],"picked":"After Image","floor":33.0},{"not_picked":["Bane+1","PiercingWail+1"],"picked":"Blur","floor":35.0},{"not_picked":["Poisoned Stab+1","Blade Dance","Dagger Spray"],"picked":"SKIP","floor":36.0},{"not_picked":["Bane+1","Poisoned Stab+1"],"picked":"Setup","floor":37.0},{"not_picked":["Flying Knee+1","Deadly Poison+1","Bouncing Flask+1"],"picked":"SKIP","floor":40.0},{"not_picked":["Phantasmal Killer","Setup+1","Dagger Throw+1"],"picked":"SKIP","floor":42.0},{"not_picked":["Blade Dance","Cloak And Dagger+1"],"picked":"Expertise","floor":44.0},{"not_picked":["Catalyst+1","Sucker Punch+1","Bouncing Flask"],"picked":"SKIP","floor":46.0},{"not_picked":["Crippling Poison+1","PiercingWail","Night Terror"],"picked":"SKIP","floor":47},{"not_picked":["Blade Dance","Flying Knee+1"],"picked":"After Image","floor":48},{"not_picked":["Flex+1","Steam"],"picked":"Escape Plan+1","floor":54}],"player_experience":2109513,"relics_obtained":[{"floor":7.0,"key":"MawBank"},{"floor":10.0,"key":"Art of War"},{"floor":14.0,"key":"InkBottle"},{"floor":23.0,"key":"Smiling Mask"},{"floor":26.0,"key":"Snake Skull"},{"floor":31.0,"key":"Nunchaku"},{"floor":39.0,"key":"Pantograph"},{"floor":40.0,"key":"Ornamental Fan"},{"floor":42.0,"key":"Shuriken"},{"floor":43.0,"key":"Mummified Hand"},{"floor":46.0,"key":"Boot"},{"floor":48,"key":"Vajra"},{"floor":54,"key":"Bronze Scales"}],"event_choices":[{"damage_healed":0.0,"max_hp_gain":5.0,"max_hp_loss":0.0,"gold_gain":0.0,"event_name":"Big Fish","player_choice":"Donut","floor":4.0,"gold_loss":0.0,"damage_taken":0.0},{"damage_healed":0.0,"max_hp_gain":0.0,"max_hp_loss":0.0,"gold_gain":100.0,"event_name":"Golden Shrine","player_choice":"Pray","floor":5.0,"gold_loss":0.0,"damage_taken":0.0},{"damage_healed":0.0,"max_hp_gain":0.0,"max_hp_loss":0.0,"gold_gain":99.0,"event_name":"Nest","player_choice":"Stole From Cult","floor":21.0,"gold_loss":0.0,"damage_taken":0.0},{"damage_healed":0.0,"max_hp_gain":0.0,"max_hp_loss":0.0,"gold_gain":0.0,"event_name":"Tomb of Lord Red Mask","player_choice":"Ignored","floor":38.0,"gold_loss":0.0,"damage_taken":0.0},{"damage_healed":0.0,"max_hp_gain":0.0,"max_hp_loss":0.0,"gold_gain":0.0,"event_name":"Wheel of Change","player_choice":"Relic","floor":39.0,"gold_loss":0.0,"damage_taken":0.0}],"is_beta":false,"boss_relics":[{"not_picked":["SacredBark","WristBlade"],"picked":"Runic Pyramid"},{"not_picked":["Busted Crown","Snecko Eye"],"picked":"Coffee Dripper"}],"items_purged_floors":[22,30,45,53],"is_endless":false,"potions_floor_spawned":[2,7,10,13,16,19,25,29,33,37,40,46,47,48,54],"ascension_level":1}}