{"host":"mvw7i28zi3kj0eu9","time":1608041138,"event":{"mods":["AchievementEnabler","BaseMod","Better Third Choice","BetterRewards","Block Reminder","Conspire","Custom Start","Downfall","Energized Spire","Halation","Hermit","Hubris","Infinite Spire","Jorbs\u0027s Wanderer Trilogy","Minty Spire (QoL Compilation)","Replay The Spire","Shop Mod","Small Relic Pack","Spikes Relics","StSLib","The Blue Laboratory","The Necromancer","The Servant 0.9.4","Virulent Crown"],"gold_per_floor":[118,118,118,193,212,212,225,225,225,238,238,264,281,308,308,411,411,449,449,472,485,435,435,458,383,431,450,450,464,468,468],"floor_reached":30,"playtime":549,"items_purged":["Strike_R","Defend_R","Slimebound:Icky"],"score":242,"play_id":"c1c581a6-a398-4536-a8f7-50c02e8c02d2","local_time":"20201215150538","is_ascension_mode":false,"campfire_choices":[{"data":"Body Slam","floor":6,"key":"SMITH"},{"data":"Defend_R","floor":8,"key":"SMITH"},{"data":"Bash","floor":15,"key":"SMITH"},{"floor":23,"key":"REST"}],"circlet_count":0,"master_deck":["Strike_R","Strike_R","Strike_R","Strike_R","Defend_R+1","Defend_R+1","Defend_R","Bash+1","Heavy Blade+1","Ghostly Armor+1","Body Slam+1","conspire:Blindness"],"relics":["Burning Blood","Brimstone","Oddly Smooth Stone","Pen Nib","Smiling Mask","Replay:Ancient Bell","halation:IllGainedPizza","conspire:Dentures","Ice Cream","Vajra","relicPack:OneForAll"],"acts_visited":["Exordium","TheCity"],"potions_floor_usage":[16,18,20,24,30],"damage_taken":[{"damage":0,"enemies":"Cultist","floor":1,"turns":2},{"damage":0,"enemies":"Small Slimes","floor":5,"turns":2},{"damage":7,"enemies":"Jaw Worm","floor":7,"turns":2},{"damage":0,"enemies":"Blue Slaver","floor":10,"turns":2},{"damage":13,"enemies":"Lagavulin","floor":12,"turns":5},{"damage":5,"enemies":"Looter","floor":13,"turns":2},{"damage":4,"enemies":"Gremlin Nob","floor":14,"turns":3},{"damage":44,"enemies":"Hexaghost","floor":16,"turns":5},{"damage":58,"enemies":"3 Byrds","floor":18,"turns":6},{"damage":13,"enemies":"2 Thieves","floor":20,"turns":3},{"damage":7,"enemies":"Centurion and Healer","floor":21,"turns":3},{"damage":12,"enemies":"Cultist and Chosen","floor":24,"turns":4},{"damage":31,"enemies":"Snake Plant","floor":27,"turns":3},{"damage":12,"enemies":"3 Cultists","floor":29,"turns":4},{"damage":15,"enemies":"Shelled Parasite and Fungi","floor":30,"turns":2}],"seed_played":"-717975854147930369","potions_obtained":[{"floor":7,"key":"blueLaboratory:EmptyBottle"},{"floor":13,"key":"blueLaboratory:SavagePotion"},{"floor":18,"key":"champ:CounterPotion"},{"floor":20,"key":"blueLaboratory:NullPotion"},{"floor":29,"key":"Fruit Juice"}],"is_trial":false,"path_per_floor":["M","$","?","?","M","R","M","R","T","M","?","E","M","E","R","B",null,"M","?","M","M","$","R","M","?","T","M","?","M","M"],"character_chosen":"IRONCLAD","items_purchased":["Brimstone","Heavy Blade","Ghostly Armor+1","Body Slam"],"campfire_rested":1,"item_purchase_floors":[0,0,0,0],"current_hp_per_floor":[80,80,80,72,78,78,77,77,77,80,80,73,74,76,76,38,80,28,28,21,20,20,44,38,38,38,13,13,7,0,0],"gold":468,"neow_bonus":"","is_daily":false,"chose_seed":false,"campfire_upgraded":3,"win_rate":0.0,"timestamp":1608041138,"path_taken":["M","?","?","?","?","R","M","R","T","M","?","E","M","E","R","BOSS","M","?","M","M","$","R","M","?","T","M","?","M","M"],"items_purchased_type":["Relic","Card","Card","Card"],"build_version":"2020-12-13","purchased_purges":3,"victory":false,"max_hp_per_floor":[80,80,80,80,80,80,80,80,80,80,80,80,80,80,80,80,80,80,80,80,80,80,80,80,80,80,80,80,80,85,85],"card_choices":[{"not_picked":["Defy Death","Heavy Blade","Wild Strike"],"picked":"SKIP","floor":1},{"not_picked":["Second Wind","Havoc","Burning Pact"],"picked":"SKIP","floor":5},{"not_picked":["Corruption","Defy Death","Armaments"],"picked":"SKIP","floor":7},{"not_picked":["Body Slam","True Grit","Evolve"],"picked":"SKIP","floor":10},{"not_picked":["Eclipse","Body Slam","Hemokinesis"],"picked":"SKIP","floor":12},{"not_picked":["Flex","Run Through","ReplayReversal"],"picked":"SKIP","floor":13},{"not_picked":["Metallicize","True Grit","Burning Pact"],"picked":"SKIP","floor":14},{"not_picked":["hubris:Sloth","hubris:Wrath"],"picked":"Slimebound:Icky","floor":17},{"not_picked":["Looming Evil","hubris:Greed"],"picked":"Slimebound:Icky","floor":17},{"not_picked":["Hatred","Spreading Infection"],"picked":"conspire:Blindness","floor":17},{"not_picked":["ReplayTheSpireMod:Limb From Limb","Burning Pact","Heavy Blade"],"picked":"SKIP","floor":18},{"not_picked":["Clash+1","Dropkick","Absolvement"],"picked":"SKIP","floor":20},{"not_picked":["Life Link+1","Rage","ReplayTheSpireMod:LeadingStrike"],"picked":"SKIP","floor":21},{"not_picked":["hubris:ReadiedAction","Headbutt","Sever Soul"],"picked":"SKIP","floor":24},{"not_picked":["Clash","Flex","Reckless Charge"],"picked":"SKIP","floor":27},{"not_picked":["Headbutt","Cleave","hubris:CleavingFinish"],"picked":"SKIP","floor":29}],"player_experience":864709,"relics_obtained":[{"floor":9,"key":"Oddly Smooth Stone"},{"floor":12,"key":"Pen Nib"},{"floor":14,"key":"Smiling Mask"},{"floor":26,"key":"Vajra"}],"event_choices":[{"damage_healed":0,"gold_gain":0,"player_choice":"Grow","damage_taken":0,"max_hp_gain":0,"max_hp_loss":0,"event_name":"Living Wall","floor":3,"gold_loss":0,"cards_upgraded":["Heavy Blade"]},{"damage_healed":0,"gold_gain":75,"player_choice":"Touch","damage_taken":8,"max_hp_gain":0,"max_hp_loss":0,"event_name":"FaceTrader","floor":4,"gold_loss":0},{"damage_healed":0,"gold_gain":0,"player_choice":"Ignored","damage_taken":0,"max_hp_gain":0,"max_hp_loss":0,"event_name":"Vampires","floor":19,"gold_loss":0},{"cards_removed":["Slimebound:Icky"],"damage_healed":0,"gold_gain":0,"player_choice":"Gave Gold","damage_taken":0,"max_hp_gain":0,"max_hp_loss":0,"event_name":"Beggar","floor":25,"gold_loss":75}],"is_beta":false,"boss_relics":[{"not_picked":["Honey Jar","Tiny House"],"picked":"Replay:Ancient Bell"},{"not_picked":["SpikesRelics:DaevaFist","Replay:Rubber Ducky"],"picked":"halation:IllGainedPizza"},{"not_picked":["hubris:PeanutButter","Eternal Feather"],"picked":"conspire:Dentures"},{"not_picked":["Magic Flower","Replay:Towering Pillar of Hats"],"picked":"Ice Cream"}],"items_purged_floors":[0,0,22],"is_endless":false,"potions_floor_spawned":[7,13,18,20,29],"killed_by":"Shelled Parasite and Fungi","ascension_level":0}}