{"host":"Justin","time":1608029016,"event":{"mods":["BaseMod","BetterRewards","Colored Map","Colored Powertips","DeckTracker","Duelist Mod","Hermit","Highlight Path","Hubris","Infinite Spire","Minty Spire (QoL Compilation)","Replay The Spire","Shop Mod","StSLib","The Animator","The Jungle","The Necromancer"],"gold_per_floor":[112,51,64,83,96,121,121,121,121],"floor_reached":8,"playtime":961,"items_purged":["Strike_G"],"score":58,"play_id":"5376011a-0d5f-4e03-baaa-fc366800cc03","local_time":"20201215114336","is_ascension_mode":false,"campfire_choices":[],"circlet_count":0,"master_deck":["Strike_G+1","Strike_G","Strike_G+1","Strike_G","Defend_G","Defend_G","Defend_G","Defend_G","Defend_G","Neutralize","Blade Dance","Hidden Blade","Wraith Form v2","Master of Strategy","Slice","ReplayTheSpireMod:Tripwire","ReplayTheSpireMod:Tripwire","Hidden Blade","Sucker Punch","Poisoned Stab","Blade Dance"],"relics":["Gambling Chip","Replay:Towering Pillar of Hats","Whetstone","Replay:PocketPolymizer","Golden Idol"],"acts_visited":[],"potions_floor_usage":[6,6],"damage_taken":[{"damage":1,"enemies":"Cultist","floor":1,"turns":3},{"damage":1,"enemies":"2 Louse","floor":3,"turns":2},{"damage":0,"enemies":"Jaw Worm","floor":4,"turns":4},{"damage":2,"enemies":"Looter","floor":5,"turns":4},{"damage":23,"enemies":"3 Sentries","floor":6,"turns":7},{"damage":0,"enemies":"Lagavulin","floor":8,"turns":2}],"seed_played":"1877823356023495478","potions_obtained":[{"floor":1,"key":"Explosive Potion"},{"floor":3,"key":"Weak Potion"}],"is_trial":false,"path_per_floor":["M","$","M","M","M","E","?","E"],"character_chosen":"THE_SILENT","items_purchased":["MerchantsRug","Blade Dance","Hidden Blade","Well Laid Plans","Gambling Chip","Whetstone","Master of Strategy","ReplayTheSpireMod:Tripwire"],"campfire_rested":0,"item_purchase_floors":[0,0,0,0,0,0,0,2],"current_hp_per_floor":[27,27,26,26,24,1,1,1,1],"gold":121,"neow_bonus":"","is_daily":false,"chose_seed":false,"campfire_upgraded":0,"win_rate":0.0,"timestamp":1608029016,"path_taken":["M","$","M","?","M","E","?","E"],"items_purchased_type":["Relic","Card","Card","Card","Relic","Relic","Card","Card"],"build_version":"2020-11-17","purchased_purges":1,"victory":false,"max_hp_per_floor":[65,65,65,65,65,65,60,60,60],"card_choices":[{"not_picked":["Outmaneuver","Prepared"],"picked":"Slice","floor":1},{"not_picked":["Quick Slash","hubris:TrickCloak"],"picked":"Hidden Blade","floor":3},{"not_picked":["Riddle With Holes","Backflip"],"picked":"Sucker Punch","floor":4},{"not_picked":["Night Terror","Slice"],"picked":"Poisoned Stab","floor":5},{"not_picked":["Burst","Quick Slash"],"picked":"Blade Dance","floor":6}],"player_experience":14506,"relics_obtained":[{"floor":6,"key":"Replay:PocketPolymizer"}],"event_choices":[{"damage_healed":0,"gold_gain":0,"player_choice":"Lose Max HP","damage_taken":0,"relics_obtained":["Golden Idol"],"max_hp_gain":0,"max_hp_loss":5,"event_name":"Golden Idol","floor":7,"gold_loss":0}],"is_beta":true,"boss_relics":[],"items_purged_floors":[0],"is_endless":false,"potions_floor_spawned":[1,3],"killed_by":"Lagavulin","ascension_level":0}}