{"host":"8b6x5jh5dgxmxtlw","time":1608027111,"event":{"mods":["AchievementEnabler","BaseMod","Better Altar","Better Match","Better Note","Better Sensory Stone","Better Skull","Better Third Choice","BetterRewards","Colored Map","Downfall","GifTheSpireLib","Hermit","Highlight Path","Minty Spire (QoL Compilation)","Permanent Neow","StSLib","Unceasing Turn Reminder"],"gold_per_floor":[118,138,158,169,169,169,203,221,244,244,258,272,298,298,298,400,450,469,469,469,488,488,488,517,517,517,517,533,533,533],"floor_reached":29,"playtime":1918,"items_purged":[],"score":255,"play_id":"b06fbec9-d0ce-4e93-9a25-7ace8d6868a4","local_time":"20201215051151","is_ascension_mode":false,"campfire_choices":[{"floor":6,"key":"REST"},{"floor":10,"key":"REST"},{"data":"Echo Form","floor":15,"key":"SMITH"},{"floor":23,"key":"REST"},{"floor":25,"key":"REST"},{"floor":27,"key":"REST"}],"circlet_count":0,"master_deck":["Strike_B","Strike_B+1","Strike_B","Strike_B","Defend_B","Defend_B","Defend_B","Defend_B","Zap","Dualcast","Doom and Gloom","Barrage","Capacitor","Auto Shields","Defragment","Secret Technique","Echo Form+1","Double Energy","Ball Lightning","Conserve Battery","Capacitor","Parasite","Multi-Cast","Turbo","Redo+1","Defragment","Ball Lightning","Storm","Stack+1"],"relics":["Cracked Core","CaptainsWheel","Lantern","Tiny House","Nloth\u0027s Gift","Vajra","Matryoshka"],"acts_visited":["Exordium","TheCity"],"potions_floor_usage":[12,13,18,21,24,24,28],"damage_taken":[{"damage":1,"enemies":"Cultist","floor":1,"turns":3},{"damage":12,"enemies":"2 Louse","floor":2,"turns":2},{"damage":6,"enemies":"Jaw Worm","floor":3,"turns":3},{"damage":18,"enemies":"2 Fungi Beasts","floor":4,"turns":3},{"damage":13,"enemies":"Gremlin Nob","floor":7,"turns":4},{"damage":1,"enemies":"Large Slime","floor":8,"turns":5},{"damage":5,"enemies":"Looter","floor":11,"turns":4},{"damage":0,"enemies":"Gremlin Gang","floor":12,"turns":4},{"damage":11,"enemies":"Lagavulin","floor":13,"turns":4},{"damage":45,"enemies":"Hexaghost","floor":16,"turns":9},{"damage":12,"enemies":"Spheric Guardian","floor":18,"turns":5},{"damage":20,"enemies":"Shell Parasite","floor":21,"turns":8},{"damage":61,"enemies":"Book of Stabbing","floor":24,"turns":6},{"damage":41,"enemies":"Shelled Parasite and Fungi","floor":28,"turns":6},{"damage":21,"enemies":"Slavers","floor":29,"turns":2}],"seed_played":"-4435961854461176462","potions_obtained":[{"floor":4,"key":"Slimebound:ThreeZeroPotion"},{"floor":8,"key":"SneckoOil"},{"floor":11,"key":"Swift Potion"},{"floor":12,"key":"SteroidPotion"},{"floor":16,"key":"GamblersBrew"},{"floor":17,"key":"EssenceOfSteel"},{"floor":21,"key":"ColorlessPotion"}],"is_trial":false,"path_per_floor":["M","M","M","M","?","R","E","M","T","R","M","M","E","?","R","B",null,"M","?","?","M","?","R","E","R","T","R","M","E"],"character_chosen":"DEFECT","items_purchased":[],"campfire_rested":5,"item_purchase_floors":[],"current_hp_per_floor":[74,62,56,38,38,60,47,46,46,68,63,63,52,70,70,25,80,68,68,68,48,48,72,11,35,35,59,18,0,0],"gold":533,"neow_bonus":"THREE_CARDS","is_daily":false,"chose_seed":false,"campfire_upgraded":1,"win_rate":0.0,"timestamp":1608027111,"path_taken":["M","M","M","M","?","R","E","M","T","R","?","M","E","?","R","BOSS","M","?","?","?","?","R","E","R","T","R","M","E"],"items_purchased_type":[],"build_version":"2020-12-13","purchased_purges":0,"victory":false,"max_hp_per_floor":[75,75,75,75,75,75,75,75,75,75,75,75,75,75,75,75,80,80,80,80,80,80,80,80,80,80,80,80,80,80],"card_choices":[{"not_picked":["Stack","Hologram"],"picked":"Doom and Gloom","floor":0},{"not_picked":["Stack","Conserve Battery"],"picked":"Barrage","floor":1},{"not_picked":["Undo","Aggregate"],"picked":"Capacitor","floor":2},{"not_picked":["Blizzard","Leap"],"picked":"Auto Shields","floor":3},{"not_picked":["Go for the Eyes","Conserve Battery"],"picked":"Defragment","floor":4},{"not_picked":["expansioncontent:Sear","expansioncontent:PolyBeam"],"picked":"Secret Technique","floor":5},{"not_picked":["Redo","Conserve Battery"],"picked":"Echo Form","floor":7},{"not_picked":["Hologram","Rebound"],"picked":"Double Energy","floor":8},{"not_picked":["Rebound","Compile Driver"],"picked":"Ball Lightning","floor":11},{"not_picked":["Leap","Self Repair"],"picked":"Conserve Battery","floor":12},{"not_picked":["Rip and Tear","Genetic Algorithm"],"picked":"Capacitor","floor":13},{"not_picked":["Machine Learning","Creative AI"],"picked":"Multi-Cast","floor":16},{"not_picked":["Rip and Tear","Hologram"],"picked":"Turbo","floor":17},{"not_picked":["Ball Lightning","Hologram"],"picked":"Redo+1","floor":18},{"not_picked":["Aggregate","Sunder"],"picked":"Ball Lightning","floor":21},{"not_picked":["Buffer","Steam"],"picked":"Storm","floor":24},{"not_picked":["Machine Learning","Hologram"],"picked":"Stack+1","floor":28}],"player_experience":98415,"relics_obtained":[{"floor":7,"key":"CaptainsWheel"},{"floor":9,"key":"Potion Belt"},{"floor":13,"key":"Lantern"},{"floor":24,"key":"Vajra"},{"floor":26,"key":"Matryoshka"}],"event_choices":[{"damage_healed":0,"gold_gain":1,"player_choice":"1","damage_taken":0,"max_hp_gain":0,"max_hp_loss":0,"event_name":"betterStone:BetterStone","floor":5,"gold_loss":0},{"damage_healed":18,"gold_gain":0,"player_choice":"Healed and dodged fight","damage_taken":0,"max_hp_gain":0,"max_hp_loss":0,"event_name":"Mushrooms","floor":14,"gold_loss":0,"cards_obtained":["Parasite"]},{"damage_healed":0,"gold_gain":0,"player_choice":"Leave","damage_taken":0,"max_hp_gain":0,"max_hp_loss":0,"event_name":"FaceTrader","floor":19,"gold_loss":0},{"damage_healed":0,"gold_gain":0,"player_choice":"Copied","damage_taken":0,"max_hp_gain":0,"max_hp_loss":0,"event_name":"Duplicator","floor":20,"gold_loss":0,"cards_obtained":["Defragment"]},{"damage_healed":0,"gold_gain":0,"player_choice":"Traded Relic","damage_taken":0,"relics_obtained":["Nloth\u0027s Gift"],"max_hp_gain":0,"max_hp_loss":0,"event_name":"N\u0027loth","floor":22,"relics_lost":["Potion Belt"],"gold_loss":0}],"is_beta":false,"boss_relics":[{"not_picked":["Fusion Hammer","Calling Bell"],"picked":"Tiny House"}],"items_purged_floors":[],"is_endless":false,"potions_floor_spawned":[4,8,11,12,16,21],"killed_by":"Slavers","ascension_level":0}}