{"host":"4agyp7e20ejnk5oq","time":1608032634,"event":{"mods":["BaseMod","Colored Map","Friendly Minions","Infinite Spire","Minty Spire (QoL Compilation)","Relic Sorter","Replay The Spire","StSLib"],"gold_per_floor":[116,116,116,43,62,93,112,144,144,144,161,181,181,147,147,243,243,255,274,111,111,111,111,144,144,144],"floor_reached":25,"playtime":919,"items_purged":[],"score":267,"play_id":"5dbd52d5-806c-4c20-8fd7-d7266d8dd47a","local_time":"20201215124354","is_ascension_mode":true,"campfire_choices":[{"floor":13,"key":"REST"},{"data":"BasicCrystalCard","floor":13,"key":"SMITH"},{"floor":15,"key":"REST"},{"data":"Dualcast","floor":15,"key":"SMITH"},{"floor":23,"key":"REST"},{"data":"Multi-Cast","floor":23,"key":"SMITH"}],"circlet_count":0,"master_deck":["Strike_B","Strike_B","Strike_B","Strike_B","Defend_B","Defend_B","Zap+1","Dualcast+1","Barrage","ReplayTheSpireMod:Calculation Training+1","Gash","Gash","Darkness","Multi-Cast+1","BasicCrystalCard+1","Static Discharge+1","Creative AI+1","Gash","Conserve Battery","White Noise+1","All For One+1","Consume"],"relics":["Cracked Core","NeowsBlessing","Question Card","infinitespire:Magic Flask","Strawberry","Golden Egg","Replay:Drink Me","Bag of Preparation"],"acts_visited":["Exordium","TheCity"],"potions_floor_usage":[12,16,16,16,25],"damage_taken":[{"damage":0,"enemies":"Small Slimes","floor":1,"turns":1},{"damage":0,"enemies":"Cultist","floor":5,"turns":1},{"damage":0,"enemies":"Gremlin Nob","floor":6,"turns":1},{"damage":12,"enemies":"2 Louse","floor":7,"turns":2},{"damage":31,"enemies":"Lagavulin","floor":8,"turns":7},{"damage":11,"enemies":"Red Slaver","floor":11,"turns":3},{"damage":0,"enemies":"Large Slime","floor":12,"turns":5},{"damage":26,"enemies":"Slime Boss","floor":16,"turns":8},{"damage":17,"enemies":"3 Byrds","floor":18,"turns":2},{"damage":10,"enemies":"Spheric Guardian","floor":19,"turns":3},{"damage":30,"enemies":"Book of Stabbing","floor":24,"turns":3},{"damage":26,"enemies":"Shelled Parasite and Fungi","floor":25,"turns":3}],"seed_played":"-4981455396193201171","potions_obtained":[{"floor":5,"key":"ColorlessPotion"},{"floor":7,"key":"EssenceOfSteel"},{"floor":8,"key":"ColorlessPotion"},{"floor":11,"key":"Fire Potion"},{"floor":12,"key":"Explosive Potion"},{"floor":19,"key":"Strength Potion"}],"is_trial":false,"path_per_floor":["M","?","T","$","M","E","M","E","T","?","M","M","R","$","R","B",null,"M","M","$","?","?","R","E","M"],"character_chosen":"DEFECT","items_purchased":["ReplayTheSpireMod:Calculation Training","Static Discharge","White Noise","All For One"],"campfire_rested":3,"item_purchase_floors":[4,14,20,20],"current_hp_per_floor":[75,80,80,80,80,80,68,44,44,27,16,16,42,42,68,42,66,49,39,39,27,27,48,18,0,0],"gold":144,"neow_bonus":"THREE_ENEMY_KILL","is_daily":false,"chose_seed":false,"campfire_upgraded":3,"win_rate":0.0,"timestamp":1608032634,"path_taken":["M","?","?","$","M","E","M","E","T","?","M","M","R","$","R","BOSS","M","M","$","?","?","R","E","M"],"items_purchased_type":["Card","Card","Card","Card"],"build_version":"2020-12-13","purchased_purges":0,"victory":false,"max_hp_per_floor":[75,80,80,80,80,80,80,87,87,87,87,87,87,87,87,87,66,66,66,66,71,71,71,71,71,71],"card_choices":[{"not_picked":["Chaos","Leap"],"picked":"Barrage","floor":1},{"not_picked":["Streamline","Rebound","ReplaySolidLightProjector"],"picked":"Gash","floor":5},{"not_picked":["Recycle","Ball Lightning","Compile Driver"],"picked":"Gash","floor":6},{"not_picked":["Reinforced Body","Hologram","Redo"],"picked":"Darkness","floor":7},{"not_picked":["Ball Lightning","Leap","Self Repair"],"picked":"Multi-Cast","floor":8},{"not_picked":["Barrage","Rebound","Coolheaded"],"picked":"Stack","floor":11},{"not_picked":["Undo","Ball Lightning","Panic Button"],"picked":"BasicCrystalCard","floor":12},{"not_picked":["Biased Cognition","Core Surge","ReplayRNGCard"],"picked":"Creative AI","floor":16},{"not_picked":["Turbo+1","Leap","Steam"],"picked":"Gash","floor":18},{"not_picked":["BasicCrystalCard","Steam","ReplaySolidLightProjector"],"picked":"Conserve Battery","floor":19},{"not_picked":["Compile Driver","Barrage","Cold Snap"],"picked":"Consume","floor":24}],"player_experience":330592,"relics_obtained":[{"floor":3,"key":"Question Card"},{"floor":6,"key":"infinitespire:Magic Flask"},{"floor":8,"key":"Strawberry"},{"floor":9,"key":"Golden Egg"},{"floor":24,"key":"Bag of Preparation"}],"event_choices":[{"damage_healed":0,"gold_gain":0,"player_choice":"Donut","damage_taken":0,"max_hp_gain":5,"max_hp_loss":0,"event_name":"Big Fish","floor":2,"gold_loss":0},{"damage_healed":0,"gold_gain":0,"player_choice":"Entered Light","damage_taken":17,"max_hp_gain":0,"max_hp_loss":0,"event_name":"Shining Light","floor":10,"gold_loss":0,"cards_upgraded":["Zap","ReplayTheSpireMod:Calculation Training"]},{"damage_healed":0,"gold_gain":0,"player_choice":"Shed Blood","damage_taken":17,"max_hp_gain":5,"max_hp_loss":0,"event_name":"Forgotten Altar","floor":21,"gold_loss":0},{"damage_healed":0,"gold_gain":0,"player_choice":"Ignored","damage_taken":0,"max_hp_gain":0,"max_hp_loss":0,"event_name":"Beggar","floor":22,"gold_loss":0}],"is_beta":false,"boss_relics":[{"not_picked":["Ectoplasm","Coffee Dripper"],"picked":"Replay:Drink Me"}],"items_purged_floors":[],"is_endless":false,"potions_floor_spawned":[5,7,8,11,12,19],"killed_by":"Shelled Parasite and Fungi","ascension_level":1}}