{"host":"zaewvcigpm0efuvp","time":1608051481,"event":{"mods":["2.2 Compatiblity","AchievementEnabler","Act Like it!","Aspiration","Astrologer","Bard","BaseMod","Beaked The Cultist","Better Altar","Better Match","Better Note","Better Sensory Stone","Better Skull","Better Third Choice","BetterRewards","CCEM","Chen","Clawfect","Colored Map","Conspire","Decade(???)","Dota2Spire","Downfall","Friendly Minions","GifTheSpireLib","Googly Eyes","GungeonMod","Halation","Hallownest","Hermit","Hero for Fun","Highlight Path","HololiveMod","Hubris","Hunter ??","Infinite Spire","Jedi Mod","Jorbs\u0027s Wanderer Trilogy","Koishi","Luminous","Mad Scientist","Marisa????????","Mimic Mod","Minty Spire (QoL Compilation)","Permanent Neow","Prisma Mod","Reimu??????","Remilia_Scarlet Moed?????·?????3.3.5","Replay The Spire","Robot Space Explorer","Shade Mod","Shop Mod","Spicy Shops","StSLib","Stuff the Spire","Td1madao Mod","The Administrix","The Alterego","The Blackbeard","The Bladedancer","The Bug Knight","The Construct","The Cursed","The Disciple","The Dragon Tamer","The Exalted","The Gatherer","The Hayseed","The Hierophant","The IronCluck","The Jungle","The Mystic","The Necromancer","The Poker Player","The Problem Sleuth","The Runesmith","The Senshi","The Servant 0.9.4","The Spell Scribe","The Vixen","The Wild Card","The Witch","TheArtist","TheBandit","TheSwordswoman","Unceasing Turn Reminder","WarShipGirlsR/????R mod","Yuri Mod","Yuyuko","[IsaacMod]????","everything is the same but u backflip on backflip","slay the spire mod where everything is the same but ironclad has a cowboy hat","???????????mod","??????REMEMod"],"gold_per_floor":[115,115,115,125,141,141,176,176,212,212,244,244,264,280,280,411,411,431,511,511,491,491,491,491],"floor_reached":23,"playtime":1089,"items_purged":[],"score":197,"play_id":"74946a55-1091-4793-b4c7-68669055a11c","local_time":"20201215175801","is_ascension_mode":false,"campfire_choices":[{"data":"Heavy Blade","floor":6.0,"key":"SMITH"},{"data":"Demon Form","floor":8,"key":"SMITH"},{"floor":15,"key":"REST"}],"circlet_count":0,"master_deck":["Strike_R+1","Strike_R","Strike_R","Strike_R","Strike_R","Defend_R","Defend_R","Defend_R","Defend_R","Bash","Brutality","theScribe:ScriptedStarfall","Cleave","Heavy Blade+1","Demon Form+1","jedi:fear","Armaments","Shrug It Off","Rampage","Juggernaut","Clash+1"],"relics":["Burning Blood","HushsDoor","KeepersGift","REME_ComplimentaryCards","StuffTheSpire:RedRose","Unceasing Top","CCEMRelics:Pendulum","BookOfRevelations","Dota2Spire:OrchidMalevolence","Golden Idol","Empty Cage","theSleuth:SaltedMelon","theSleuth:SaltedMelon","infinitespire:CheckeredPen","Pantograph"],"acts_visited":["Exordium","TheCity"],"potions_floor_usage":[14,14,14,16],"damage_taken":[{"damage":14.0,"enemies":"Jaw Worm","floor":1.0,"turns":4.0},{"damage":3.0,"enemies":"conspire:RoseBush","floor":4.0,"turns":4.0},{"damage":0.0,"enemies":"2 Louse","floor":5.0,"turns":2.0},{"damage":30,"enemies":"Gremlin Nob","floor":7,"turns":4},{"damage":16,"enemies":"Looter","floor":9,"turns":7},{"damage":15,"enemies":"HollowMod:MossKnight","floor":11,"turns":4},{"damage":19,"enemies":"Looter","floor":13,"turns":3},{"damage":10,"enemies":"Lots of Slimes","floor":14,"turns":2},{"damage":10,"enemies":"Slime Boss","floor":16,"turns":7},{"damage":31,"enemies":"Chosen","floor":18,"turns":5},{"damage":40,"enemies":"Nightmare","floor":23,"turns":7}],"seed_played":"4287436944251079988","potions_obtained":[{"floor":4.0,"key":"Elixir"},{"floor":5.0,"key":"champ:CounterPotion"},{"floor":13,"key":"SkillPotion"},{"floor":14,"key":"sneckomod:MuddlingPotion"}],"is_trial":false,"path_per_floor":["M","?","?","M","M","R","E","R","MIM","?","E","?","M","M","R","B",null,"M","?","?","?","T","NM"],"character_chosen":"IRONCLAD","items_purchased":[],"campfire_rested":1,"item_purchase_floors":[],"current_hp_per_floor":[72,72,72,75,80,80,56,56,46,46,37,37,24,20,44,40,80,55,40,40,40,40,0,0],"gold":491,"neow_bonus":"ONE_RANDOM_RARE_CARD","is_daily":false,"chose_seed":false,"campfire_upgraded":2,"win_rate":0.0,"timestamp":1608051481,"path_taken":["M","?","?","M","?","R","E","R","MIM","?","E","?","M","M","R","BOSS","M","?","?","?","?","NM"],"items_purchased_type":[],"build_version":"2020-12-13","purchased_purges":0,"victory":false,"max_hp_per_floor":[80,80,80,80,80,80,80,80,80,80,80,80,80,80,80,80,80,80,80,80,80,80,80,80],"card_choices":[{"not_picked":["Intimidate","jedi:fear"],"picked":"Cleave","floor":1.0},{"not_picked":["Replay:Undeath\u0027s Touch","StuffTheSpire:Slingshot","Power Through"],"picked":"SKIP","floor":4.0},{"not_picked":["Burning Pact","Uppercut"],"picked":"Heavy Blade","floor":5.0},{"not_picked":["Twin Strike","REME_SingleHolding"],"picked":"Demon Form","floor":7},{"not_picked":["Warcry","Uppercut"],"picked":"jedi:fear","floor":9},{"not_picked":["StuffTheSpire:RockThrow","REME_SingleHolding"],"picked":"Armaments","floor":11},{"not_picked":["Clothesline","Life Link"],"picked":"Shrug It Off","floor":13},{"not_picked":["Clothesline","jedi:fear"],"picked":"Rampage","floor":14},{"not_picked":["Fiend Fire","jedi:strikingstrike"],"picked":"Juggernaut","floor":16},{"not_picked":["Pummel","Pommel Strike"],"picked":"Clash+1","floor":18}],"player_experience":18585,"relics_obtained":[{"floor":3.0,"key":"Unceasing Top"},{"floor":7,"key":"CCEMRelics:Pendulum"},{"floor":9,"key":"BookOfRevelations"},{"floor":11,"key":"Dota2Spire:OrchidMalevolence"},{"floor":22,"key":"Pantograph"}],"event_choices":[{"damage_healed":0,"gold_gain":0,"player_choice":"Take Wound","damage_taken":0,"relics_obtained":["Golden Idol"],"max_hp_gain":0,"max_hp_loss":0,"event_name":"Golden Idol","floor":12,"gold_loss":0,"cards_obtained":["Injury"]}],"is_beta":false,"boss_relics":[{"not_picked":["StuffTheSpire:RunicConfusion","halation:PlatinumPhoenix"],"picked":"Empty Cage"},{"not_picked":[]}],"items_purged_floors":[],"is_endless":false,"potions_floor_spawned":[4,5,13,14],"killed_by":"Nightmare","ascension_level":0}}