{"host":"xfr90oo4gfm5wrxc","time":1608001004,"event":{"mods":["Ascension Reborn","BaseMod","Downfall","Marisa（F雨　魔理沙）","Minty Spire (QoL Compilation)","Replay The Spire","Shop Mod","StSLib","SuperFastMode","Td1madao Mod","TestMod","The Cursed"],"gold_per_floor":[99,134,153,153,185,201,224,285,298,298,317,317,327,38,50,147,147,97,117,146,158,185,185,185,200,223,255,272,222,239,257,274,284,295,391,391,428,447,474,524,524,560,584,612,562,562,562,600,650,650,686,718,741,768],"floor_reached":55,"playtime":6598,"items_purged":[],"score":1014,"play_id":"eb9f0784-f032-4e31-ba38-236bba6f424d","local_time":"20201215105644","is_ascension_mode":true,"campfire_choices":[{"floor":1.0,"key":"RECALL"},{"data":"Slimebound:LeechEnergy","floor":10.0,"key":"SMITH"},{"data":"expansioncontent:Chronoboost","floor":18.0,"key":"SMITH"},{"data":"expansioncontent:StudyTheSpire","floor":29.0,"key":"SMITH"},{"data":"Slimebound:MassFeed","floor":45,"key":"SMITH"}],"circlet_count":0,"master_deck":["Slimebound:Strike_Slimebound","Slimebound:Strike_Slimebound","Slimebound:Strike_Slimebound","Slimebound:Tackle","Slimebound:Defend_Slimebound","Slimebound:Defend_Slimebound","Slimebound:Defend_Slimebound","Slimebound:Defend_Slimebound","Slimebound:Split","Slimebound:GoopTackle","Slimebound:Nibble","Slimebound:SplitLeeching+1","Slimebound:GrowthPunch","Slimebound:LeechEnergy+1","Slimebound:Gluttony","Slimebound:SlimeBarrage","Slimebound:SelfFormingGoo+1","Slimebound:Schlurp","expansioncontent:StudyTheSpire+1","expansioncontent:Chronoboost+1","Slimebound:ProtectTheBoss","Slimebound:MassRepurpose","Slimebound:FormOfPuddle","Slimebound:SlimeTap","Slimebound:FirmFortitude+1","Slimebound:Nibble","Slimebound:GoopSpray+1","Slimebound:ComboTackle+1","Slimebound:PrepareCrush+1","Slimebound:SamplingLick+1","Slimebound:SlimeBrawl+1","Slimebound:MassFeed+1","Slimebound:Replication+1","Slimebound:FlameTackle+1","Slimebound:AcidTongue+1","Slimebound:Prepare+1"],"relics":["testmod-TestBox","testmod-SaigiyounoYou","Sozu","Orichalcum","Ancient Tea Set","Bottled Lightning","Slimebound:GreedOozeRelic","Black Star","ReplayTheSpireMod:TigerMarble","CaptainsWheel","testmod-Muramasa","Toxic Egg 2","Simple Rune","Pet Ghost","Bag of Marbles","testmod-DeterminationOfClimber","MealTicket","InkBottle","Slimebound:AggressiveSlimeRelic","Centennial Puzzle","Dream Catcher","testmod-OneHitWonder","Gambling Chip"],"acts_visited":["Exordium","TheCity","TheBeyond"],"potions_floor_usage":[],"damage_taken":[{"damage":30.0,"enemies":"Lagavulin","floor":2.0,"turns":6.0},{"damage":13.0,"enemies":"Small Slimes","floor":3.0,"turns":2.0},{"damage":16.0,"enemies":"Replay:BlueRogue","floor":5.0,"turns":4.0},{"damage":4.0,"enemies":"2 Louse","floor":6.0,"turns":1.0},{"damage":19.0,"enemies":"Cultist","floor":9.0,"turns":2.0},{"damage":15.0,"enemies":"Gremlin Gang","floor":11.0,"turns":3.0},{"damage":8.0,"enemies":"Exordium Thugs","floor":13.0,"turns":2.0},{"damage":12.0,"enemies":"downfall:FleeingMerchant","floor":14.0,"turns":4.0},{"damage":12.0,"enemies":"Blue Slaver","floor":15.0,"turns":3.0},{"damage":18.0,"enemies":"downfall:Watcher","floor":16.0,"turns":5.0},{"damage":8.0,"enemies":"Spheric Guardian","floor":19.0,"turns":3.0},{"damage":60.0,"enemies":"Gremlin Leader","floor":20.0,"turns":8.0},{"damage":15.0,"enemies":"Shell Parasite","floor":21.0,"turns":3.0},{"damage":24.0,"enemies":"Slavers","floor":22.0,"turns":4.0},{"damage":0.0,"enemies":"Cultist and Chosen","floor":25.0,"turns":6.0},{"damage":27.0,"enemies":"Book of Stabbing","floor":27.0,"turns":5.0},{"damage":11.0,"enemies":"Sentry and Sphere","floor":28.0,"turns":5.0},{"damage":10.0,"enemies":"Centurion and Healer","floor":30.0,"turns":4.0},{"damage":11.0,"enemies":"Snake Plant","floor":31.0,"turns":3.0},{"damage":13.0,"enemies":"Shelled Parasite and Fungi","floor":32.0,"turns":3.0},{"damage":8.0,"enemies":"Snecko","floor":33.0,"turns":3.0},{"damage":4.0,"enemies":"3 Cultists","floor":34.0,"turns":4.0},{"damage":4.0,"enemies":"downfall:Defect","floor":35.0,"turns":6.0},{"damage":10.0,"enemies":"3 Shapes","floor":38.0,"turns":1.0},{"damage":4.0,"enemies":"3 Darklings","floor":39.0,"turns":2.0},{"damage":8.0,"enemies":"Giant Head","floor":40.0,"turns":2.0},{"damage":8,"enemies":"Nemesis","floor":42,"turns":3},{"damage":8,"enemies":"Jaw Worm Horde","floor":44,"turns":1},{"damage":12,"enemies":"Reptomancer","floor":48,"turns":1},{"damage":26,"enemies":"Transient","floor":49,"turns":3},{"damage":15,"enemies":"Maw","floor":51,"turns":1},{"damage":15,"enemies":"Writhing Mass","floor":52,"turns":1},{"damage":12,"enemies":"Spire Growth","floor":53,"turns":2},{"damage":15,"enemies":"downfall:Ironclad","floor":54,"turns":2}],"seed_played":"-5398381241621262377","potions_obtained":[],"is_trial":false,"path_per_floor":["R","E","M","?","E","M","T","?","M","R","M","?","M","$","M","B",null,"R","M","E","M","E","PTL","PTL","M","T","E","M","R","M","M","M","M","M","B",null,"R","M","M","E","?","E","T","M","R","PTL","PTL","E","M","?","M","M","M","B",null],"character_chosen":"SLIMEBOUND","items_purchased":["expansioncontent:StudyTheSpire","expansioncontent:Chronoboost"],"campfire_rested":0,"item_purchase_floors":[14,14],"current_hp_per_floor":[60,48,43,43,46,52,52,52,55,55,60,60,57,60,60,60,60,60,60,24,30,46,46,46,60,60,54,54,54,60,53,55,60,60,60,60,60,60,60,60,54,60,60,66,66,66,66,70,70,70,70,74,78,82],"gold":768,"neow_bonus":"BOSS_RELIC","is_daily":false,"chose_seed":false,"campfire_upgraded":4,"win_rate":0.0,"timestamp":1608001004,"path_taken":["R","E","M","?","E","M","T","?","M","R","M","?","M","$","M","BOSS","R","M","E","M","E","PTL","PTL","M","T","E","M","R","M","M","M","M","M","BOSS","R","M","M","E","?","E","T","M","R","PTL","PTL","E","M","?","M","?","M","BOSS"],"items_purchased_type":["Card","Card"],"build_version":"2020-12-13","purchased_purges":0,"victory":true,"max_hp_per_floor":[60,60,60,60,60,60,60,60,60,60,60,60,60,60,60,60,60,60,60,60,60,60,60,60,60,60,60,60,60,60,60,60,60,60,60,60,60,60,60,60,60,60,60,66,66,66,66,70,70,70,70,74,78,82],"card_choices":[{"not_picked":["Slimebound:ComboTackle","Slimebound:HauntingLick"],"picked":"Slimebound:GoopTackle","floor":2.0},{"not_picked":["Slimebound:PressTheAttack","Slimebound:GoopTackle"],"picked":"Slimebound:Nibble","floor":3.0},{"not_picked":["Slimebound:Repurpose","Slimebound:Schlurp"],"picked":"Slimebound:GrowthPunch","floor":5.0},{"not_picked":["Slimebound:SlimeBarrage","Slimebound:SlimeSpikes"],"picked":"Slimebound:LeechEnergy","floor":6.0},{"not_picked":["Slimebound:LeechingTouch","Slimebound:LivingWall"],"picked":"Slimebound:Gluttony","floor":8.0},{"not_picked":["Slimebound:ComboTackle","Slimebound:LivingWall"],"picked":"Slimebound:SlimeBarrage","floor":9.0},{"not_picked":["Slimebound:RollThrough","Slimebound:ForwardTackle","Slimebound:LeechingTouch"],"picked":"SKIP","floor":11.0},{"not_picked":["Slimebound:RejuvenatingLick","Slimebound:SplitBruiser"],"picked":"Slimebound:SelfFormingGoo","floor":13.0},{"not_picked":["Slimebound:SpikyOuterGoop","Slimebound:ComboTackle"],"picked":"Slimebound:Schlurp","floor":14.0},{"not_picked":["Slimebound:ComboTackle","Slimebound:SplitAcid"],"picked":"Slimebound:ProtectTheBoss","floor":15.0},{"not_picked":["Slimebound:MinionMaster","Slimebound:CheckThePlaybook"],"picked":"Slimebound:MassRepurpose","floor":16.0},{"not_picked":["Slimebound:ViciousTackle","Slimebound:LeechEnergy"],"picked":"Slimebound:FormOfPuddle","floor":19.0},{"not_picked":["Slimebound:Equalize","Slimebound:GoopTackle","Slimebound:SplitAcid"],"picked":"SKIP","floor":20.0},{"not_picked":["Slimebound:PressTheAttack","Slimebound:Grow"],"picked":"Slimebound:SlimeTap","floor":21.0},{"not_picked":["Slimebound:SamplingLick+1","Slimebound:PressTheAttack"],"picked":"Slimebound:FirmFortitude+1","floor":22.0},{"not_picked":["Slimebound:SlimeTap+1","Slimebound:PressTheAttack"],"picked":"Slimebound:Nibble","floor":25.0},{"not_picked":["Slimebound:GrowthPunch","Slimebound:LeechEnergy"],"picked":"Slimebound:GoopSpray+1","floor":27.0},{"not_picked":["Slimebound:SplitAcid+1","Slimebound:GrowthPunch"],"picked":"Slimebound:ComboTackle+1","floor":28.0},{"not_picked":["Slimebound:RollThrough+1","Slimebound:ComboTackle+1","Slimebound:Chomp"],"picked":"SKIP","floor":30.0},{"not_picked":["Slimebound:Grow","Slimebound:RollThrough","Slimebound:PressTheAttack"],"picked":"SKIP","floor":31.0},{"not_picked":["Slimebound:FirmFortitude","Slimebound:GrowthPunch"],"picked":"Slimebound:PrepareCrush+1","floor":32.0},{"not_picked":["Slimebound:FlameTackle","Slimebound:PressTheAttack+1"],"picked":"Slimebound:SamplingLick+1","floor":33.0},{"not_picked":["Slimebound:BestDefense","Slimebound:SpikyOuterGoop"],"picked":"Slimebound:SlimeBrawl+1","floor":34.0},{"not_picked":["Slimebound:SelfFormingGoo","Slimebound:CheckThePlaybook+1"],"picked":"Slimebound:MassFeed","floor":35.0},{"not_picked":["Slimebound:LevelUp","Slimebound:PressTheAttack+1"],"picked":"Slimebound:Replication+1","floor":38.0},{"not_picked":["Slimebound:Gluttony+1","Slimebound:GoopSpray+1","Slimebound:RollThrough"],"picked":"SKIP","floor":39.0},{"not_picked":["Slimebound:SlimeSpikes+1","Slimebound:LeechEnergy"],"picked":"Slimebound:FlameTackle+1","floor":40.0},{"not_picked":["Slimebound:LeechingTouch+1","Slimebound:PressTheAttack","Slimebound:SlimeSpikes+1"],"picked":"SKIP","floor":42},{"not_picked":["Slimebound:GoopTackle+1","Slimebound:Schlurp+1","Slimebound:SplitLeeching+1"],"picked":"SKIP","floor":44},{"not_picked":["Slimebound:GrowthPunch+1","Slimebound:Equalize+1"],"picked":"Slimebound:AcidTongue+1","floor":48},{"not_picked":["Slimebound:LeadByExample","Slimebound:BestDefense","Slimebound:SlimeSpikes+1"],"picked":"SKIP","floor":49},{"not_picked":["Slimebound:LivingWall+1","Slimebound:SplitLeeching+1"],"picked":"Slimebound:Prepare+1","floor":51},{"not_picked":["Slimebound:LeechEnergy+1","Slimebound:FlameTackle","Slimebound:ForwardTackle"],"picked":"SKIP","floor":52},{"not_picked":["Slimebound:ComboTackle","Slimebound:FinishingTackle","Slimebound:FirmFortitude"],"picked":"SKIP","floor":53}],"player_experience":132580,"relics_obtained":[{"floor":2.0,"key":"Orichalcum"},{"floor":5.0,"key":"Ancient Tea Set"},{"floor":8.0,"key":"Bottled Lightning"},{"floor":20.0,"key":"ReplayTheSpireMod:TigerMarble"},{"floor":20.0,"key":"CaptainsWheel"},{"floor":22.0,"key":"testmod-Muramasa"},{"floor":22.0,"key":"Toxic Egg 2"},{"floor":26.0,"key":"Simple Rune"},{"floor":27.0,"key":"Pet Ghost"},{"floor":27.0,"key":"Bag of Marbles"},{"floor":40.0,"key":"MealTicket"},{"floor":40.0,"key":"InkBottle"},{"floor":42,"key":"Slimebound:AggressiveSlimeRelic"},{"floor":42,"key":"Centennial Puzzle"},{"floor":43,"key":"Dream Catcher"},{"floor":48,"key":"testmod-OneHitWonder"},{"floor":48,"key":"Gambling Chip"}],"event_choices":[{"damage_healed":0.0,"max_hp_gain":0.0,"max_hp_loss":0.0,"gold_gain":0.0,"event_name":"恩洛斯的盘子","player_choice":"Ignored","floor":41.0,"gold_loss":0.0,"damage_taken":6.0},{"damage_healed":0,"gold_gain":0,"player_choice":"Upgraded","damage_taken":0,"max_hp_gain":0,"max_hp_loss":0,"event_name":"Upgrade Shrine","floor":50,"gold_loss":0,"cards_upgraded":["Slimebound:SelfFormingGoo"]}],"is_beta":false,"boss_relics":[{"not_picked":["Astrolabe","testmod-PortableAltar"],"picked":"Black Star"},{"not_picked":["Philosopher\u0027s Stone","testmod-NegativeEmotionEnhancer"],"picked":"testmod-DeterminationOfClimber"}],"items_purged_floors":[],"is_endless":false,"potions_floor_spawned":[2,5,15,16,19,21,22,28,31,33,34,35,40,42,48,49,52,53],"ascension_level":0}}