{"host":"07ljfmttuzqopd7f","time":1608063300,"event":{"mods":["2.2 Compatiblity","BaseMod","Bestiary","Block Reminder","Colored Map","Colored Powertips","Curses Come First","Hermit","Minty Spire (QoL Compilation)","Quick Restart","Random Character Button","Rare Cards Sparkle","Relic Stats","StSLib","The Cursed","UnlockEverythingMod"],"gold_per_floor":[110,110,4,16,26,26,41,74,74,74,74,102,102,118,118,214,214,225,225,244,22,33,59,59,71,141,161,175,203,227,227,227,324,324,339,349,349,360,59,59,59,59,83,118,129,129,129,144,144,144],"floor_reached":51,"playtime":2419,"items_purged":["hermit:Strike_Hermit","hermit:Defend_Hermit"],"score":928,"play_id":"252586ba-b8f3-4333-a3f3-c132fd9e4f1d","local_time":"20201215151500","is_ascension_mode":true,"campfire_choices":[{"data":"hermit:GhostlyPresence","floor":6,"key":"SMITH"},{"data":"hermit:DeadMansHand","floor":10,"key":"SMITH"},{"data":"hermit:CalledShot","floor":13,"key":"SMITH"},{"data":"hermit:Deadeye","floor":15,"key":"SMITH"},{"data":"hermit:Adapt","floor":24,"key":"SMITH"},{"data":"hermit:HeroicBravado","floor":32,"key":"SMITH"},{"data":"hermit:Magnum","floor":42,"key":"SMITH"},{"data":"1","floor":46,"key":"LIFT"},{"data":"2","floor":49,"key":"LIFT"}],"circlet_count":0,"master_deck":["hermit:Defend_Hermit","hermit:Defend_Hermit","hermit:Snapshot","hermit:Covet","hermit:EyeOfTheStorm+1","hermit:CalledShot+1","hermit:FlashPowder","hermit:GhostlyPresence+1","hermit:DeadMansHand+1","hermit:Deadeye+1","hermit:Adapt+1","hermit:Ricochet+1","hermit:Deadeye+1","hermit:Glare+1","hermit:HeroicBravado+1","hermit:WideOpen+1","hermit:Enervate","hermit:Magnum+1","hermit:GhostlyPresence","hermit:Headshot","hermit:Snipe","Doubt"],"relics":["Runic Pyramid","InkBottle","Mercury Hourglass","Lantern","Empty Cage","Frozen Eye","Boot","White Beast Statue","Vajra","Potion Belt","Busted Crown","ClockworkSouvenir","Bronze Scales","Happy Flower","Girya"],"acts_visited":["Exordium","TheCity","TheBeyond"],"potions_floor_usage":[8,16,29,29,33,44,45,50,50,50,50],"damage_taken":[{"damage":1,"enemies":"Cultist","floor":1,"turns":4},{"damage":0,"enemies":"Small Slimes","floor":4,"turns":2},{"damage":0,"enemies":"Jaw Worm","floor":5,"turns":3},{"damage":0,"enemies":"Red Slaver","floor":7,"turns":4},{"damage":9,"enemies":"Lagavulin","floor":8,"turns":7},{"damage":0,"enemies":"3 Sentries","floor":12,"turns":8},{"damage":4,"enemies":"Exordium Thugs","floor":14,"turns":4},{"damage":12,"enemies":"The Guardian","floor":16,"turns":11},{"damage":4,"enemies":"Shell Parasite","floor":18,"turns":5},{"damage":2,"enemies":"2 Thieves","floor":20,"turns":3},{"damage":3,"enemies":"Chosen and Byrds","floor":22,"turns":4},{"damage":3,"enemies":"Book of Stabbing","floor":23,"turns":7},{"damage":0,"enemies":"Centurion and Healer","floor":25,"turns":4},{"damage":0,"enemies":"3 Cultists","floor":27,"turns":4},{"damage":0,"enemies":"Cultist and Chosen","floor":28,"turns":3},{"damage":3,"enemies":"Slavers","floor":29,"turns":6},{"damage":3,"enemies":"Automaton","floor":33,"turns":8},{"damage":9,"enemies":"3 Darklings","floor":35,"turns":3},{"damage":1,"enemies":"3 Shapes","floor":36,"turns":4},{"damage":0,"enemies":"3 Darklings","floor":38,"turns":4},{"damage":8,"enemies":"Reptomancer","floor":44,"turns":5},{"damage":30,"enemies":"Writhing Mass","floor":45,"turns":4},{"damage":1,"enemies":"Sphere and 2 Shapes","floor":48,"turns":8},{"damage":22,"enemies":"Donu and Deca","floor":50,"turns":6}],"seed_played":"-981702543498361320","potions_obtained":[{"floor":1,"key":"Block Potion"},{"floor":4,"key":"hermit:Eclipse"},{"floor":8,"key":"PowerPotion"},{"floor":18,"key":"BlessingOfTheForge"},{"floor":22,"key":"Block Potion"},{"floor":27,"key":"Fruit Juice"},{"floor":29,"key":"Regen Potion"},{"floor":33,"key":"Strength Potion"},{"floor":35,"key":"FearPotion"},{"floor":36,"key":"GamblersBrew"},{"floor":38,"key":"Explosive Potion"},{"floor":44,"key":"DuplicationPotion"},{"floor":45,"key":"LiquidBronze"},{"floor":48,"key":"hermit:Tonic"}],"is_trial":false,"path_per_floor":["M","?","$","M","M","R","M","E","T","R","?","E","R","M","R","B",null,"M","?","M","$","M","E","R","M","T","M","M","E","T","?","R","B",null,"M","M","?","M","$","?","T","R","T","E","M","R","?","M","R","B",null],"character_chosen":"HERMIT","items_purchased":["hermit:CalledShot","Explosive Potion","Frozen Eye","ClockworkSouvenir","hermit:Snipe"],"campfire_rested":0,"item_purchase_floors":[3,3,21,39,39],"current_hp_per_floor":[74,74,74,74,74,74,74,65,65,65,70,70,70,66,66,54,74,70,70,68,68,65,62,62,62,62,62,62,64,64,64,64,61,79,70,69,69,69,69,69,69,69,69,61,36,36,85,84,84,62],"gold":144,"neow_bonus":"BOSS_RELIC","is_daily":false,"chose_seed":false,"campfire_upgraded":7,"win_rate":0.0,"timestamp":1608063300,"path_taken":["M","?","$","M","M","R","M","E","T","R","?","E","R","M","R","BOSS","M","?","M","$","M","E","R","M","T","M","?","E","?","?","R","BOSS","M","M","?","?","$","?","?","R","T","E","M","R","?","?","R","BOSS"],"items_purchased_type":["Card","Potion","Relic","Relic","Card"],"build_version":"2020-12-13","purchased_purges":2,"victory":true,"max_hp_per_floor":[75,75,75,75,75,75,75,75,75,75,80,80,80,80,80,80,80,80,80,80,80,80,80,80,80,80,80,80,85,85,85,85,85,85,85,85,85,85,85,85,85,85,85,85,85,85,85,85,85,85],"relic_stats":{"Busted Crown":12,"Happy Flower":[7],"counters":[24,119],"Bronze Scales":[60],"Boot":[6],"obtain_stats":[{"Potion Belt":30,"Girya":44,"Lantern":12,"Happy Flower":43,"Vajra":29,"Empty Cage":17,"Boot":23,"White Beast Statue":26,"Mercury Hourglass":9,"ClockworkSouvenir":39,"Frozen Eye":21,"Busted Crown":34,"Bronze Scales":41,"hermit:Momento":0,"InkBottle":8,"Runic Pyramid":0},{"Potion Belt":16,"Girya":21,"Lantern":6,"Happy Flower":20,"Vajra":16,"Empty Cage":8,"Boot":12,"White Beast Statue":13,"Mercury Hourglass":5,"ClockworkSouvenir":20,"Frozen Eye":10,"Busted Crown":17,"Bronze Scales":20,"hermit:Momento":0,"InkBottle":5,"Runic Pyramid":0},{"Potion Belt":78,"Girya":102,"Lantern":27,"Happy Flower":97,"Vajra":78,"Empty Cage":42,"Boot":61,"White Beast Statue":65,"Mercury Hourglass":20,"ClockworkSouvenir":97,"Frozen Eye":50,"Busted Crown":86,"Bronze Scales":97,"hermit:Momento":0,"InkBottle":20,"Runic Pyramid":0}],"InkBottle":[48],"Mercury Hourglass":[448]},"card_choices":[{"not_picked":["hermit:HighCaliber","hermit:NoHoldsBarred"],"picked":"hermit:EyeOfTheStorm","floor":1},{"not_picked":["hermit:Cheat","hermit:Feint"],"picked":"hermit:FlashPowder","floor":4},{"not_picked":["hermit:WideOpen","hermit:Coalescence"],"picked":"hermit:GhostlyPresence","floor":5},{"not_picked":["hermit:Coalescence","hermit:Glare","hermit:Vantage"],"picked":"SKIP","floor":7},{"not_picked":["hermit:EternalForm","hermit:Brawl"],"picked":"hermit:DeadMansHand","floor":8},{"not_picked":["hermit:TrackingShot","hermit:Cheat","hermit:HoleUp"],"picked":"SKIP","floor":12},{"not_picked":["hermit:FullyLoaded","hermit:CalledShot"],"picked":"hermit:Deadeye","floor":14},{"not_picked":["hermit:DeadOrAlive","hermit:FromBeyond"],"picked":"hermit:Adapt","floor":16},{"not_picked":["hermit:Snipe","hermit:Misfire"],"picked":"hermit:Ricochet+1","floor":18},{"not_picked":["hermit:WideOpen","hermit:SprayPray"],"picked":"hermit:Deadeye+1","floor":20},{"not_picked":["hermit:FlashPowder","hermit:Roulette"],"picked":"hermit:Glare+1","floor":22},{"not_picked":["hermit:LowProfile","hermit:FatalDesire","hermit:Feint"],"picked":"SKIP","floor":23},{"not_picked":["hermit:CalledShot","hermit:SprayPray","hermit:Quickdraw"],"picked":"SKIP","floor":25},{"not_picked":["hermit:Quickdraw","hermit:SprayPray+1"],"picked":"hermit:HeroicBravado","floor":27},{"not_picked":["hermit:HoleUp+1","hermit:BodyArmor"],"picked":"hermit:WideOpen+1","floor":28},{"not_picked":["hermit:Shortfuse+1","hermit:HighCaliber+1"],"picked":"hermit:Enervate","floor":29},{"not_picked":["hermit:Roughhouse","hermit:FinalCanter"],"picked":"hermit:Magnum","floor":33},{"not_picked":[],"picked":"hermit:GhostlyPresence","floor":35},{"not_picked":[],"picked":"hermit:Headshot","floor":36},{"not_picked":["hermit:Brawl"],"picked":"SKIP","floor":38},{"not_picked":["hermit:ItchyTrigger"],"picked":"SKIP","floor":44},{"not_picked":["hermit:BodyArmor"],"picked":"SKIP","floor":45},{"not_picked":["hermit:LowProfile"],"picked":"SKIP","floor":48}],"player_experience":409992,"relics_obtained":[{"floor":8,"key":"InkBottle"},{"floor":9,"key":"Mercury Hourglass"},{"floor":12,"key":"Lantern"},{"floor":23,"key":"Boot"},{"floor":26,"key":"White Beast Statue"},{"floor":29,"key":"Vajra"},{"floor":30,"key":"Potion Belt"},{"floor":41,"key":"Bronze Scales"},{"floor":43,"key":"Happy Flower"},{"floor":44,"key":"Girya"}],"event_choices":[{"damage_healed":0,"gold_gain":0,"player_choice":"Grow","damage_taken":0,"max_hp_gain":0,"max_hp_loss":0,"event_name":"Living Wall","floor":2,"gold_loss":0,"cards_upgraded":["hermit:EyeOfTheStorm"]},{"damage_healed":0,"gold_gain":0,"player_choice":"Donut","damage_taken":0,"max_hp_gain":5,"max_hp_loss":0,"event_name":"Big Fish","floor":11,"gold_loss":0},{"damage_healed":0,"gold_gain":0,"cards_transformed":["hermit:Strike_Hermit"],"player_choice":"Transformed","damage_taken":0,"max_hp_gain":0,"max_hp_loss":0,"event_name":"Transmorgrifier","floor":19,"gold_loss":0,"cards_obtained":["hermit:Feint"]},{"damage_healed":0,"gold_gain":0,"player_choice":"Ignored","damage_taken":0,"max_hp_gain":0,"max_hp_loss":0,"event_name":"Vampires","floor":31,"gold_loss":0},{"cards_removed":["hermit:Strike_Hermit"],"damage_healed":0,"gold_gain":0,"player_choice":"Purged","damage_taken":0,"max_hp_gain":0,"max_hp_loss":0,"event_name":"Purifier","floor":37,"gold_loss":0},{"cards_removed":["hermit:Feint"],"damage_healed":0,"gold_gain":0,"player_choice":"Removed Skill","damage_taken":0,"max_hp_gain":0,"max_hp_loss":0,"event_name":"Falling","floor":40,"gold_loss":0},{"damage_healed":49,"gold_gain":0,"player_choice":"Heal","damage_taken":0,"max_hp_gain":0,"max_hp_loss":0,"event_name":"MindBloom","floor":47,"gold_loss":0,"cards_obtained":["Doubt"]}],"is_beta":false,"boss_relics":[{"not_picked":["Tiny House","Philosopher\u0027s Stone"],"picked":"Empty Cage"},{"not_picked":["Runic Dome","Velvet Choker"],"picked":"Busted Crown"}],"items_purged_floors":[21,39],"is_endless":false,"potions_floor_spawned":[1,4,7,8,18,20,22,27,28,29,33,35,36,38,44,45,48],"ascension_level":5}}