{"host":"99ad87xtd5ypi7ii","time":1608059921,"event":{"mods":["BaseMod","Hermit","Highlight Path","Marisa????????","Minty Spire (QoL Compilation)","Robot Space Explorer","StSLib","The Bladedancer","The Construct","The Cursed","The Disciple","The Elementalist","The Gatherer","The Hierophant","The Runesmith","The Servant 0.9.4","TheVacant"],"gold_per_floor":[114,127,127,127,52,52,52,52],"floor_reached":7,"playtime":344,"items_purged":["RobotSpaceExplorer:Strike"],"score":55,"play_id":"a366f399-1e5d-4a03-a6f3-e9a214a7ba61","local_time":"20201215201841","is_ascension_mode":true,"campfire_choices":[{"data":"RobotSpaceExplorer:MiniLasers","floor":6,"key":"SMITH"}],"circlet_count":0,"master_deck":["RobotSpaceExplorer:Strike","RobotSpaceExplorer:Strike","RobotSpaceExplorer:Strike","RobotSpaceExplorer:Defend","RobotSpaceExplorer:Defend","RobotSpaceExplorer:Defend","RobotSpaceExplorer:Defend","RobotSpaceExplorer:Scan","RobotSpaceExplorer:MiniLasers+1","Flash of Steel","RobotSpaceExplorer:SelfCleaning","RobotSpaceExplorer:Smokescreen"],"relics":["RobotSpaceExplorer:RoboCore","Sundial","Pen Nib"],"acts_visited":["Exordium"],"potions_floor_usage":[],"damage_taken":[{"damage":0,"enemies":"Cultist","floor":1,"turns":4},{"damage":0,"enemies":"2 Louse","floor":2,"turns":2},{"damage":21,"enemies":"Lagavulin","floor":7,"turns":6}],"seed_played":"-8206819058201568814","potions_obtained":[],"is_trial":false,"path_per_floor":["M","M","T","?","$","R","E"],"character_chosen":"RobotSpaceExplorer","items_purchased":[],"campfire_rested":0,"item_purchase_floors":[],"current_hp_per_floor":[68,68,68,50,50,50,29,29],"gold":52,"neow_bonus":"RANDOM_COLORLESS","is_daily":false,"chose_seed":false,"campfire_upgraded":1,"win_rate":0.0,"timestamp":1608059921,"path_taken":["M","M","?","?","$","R","E"],"items_purchased_type":[],"build_version":"2020-12-13","purchased_purges":1,"victory":false,"max_hp_per_floor":[75,75,75,75,75,75,75,75],"card_choices":[{"not_picked":["Dramatic Entrance","Jack Of All Trades"],"picked":"Flash of Steel","floor":0},{"not_picked":["RobotSpaceExplorer:StunGrenade","RobotSpaceExplorer:GearShield"],"picked":"RobotSpaceExplorer:SelfCleaning","floor":1},{"not_picked":["RobotSpaceExplorer:SurgingShield","RobotSpaceExplorer:DoubleBlock"],"picked":"RobotSpaceExplorer:Smokescreen","floor":2}],"player_experience":744694,"relics_obtained":[{"floor":3,"key":"Sundial"}],"event_choices":[{"damage_healed":0,"gold_gain":0,"player_choice":"Success","damage_taken":18,"relics_obtained":["Pen Nib"],"max_hp_gain":0,"max_hp_loss":0,"event_name":"Scrap Ooze","floor":4,"gold_loss":0}],"is_beta":false,"boss_relics":[],"items_purged_floors":[5],"is_endless":false,"potions_floor_spawned":[],"killed_by":"Lagavulin","ascension_level":8}}