{"host":"zvi4abm711990gop","time":1608066719,"event":{"mods":["BaseMod","BetterRewards","Conspire","Hubris","Infinite Spire","Minty Spire (QoL Compilation)","StSLib","SuperFastMode"],"gold_per_floor":[117,117,135,135,135,167,180,180,252,252,267,277,310,320,320,420,470,490,490,490,509,524,524,554,554,581,593,593,620,719,679,679,679,679],"floor_reached":33,"playtime":976,"items_purged":[],"score":314,"play_id":"e5b4a530-9f5c-485d-b324-41c68e19c26d","local_time":"20201215151159","is_ascension_mode":true,"campfire_choices":[{"data":"Neutralize","floor":8,"key":"SMITH"},{"floor":10,"key":"REST"},{"floor":15,"key":"REST"},{"data":"Poisoned Stab","floor":23,"key":"SMITH"},{"data":"hubris:DuctTapeCard","floor":25,"key":"SMITH"},{"floor":28,"key":"REST"},{"data":"Poisoned Stab","floor":32,"key":"SMITH"}],"circlet_count":0,"master_deck":["Defend_G","Defend_G","Defend_G","Defend_G","Survivor","Neutralize+1","Flying Knee","conspire:DoublingDagger","Backflip","Quick Slash","Escape Plan+1","Malaise","Slice","Bite","Bite","Bite","Bite","Bite","Dodge and Roll","Poisoned Stab+1","hubris:DuctTapeCard+2","Escape Plan","Poisoned Stab"],"relics":["Ring of the Snake","Orichalcum","NlothsMask","infinitespire:Lucky Rock","Snake Skull","Tiny House","hubris:DuctTape","Ancient Tea Set","MealTicket"],"acts_visited":["Exordium","TheCity"],"potions_floor_usage":[6,13,16,16,21,22,33,33],"damage_taken":[{"damage":0,"enemies":"2 Louse","floor":1,"turns":3},{"damage":4,"enemies":"infinitespire:Voidling","floor":3,"turns":5},{"damage":14,"enemies":"3 Sentries","floor":6,"turns":12},{"damage":2,"enemies":"Small Slimes","floor":7,"turns":3},{"damage":1,"enemies":"Exordium Wildlife","floor":11,"turns":4},{"damage":3,"enemies":"Gremlin Gang","floor":12,"turns":6},{"damage":15,"enemies":"Gremlin Nob","floor":13,"turns":5},{"damage":3,"enemies":"Looter","floor":14,"turns":3},{"damage":36,"enemies":"Hexaghost","floor":16,"turns":9},{"damage":7,"enemies":"3 Byrds","floor":18,"turns":7},{"damage":32,"enemies":"conspire:FuzzyDice","floor":21,"turns":8},{"damage":9,"enemies":"Snake Plant","floor":22,"turns":5},{"damage":3,"enemies":"conspire:SneckoGhost","floor":24,"turns":9},{"damage":33,"enemies":"Sentry and Sphere","floor":27,"turns":8},{"damage":71,"enemies":"Collector","floor":33,"turns":6}],"seed_played":"-2567939823373903994","potions_obtained":[{"floor":1,"key":"FearPotion"},{"floor":3,"key":"ColorlessPotion"},{"floor":6,"key":"FearPotion"},{"floor":14,"key":"BlessingOfTheForge"},{"floor":17,"key":"Block Potion"},{"floor":21,"key":"CunningPotion"},{"floor":24,"key":"Strength Potion"},{"floor":27,"key":"Fire Potion"},{"floor":31,"key":"SkillPotion"},{"floor":31,"key":"Dexterity Potion"}],"is_trial":false,"path_per_floor":["M","$","M","?","?","E","M","R","T","R","M","M","E","M","R","B",null,"M","?","?","M","M","R","E","R","T","M","R","T","?","?","R","B"],"character_chosen":"THE_SILENT","items_purchased":[],"campfire_rested":3,"item_purchase_floors":[],"current_hp_per_floor":[70,70,66,59,59,45,43,43,43,64,63,60,45,42,63,27,75,68,52,52,35,30,30,41,41,41,24,39,39,39,39,39,0,0],"gold":679,"neow_bonus":"RANDOM_COMMON_RELIC","is_daily":false,"chose_seed":false,"campfire_upgraded":4,"win_rate":0.0,"timestamp":1608066719,"path_taken":["M","$","M","?","?","E","M","R","T","R","M","?","E","M","R","BOSS","M","?","?","M","?","R","E","R","T","M","R","?","?","?","R","BOSS"],"items_purchased_type":[],"build_version":"2020-12-13","purchased_purges":0,"victory":false,"max_hp_per_floor":[70,70,70,70,70,70,70,70,70,70,70,70,70,70,70,70,75,75,52,52,52,52,52,52,52,52,52,52,52,52,52,52,52,52],"card_choices":[{"not_picked":["hubris:TrickCloak","Crippling Poison"],"picked":"Flying Knee","floor":1},{"not_picked":["Bane","Finisher"],"picked":"Deadly Poison","floor":3},{"not_picked":["hubris:Sniper","Concentrate"],"picked":"conspire:DoublingDagger","floor":6},{"not_picked":["Sucker Punch","Slice"],"picked":"Backflip","floor":7},{"not_picked":["Dodge and Roll","Poisoned Stab"],"picked":"Quick Slash","floor":11},{"not_picked":["Underhanded Strike","Deflect","Dodge and Roll"],"picked":"SKIP","floor":12},{"not_picked":["Expertise","Cloak And Dagger","Outmaneuver"],"picked":"SKIP","floor":13},{"not_picked":["Die Die Die","Expertise"],"picked":"Escape Plan","floor":14},{"not_picked":["Wraith Form v2","Grand Finale"],"picked":"Malaise","floor":16},{"not_picked":["Bane","hubris:SlightOfHand+1"],"picked":"Slice","floor":18},{"not_picked":["Prepared+1","Footwork+1"],"picked":"Poisoned Stab","floor":21},{"not_picked":["Riddle With Holes+1","Catalyst"],"picked":"Poisoned Stab","floor":22},{"not_picked":["Flechettes","Accuracy"],"picked":"Escape Plan","floor":24},{"not_picked":["Dagger Spray","Cloak And Dagger"],"picked":"Poisoned Stab","floor":27}],"player_experience":310091,"relics_obtained":[{"floor":6,"key":"infinitespire:Lucky Rock"},{"floor":13,"key":"Snake Skull"},{"floor":24,"key":"hubris:DuctTape"},{"floor":26,"key":"Ancient Tea Set"},{"floor":29,"key":"MealTicket"}],"event_choices":[{"cards_removed":["Strike_G"],"damage_healed":0,"gold_gain":0,"player_choice":"Card Removal","damage_taken":7,"max_hp_gain":0,"max_hp_loss":0,"event_name":"Golden Wing","floor":4,"gold_loss":0},{"damage_healed":0,"gold_gain":0,"player_choice":"Trade","damage_taken":0,"relics_obtained":["NlothsMask"],"max_hp_gain":0,"max_hp_loss":0,"event_name":"FaceTrader","floor":5,"gold_loss":0},{"damage_healed":0,"gold_gain":0,"player_choice":"Became a vampire","damage_taken":0,"max_hp_gain":0,"max_hp_loss":23,"event_name":"Vampires","floor":19,"gold_loss":0,"cards_obtained":["Bite","Bite","Bite","Bite","Bite"]},{"damage_healed":0,"gold_gain":0,"cards_transformed":["Defend_G"],"player_choice":"Transformed","damage_taken":0,"max_hp_gain":0,"max_hp_loss":0,"event_name":"Transmorgrifier","floor":20,"gold_loss":0,"cards_obtained":["Dodge and Roll"]},{"damage_healed":0,"gold_gain":99,"player_choice":"Stole From Cult","damage_taken":0,"max_hp_gain":0,"max_hp_loss":0,"event_name":"Nest","floor":30,"gold_loss":0},{"damage_healed":0,"gold_gain":0,"player_choice":"Bought 3 Potions","damage_taken":0,"max_hp_gain":0,"max_hp_loss":0,"event_name":"The Woman in Blue","floor":31,"gold_loss":0}],"is_beta":false,"boss_relics":[{"not_picked":["Velvet Choker","WristBlade"],"picked":"Tiny House"}],"items_purged_floors":[],"is_endless":false,"potions_floor_spawned":[1,3,6,14,21,24,27],"killed_by":"Collector","ascension_level":1}}