{"host":"o5jvvi5yapo90aia","time":1608002977,"event":{"mods":["BaseMod","CapriCore","Minty Spire (QoL Compilation)","MostiFishMod","Prisma Mod","Spicy Shops","StSLib","TestMod","The Immortal","【东方二次创作】八云紫mod","【人物mod】游戏王New YuGiOh mod","【功能Mod】Neow奖励"],"gold_per_floor":[109,109,121,46,446,479,479,509,509,76,76,94,126,141,141,215,215,237,28,28,28,478,516,531,566,590,608,624,663,680,1916,1916,2646,2646,2666,2666,1475,1475,568,637,658,699,723,755,215,215,215,277,277,284,1510,1510,1510,604,647,655],"floor_reached":57,"playtime":2056,"items_purged":["Defend_P","Defend_P","Strike_P","EmptyMind+1","Pain","Vigilance+1","MostiFishMod:Disappear+1"],"score":4113,"play_id":"097a8280-09c7-48c6-9413-6a9d15a85fce","local_time":"20201215112937","is_ascension_mode":true,"campfire_choices":[{"data":"Defend_P","floor":7.0,"key":"PURGE"},{"data":"Strike_P","floor":15.0,"key":"PURGE"},{"data":"Wallop","floor":32,"key":"PURGE"},{"floor":47,"key":"RECALL"},{"data":"Heatsinks","floor":49,"key":"SMITH"},{"data":"MostiFishMod:PerfectParry+1","floor":53,"key":"PURGE"}],"circlet_count":0,"master_deck":["AscendersBane","Eruption+1","MostiFishMod:Hijack+1","MostiFishMod:FantasySummer+1","InnerPeace+1","Terror+1","MostiFishMod:UniPurple+1","PrismaMod:IllyaBride+1","Tantrum+1","MostiFishMod:Speedup","Heatsinks+1","Adaptation","testmod-TaurusBlackCat+1"],"relics":["testmod-TestBox","HaiYi:Twilight","BrkXgEgg","testmod-Recursion","Question Card","PrismaticShard","Toxic Egg 2","Mummified Hand","testmod-CasingShield","Calipers","Du-Vu Doll","ImportantClient","testmod-DeterminationOfClimber","ThornShield","Shuriken","Bottled Flame","Bag of Marbles","testmod-EnergyCheck","Medical Kit","Incense Burner","testmod-Justice","Girya","Frozen Eye","ImprovedEquipment","InkBottle","Damaru","Sling","Toy Ornithopter","Whetstone","Pear","testmod-OneHitWonder","Art of War","TeardropLocket","Anchor","War Paint","Centennial Puzzle","Membership Card","Bag of Preparation","Yang","CaptainsWheel","Happy Flower","Dodecahedron","testmod-Nyarlathotep"],"acts_visited":["Exordium","TheCity","TheBeyond","TheEnding"],"potions_floor_usage":[19,56,56],"damage_taken":[{"damage":0.0,"enemies":"Jaw Worm","floor":1.0,"turns":3.0},{"damage":0.0,"enemies":"Small Slimes","floor":3.0,"turns":2.0},{"damage":0.0,"enemies":"Lagavulin","floor":6.0,"turns":4.0},{"damage":0.0,"enemies":"Gremlin Nob","floor":8.0,"turns":3.0},{"damage":0.0,"enemies":"2 Louse","floor":12.0,"turns":1.0},{"damage":0.0,"enemies":"3 Sentries","floor":13.0,"turns":2.0},{"damage":0.0,"enemies":"Lots of Slimes","floor":14.0,"turns":2.0},{"damage":0.0,"enemies":"Slime Boss","floor":16.0,"turns":1.0},{"damage":0.0,"enemies":"2 Thieves","floor":18.0,"turns":1.0},{"damage":0,"enemies":"Gremlin Leader","floor":23,"turns":1},{"damage":0,"enemies":"Chosen","floor":24,"turns":1},{"damage":0,"enemies":"Book of Stabbing","floor":25,"turns":1},{"damage":0,"enemies":"Centurion and Healer","floor":27,"turns":1},{"damage":0,"enemies":"Sentry and Sphere","floor":28,"turns":1},{"damage":0,"enemies":"Gremlin Leader","floor":29,"turns":1},{"damage":0,"enemies":"Snake Plant","floor":30,"turns":1},{"damage":0,"enemies":"3 Cultists","floor":31,"turns":1},{"damage":5,"enemies":"Champ","floor":33,"turns":1},{"damage":0,"enemies":"3 Darklings","floor":35,"turns":1},{"damage":0,"enemies":"Giant Head","floor":40,"turns":1},{"damage":0,"enemies":"Orb Walker","floor":41,"turns":1},{"damage":0,"enemies":"Nemesis","floor":42,"turns":1},{"damage":0,"enemies":"Reptomancer","floor":44,"turns":1},{"damage":0,"enemies":"Giant Head","floor":48,"turns":1},{"damage":1,"enemies":"Time Eater","floor":50,"turns":1},{"damage":0,"enemies":"Donu and Deca","floor":51,"turns":1},{"damage":0,"enemies":"Shield and Spear","floor":55,"turns":1},{"damage":1,"enemies":"The Heart","floor":56,"turns":2}],"seed_played":"-7538404053852500949","potions_obtained":[{"floor":1.0,"key":"Energy Potion"},{"floor":6.0,"key":"Explosive Potion"},{"floor":16.0,"key":"Fruit Juice"}],"is_trial":false,"path_per_floor":["M","?","M","$","?","E","R","E","T","$","?","M","E","M","R","B",null,"M","$","?","?","?","E","M","E","T","M","M","E","M","M","R","B",null,"M","?","$","?","$","E","M","E","T","E","$","?","R","E","R","B","B",null,"R","$","E","B",null],"character_chosen":"WATCHER","items_purchased":["Calipers","ThornShield","Medical Kit","Incense Burner","Tantrum","testmod-Justice","Girya","Frozen Eye","ImprovedEquipment","InkBottle","Damaru","Sling","Toy Ornithopter","MostiFishMod:Speedup","Adaptation","TeardropLocket","Anchor","War Paint","Membership Card","Bag of Preparation","Yang","CaptainsWheel","Happy Flower","Dodecahedron","testmod-TaurusBlackCat+1","SkillPotion"],"campfire_rested":0,"item_purchase_floors":[10,19,37,37,37,37,37,37,39,39,39,39,39,39,45,45,45,45,54,54,54,54,54,54,54,54],"current_hp_per_floor":[62,42,43,43,43,44,44,45,45,45,45,46,47,48,48,50,64,68,73,73,73,27,34,38,44,44,49,56,67,73,73,73,73,73,73,73,73,73,73,73,73,83,83,83,83,73,73,83,83,82,83,83,83,83,83,83],"gold":655,"neow_bonus":"BOSS_RELIC","is_daily":false,"chose_seed":false,"campfire_upgraded":1,"win_rate":0.0,"timestamp":1608002977,"path_taken":["M","?","M","$","?","E","R","E","T","$","?","M","E","M","R","BOSS","M","?","?","?","?","E","M","E","T","M","?","E","M","M","R","BOSS","M","?","$","?","?","E","?","E","T","E","$","?","R","E","R","BOSS","BOSS","R","$","E","BOSS"],"items_purchased_type":["Relic","Relic","Relic","Relic","Card","Relic","Relic","Relic","Relic","Relic","Relic","Relic","Relic","Card","Card","Relic","Relic","Relic","Relic","Relic","Relic","Relic","Relic","Relic","Card","Potion"],"build_version":"2020-12-13","purchased_purges":7,"victory":true,"max_hp_per_floor":[68,68,68,68,68,68,68,68,68,68,68,68,68,68,68,68,68,68,73,73,73,73,73,73,73,73,73,73,73,73,73,73,73,73,73,73,73,73,73,73,73,83,83,83,83,83,83,83,83,83,83,83,83,83,83,83],"card_choices":[{"not_picked":["Vengeance","Prostrate"],"picked":"Wallop","floor":1.0},{"not_picked":["MokouMod:ResoluteFlare","MostiFishMod:PerfectParry","Flex","CardExchange"],"picked":"SKIP","floor":3.0},{"not_picked":["Meditate+1","ReachHeaven","Pummel","MostiFishMod:ReprogramOld+1"],"picked":"SKIP","floor":6.0},{"not_picked":["PrismaMod:IllyaPoisonBomb","Perfected Strike","AntiMana+1"],"picked":"MostiFishMod:Hijack+1","floor":8.0},{"not_picked":["StretchesForeverDream_purple+1","Cold Snap","MageKnight","PrismaMod:MiyuEvokeBuffDex+1"],"picked":"SKIP","floor":12.0},{"not_picked":["PrismaMod:MiyuCheapStrBuff","EmptyBody+1","Turbo+1","PrismaMod:ChloeRitsuka+1"],"picked":"SKIP","floor":13.0},{"not_picked":["SfantasyHide_purple+1","Weave","Catalyst+1","PrismaMod:MiyuCheapStrBuff"],"picked":"SKIP","floor":14.0},{"not_picked":["MostiFishMod:LinkProtocol+1","WhiteStone+1","MokouMod:SpontaneousHumanCombustion+1"],"picked":"MostiFishMod:FantasySummer+1","floor":16.0},{"not_picked":["PrismaMod:IllyaBerserCAR","BowlingBash","Rupture+1","Underhanded Strike+1"],"picked":"SKIP","floor":18.0},{"not_picked":["PrismaMod:IllyaAOECommonAttack","MoonlightDragon","AnotherSide","Riddle With Holes"],"picked":"SKIP","floor":23},{"not_picked":["Halt+1","MokouMod:IgneousBlow","MokouMod:TemporalFireSeal"],"picked":"Terror+1","floor":24},{"not_picked":["ExpansiveShield+1","Blur+1","Boundary_LightAndDark_purple+1"],"picked":"MostiFishMod:UniPurple+1","floor":25},{"not_picked":["Dual Wield+1","PanicButton+1","LibraryManager","PrismaMod:MiyuDefenseExplosion"],"picked":"SKIP","floor":27},{"not_picked":["Fire Breathing","Line_surface_state_purple+1","Trip+1","Meditate+1"],"picked":"SKIP","floor":28},{"not_picked":["Leap+1","MokouMod:Afterburner+1","DoubleDragon+1","Crescendo+1"],"picked":"SKIP","floor":29},{"not_picked":["Wallop","PrismaMod:IllyaCheapChannelPoison+1","PrismaMod:IllyaDualEvoke","PiercingWail+1"],"picked":"SKIP","floor":30},{"not_picked":["PrismaMod:IllyaHassanGift+1","PrismaMod:ChloeCheapDefendTwo+1","PrismaMod:MiyuUncommonDefend+1"],"picked":"PrismaMod:IllyaBride+1","floor":31},{"not_picked":["Coolheaded+1","Protect+1","PrismaMod:IllyaGun","CooperationSpell+1"],"picked":"SKIP","floor":35},{"not_picked":["MokouMod:InfernalWave","Acrobatics+1","PrismaMod:ChloeExhaustTwo+1"],"picked":"MostiFishMod:PerfectParry+1","floor":38},{"not_picked":["Chill+1","Iron Wave","Clothesline+1","PrismaMod:IllyaDualEvoke"],"picked":"SKIP","floor":40},{"not_picked":["MokouMod:ResoluteFlare","PrismaMod:IllyaRussianRoulette+1","Noxious Fumes","PrismaMod:ChloeBetterTracePools"],"picked":"SKIP","floor":41},{"not_picked":["SharpContractionReality_purple","WheelKick","PrismaMod:IllyaMinorReinForce+1","AdvanceAttack_purple"],"picked":"SKIP","floor":42},{"not_picked":["Doppelganger+1","FollowUp","MokouMod:ShiftIgnition+1"],"picked":"Heatsinks","floor":44},{"not_picked":["ExistenceContinue_purple+1","PrismaMod:MiyuUberDefend+1","MokouMod:Firecracker+1","Ghostly Armor+1"],"picked":"SKIP","floor":48},{"not_picked":["Prepared+1","PrismaMod:IllyaPoisoningPhantasm","MokouMod:Burn+1","PrismaMod:MiyuCommonAOEAttack"],"picked":"SKIP","floor":55}],"player_experience":1272165,"relics_obtained":[{"floor":1.0,"key":"Question Card"},{"floor":1.0,"key":"PrismaticShard"},{"floor":6.0,"key":"Toxic Egg 2"},{"floor":8.0,"key":"Mummified Hand"},{"floor":9.0,"key":"testmod-CasingShield"},{"floor":13.0,"key":"Du-Vu Doll"},{"floor":16.0,"key":"ImportantClient"},{"floor":23,"key":"Shuriken"},{"floor":25,"key":"Bottled Flame"},{"floor":29,"key":"Bag of Marbles"},{"floor":40,"key":"Whetstone"},{"floor":42,"key":"Pear"},{"floor":43,"key":"testmod-OneHitWonder"},{"floor":44,"key":"Art of War"},{"floor":48,"key":"Centennial Puzzle"},{"floor":55,"key":"testmod-Nyarlathotep"}],"event_choices":[{"damage_healed":0.0,"max_hp_gain":0.0,"max_hp_loss":0.0,"gold_gain":0.0,"event_name":"Shining Light","player_choice":"Entered Light","floor":2.0,"gold_loss":0.0,"damage_taken":20.0,"cards_upgraded":["Strike_P","Defend_P"]},{"damage_healed":0.0,"max_hp_gain":0.0,"max_hp_loss":0.0,"gold_gain":400.0,"event_name":"恩洛斯的盘子","player_choice":"Sell","floor":5.0,"relics_lost":["DaveBox"],"gold_loss":0.0,"damage_taken":0.0},{"cards_removed":["Strike_P"],"damage_healed":0.0,"max_hp_gain":0.0,"max_hp_loss":0.0,"gold_gain":0.0,"event_name":"Purifier","player_choice":"Purged","floor":11.0,"gold_loss":0.0,"damage_taken":0.0},{"damage_healed":0,"gold_gain":0,"cards_transformed":["Defend_P","Strike_P"],"player_choice":"Became Test Subject","damage_taken":0,"max_hp_gain":0,"max_hp_loss":0,"event_name":"Drug Dealer","floor":20,"gold_loss":0,"cards_obtained":["Brilliance","EmptyMind"]},{"damage_healed":0,"gold_gain":0,"player_choice":"Read","damage_taken":0,"max_hp_gain":0,"max_hp_loss":0,"event_name":"The Library","floor":21,"gold_loss":0,"cards_obtained":["InnerPeace"]},{"damage_healed":0,"gold_gain":450,"player_choice":"GOLD GOLD GOLD GOLD GOLD ","damage_taken":46,"max_hp_gain":0,"max_hp_loss":0,"event_name":"Knowing Skull","floor":22,"potions_obtained":[],"gold_loss":0,"cards_obtained":[]},{"cards_removed":["Brilliance"],"damage_healed":0,"gold_gain":0,"player_choice":"Removed Attack","damage_taken":0,"max_hp_gain":0,"max_hp_loss":0,"event_name":"Falling","floor":36,"gold_loss":0},{"damage_healed":0,"gold_gain":0,"player_choice":"Swap Relic","damage_taken":0,"relics_obtained":["Orrery"],"max_hp_gain":0,"max_hp_loss":0,"event_name":"给自己的盒子","floor":38,"relics_lost":["Orrery"],"gold_loss":0},{"damage_healed":0,"gold_gain":0,"player_choice":"Memory 3","damage_taken":10,"max_hp_gain":0,"max_hp_loss":0,"event_name":"SensoryStone","floor":46,"gold_loss":0}],"is_beta":false,"boss_relics":[{"not_picked":["GreenFoldingFan","BloodWine"],"picked":"testmod-DeterminationOfClimber"},{"not_picked":["ShadowXiaoBlade","TakeMeEscape"],"picked":"testmod-EnergyCheck"}],"items_purged_floors":[4,10,19,37,39,54,54],"is_endless":false,"potions_floor_spawned":[1,6,16,27,28,30,31,40,42,48],"ascension_level":20}}