{"host":"d5zlp9udt2hvvjfh","time":1608068107,"event":{"mods":["AchievementEnabler","BaseMod","Minty Spire (QoL Compilation)","Permanent Neow","Relic Stats","StSLib"],"gold_per_floor":[116,116,133,147,157,10,10,22,22,32,57,70,70,92,92,169,169,181,181,200,200,200,200,225,225,225],"floor_reached":25,"playtime":1678,"items_purged":[],"score":379,"play_id":"1e1e8603-f1c1-4c91-9b11-13e3443c4a45","local_time":"20201215223507","is_ascension_mode":true,"campfire_choices":[{"data":"Skewer","floor":7,"key":"SMITH"},{"floor":13,"key":"REST"},{"data":"Crippling Poison","floor":15,"key":"SMITH"},{"floor":23,"key":"REST"}],"circlet_count":0,"master_deck":["AscendersBane","Strike_G+1","Strike_G+1","Strike_G+1","Strike_G+1","Strike_G+1","Defend_G+1","Defend_G+1","Defend_G+1","Defend_G+1","Defend_G+1","Survivor","Neutralize","Skewer+1","Deadly Poison","Dagger Spray","Calculated Gamble","Adrenaline","Caltrops","Escape Plan","Crippling Poison+1","Tools of the Trade","Leg Sweep+1","Writhe","Escape Plan+1"],"relics":["Ring of the Snake","TungstenRod","Chemical X","Question Card","Potion Belt","Odd Mushroom","SlaversCollar","Calipers","Ancient Tea Set"],"acts_visited":["Exordium","TheCity"],"potions_floor_usage":[11,24,24],"damage_taken":[{"damage":9,"enemies":"Jaw Worm","floor":1,"turns":6},{"damage":11,"enemies":"Small Slimes","floor":3,"turns":3},{"damage":0,"enemies":"2 Louse","floor":4,"turns":3},{"damage":0,"enemies":"Red Slaver","floor":5,"turns":4},{"damage":2,"enemies":"Blue Slaver","floor":8,"turns":2},{"damage":2,"enemies":"3 Louse","floor":10,"turns":4},{"damage":12,"enemies":"Gremlin Nob","floor":11,"turns":3},{"damage":0,"enemies":"2 Fungi Beasts","floor":12,"turns":3},{"damage":8,"enemies":"The Mushroom Lair","floor":14,"turns":3},{"damage":10,"enemies":"The Guardian","floor":16,"turns":10},{"damage":16,"enemies":"Spheric Guardian","floor":18,"turns":5},{"damage":15,"enemies":"2 Thieves","floor":20,"turns":4},{"damage":13,"enemies":"Book of Stabbing","floor":24,"turns":6},{"damage":0,"enemies":"Snake Plant","floor":25,"turns":1}],"seed_played":"584146457557828618","potions_obtained":[{"floor":3,"key":"FearPotion"},{"floor":4,"key":"Explosive Potion"},{"floor":5,"key":"PowerPotion"},{"floor":11,"key":"ColorlessPotion"},{"floor":20,"key":"FearPotion"}],"is_trial":false,"path_per_floor":["M","?","M","M","M","$","R","M","T","M","E","M","R","?","R","B",null,"M","?","M","?","?","R","E","M"],"character_chosen":"THE_SILENT","items_purchased":["Chemical X"],"campfire_rested":2,"item_purchase_floors":[6],"current_hp_per_floor":[50,39,28,28,28,28,28,26,26,24,12,12,30,22,22,12,48,32,32,17,17,17,35,22,22,22],"gold":225,"neow_bonus":"ONE_RARE_RELIC","is_daily":false,"chose_seed":false,"campfire_upgraded":2,"win_rate":0.0,"timestamp":1608068107,"path_taken":["M","?","M","M","M","$","R","M","T","M","E","M","R","?","R","BOSS","M","?","M","?","?","R","E","M"],"items_purchased_type":["Relic"],"build_version":"2020-12-13","purchased_purges":0,"victory":false,"max_hp_per_floor":[60,60,60,60,60,60,60,60,60,60,60,60,60,60,60,60,60,60,60,60,60,60,60,60,60,60],"relic_stats":{"counters":[14,57],"Chemical X":[14],"Question Card":8,"obtain_stats":[{"Potion Belt":11,"SlaversCollar":17,"Calipers":21,"Chemical X":6,"Odd Mushroom":14,"Question Card":9,"Ancient Tea Set":24,"TungstenRod":0,"Ring of the Snake":0},{"Potion Belt":7,"SlaversCollar":10,"Calipers":12,"Chemical X":4,"Odd Mushroom":9,"Question Card":5,"Ancient Tea Set":13,"TungstenRod":0,"Ring of the Snake":0},{"Potion Belt":25,"SlaversCollar":41,"Calipers":50,"Chemical X":16,"Odd Mushroom":31,"Question Card":18,"Ancient Tea Set":56,"TungstenRod":0,"Ring of the Snake":0}],"TungstenRod":26,"Ring of the Snake":[28]},"card_choices":[{"not_picked":["Prepared","All Out Attack"],"picked":"Skewer","floor":1},{"not_picked":["Bane","Slice"],"picked":"Deadly Poison","floor":3},{"not_picked":["Outmaneuver","Escape Plan","Cloak And Dagger"],"picked":"SKIP","floor":4},{"not_picked":["PiercingWail","Bane"],"picked":"Dagger Spray","floor":5},{"not_picked":["Slice","Infinite Blades"],"picked":"Calculated Gamble","floor":8},{"not_picked":["Dagger Throw","Dodge and Roll","Acrobatics"],"picked":"Adrenaline","floor":10},{"not_picked":["Dagger Throw","Sucker Punch","Bullet Time"],"picked":"Caltrops","floor":11},{"not_picked":["Poisoned Stab","Sucker Punch","Outmaneuver"],"picked":"Escape Plan","floor":12},{"not_picked":["Masterful Stab","Prepared","Dagger Throw"],"picked":"Crippling Poison","floor":14},{"not_picked":["A Thousand Cuts","After Image","Storm of Steel"],"picked":"Tools of the Trade","floor":16},{"not_picked":["Dash","Sucker Punch","Cloak And Dagger"],"picked":"Leg Sweep+1","floor":18},{"not_picked":["Accuracy","Distraction+1","Poisoned Stab","Bane"],"picked":"SKIP","floor":20},{"not_picked":["Tactician","Die Die Die","Catalyst"],"picked":"Escape Plan+1","floor":24}],"player_experience":1124096,"relics_obtained":[{"floor":9,"key":"Question Card"},{"floor":11,"key":"Potion Belt"},{"floor":14,"key":"Odd Mushroom"},{"floor":24,"key":"Ancient Tea Set"}],"event_choices":[{"damage_healed":0,"gold_gain":0,"player_choice":"Entered Light","damage_taken":12,"max_hp_gain":0,"max_hp_loss":0,"event_name":"Shining Light","floor":2,"gold_loss":0,"cards_upgraded":["Strike_G","Strike_G"]},{"damage_healed":0,"gold_gain":0,"player_choice":"Fought Mushrooms","damage_taken":0,"max_hp_gain":0,"max_hp_loss":0,"event_name":"Mushrooms","floor":14,"gold_loss":0},{"damage_healed":0,"gold_gain":0,"player_choice":"Simplicity","damage_taken":0,"max_hp_gain":0,"max_hp_loss":0,"event_name":"Back to Basics","floor":19,"gold_loss":0,"cards_upgraded":["Strike_G","Strike_G","Strike_G","Defend_G","Defend_G","Defend_G","Defend_G","Defend_G"]},{"damage_healed":0,"gold_gain":0,"player_choice":"Opened","damage_taken":0,"relics_obtained":["Calipers"],"max_hp_gain":0,"max_hp_loss":0,"event_name":"The Mausoleum","floor":21,"gold_loss":0,"cards_obtained":["Writhe"]},{"damage_healed":0,"gold_gain":0,"player_choice":"Ignored","damage_taken":0,"max_hp_gain":0,"max_hp_loss":0,"event_name":"Vampires","floor":22,"gold_loss":0}],"is_beta":false,"boss_relics":[{"not_picked":["Busted Crown","Fusion Hammer"],"picked":"SlaversCollar"}],"items_purged_floors":[],"is_endless":false,"potions_floor_spawned":[3,4,5,10,11,20],"killed_by":"Snake Plant","ascension_level":14}}