{"host":"rwzz6mk6bpmb57ql","time":1608015902,"event":{"mods":["BaseMod","BetterRewards","Colored Map","Highlight Path","Hubris","Minty Spire (QoL Compilation)","Replay The Spire","StSLib"],"gold_per_floor":[5111,5111,5111,5111,4262,4296,4296,4323,4349,4376,3737,3755,3755,3780,3780,3875,3875,3800,3328,3348,3348,2674,2707,2720,2746,2746,2845,2845,2760,2831,2846,2846,2949,2949,2963,2978,2998,2212,2225,2225,2235,2267,2290,2250,2276,1470,1470,1503,1503,1503,1503,1503,676,710,712],"floor_reached":56,"playtime":4470,"items_purged":["Strike_R","Strike_R","Defend_R","Defend_R","Strike_R"],"score":2375,"play_id":"24606653-e409-4eda-b589-a0d9bcd23591","local_time":"20201215010502","is_ascension_mode":true,"campfire_choices":[{"floor":7,"key":"RECALL"},{"data":"Defy Death","floor":13,"key":"SMITH"},{"data":"Dark Embrace","floor":15,"key":"SMITH"},{"data":"Bash","floor":32,"key":"SMITH"},{"data":"Metallicize","floor":40,"key":"SMITH"},{"data":"Metallicize","floor":47,"key":"SMITH"},{"floor":49,"key":"DIG"},{"floor":52,"key":"DIG"}],"circlet_count":0,"master_deck":["Strike_R+1","Defend_R+2","Defend_R+1","Bash+1","ReplayUltimateDefense+1","Metallicize+1","Iron Wave+1","Metallicize+1","Exhume+1","Defy Death+1","Dark Embrace+1","Offering+1","True Grit+1","True Grit+1","True Grit+1","Intimidate+1","ReplayUltimateDefense+1","Sentinel","Necronomicurse","Exhume+1","Juggernaut+1","Metallicize+1","True Grit+1","Finesse+1","Shrug It Off+1","Metallicize+1"],"relics":["Burning Blood","hubris:Icosahedron","OrangePellets","Eternal Feather","Golden Egg","hubris:CrystalStatue","Anchor","Iron Hammer","Potion Belt","HandDrill","Question Card","Odd Mushroom","hubris:TerracottaHorce","Strawberry","War Paint","Gremlin Food","Nunchaku","DollysMirror","Ancient Tea Set","Simple Rune","Shuriken","Necronomicon","Meat on the Bone","Replay:Accelerometer","SacredBark","Shovel","Happy Flower","TheAbacus","Quantum Egg","Juzu Bracelet","Replay:Mystery Machine","Bag of Marbles","Replay:Baseball","Strange Spoon","Dream Catcher","hubris:ChampionShield","Paper Frog","Lantern","White Beast Statue","ClockworkSouvenir","Replay:Bandana"],"acts_visited":["Exordium","TheCity","TheBeyond","TheEnding"],"potions_floor_usage":[14,24,24,25,31,39,42,50,50,54,55,55,55,55],"damage_taken":[{"damage":1,"enemies":"2 Louse","floor":1,"turns":3},{"damage":33,"enemies":"3 Sentries","floor":6,"turns":14},{"damage":0,"enemies":"Lagavulin","floor":8,"turns":9},{"damage":8,"enemies":"Gremlin Nob","floor":10,"turns":7},{"damage":0,"enemies":"Small Slimes","floor":12,"turns":5},{"damage":0,"enemies":"The Mushroom Lair","floor":14,"turns":6},{"damage":17,"enemies":"Slime Boss","floor":16,"turns":28},{"damage":12,"enemies":"2 Thieves","floor":18,"turns":5},{"damage":7,"enemies":"Shell Parasite","floor":20,"turns":7},{"damage":7,"enemies":"Book of Stabbing","floor":23,"turns":10},{"damage":7,"enemies":"Centurion and Healer","floor":24,"turns":8},{"damage":2,"enemies":"Slavers","floor":25,"turns":16},{"damage":6,"enemies":"Snecko","floor":31,"turns":7},{"damage":18,"enemies":"Champ","floor":33,"turns":14},{"damage":6,"enemies":"Orb Walker","floor":35,"turns":4},{"damage":3,"enemies":"3 Darklings","floor":36,"turns":6},{"damage":7,"enemies":"4 Shapes","floor":37,"turns":6},{"damage":13,"enemies":"Maw","floor":39,"turns":7},{"damage":12,"enemies":"Sphere and 2 Shapes","floor":41,"turns":6},{"damage":18,"enemies":"R_Hoarder","floor":42,"turns":8},{"damage":13,"enemies":"Giant Head","floor":45,"turns":9},{"damage":6,"enemies":"R_Hoarder","floor":48,"turns":7},{"damage":24,"enemies":"hubris:GrandSnecko","floor":50,"turns":14},{"damage":17,"enemies":"Shield and Spear","floor":54,"turns":8},{"damage":24,"enemies":"The Heart","floor":55,"turns":11}],"seed_played":"4902331736431102737","potions_obtained":[{"floor":10,"key":"BloodPotion"},{"floor":12,"key":"Elixir"},{"floor":20,"key":"ColorlessPotion"},{"floor":24,"key":"Explosive Potion"},{"floor":25,"key":"Adrenaline Potion"},{"floor":31,"key":"ColorlessPotion"},{"floor":36,"key":"Languid Potion"},{"floor":39,"key":"Block Potion"},{"floor":41,"key":"LifebloodPotion"},{"floor":42,"key":"SpeedPotion"},{"floor":44,"key":"DuplicationPotion"},{"floor":44,"key":"FairyPotion"},{"floor":54,"key":"HeartOfIron"}],"is_trial":false,"path_per_floor":["M","?","?","?","$","E","R","E","T","E","$","M","R","?","R","B",null,"M","$","M","?","$","E","M","E","T","?","?","?","T","M","R","B",null,"M","M","M","$","M","R","M","E","T","?","E","$","R","E","R","B",null,"R","$","E","B",null],"character_chosen":"IRONCLAD","items_purchased":["Metallicize","OrangePellets","Eternal Feather","Golden Egg","Iron Wave","Potion Belt","HandDrill","Question Card","Strawberry","War Paint","True Grit","Gremlin Food","Nunchaku","Intimidate","DollysMirror","Metallicize","True Grit","Shovel","Happy Flower","TheAbacus","SkillPotion","Finesse","Bag of Marbles","Replay:Baseball","Strange Spoon","Reflective Coating","Lantern","White Beast Statue","ClockworkSouvenir","Shrug It Off","Metallicize","Reflective Coating","Languid Potion"],"campfire_rested":0,"item_purchase_floors":[5,5,5,5,5,11,11,11,19,19,19,22,22,22,22,38,38,38,38,38,38,46,46,46,46,46,53,53,53,53,53,53,53],"current_hp_per_floor":[144,137,137,137,137,110,116,122,122,120,120,126,132,138,144,133,141,135,142,141,141,141,140,139,143,143,143,127,127,127,127,139,127,145,145,148,147,147,140,151,145,139,139,139,132,132,144,144,151,133,147,151,151,140,122],"gold":712,"neow_bonus":"RANDOM_COLORLESS_2","is_daily":false,"chose_seed":false,"campfire_upgraded":5,"win_rate":0.0,"timestamp":1608015902,"path_taken":["M","?","?","?","$","E","R","E","T","E","$","M","R","?","R","BOSS","M","$","M","?","$","E","M","E","T","?","?","?","?","?","R","BOSS","M","M","M","$","M","R","M","E","T","?","E","$","R","E","R","BOSS","R","$","E","BOSS"],"items_purchased_type":["Card","Relic","Relic","Relic","Card","Relic","Relic","Relic","Relic","Relic","Card","Relic","Relic","Card","Relic","Card","Card","Relic","Relic","Relic","Potion","Card","Relic","Relic","Relic","Potion","Relic","Relic","Relic","Card","Card","Potion","Potion"],"build_version":"2020-12-13","purchased_purges":5,"victory":true,"max_hp_per_floor":[144,144,144,144,144,144,144,144,144,144,144,144,144,144,144,144,144,144,151,151,151,151,151,151,151,151,151,151,151,151,151,151,151,151,151,151,151,151,151,151,151,151,151,151,151,151,151,151,151,151,151,151,151,151,151],"card_choices":[{"not_picked":["Crow Ritual","Violence"],"picked":"ReplayUltimateDefense","floor":0},{"not_picked":["ReplayTheSpireMod:Strike From Hell","Iron Wave","Clothesline"],"picked":"SKIP","floor":1},{"not_picked":["Armaments","Pummel"],"picked":"Metallicize","floor":6},{"not_picked":["Thunderclap","Disarm"],"picked":"Exhume","floor":8},{"not_picked":["Headbutt","ReplayTheSpireMod:Limb From Limb"],"picked":"Defy Death","floor":10},{"not_picked":["Battle Trance","Run Through","True Grit","ReplayTheSpireMod:Muscle Training"],"picked":"SKIP","floor":12},{"not_picked":["Massacre","True Grit","Dual Wield"],"picked":"Dark Embrace","floor":14},{"not_picked":["Berserk","Brutality","Corruption"],"picked":"Offering","floor":16},{"not_picked":["Reckless Charge","Flex+1","Iron Wave"],"picked":"True Grit","floor":18},{"not_picked":["Iron Wave","Burning Pact","Replay:Undeath\u0027s Touch","Fire Breathing"],"picked":"SKIP","floor":20},{"not_picked":["Heavy Blade","ReplayTheSpireMod:Strike From Hell+1","Pommel Strike"],"picked":"Sentinel","floor":23},{"not_picked":["Wild Strike","hubris:ReadiedAction","Burning Pact+1","Anger+1"],"picked":"SKIP","floor":24},{"not_picked":["Pommel Strike+1","Clothesline","Armaments","Havoc"],"picked":"SKIP","floor":25},{"not_picked":["True Grit","Clash","Shrug It Off"],"picked":"Exhume","floor":31},{"not_picked":["Fiend Fire","Bludgeon","Reaper"],"picked":"Juggernaut","floor":33},{"not_picked":["Sword Boomerang+1","Sever Soul+1","Dual Wield","Life Link+1"],"picked":"SKIP","floor":35},{"not_picked":["hubris:ReadiedAction","ReplayTheSpireMod:Stacked+1","ReplayTheSpireMod:Strike From Hell","Sword Boomerang"],"picked":"SKIP","floor":36},{"not_picked":["Replay:Undeath\u0027s Touch+1","Sword Boomerang+1","Carnage","Anger"],"picked":"SKIP","floor":37},{"not_picked":["Thunderclap+1","Anger+1","Flame Barrier+1","Headbutt+1"],"picked":"SKIP","floor":39},{"not_picked":["Clothesline","Replay:Undeath\u0027s Touch","ReplayTheSpireMod:Muscle Training","Dark Embrace"],"picked":"SKIP","floor":41},{"not_picked":["Wild Strike","Replay:Undeath\u0027s Touch","Eclipse","Clash+1"],"picked":"SKIP","floor":42},{"not_picked":["Burning Pact+1","Clothesline","Wild Strike+1","Cleave"],"picked":"SKIP","floor":45},{"not_picked":["Run Through+1","Headbutt","Replay:Undeath\u0027s Touch","hubris:ReadiedAction+1"],"picked":"SKIP","floor":48},{"not_picked":["Heavy Blade+1","Searing Blow","Armaments+1","ReplayTheSpireMod:Corrosion Curse+1"],"picked":"SKIP","floor":54}],"player_experience":18974,"relics_obtained":[{"floor":6,"key":"hubris:CrystalStatue"},{"floor":8,"key":"Anchor"},{"floor":10,"key":"Iron Hammer"},{"floor":14,"key":"Odd Mushroom"},{"floor":23,"key":"Ancient Tea Set"},{"floor":25,"key":"Simple Rune"},{"floor":26,"key":"Shuriken"},{"floor":28,"key":"Necronomicon"},{"floor":30,"key":"Replay:Accelerometer"},{"floor":42,"key":"Quantum Egg"},{"floor":43,"key":"Juzu Bracelet"},{"floor":45,"key":"Replay:Mystery Machine"},{"floor":48,"key":"Dream Catcher"},{"floor":49,"key":"hubris:ChampionShield"},{"floor":52,"key":"Paper Frog"},{"floor":54,"key":"Replay:Bandana"}],"event_choices":[{"cards_removed":["Strike_R"],"damage_healed":0,"gold_gain":0,"player_choice":"Card Removal","damage_taken":7,"max_hp_gain":0,"max_hp_loss":0,"event_name":"Golden Wing","floor":2,"gold_loss":0},{"damage_healed":0,"gold_gain":0,"player_choice":"Fought Mushrooms","damage_taken":0,"max_hp_gain":0,"max_hp_loss":0,"event_name":"Mushrooms","floor":14,"gold_loss":0},{"damage_healed":0,"gold_gain":99,"player_choice":"Stole From Cult","damage_taken":0,"max_hp_gain":0,"max_hp_loss":0,"event_name":"Nest","floor":27,"gold_loss":0},{"damage_healed":0,"gold_gain":0,"player_choice":"Obtained Book","damage_taken":16,"max_hp_gain":0,"max_hp_loss":0,"event_name":"Cursed Tome","floor":28,"gold_loss":0},{"damage_healed":0,"gold_gain":0,"player_choice":"Obtained Relic","damage_taken":0,"relics_obtained":["Meat on the Bone"],"max_hp_gain":0,"max_hp_loss":0,"event_name":"Addict","floor":29,"gold_loss":85},{"damage_healed":0,"gold_gain":0,"player_choice":"Bought 3 Potions","damage_taken":0,"max_hp_gain":0,"max_hp_loss":0,"event_name":"The Woman in Blue","floor":44,"gold_loss":0}],"is_beta":false,"boss_relics":[{"not_picked":["Empty Cage","Velvet Choker"],"picked":"hubris:TerracottaHorce"},{"not_picked":["Cursed Key","hubris:Backtick"],"picked":"SacredBark"}],"items_purged_floors":[5,11,19,22,46],"is_endless":false,"potions_floor_spawned":[10,12,20,24,25,31,36,39,41,42,54],"ascension_level":9}}