{"host":"ctlqibkg0sskiu65","time":1608037057,"event":{"mods":["2.2 Compatiblity","AchievementEnabler","Aspiration","BaseMod","BetterRewards","Colored Map","Colored Powertips","Conspire","Downfall","Fiend Mod","Hermit","Infinite Spire","Minty Spire (QoL Compilation)","Quick Restart","Replay The Spire","Shop Mod","StSLib","The Bladedancer","The Cursed","The Hierophant","The Jungle","The Kombatant","The Servant 0.9.4","TheBandit"],"gold_per_floor":[111,111,125,25,41,69,86,86,162,162,190,190,206,206,206,306,306,326,326,38,38,38,38,67,84,84,84,94,110,110,110,110],"floor_reached":31,"playtime":1130,"items_purged":["Strike_G","Defend_G"],"score":436,"play_id":"e0658754-4703-4961-9614-e94f7445a738","local_time":"20201215065737","is_ascension_mode":true,"campfire_choices":[{"data":"Toxin Wave","floor":8.0,"key":"SMITH"},{"floor":12.0,"key":"REST"},{"floor":15.0,"key":"REST"},{"data":"Crippling Poison","floor":23.0,"key":"SMITH"},{"data":"Poisoned Stab","floor":27.0,"key":"SMITH"}],"circlet_count":0,"master_deck":["Strike_G","Strike_G","Strike_G","Defend_G","Defend_G","Defend_G","Defend_G","Survivor","Neutralize","Catalyst","Slice","Bane","Deflect","Toxin Wave+1","Dagger Spray","Poisoned Stab+1","Burst","Toxin Wave+1","Crippling Poison+1","Deadly Poison","Deadly Poison+1","Endless Agony"],"relics":["Ring of the Snake","Durian","Boot","Matryoshka","Omamori","infinitespire:Cupcake","CaptainsWheel","Onion Ring","Happy Flower","Bird Faced Urn"],"acts_visited":["Exordium","TheCity"],"potions_floor_usage":[],"damage_taken":[{"damage":0.0,"enemies":"Small Slimes","floor":1.0,"turns":4.0},{"damage":0.0,"enemies":"Cultist","floor":3.0,"turns":5.0},{"damage":6.0,"enemies":"Jaw Worm","floor":5.0,"turns":6.0},{"damage":33.0,"enemies":"Gremlin Nob","floor":6.0,"turns":4.0},{"damage":3.0,"enemies":"3 Louse","floor":7.0,"turns":2.0},{"damage":32.0,"enemies":"3 Sentries","floor":11.0,"turns":8.0},{"damage":2.0,"enemies":"Exordium Thugs","floor":13.0,"turns":4.0},{"damage":17.0,"enemies":"Slime Boss","floor":16.0,"turns":14.0},{"damage":11.0,"enemies":"Shell Parasite","floor":18.0,"turns":5.0},{"damage":14.0,"enemies":"Book of Stabbing","floor":24.0,"turns":5.0},{"damage":0.0,"enemies":"3 Byrds","floor":25.0,"turns":4.0},{"damage":7.0,"enemies":"Shelled Parasite and Fungi","floor":28.0,"turns":3.0},{"damage":0.0,"enemies":"Snake Plant","floor":29.0,"turns":2.0},{"damage":64,"enemies":"Nightmare","floor":31,"turns":5}],"seed_played":"5912639353512777557","potions_obtained":[{"floor":1.0,"key":"Adrenaline Potion"},{"floor":6.0,"key":"Adrenaline Potion"},{"floor":11.0,"key":"Death Potion"},{"floor":13.0,"key":"LiquidMemories"},{"floor":18.0,"key":"sneckomod:MuddlingPotion"},{"floor":24.0,"key":"Elixir"}],"is_trial":false,"path_per_floor":["M","?","M","$","M","E","M","R","T","?","E","R","M","?","R","B",null,"M","?","$","$","?","R","E","M","T","R","M","M","?","NM"],"character_chosen":"THE_SILENT","items_purchased":["Catalyst","Slice","CaptainsWheel"],"campfire_rested":2,"item_purchase_floors":[0,0,20],"current_hp_per_floor":[75,75,75,75,69,36,33,33,33,33,1,23,21,46,68,51,75,64,64,64,64,64,64,50,50,50,50,43,43,43,0,0],"gold":110,"neow_bonus":"","is_daily":false,"chose_seed":false,"campfire_upgraded":3,"win_rate":0.0,"timestamp":1608037057,"path_taken":["M","?","?","$","M","E","M","R","T","?","E","R","M","?","R","BOSS","M","?","?","$","?","R","E","M","T","R","M","M","?","NM"],"items_purchased_type":["Card","Card","Relic"],"build_version":"2020-12-13","purchased_purges":2,"victory":false,"max_hp_per_floor":[75,75,75,75,75,75,75,75,75,75,75,75,75,75,75,75,75,75,75,75,75,75,75,75,75,75,75,75,75,75,75,75],"card_choices":[{"not_picked":["Deflect","Calculated Gamble"],"picked":"Bane","floor":1.0},{"not_picked":["Underhanded Strike","Hidden Blade"],"picked":"Deflect","floor":3.0},{"not_picked":["Blade Dance","Outmaneuver"],"picked":"Toxin Wave","floor":5.0},{"not_picked":["Hidden Blade","Flying Knee"],"picked":"Dagger Spray","floor":6.0},{"not_picked":["Quick Slash","Outmaneuver","Well Laid Plans"],"picked":"SKIP","floor":7.0},{"not_picked":["Draining Mist","Dagger Spray"],"picked":"Poisoned Stab","floor":11.0},{"not_picked":["Flechettes","Underhanded Strike","Accuracy"],"picked":"SKIP","floor":13.0},{"not_picked":["Night Terror","ReplayTheSpireMod:From All Sides"],"picked":"Burst","floor":16.0},{"not_picked":["Sucker Punch","Expertise","Cloak And Dagger"],"picked":"SKIP","floor":18.0},{"not_picked":["Backflip","Acrobatics+1","Dagger Spray"],"picked":"SKIP","floor":24.0},{"not_picked":["Dagger Spray+1","Bane"],"picked":"Deadly Poison","floor":25.0},{"not_picked":["Choke","conspire:DoublingDagger"],"picked":"Deadly Poison+1","floor":28.0},{"not_picked":["Choke","ReplayTheSpireMod:Scrap Shanks"],"picked":"Endless Agony","floor":29.0}],"player_experience":147958,"relics_obtained":[{"floor":6.0,"key":"Boot"},{"floor":9.0,"key":"Matryoshka"},{"floor":11.0,"key":"Omamori"},{"floor":24.0,"key":"Onion Ring"},{"floor":26.0,"key":"Happy Flower"},{"floor":26.0,"key":"Bird Faced Urn"}],"event_choices":[{"cards_removed":["Strike_G"],"damage_healed":0.0,"max_hp_gain":0.0,"max_hp_loss":0.0,"gold_gain":0.0,"event_name":"Purifier","player_choice":"Purged","floor":2.0,"gold_loss":0.0,"damage_taken":0.0},{"damage_healed":25.0,"max_hp_gain":0.0,"max_hp_loss":0.0,"gold_gain":0.0,"event_name":"Big Fish","player_choice":"Banana","floor":14.0,"gold_loss":0.0,"damage_taken":0.0},{"damage_healed":0.0,"max_hp_gain":0.0,"max_hp_loss":0.0,"gold_gain":0.0,"event_name":"Duplicator","player_choice":"Copied","floor":19.0,"gold_loss":0.0,"damage_taken":0.0,"cards_obtained":["Toxin Wave"]},{"damage_healed":0.0,"max_hp_gain":0.0,"max_hp_loss":0.0,"gold_gain":0.0,"event_name":"The Library","player_choice":"Read","floor":22.0,"gold_loss":0.0,"damage_taken":0.0,"cards_obtained":["Crippling Poison"]},{"damage_healed":0.0,"max_hp_gain":0.0,"max_hp_loss":0.0,"gold_gain":0.0,"event_name":"Ghosts","player_choice":"Ignored","floor":30.0,"gold_loss":0.0,"damage_taken":0.0}],"is_beta":false,"boss_relics":[{"not_picked":["Replay:Fungal Core","aspiration:SecretTechniqueScroll"],"picked":"infinitespire:Cupcake"}],"items_purged_floors":[0,4],"is_endless":false,"potions_floor_spawned":[1,6,11,13,18,24,29],"killed_by":"Nightmare","ascension_level":4}}