{"host":"hfvpa4llnnjpeawn","time":1608002706,"event":{"mods":["2.2 Compatiblity","Act Like it!","BaseMod","Better Skull","Better Third Choice","BetterRewards","CapriCore","Conspire","Downfall","Elementarium","Hermit","Hubris","Koishi","Lobotomy","Mad Scientist","Minty Spire (QoL Compilation)","Replay The Spire","Shade Mod","Somnambulant","StSLib","The Bladedancer","The Factory","The Jungle","Waifu the Spire"],"gold_per_floor":[99,99,125,125,135,152,152,152,77,110,110,2,0,16,27,27,27],"floor_reached":16,"playtime":1549,"items_purged":[],"score":133,"play_id":"db9bdcfc-9afb-4742-912b-6d210620d431","local_time":"20201214222506","is_ascension_mode":false,"campfire_choices":[{"floor":1,"key":"RECALL"},{"data":"champ:DefensiveShout","floor":9,"key":"SMITH"}],"circlet_count":0,"master_deck":["champ:Strike","champ:Strike","champ:Strike","champ:Strike","champ:Defend","champ:Defend","champ:Defend","champ:Defend","champ:Execute","champ:Taunt","champ:Circumvent","champ:DefensiveShout+1","champ:TornadoPunch","champ:BerserkersShout","champ:CrookedStrike+1","champ:IronFortress","Regret","champ:PerfectForm","expansioncontent:CaCaw","champ:AdrenalArmor"],"relics":["champ:ChampionCrown","downfall:HeartsMalice","Centennial Puzzle","Iron Hammer","downfall:HeartBlessingRed","Lantern","hubris:ToyBattleship"],"acts_visited":["Exordium"],"potions_floor_usage":[10,10,12,16],"damage_taken":[{"damage":0,"enemies":"Jaw Worm","floor":2,"turns":1},{"damage":0,"enemies":"Lagavulin","floor":3,"turns":1},{"damage":0,"enemies":"Small Slimes","floor":4,"turns":1},{"damage":0,"enemies":"2 Louse","floor":5,"turns":2},{"damage":18,"enemies":"Red Slaver","floor":6,"turns":3},{"damage":35,"enemies":"Gremlin Nob","floor":10,"turns":4},{"damage":6,"enemies":"downfall:FleeingMerchant","floor":12,"turns":4},{"damage":15,"enemies":"downfall:FleeingMerchant","floor":13,"turns":4},{"damage":1,"enemies":"Blue Slaver","floor":14,"turns":3},{"damage":27,"enemies":"Large Slime","floor":15,"turns":5},{"damage":35,"enemies":"downfall:Ironclad","floor":16,"turns":2}],"seed_played":"2682345590480087315","potions_obtained":[{"floor":5,"key":"Regen Potion"},{"floor":6,"key":"BlessingOfTheForge"},{"floor":10,"key":"Toxic Potion"},{"floor":14,"key":"Doom Potion"}],"is_trial":false,"path_per_floor":["R","M","E","M","M","M","T","?","R","E","?","$","$","M","M","B"],"character_chosen":"THE_CHAMP","items_purchased":["expansioncontent:CaCaw"],"campfire_rested":0,"item_purchase_floors":[12],"current_hp_per_floor":[90,90,90,90,90,77,77,77,77,64,64,61,52,51,35,0,0],"gold":27,"neow_bonus":"THREE_ENEMY_KILL","is_daily":false,"chose_seed":false,"campfire_upgraded":1,"win_rate":0.0,"timestamp":1608002706,"path_taken":["R","M","E","M","M","M","T","?","R","E","?","$","$","M","M","BOSS"],"items_purchased_type":["Card"],"build_version":"2020-12-13","purchased_purges":0,"victory":false,"max_hp_per_floor":[90,90,90,90,90,90,90,90,90,90,90,90,90,90,90,90,90],"card_choices":[{"not_picked":["champ:EnragedBash","champ:HeartStrike"],"picked":"champ:Circumvent","floor":2},{"not_picked":["champ:Haymaker","champ:CrookedStrike"],"picked":"champ:DefensiveShout","floor":3},{"not_picked":["champ:AdrenalArmor","champ:CalledShot"],"picked":"champ:TornadoPunch","floor":4},{"not_picked":["champ:EnGarde","champ:BladeFlurry"],"picked":"champ:BerserkersShout","floor":5},{"not_picked":["champ:FlashCut","champ:IronFortress"],"picked":"champ:CrookedStrike","floor":6},{"not_picked":["champ:BerserkersShout","champ:GutPunch"],"picked":"champ:IronFortress","floor":10},{"not_picked":["champ:BringItOn","champ:PreciseThrust"],"picked":"champ:PerfectForm","floor":12},{"not_picked":["champ:StanceDance","champ:Backstep","champ:CrookedStrike"],"picked":"SKIP","floor":13},{"not_picked":["champ:StanceDance","champ:IronFortress","champ:CrookedStrike"],"picked":"SKIP","floor":14},{"not_picked":["champ:HeartStrike","champ:StanceDance"],"picked":"champ:AdrenalArmor","floor":15}],"player_experience":210507,"relics_obtained":[{"floor":3,"key":"Centennial Puzzle"},{"floor":7,"key":"Iron Hammer"},{"floor":10,"key":"Lantern"}],"event_choices":[{"damage_healed":0,"gold_gain":0,"player_choice":"Box","damage_taken":0,"relics_obtained":["hubris:ToyBattleship"],"max_hp_gain":0,"max_hp_loss":0,"event_name":"Big Fish","floor":11,"gold_loss":0,"cards_obtained":["Regret"]}],"is_beta":false,"boss_relics":[],"items_purged_floors":[],"is_endless":false,"potions_floor_spawned":[5,6,10,14],"killed_by":"downfall:Ironclad","ascension_level":0}}