{"host":"tvytvmghe8inzt9c","time":1608002503,"event":{"mods":["AchievementEnabler","BaseMod","Better Third Choice","BetterRewards","Colored Map","Colored Powertips","Custom Start","DeckTracker","Downfall","Energized Spire","Hubris","Marisa????????","Minty Spire (QoL Compilation)","Quick Restart","StSLib","TheBandit"],"gold_per_floor":[213,213,173,185,201,201,212,212,212,212,212,235,250,250,250,371,371,365,384,12,28,42,42,42],"floor_reached":23,"playtime":1464,"items_purged":[],"score":185,"play_id":"5ee6ea75-a5dc-476a-bf4b-50364c6add05","local_time":"20201214222143","is_ascension_mode":false,"campfire_choices":[{"data":"Strike_R","floor":6,"key":"SMITH"},{"floor":10,"key":"REST"},{"floor":15,"key":"REST"}],"circlet_count":0,"master_deck":["Strike_R+1","Strike_R","Strike_R","Strike_R","Strike_R","Defend_R","Defend_R","Defend_R","Defend_R","Bash","Thunderclap","Perfected Strike","Shrug It Off","Armaments","Armaments","Bludgeon","Anger","Feed","Metallicize","Headbutt","Sword Boomerang"],"relics":["Burning Blood","Golden Idol","Self Forming Clay","hubris:Towel","energizedSpire:RedRose","Happy Flower","ClockworkSouvenir"],"acts_visited":["Exordium","TheCity"],"potions_floor_usage":[7,7,16,16,22,23,23],"damage_taken":[{"damage":5,"enemies":"Small Slimes","floor":1,"turns":4},{"damage":0,"enemies":"2 Louse","floor":4,"turns":2},{"damage":0,"enemies":"Cultist","floor":5,"turns":2},{"damage":32,"enemies":"Gremlin Gang","floor":7,"turns":8},{"damage":7,"enemies":"Looter","floor":12,"turns":3},{"damage":5,"enemies":"3 Louse","floor":13,"turns":3},{"damage":50,"enemies":"Hexaghost","floor":16,"turns":13},{"damage":20,"enemies":"2 Thieves","floor":18,"turns":4},{"damage":11,"enemies":"Chosen","floor":19,"turns":4},{"damage":20,"enemies":"Shelled Parasite and Fungi","floor":21,"turns":6},{"damage":20,"enemies":"Centurion and Healer","floor":22,"turns":7},{"damage":44,"enemies":"Book of Stabbing","floor":23,"turns":7}],"seed_played":"269944596086164985","potions_obtained":[{"floor":3,"key":"Ancient Potion"},{"floor":3,"key":"GamblersBrew"},{"floor":3,"key":"Weak Potion"},{"floor":7,"key":"Swift Potion"},{"floor":12,"key":"LiquidBronze"},{"floor":13,"key":"DistilledChaos"},{"floor":18,"key":"PowerPotion"},{"floor":21,"key":"Regen Potion"}],"is_trial":false,"path_per_floor":["M","?","?","M","M","R","M","?","T","R","?","M","M","?","R","B",null,"M","M","$","M","M","E"],"character_chosen":"IRONCLAD","items_purchased":["Happy Flower","ClockworkSouvenir","Metallicize"],"campfire_rested":2,"item_purchase_floors":[20,20,20],"current_hp_per_floor":[80,85,85,85,85,85,59,38,38,63,63,62,63,63,85,41,85,71,66,66,52,38,9,9],"gold":42,"neow_bonus":"HUNDRED_GOLD","is_daily":false,"chose_seed":false,"campfire_upgraded":1,"win_rate":0.0,"timestamp":1608002503,"path_taken":["M","?","?","?","?","R","M","?","T","R","?","M","M","?","R","BOSS","M","M","$","?","M","E"],"items_purchased_type":["Relic","Relic","Card"],"build_version":"2020-12-13","purchased_purges":0,"victory":false,"max_hp_per_floor":[80,85,85,85,85,85,85,85,85,85,85,85,85,85,85,85,85,85,85,85,85,85,85,85],"card_choices":[{"not_picked":["Warcry","Clothesline"],"picked":"Thunderclap","floor":1},{"not_picked":["hubris:ReadiedAction","Entrench"],"picked":"Perfected Strike","floor":4},{"not_picked":["Dropkick","Perfected Strike"],"picked":"Shrug It Off","floor":5},{"not_picked":["Heavy Blade","Searing Blow"],"picked":"Armaments","floor":7},{"not_picked":["Pummel","Infernal Blade"],"picked":"Thunderclap","floor":12},{"not_picked":["Body Slam","Feel No Pain"],"picked":"Armaments","floor":13},{"not_picked":["Offering","Fiend Fire"],"picked":"Bludgeon","floor":16},{"not_picked":["Iron Wave","Feel No Pain+1"],"picked":"Anger","floor":18},{"not_picked":["Dark Embrace","Armaments"],"picked":"Feed","floor":19},{"not_picked":["hubris:CleavingFinish+1","Dual Wield"],"picked":"Headbutt","floor":21},{"not_picked":["Armaments","Thunderclap+1"],"picked":"Sword Boomerang","floor":22}],"player_experience":41459,"relics_obtained":[{"floor":9,"key":"Self Forming Clay"}],"event_choices":[{"damage_healed":0,"gold_gain":0,"player_choice":"Donut","damage_taken":0,"max_hp_gain":5,"max_hp_loss":0,"event_name":"Big Fish","floor":2,"gold_loss":0},{"damage_healed":0,"gold_gain":0,"player_choice":"Bought 3 Potions","damage_taken":0,"max_hp_gain":0,"max_hp_loss":0,"event_name":"The Woman in Blue","floor":3,"gold_loss":0},{"damage_healed":0,"gold_gain":0,"player_choice":"Take Damage","damage_taken":21,"relics_obtained":["Golden Idol"],"max_hp_gain":0,"max_hp_loss":0,"event_name":"Golden Idol","floor":8,"gold_loss":0},{"cards_removed":["Thunderclap"],"damage_healed":0,"gold_gain":0,"player_choice":"Purged","damage_taken":0,"max_hp_gain":0,"max_hp_loss":0,"event_name":"Purifier","floor":14,"gold_loss":0}],"is_beta":false,"boss_relics":[{"not_picked":["Empty Cage","hubris:CrackedHourglass"],"picked":"energizedSpire:RedRose"}],"items_purged_floors":[],"is_endless":false,"potions_floor_spawned":[7,12,13,18,21],"killed_by":"Book of Stabbing","ascension_level":0}}