{"host":"4par9lyhj7bf4dsa","time":1608075404,"event":{"mods":["AchievementEnabler","BaseMod","Colored Map","Minty Spire (QoL Compilation)","Relic Stats","StSLib"],"gold_per_floor":[110,70,88,98,114,145,145,177,248,248,260,260,286,100,100,174,174,155,155,155,77,87,115,127,127,173,205,223,42,56,69,69,145,145,163,163,173,189,189,214,231,231,231,263,275,290,315,188,188,188,188,188,67,101,101],"floor_reached":56,"playtime":4488,"items_purged":["Slice","Strike_G+1","Strike_G+1"],"score":2172,"play_id":"55560baf-eb3a-47c6-8117-cee90360a7c5","local_time":"20201216103644","is_ascension_mode":true,"campfire_choices":[{"data":"Dash","floor":7.0,"key":"SMITH"},{"data":"Footwork","floor":15.0,"key":"SMITH"},{"floor":25.0,"key":"RECALL"},{"floor":32.0,"key":"REST"},{"floor":42.0,"key":"REST"},{"floor":49,"key":"REST"},{"floor":52,"key":"REST"}],"circlet_count":0,"master_deck":["AscendersBane","Strike_G+1","Strike_G+1","Defend_G+1","Defend_G+1","Defend_G+1","Defend_G+1","Survivor","Neutralize","Dash+1","Bouncing Flask+1","Quick Slash+1","Venomology","Crippling Poison","Dodge and Roll","Footwork+1","Blur","Dodge and Roll","Dagger Spray+1","Backflip","Backflip","Night Terror","PiercingWail","Decay","Footwork","Blur","Acrobatics+1","Deadly Poison+1","Malaise","Injury","PiercingWail","Regret","Well Laid Plans+1","Clumsy","Wraith Form v2+1","Parasite","PiercingWail","Leg Sweep","Well Laid Plans+1","Wraith Form v2+1","Bane","Catalyst"],"relics":["Empty Cage","Bird Faced Urn","Du-Vu Doll","Sundial","Pear","Akabeko","Orrery","Fusion Hammer","Gambling Chip","Dream Catcher","Membership Card","Cursed Key","TungstenRod","Frozen Egg 2","Paper Crane","Mummified Hand","Bag of Preparation","Vajra","Whetstone","Bottled Lightning"],"acts_visited":["Exordium","TheCity","TheBeyond","TheEnding"],"potions_floor_usage":[45,46,47,50,54,54,55],"damage_taken":[{"damage":3.0,"enemies":"Cultist","floor":1.0,"turns":6.0},{"damage":4.0,"enemies":"Jaw Worm","floor":3.0,"turns":5.0},{"damage":0.0,"enemies":"2 Louse","floor":4.0,"turns":3.0},{"damage":0.0,"enemies":"Blue Slaver","floor":5.0,"turns":6.0},{"damage":14.0,"enemies":"Lagavulin","floor":6.0,"turns":6.0},{"damage":13.0,"enemies":"Gremlin Nob","floor":8.0,"turns":4.0},{"damage":1.0,"enemies":"Exordium Wildlife","floor":11.0,"turns":5.0},{"damage":12.0,"enemies":"Lagavulin","floor":13.0,"turns":5.0},{"damage":17.0,"enemies":"The Guardian","floor":16.0,"turns":12.0},{"damage":7.0,"enemies":"2 Thieves","floor":18.0,"turns":4.0},{"damage":14.0,"enemies":"3 Byrds","floor":22.0,"turns":6.0},{"damage":13.0,"enemies":"Book of Stabbing","floor":23.0,"turns":8.0},{"damage":0.0,"enemies":"3 Cultists","floor":24.0,"turns":5.0},{"damage":0.0,"enemies":"Gremlin Leader","floor":27.0,"turns":5.0},{"damage":2.0,"enemies":"Shelled Parasite and Fungi","floor":28.0,"turns":6.0},{"damage":0.0,"enemies":"Centurion and Healer","floor":30.0,"turns":10.0},{"damage":4.0,"enemies":"Cultist and Chosen","floor":31.0,"turns":7.0},{"damage":61.0,"enemies":"Automaton","floor":33.0,"turns":16.0},{"damage":4.0,"enemies":"Orb Walker","floor":35.0,"turns":4.0},{"damage":0.0,"enemies":"3 Shapes","floor":37.0,"turns":6.0},{"damage":10.0,"enemies":"Spire Growth","floor":38.0,"turns":7.0},{"damage":56.0,"enemies":"Giant Head","floor":40.0,"turns":11.0},{"damage":9.0,"enemies":"Jaw Worm Horde","floor":41.0,"turns":6.0},{"damage":0.0,"enemies":"Nemesis","floor":44.0,"turns":11.0},{"damage":0,"enemies":"Writhing Mass","floor":45,"turns":7},{"damage":28,"enemies":"4 Shapes","floor":46,"turns":9},{"damage":1,"enemies":"Reptomancer","floor":47,"turns":6},{"damage":35,"enemies":"Time Eater","floor":50,"turns":19},{"damage":16,"enemies":"Shield and Spear","floor":54,"turns":12},{"damage":3,"enemies":"The Heart","floor":55,"turns":14}],"seed_played":"-6905721647104303060","potions_obtained":[{"floor":2.0,"key":"FearPotion"},{"floor":2.0,"key":"SpeedPotion"},{"floor":8.0,"key":"Regen Potion"},{"floor":11.0,"key":"Fruit Juice"},{"floor":16.0,"key":"Regen Potion"},{"floor":23.0,"key":"Fire Potion"},{"floor":24.0,"key":"LiquidMemories"},{"floor":33.0,"key":"Fire Potion"},{"floor":35.0,"key":"DuplicationPotion"},{"floor":40.0,"key":"Ancient Potion"},{"floor":44,"key":"Dexterity Potion"}],"is_trial":false,"path_per_floor":["M","?","M","M","M","E","R","E","T","?","M","T","E","$","R","B",null,"M","?","?","$","M","E","M","R","T","E","M","$","M","M","R","B",null,"M","T","M","M","T","E","M","R","T","E","M","M","E","$","R","B",null,"R","$","E","B",null],"character_chosen":"THE_SILENT","items_purchased":["Footwork","Orrery","Footwork","Membership Card","Whetstone","Wraith Form v2+1","Bane"],"campfire_rested":4,"item_purchase_floors":[14,14,21,29,48,53,53],"current_hp_per_floor":[60,60,56,56,56,42,42,29,29,29,57,67,60,60,60,45,75,79,79,79,79,69,60,62,62,62,64,64,64,74,72,85,26,70,68,68,72,66,66,14,11,36,36,42,48,26,35,35,60,39,74,85,85,73,85],"gold":101,"neow_bonus":"BOSS_RELIC","is_daily":false,"chose_seed":false,"campfire_upgraded":2,"win_rate":0.0,"timestamp":1608075404,"path_taken":["M","?","M","M","?","E","R","E","T","?","?","?","E","$","R","BOSS","M","?","?","$","M","E","M","R","T","E","M","?","?","M","R","BOSS","M","?","?","M","?","E","M","R","T","E","M","M","E","$","R","BOSS","R","$","E","BOSS"],"items_purchased_type":["Card","Relic","Card","Relic","Relic","Card","Card"],"build_version":"2020-12-13","purchased_purges":3,"victory":true,"max_hp_per_floor":[70,70,70,70,70,70,70,70,70,70,70,80,85,85,85,85,85,85,85,85,85,85,85,85,85,85,85,85,85,85,85,85,85,85,85,85,85,85,85,85,85,85,85,85,85,85,85,85,85,85,85,85,85,85,85],"relic_stats":{"Dream Catcher":4,"counters":[30,231],"Sundial":[22],"Mummified Hand":[42],"Bird Faced Urn":[113],"Gambling Chip":[65],"Bag of Preparation":[12],"Whetstone":["Dagger Spray","Quick Slash"],"Cursed Key":3,"obtain_stats":[{"Pear":12,"Vajra":47,"Bag of Preparation":44,"Whetstone":48,"Frozen Egg 2":39,"Paper Crane":40,"Empty Cage":0,"Cursed Key":34,"Akabeko":13,"Du-Vu Doll":8,"Dream Catcher":27,"Sundial":9,"Mummified Hand":43,"Bird Faced Urn":6,"Gambling Chip":23,"Orrery":14,"Fusion Hammer":17,"Membership Card":29,"Bottled Lightning":54,"TungstenRod":36,"Ring of the Snake":0},{"Pear":7,"Vajra":27,"Bag of Preparation":24,"Whetstone":27,"Frozen Egg 2":21,"Paper Crane":22,"Empty Cage":0,"Cursed Key":18,"Akabeko":8,"Du-Vu Doll":6,"Dream Catcher":14,"Sundial":6,"Mummified Hand":23,"Bird Faced Urn":5,"Gambling Chip":12,"Orrery":8,"Fusion Hammer":9,"Membership Card":15,"Bottled Lightning":29,"TungstenRod":19,"Ring of the Snake":0},{"Pear":35,"Vajra":186,"Bag of Preparation":164,"Whetstone":186,"Frozen Egg 2":136,"Paper Crane":147,"Empty Cage":0,"Cursed Key":119,"Akabeko":40,"Du-Vu Doll":30,"Dream Catcher":80,"Sundial":30,"Mummified Hand":153,"Bird Faced Urn":26,"Gambling Chip":70,"Orrery":40,"Fusion Hammer":52,"Membership Card":86,"Bottled Lightning":217,"TungstenRod":123,"Ring of the Snake":0}],"TungstenRod":139},"card_choices":[{"not_picked":["Outmaneuver","Backflip"],"picked":"Slice","floor":1.0},{"not_picked":["PiercingWail","Dodge and Roll"],"picked":"Dash","floor":3.0},{"not_picked":["Dodge and Roll","Prepared"],"picked":"Bouncing Flask","floor":4.0},{"not_picked":["Outmaneuver","Deadly Poison"],"picked":"Quick Slash","floor":5.0},{"not_picked":["Masterful Stab","Endless Agony","Dagger Throw"],"picked":"SKIP","floor":6.0},{"not_picked":["Infinite Blades","Heel Hook"],"picked":"Venomology","floor":8.0},{"not_picked":["Deflect","Finisher"],"picked":"Crippling Poison","floor":11.0},{"not_picked":["Terror","Backstab"],"picked":"Dodge and Roll","floor":13.0},{"not_picked":["Bane","Infinite Blades"],"picked":"Blur","floor":14.0},{"not_picked":["Deflect","Slice"],"picked":"Dodge and Roll","floor":14.0},{"not_picked":["Underhanded Strike","Prepared"],"picked":"Dagger Spray","floor":14.0},{"not_picked":["Backstab","Flying Knee"],"picked":"Backflip","floor":14.0},{"not_picked":["Heel Hook","Deflect"],"picked":"Backflip","floor":14.0},{"not_picked":["Bullet Time","Unload"],"picked":"Night Terror","floor":16.0},{"not_picked":["Sucker Punch","Cloak And Dagger"],"picked":"PiercingWail","floor":18.0},{"not_picked":["Cloak And Dagger","Outmaneuver","All Out Attack"],"picked":"SKIP","floor":22.0},{"not_picked":["Dodge and Roll","Endless Agony","Escape Plan"],"picked":"SKIP","floor":23.0},{"not_picked":["Backflip","Dodge and Roll"],"picked":"Blur","floor":24.0},{"not_picked":["Accuracy","Reflex","Predator"],"picked":"SKIP","floor":27.0},{"not_picked":["Quick Slash","Deadly Poison"],"picked":"Acrobatics+1","floor":28.0},{"not_picked":["Outmaneuver","Bane","Prepared"],"picked":"SKIP","floor":30.0},{"not_picked":["Reflex","Bane","Predator"],"picked":"SKIP","floor":31.0},{"not_picked":["Underhanded Strike","Blade Dance"],"picked":"Deadly Poison+1","floor":32.0},{"not_picked":["Burst","Corpse Explosion"],"picked":"Malaise","floor":33.0},{"not_picked":["Flying Knee","Prepared","Distraction+1"],"picked":"SKIP","floor":35.0},{"not_picked":["Cloak And Dagger","Blade Dance","Deflect"],"picked":"SKIP","floor":37.0},{"not_picked":["Deflect","Outmaneuver+1"],"picked":"PiercingWail","floor":38.0},{"not_picked":["Outmaneuver","Prepared"],"picked":"Well Laid Plans+1","floor":40.0},{"not_picked":["Finisher","Dagger Spray+1","Tactician+1"],"picked":"SKIP","floor":41.0},{"not_picked":["Accuracy+1","Prepared"],"picked":"Wraith Form v2+1","floor":44},{"not_picked":["Distraction","Skewer","Slice+1"],"picked":"SKIP","floor":45},{"not_picked":["Dagger Throw","Sucker Punch","Terror"],"picked":"SKIP","floor":46},{"not_picked":["Dodge and Roll","Distraction+1"],"picked":"PiercingWail","floor":47},{"not_picked":["Outmaneuver","All Out Attack"],"picked":"Leg Sweep","floor":49},{"not_picked":["Flying Knee","Envenom+1"],"picked":"Well Laid Plans+1","floor":52},{"not_picked":["Bane","Poisoned Stab+1"],"picked":"Catalyst","floor":54}],"player_experience":872649,"relics_obtained":[{"floor":6.0,"key":"Bird Faced Urn"},{"floor":8.0,"key":"Du-Vu Doll"},{"floor":9.0,"key":"Sundial"},{"floor":12.0,"key":"Pear"},{"floor":13.0,"key":"Akabeko"},{"floor":23.0,"key":"Gambling Chip"},{"floor":27.0,"key":"Dream Catcher"},{"floor":36.0,"key":"TungstenRod"},{"floor":39.0,"key":"Frozen Egg 2"},{"floor":40.0,"key":"Paper Crane"},{"floor":43.0,"key":"Mummified Hand"},{"floor":44,"key":"Bag of Preparation"},{"floor":47,"key":"Vajra"},{"floor":54,"key":"Bottled Lightning"}],"event_choices":[{"damage_healed":0.0,"max_hp_gain":0.0,"max_hp_loss":0.0,"gold_gain":0.0,"event_name":"The Woman in Blue","player_choice":"Bought 3 Potions","floor":2.0,"gold_loss":0.0,"damage_taken":0.0},{"damage_healed":0.0,"max_hp_gain":0.0,"max_hp_loss":0.0,"gold_gain":0.0,"event_name":"Accursed Blacksmith","player_choice":"Forge","floor":10.0,"gold_loss":0.0,"damage_taken":0.0,"cards_upgraded":["Bouncing Flask"]},{"damage_healed":0.0,"max_hp_gain":0.0,"max_hp_loss":0.0,"gold_gain":0.0,"event_name":"Back to Basics","player_choice":"Simplicity","floor":19.0,"gold_loss":0.0,"damage_taken":0.0,"cards_upgraded":["Strike_G","Strike_G","Strike_G","Strike_G","Defend_G","Defend_G","Defend_G","Defend_G"]},{"damage_healed":0.0,"max_hp_gain":0.0,"max_hp_loss":0.0,"gold_gain":0.0,"event_name":"Forgotten Altar","player_choice":"Smashed Altar","floor":20.0,"gold_loss":0.0,"damage_taken":0.0,"cards_obtained":["Decay"]}],"is_beta":false,"boss_relics":[{"not_picked":["HoveringKite","Tiny House"],"picked":"Fusion Hammer"},{"not_picked":["Astrolabe","Runic Dome"],"picked":"Cursed Key"}],"items_purged_floors":[29,48,53],"is_endless":false,"potions_floor_spawned":[6,8,11,16,22,23,24,33,35,40,44,47],"ascension_level":13}}