{"host":"dxo7getcgd66jrrz","time":1608018517,"event":{"mods":["BaseMod","BetterRewards","Colored Map","Colored Powertips","Downfall","Highlight Path","Minty Spire (QoL Compilation)","Replay The Spire","Robot Space Explorer","StSLib","The Construct","The Cursed","The Disciple","The Necromancer","The Servant 0.9.4"],"gold_per_floor":[112,112,132,307,17,17,17,35,60,60,60,60,73,92,92,197,197,217,316,349,362,362,362,133,146,146,156,156,156,169,169,169],"floor_reached":31,"playtime":1847,"items_purged":["Spreading Infection"],"score":250,"play_id":"cba905bf-c599-450f-93cf-a71e6b798e27","local_time":"20201215014837","is_ascension_mode":false,"campfire_choices":[{"data":"RobotSpaceExplorer:PowerGlove","floor":7,"key":"SMITH"},{"data":"RobotSpaceExplorer:LuckyStrike","floor":10,"key":"SMITH"},{"floor":15,"key":"REST"},{"floor":23,"key":"REST"},{"floor":29,"key":"REST"}],"circlet_count":0,"master_deck":["RobotSpaceExplorer:Strike","RobotSpaceExplorer:Strike","RobotSpaceExplorer:Strike","RobotSpaceExplorer:Strike","RobotSpaceExplorer:Defend","RobotSpaceExplorer:Defend","RobotSpaceExplorer:Defend","RobotSpaceExplorer:Scan","RobotSpaceExplorer:MiniLasers","RobotSpaceExplorer:PowerGlove+1","RobotSpaceExplorer:Ammunition+1","RobotSpaceExplorer:SurgingShield","RobotSpaceExplorer:LuckyStrike+1","RobotSpaceExplorer:ScrapShield","RobotSpaceExplorer:JunkDive","RobotSpaceExplorer:LaserBurst","RobotSpaceExplorer:Multitool","RobotSpaceExplorer:MiniDrones","RobotSpaceExplorer:MetalStrike","RobotSpaceExplorer:Accelerator","RobotSpaceExplorer:ImprovisedAttack","RobotSpaceExplorer:SurgingShield","RobotSpaceExplorer:Ammunition","RobotSpaceExplorer:LaserBurst"],"relics":["RobotSpaceExplorer:RoboCore","Strawberry","Replay:Ancient Bell","Omamori","RobotSpaceExplorer:BottledGravity","StoneCalendar","Red Mask","Frozen Egg 2"],"acts_visited":["Exordium","TheCity"],"potions_floor_usage":[16,16,16,27,30,31],"damage_taken":[{"damage":0,"enemies":"2 Louse","floor":1,"turns":3},{"damage":8,"enemies":"Small Slimes","floor":3,"turns":3},{"damage":0,"enemies":"Jaw Worm","floor":8,"turns":3},{"damage":5,"enemies":"Lots of Slimes","floor":13,"turns":4},{"damage":12,"enemies":"3 Louse","floor":14,"turns":4},{"damage":15,"enemies":"Fading Forest","floor":16,"turns":11},{"damage":26,"enemies":"Chosen","floor":18,"turns":5},{"damage":25,"enemies":"Masked Bandits","floor":20,"turns":4},{"damage":15,"enemies":"2 Thieves","floor":21,"turns":3},{"damage":26,"enemies":"Snake Plant","floor":25,"turns":5},{"damage":21,"enemies":"Sentry and Sphere","floor":27,"turns":6},{"damage":15,"enemies":"Centurion and Healer","floor":30,"turns":6},{"damage":43,"enemies":"Cultist and Chosen","floor":31,"turns":4}],"seed_played":"6041992036583548340","potions_obtained":[{"floor":6,"key":"Ancient Potion"},{"floor":6,"key":"SmokeBomb"},{"floor":6,"key":"RobotSpaceExplorer:PlasmaFlask"},{"floor":8,"key":"DistilledChaos"},{"floor":16,"key":"Energy Potion"},{"floor":20,"key":"Block Potion"},{"floor":21,"key":"Adrenaline Potion"},{"floor":30,"key":"sneckomod:MuddlingPotion"}],"is_trial":false,"path_per_floor":["M","?","M","?","$","?","R","M","T","R","?","?","M","M","R","B",null,"M","?","?","M","?","R","$","M","T","M","?","R","M","M"],"character_chosen":"RobotSpaceExplorer","items_purchased":["RobotSpaceExplorer:LuckyStrike","Strawberry","RobotSpaceExplorer:ScrapShield","Doom Potion","RobotSpaceExplorer:ImprovisedAttack"],"campfire_rested":3,"item_purchase_floors":[5,5,5,24,24],"current_hp_per_floor":[82,82,74,74,81,81,81,81,81,81,86,79,74,62,90,85,94,68,68,43,28,28,56,56,30,30,9,9,37,22,0,0],"gold":169,"neow_bonus":"TEN_PERCENT_HP_BONUS","is_daily":false,"chose_seed":false,"campfire_upgraded":2,"win_rate":0.0,"timestamp":1608018517,"path_taken":["M","?","M","?","$","?","R","?","T","R","?","?","M","M","R","BOSS","M","?","?","M","?","R","$","M","T","M","?","R","M","?"],"items_purchased_type":["Card","Relic","Card","Potion","Card"],"build_version":"2020-12-13","purchased_purges":1,"victory":false,"max_hp_per_floor":[82,82,82,82,89,89,89,89,89,89,94,94,94,94,94,94,94,94,94,94,94,94,94,94,94,94,94,94,94,94,94,94],"card_choices":[{"not_picked":["RobotSpaceExplorer:ScrapMissile","RobotSpaceExplorer:SurgingStrike"],"picked":"RobotSpaceExplorer:PowerGlove","floor":1},{"not_picked":["RobotSpaceExplorer:FranticSearch","RobotSpaceExplorer:GlueShot"],"picked":"RobotSpaceExplorer:SurgingShield","floor":3},{"not_picked":["RobotSpaceExplorer:Pulsar","RobotSpaceExplorer:StarLightning"],"picked":"RobotSpaceExplorer:JunkDive","floor":8},{"not_picked":["RobotSpaceExplorer:ExhaustFan","RobotSpaceExplorer:SurgingShield","RobotSpaceExplorer:ShockKick"],"picked":"SKIP","floor":13},{"not_picked":["RobotSpaceExplorer:MiniBoosters","RobotSpaceExplorer:ShovelStrike"],"picked":"RobotSpaceExplorer:LaserBurst","floor":14},{"not_picked":["RobotSpaceExplorer:Comet","RobotSpaceExplorer:DroneSwarm"],"picked":"RobotSpaceExplorer:Multitool","floor":16},{"not_picked":["Voices","Shame"],"picked":"Looming Evil","floor":17},{"not_picked":["sneckomod:Bewildered","ReplayTheSpireMod:Faulty Equipment"],"picked":"SwitchThreat","floor":17},{"not_picked":["Overencumbered","AbeCurse"],"picked":"Spreading Infection","floor":17},{"not_picked":["RobotSpaceExplorer:ShockKick","RobotSpaceExplorer:StarDust"],"picked":"RobotSpaceExplorer:MiniDrones","floor":18},{"not_picked":["RobotSpaceExplorer:ShockKick","RobotSpaceExplorer:FranticSearch"],"picked":"RobotSpaceExplorer:MetalStrike","floor":20},{"not_picked":["RobotSpaceExplorer:Pulsar","RobotSpaceExplorer:SwiftStep"],"picked":"RobotSpaceExplorer:Accelerator","floor":21},{"not_picked":["RobotSpaceExplorer:FranticSearch","RobotSpaceExplorer:SurgingStrike"],"picked":"RobotSpaceExplorer:SurgingShield","floor":25},{"not_picked":["RobotSpaceExplorer:Ammunition","RobotSpaceExplorer:SurgingStrike"],"picked":"RobotSpaceExplorer:SurgingShield","floor":27},{"not_picked":["RobotSpaceExplorer:Probe","RobotSpaceExplorer:SwiftStep"],"picked":"RobotSpaceExplorer:LaserBurst","floor":30}],"player_experience":55011,"relics_obtained":[{"floor":20,"key":"Red Mask"},{"floor":26,"key":"Frozen Egg 2"}],"event_choices":[{"damage_healed":0,"gold_gain":175,"player_choice":"AGREE","damage_taken":0,"max_hp_gain":0,"max_hp_loss":0,"event_name":"Liars Game","floor":4,"gold_loss":0,"cards_obtained":["Doubt"]},{"damage_healed":0,"gold_gain":0,"player_choice":"Got Potions","damage_taken":0,"max_hp_gain":0,"max_hp_loss":0,"event_name":"Lab","floor":6,"gold_loss":0},{"damage_healed":0,"gold_gain":0,"player_choice":"Donut","damage_taken":0,"max_hp_gain":5,"max_hp_loss":0,"event_name":"Big Fish","floor":11,"gold_loss":0},{"cards_removed":["Doubt"],"damage_healed":0,"gold_gain":0,"player_choice":"Card Removal","damage_taken":7,"max_hp_gain":0,"max_hp_loss":0,"event_name":"Golden Wing","floor":12,"gold_loss":0},{"damage_healed":0,"gold_gain":99,"player_choice":"Stole From Cult","damage_taken":0,"max_hp_gain":0,"max_hp_loss":0,"event_name":"Nest","floor":19,"gold_loss":0},{"damage_healed":0,"gold_gain":0,"player_choice":"Fought Bandits","damage_taken":0,"max_hp_gain":0,"max_hp_loss":0,"event_name":"Masked Bandits","floor":20,"gold_loss":0},{"damage_healed":0,"gold_gain":0,"cards_transformed":["RobotSpaceExplorer:SurgingShield"],"player_choice":"Transformed","damage_taken":0,"max_hp_gain":0,"max_hp_loss":0,"event_name":"Transmorgrifier","floor":28,"gold_loss":0,"cards_obtained":["RobotSpaceExplorer:Ammunition"]}],"is_beta":false,"boss_relics":[{"not_picked":["Ring of Chaos","Painkiller Herb"],"picked":"Replay:Ancient Bell"},{"not_picked":["Lantern","War Paint"],"picked":"Omamori"},{"not_picked":["Replay:Ringing Soul","Shuriken"],"picked":"RobotSpaceExplorer:BottledGravity"},{"not_picked":["Girya","Replay:Towering Pillar of Hats"],"picked":"StoneCalendar"}],"items_purged_floors":[24],"is_endless":false,"potions_floor_spawned":[8,13,16,20,21,30],"killed_by":"Cultist and Chosen","ascension_level":0}}