{"host":"std4gn17fijhzeq4","time":1608028743,"event":{"mods":["BaseMod","Minty Spire (QoL Compilation)","Replay The Spire","StSLib"],"gold_per_floor":[115,4,4,4,4,4,39,39,39,52,52,63,80,80,80,80,80],"floor_reached":16,"playtime":688,"items_purged":["Defend_R"],"score":137,"play_id":"7ae7a44f-1a6a-42bf-81e4-9be274d654cf","local_time":"20201215053903","is_ascension_mode":true,"campfire_choices":[{"data":"True Grit","floor":6,"key":"SMITH"},{"floor":11,"key":"REST"},{"floor":15,"key":"REST"}],"circlet_count":0,"master_deck":["Strike_R","Strike_R","Strike_R","Strike_R","Strike_R","Defend_R+1","Defend_R+1","Defend_R","Bash","Sword Boomerang","True Grit","True Grit+1","Brutality","Second Wind","Normality","Corruption","Flame Barrier"],"relics":["Burning Blood","Charon\u0027s Ashes","Ring of Hypnosis","ReplayTheSpireMod:Ring of Challenge","Replay:Wax Seal","Ornamental Fan","Self Forming Clay"],"acts_visited":["Exordium"],"potions_floor_usage":[],"damage_taken":[{"damage":19,"enemies":"2 Louse","floor":1,"turns":4},{"damage":36,"enemies":"Gremlin Nob","floor":7,"turns":5},{"damage":0,"enemies":"Cultist","floor":10,"turns":4},{"damage":13,"enemies":"Jaw Worm","floor":12,"turns":4},{"damage":10,"enemies":"Large Slime","floor":13,"turns":6},{"damage":55,"enemies":"The Guardian","floor":16,"turns":8}],"seed_played":"1074340218746349745","potions_obtained":[{"floor":10,"key":"SpeedPotion"}],"is_trial":false,"path_per_floor":["M","$","?","$","?","R","E","?","T","M","R","M","M","T","R","B"],"character_chosen":"IRONCLAD","items_purchased":["True Grit"],"campfire_rested":2,"item_purchase_floors":[2],"current_hp_per_floor":[59,59,59,59,59,59,29,15,15,21,42,35,31,31,52,0,0],"gold":80,"neow_bonus":"ONE_RARE_RELIC","is_daily":false,"chose_seed":false,"campfire_upgraded":1,"win_rate":0.0,"timestamp":1608028743,"path_taken":["M","$","?","?","?","R","E","?","T","M","R","M","M","?","R","BOSS"],"items_purchased_type":["Card"],"build_version":"2020-12-13","purchased_purges":1,"victory":false,"max_hp_per_floor":[72,72,72,72,72,72,72,72,72,72,72,72,72,72,72,72,72],"card_choices":[{"not_picked":["Blood for Blood","Massacre"],"picked":"Sword Boomerang","floor":1},{"not_picked":["Armaments","Carnage"],"picked":"Corruption","floor":7},{"not_picked":["Pommel Strike","ReplayTheSpireMod:Limb From Limb","ReplayTheSpireMod:LeadingStrike"],"picked":"SKIP","floor":10},{"not_picked":["Abandon","Anger","Clothesline"],"picked":"SKIP","floor":12},{"not_picked":["Dual Wield","Sword Boomerang"],"picked":"Flame Barrier","floor":13}],"player_experience":335574,"relics_obtained":[{"floor":5,"key":"Ring of Hypnosis"},{"floor":5,"key":"ReplayTheSpireMod:Ring of Challenge"},{"floor":7,"key":"Replay:Wax Seal"},{"floor":9,"key":"Ornamental Fan"},{"floor":14,"key":"Self Forming Clay"}],"event_choices":[{"damage_healed":0,"gold_gain":0,"player_choice":"2 cards matched","damage_taken":0,"max_hp_gain":0,"max_hp_loss":0,"event_name":"Match and Keep!","floor":3,"gold_loss":0,"cards_obtained":["Brutality","Second Wind"]},{"damage_healed":0,"gold_gain":0,"player_choice":"Entered Light","damage_taken":14,"max_hp_gain":0,"max_hp_loss":0,"event_name":"Shining Light","floor":8,"gold_loss":0,"cards_upgraded":["Defend_R","Defend_R"]}],"is_beta":false,"boss_relics":[],"items_purged_floors":[2],"is_endless":false,"potions_floor_spawned":[10],"killed_by":"The Guardian","ascension_level":8}}