{"host":"xsfbp1yx1f2ea5z7","time":1608034436,"event":{"mods":["AchievementEnabler","Act Like it!","Aspiration","Bard","BaseMod","Beaked The Cultist","Better Altar","Better Match","Better Note","Better Sensory Stone","Better Skull","Better Third Choice","BetterRewards","Block Reminder","ChefMod","Colored Map","Colored Powertips","Conspire","DeckTracker","Downfall","Gensokyo","GifTheSpireLib","GungeonMod","Halation","Hermit","Hubris","Infinite Spire","Jedi Mod","Jorbs\u0027s Wanderer Trilogy","Mimic Mod","Minty Spire (QoL Compilation)","Rare Cards Sparkle","Replay The Spire","Shade Mod","Somnambulant","Spicy Shops","StSLib","Stuff the Spire","The Blackbeard","The Bug Knight","The Cursed","The Hayseed","The Hierophant","The Judge","The Jungle","The Mystic","The Problem Sleuth","The Runesmith","TheBandit","TheSwordswoman","TheVelvet","Unceasing Turn Reminder","Wandering Minibosses","everything is the same but u backflip on backflip","vexMod"],"gold_per_floor":[99,99,99,177,177,177,210,210,244,94,94,112,129,148,168,168,168],"floor_reached":16,"playtime":685,"items_purged":[],"score":98,"play_id":"0fce2ace-1051-46e8-aba9-de9fff4cfb8e","local_time":"20201215201356","is_ascension_mode":false,"campfire_choices":[{"data":"champ:Taunt","floor":1,"key":"SMITH"},{"data":"champ:BerserkersShout","floor":3,"key":"SMITH"},{"floor":10,"key":"RECALL"}],"circlet_count":0,"master_deck":["champ:Strike","champ:Strike","champ:Strike","champ:Strike","champ:Defend","champ:Defend","champ:Defend","champ:Defend","champ:Execute","champ:Taunt+1","champ:BerserkersShout+1","champ:PerfectedStrike","champ:Encircle","champ:Backstep","champ:RecklessLeap","champ:PerfectedStrike","champ:SteelEdge"],"relics":["champ:ChampionCrown","downfall:HeartsMalice","hubris:Reverence","StuffTheSpire:Mouthbags","downfall:HeartBlessingGreen","downfall:HeartBlessingBlue"],"acts_visited":["Exordium"],"potions_floor_usage":[13,14,15],"damage_taken":[{"damage":0,"enemies":"Cultist","floor":2,"turns":1},{"damage":0,"enemies":"Jaw Worm","floor":5,"turns":1},{"damage":0,"enemies":"2 Louse","floor":6,"turns":1},{"damage":45,"enemies":"2 Fungi Beasts","floor":7,"turns":6},{"damage":65,"enemies":"Gremlin Nob","floor":9,"turns":5},{"damage":4,"enemies":"2 Fungi Beasts","floor":12,"turns":1},{"damage":18,"enemies":"Exordium Thugs","floor":13,"turns":3},{"damage":23,"enemies":"Gremlin Gang","floor":14,"turns":5},{"damage":26,"enemies":"3 Louse","floor":15,"turns":2},{"damage":64,"enemies":"downfall:Ironclad","floor":16,"turns":6}],"seed_played":"9028027636017238893","potions_obtained":[{"floor":12,"key":"Swift Potion"},{"floor":13,"key":"DuplicationPotion"},{"floor":14,"key":"BlessingOfTheForge"}],"is_trial":false,"path_per_floor":["R","M","R","T","M","M","MIM","?","E","R","?","M","M","M","M","B"],"character_chosen":"THE_CHAMP","items_purchased":[],"campfire_rested":0,"item_purchase_floors":[],"current_hp_per_floor":[90,90,90,90,90,90,70,70,26,36,36,36,36,36,34,0,0],"gold":168,"neow_bonus":"THREE_ENEMY_KILL","is_daily":false,"chose_seed":false,"campfire_upgraded":2,"win_rate":0.0,"timestamp":1608034436,"path_taken":["R","M","R","?","M","?","MIM","?","E","R","?","M","M","M","M","BOSS"],"items_purchased_type":[],"build_version":"2020-12-13","purchased_purges":0,"victory":false,"max_hp_per_floor":[90,90,90,90,90,90,90,90,90,100,100,100,100,100,100,100,100],"card_choices":[{"not_picked":["champ:FaceSlap","champ:Haymaker"],"picked":"champ:BerserkersShout","floor":2},{"not_picked":["champ:ViciousMockery","champ:Circumvent"],"picked":"champ:FlashCut","floor":5},{"not_picked":["champ:BerserkersShout","champ:BladeFlurry"],"picked":"champ:Encircle","floor":6},{"not_picked":["champ:FaceSlap","champ:Haymaker"],"picked":"champ:PerfectedStrike","floor":7},{"not_picked":["champ:FalseCounter","champ:DancingMaster","champ:BladeFlurry"],"picked":"SKIP","floor":9},{"not_picked":["champ:BladeFlurry","champ:FightOn"],"picked":"champ:Backstep","floor":12},{"not_picked":["champ:BladeFlurry","champ:Shatter"],"picked":"champ:RecklessLeap","floor":13},{"not_picked":["champ:FanOfKnives","champ:AdrenalArmor"],"picked":"champ:PerfectedStrike","floor":14},{"not_picked":["champ:Circumvent","champ:BringItOn"],"picked":"champ:SteelEdge","floor":15}],"player_experience":102647,"relics_obtained":[{"floor":4,"key":"hubris:Reverence"},{"floor":9,"key":"StuffTheSpire:Mouthbags"}],"event_choices":[{"cards_removed":["champ:FlashCut"],"damage_healed":0,"gold_gain":0,"player_choice":"Purged","damage_taken":0,"max_hp_gain":0,"max_hp_loss":0,"event_name":"Purifier","floor":11,"gold_loss":0}],"is_beta":false,"boss_relics":[],"items_purged_floors":[],"is_endless":false,"potions_floor_spawned":[12,13,14],"killed_by":"downfall:Ironclad","ascension_level":0}}