{"host":"cm56dopeulr50jn0","time":1608072226,"event":{"mods":["BaseMod","Minty Spire (QoL Compilation)","Relic Stats","StSLib","The Edgeheg"],"gold_per_floor":[10,23,23,42,54,54,83,83,83,83,110,128,157,157,157,278,278,297,297,297],"floor_reached":19,"playtime":1213,"items_purged":[],"score":223,"play_id":"17475d13-b557-4dc9-beaa-9f3537526f98","local_time":"20201215144346","is_ascension_mode":true,"campfire_choices":[{"data":"theEdgeheg:Knives","floor":6.0,"key":"SMITH"},{"data":"theEdgeheg:BlockingGF","floor":8.0,"key":"SMITH"},{"data":"theEdgeheg:CrazyGirlfriend","floor":10.0,"key":"SMITH"},{"data":"theEdgeheg:BetterShoot","floor":15,"key":"SMITH"}],"circlet_count":0,"master_deck":["theEdgeheg:StarterShootAttack","theEdgeheg:StarterShootAttack+1","theEdgeheg:StarterShootAttack","theEdgeheg:StarterShootAttack","theEdgeheg:StarterDodgeSkill","theEdgeheg:StarterDodgeSkill","theEdgeheg:StarterDodgeSkill","theEdgeheg:BloodyKatana","theEdgeheg:ChaosControlSkill+1","theEdgeheg:GatherChaos","theEdgeheg:DieDieDie","theEdgeheg:CrazyGirlfriend+1","theEdgeheg:PlayRandomCard","theEdgeheg:Knives+1","theEdgeheg:BlockingGF+1","theEdgeheg:PerfectAim","theEdgeheg:BetterShoot+1","theEdgeheg:BlowCover","Injury","theEdgeheg:HappyTimmy","theEdgeheg:BetterDodge"],"relics":["theEdgeheg:UltimateLifeformRelic","theEdgeheg:CSGunRelic","WingedGreaves","Eternal Feather","theEdgeheg:BlueEmeraldRelic","White Beast Statue","theEdgeheg:SilverEmeraldRelic","Golden Idol","Velvet Choker"],"acts_visited":["Exordium","TheCity"],"potions_floor_usage":[16,16,19,19],"damage_taken":[{"damage":0.0,"enemies":"Jaw Worm","floor":1.0,"turns":4.0},{"damage":0.0,"enemies":"Small Slimes","floor":2.0,"turns":2.0},{"damage":2.0,"enemies":"2 Louse","floor":4.0,"turns":3.0},{"damage":1.0,"enemies":"Red Slaver","floor":5.0,"turns":6.0},{"damage":0.0,"enemies":"Gremlin Nob","floor":7.0,"turns":8.0},{"damage":1.0,"enemies":"Lagavulin","floor":11.0,"turns":9.0},{"damage":1.0,"enemies":"Exordium Thugs","floor":12.0,"turns":7.0},{"damage":3.0,"enemies":"Gremlin Nob","floor":13.0,"turns":5.0},{"damage":2,"enemies":"The Guardian","floor":16,"turns":8},{"damage":1,"enemies":"Spheric Guardian","floor":18,"turns":6},{"damage":2,"enemies":"3 Byrds","floor":19,"turns":2}],"seed_played":"-6733374646072487099","potions_obtained":[{"floor":2.0,"key":"SteroidPotion"},{"floor":5.0,"key":"Energy Potion"},{"floor":12.0,"key":"AttackPotion"},{"floor":16,"key":"Ancient Potion"},{"floor":18,"key":"Fire Potion"}],"is_trial":false,"path_per_floor":["M","M","?","M","M","R","E","R","T","R","E","M","E","?","R","B",null,"M","M"],"character_chosen":"THE_DEFAULT","items_purchased":[],"campfire_rested":0,"item_purchase_floors":[],"current_hp_per_floor":[5,5,4,3,3,3,4,5,5,5,4,5,2,2,3,1,2,2,0,0],"gold":297,"neow_bonus":"ONE_RARE_RELIC","is_daily":false,"chose_seed":false,"campfire_upgraded":4,"win_rate":0.0,"timestamp":1608072226,"path_taken":["M","M","?","M","M","R","E","R","T","R","E","M","E","?","R","BOSS","M","M"],"items_purchased_type":[],"build_version":"2020-12-13","purchased_purges":0,"victory":false,"max_hp_per_floor":[5,5,5,5,5,5,5,5,5,5,5,5,5,5,5,5,5,5,5,5],"relic_stats":{"counters":[11,59],"Golden Idol":28,"Eternal Feather":2,"obtain_stats":[{"theEdgeheg:BlueEmeraldRelic":9,"theEdgeheg:UltimateLifeformRelic":0,"theEdgeheg:SilverEmeraldRelic":13,"Golden Idol":14,"theEdgeheg:CSGunRelic":0,"Velvet Choker":17,"Eternal Feather":7,"WingedGreaves":0,"White Beast Statue":11},{"theEdgeheg:BlueEmeraldRelic":5,"theEdgeheg:UltimateLifeformRelic":0,"theEdgeheg:SilverEmeraldRelic":8,"Golden Idol":8,"theEdgeheg:CSGunRelic":0,"Velvet Choker":9,"Eternal Feather":5,"WingedGreaves":0,"White Beast Statue":6},{"theEdgeheg:BlueEmeraldRelic":23,"theEdgeheg:UltimateLifeformRelic":0,"theEdgeheg:SilverEmeraldRelic":43,"Golden Idol":43,"theEdgeheg:CSGunRelic":0,"Velvet Choker":51,"Eternal Feather":23,"WingedGreaves":0,"White Beast Statue":32}]},"card_choices":[{"not_picked":["theEdgeheg:MachineGun","theEdgeheg:Tsk"],"picked":"theEdgeheg:DieDieDie","floor":1.0},{"not_picked":["theEdgeheg:Heh","theEdgeheg:ChaosControlSkill"],"picked":"theEdgeheg:CrazyGirlfriend","floor":2.0},{"not_picked":["theEdgeheg:Grr","theEdgeheg:TimmyBackflip"],"picked":"theEdgeheg:PlayRandomCard","floor":4.0},{"not_picked":["theEdgeheg:RollAndShoot","theEdgeheg:SkateboardTrick"],"picked":"theEdgeheg:Knives","floor":5.0},{"not_picked":["theEdgeheg:Grr","theEdgeheg:MasterEmerald"],"picked":"theEdgeheg:BlockingGF","floor":7.0},{"not_picked":["theEdgeheg:PlayRandomCard","theEdgeheg:ChaosControlSkill"],"picked":"theEdgeheg:PerfectAim","floor":11.0},{"not_picked":["theEdgeheg:ChaosWhip","theEdgeheg:CrazyGirlfriend"],"picked":"theEdgeheg:BetterShoot","floor":12.0},{"not_picked":["theEdgeheg:Fastness","theEdgeheg:CrazyGirlfriend"],"picked":"theEdgeheg:BlowCover","floor":13.0},{"not_picked":["theEdgeheg:RuleOfCool","theEdgeheg:EndlessKatanas"],"picked":"theEdgeheg:HappyTimmy","floor":16},{"not_picked":["theEdgeheg:SkateboardTrick","theEdgeheg:Butt"],"picked":"theEdgeheg:BetterDodge","floor":18}],"player_experience":1104371,"relics_obtained":[{"floor":7.0,"key":"Eternal Feather"},{"floor":9.0,"key":"theEdgeheg:BlueEmeraldRelic"},{"floor":11.0,"key":"White Beast Statue"},{"floor":13.0,"key":"theEdgeheg:SilverEmeraldRelic"}],"event_choices":[{"damage_healed":0.0,"max_hp_gain":0.0,"max_hp_loss":0.0,"gold_gain":0.0,"event_name":"Shining Light","player_choice":"Entered Light","floor":3.0,"gold_loss":0.0,"damage_taken":1.0,"cards_upgraded":["theEdgeheg:ChaosControlSkill","theEdgeheg:StarterShootAttack"]},{"damage_healed":0,"gold_gain":0,"player_choice":"Take Wound","damage_taken":0,"relics_obtained":["Golden Idol"],"max_hp_gain":0,"max_hp_loss":0,"event_name":"Golden Idol","floor":14,"gold_loss":0,"cards_obtained":["Injury"]}],"is_beta":false,"boss_relics":[{"not_picked":["Pandora\u0027s Box","Busted Crown"],"picked":"Velvet Choker"}],"items_purged_floors":[],"is_endless":false,"potions_floor_spawned":[2,5,12,13,16,18],"killed_by":"3 Byrds","ascension_level":1}}