{"host":"kta213tp32cz47du","time":1608046322,"event":{"mods":["BaseMod","Better Altar","Better Third Choice","Colored Map","Colored Powertips","Conspire","Curses Come First","Displayed Cursed Tome","Hubris","Minty Spire (QoL Compilation)","Rare Cards Sparkle","Replay The Spire","Shop Mod","StSLib","The Blue Laboratory","vexMod"],"gold_per_floor":[110,110,123,139,158,186,186,186,186,198,233,233,233,233,233],"floor_reached":14,"playtime":1094,"items_purged":[],"score":100,"play_id":"7dc8cfc1-70d2-4b14-8bfb-de10cab9b903","local_time":"20201215153202","is_ascension_mode":false,"campfire_choices":[{"data":"hubris:ReadiedAction","floor":7,"key":"SMITH"},{"floor":13,"key":"REST"}],"circlet_count":0,"master_deck":["Strike_R","Strike_R","Strike_R","Strike_R","Strike_R","Defend_R","Defend_R","Defend_R","Defend_R","Bash","Bludgeon","Twin Strike","Run Through","Clothesline","hubris:ReadiedAction+1","Sword Boomerang","Pommel Strike","hubris:SharpeningStone"],"relics":["Burning Blood","Incense Burner","Magic Flower","Replay:Bottled Snecko","vexMod:PlasmaPancake","GremlinMask"],"acts_visited":["Exordium"],"potions_floor_usage":[11],"damage_taken":[{"damage":6,"enemies":"Jaw Worm","floor":1,"turns":4},{"damage":0,"enemies":"Cultist","floor":3,"turns":2},{"damage":8,"enemies":"2 Louse","floor":4,"turns":2},{"damage":21,"enemies":"Exordium Thugs","floor":5,"turns":5},{"damage":16,"enemies":"Gremlin Nob","floor":6,"turns":3},{"damage":7,"enemies":"Looter","floor":10,"turns":3},{"damage":31,"enemies":"Lagavulin","floor":11,"turns":6},{"damage":9,"enemies":"3 Sentries","floor":14,"turns":2}],"seed_played":"-4812466789073287152","potions_obtained":[{"floor":1,"key":"blueLaboratory:CorrosionFlask"},{"floor":6,"key":"blueLaboratory:EntrenchedPotion"},{"floor":10,"key":"blueLaboratory:Moonshine"},{"floor":11,"key":"blueLaboratory:PolymorphPotion"}],"is_trial":false,"path_per_floor":["M","?","M","M","M","E","R","T","T","M","E","?","R","E"],"character_chosen":"IRONCLAD","items_purchased":[],"campfire_rested":1,"item_purchase_floors":[],"current_hp_per_floor":[72,72,72,70,55,45,45,45,45,47,31,31,54,45,45],"gold":233,"neow_bonus":"THREE_RARE_CARDS","is_daily":false,"chose_seed":false,"campfire_upgraded":1,"win_rate":0.0,"timestamp":1608046322,"path_taken":["M","?","M","M","?","E","R","?","T","M","E","?","R","E"],"items_purchased_type":[],"build_version":"2020-12-13","purchased_purges":0,"victory":false,"max_hp_per_floor":[72,72,72,72,72,72,72,72,72,72,78,78,78,78,78],"card_choices":[{"not_picked":["Berserk","Impervious"],"picked":"Bludgeon","floor":0},{"not_picked":["Dark Embrace","Body Slam"],"picked":"Twin Strike","floor":1},{"not_picked":["Body Slam","Armaments"],"picked":"Run Through","floor":3},{"not_picked":["Warcry","hubris:SharpeningStone"],"picked":"Clothesline","floor":4},{"not_picked":["Eclipse","Havoc"],"picked":"hubris:ReadiedAction","floor":5},{"not_picked":["Havoc","Defy Death"],"picked":"Sword Boomerang","floor":6},{"not_picked":["Perfected Strike","Twin Strike"],"picked":"Pommel Strike","floor":10},{"not_picked":["Clothesline","Combust"],"picked":"hubris:SharpeningStone","floor":11}],"player_experience":222456,"relics_obtained":[{"floor":6,"key":"Incense Burner"},{"floor":8,"key":"Magic Flower"},{"floor":9,"key":"Replay:Bottled Snecko"},{"floor":11,"key":"vexMod:PlasmaPancake"}],"event_choices":[{"damage_healed":0,"gold_gain":0,"player_choice":"Ignored","damage_taken":0,"max_hp_gain":0,"max_hp_loss":0,"event_name":"NoteForYourself","floor":2,"gold_loss":0},{"damage_healed":0,"gold_gain":0,"player_choice":"Trade","damage_taken":0,"relics_obtained":["GremlinMask"],"max_hp_gain":0,"max_hp_loss":0,"event_name":"FaceTrader","floor":12,"gold_loss":0}],"is_beta":false,"boss_relics":[],"items_purged_floors":[],"is_endless":false,"potions_floor_spawned":[1,6,10,11],"killed_by":"3 Sentries","ascension_level":0}}