{"host":"4cz9gr89nglr7k8k","time":1608073038,"event":{"mods":["BaseMod","Minty Spire (QoL Compilation)","Relic Stats","Slay-I"],"gold_per_floor":[111,186,336,336,12,42,42,42,42,53,53,53,66,85,85,159,159,173,173,173,23,23,23,48,48,48,67,82,93,104,121,121,200,200,215,22,47,47,65,65,0,50,50,50,50,78,78,91,91,91],"floor_reached":51,"playtime":1920,"items_purged":["Doubt"],"score":1544,"play_id":"1de42a12-2dbe-401c-b533-0550ec3f7692","local_time":"20201215235718","is_ascension_mode":true,"campfire_choices":[{"data":"1","floor":7,"key":"LIFT"},{"data":"2","floor":12,"key":"LIFT"},{"floor":15,"key":"REST"},{"data":"3","floor":23,"key":"LIFT"},{"data":"Accuracy","floor":25,"key":"SMITH"},{"floor":32,"key":"REST"},{"data":"After Image","floor":40,"key":"SMITH"},{"floor":44,"key":"RECALL"},{"data":"Backstab","floor":47,"key":"SMITH"},{"floor":49,"key":"REST"}],"circlet_count":0,"master_deck":["AscendersBane","Survivor","Neutralize+1","Masterful Stab","Cloak And Dagger","Flying Knee","Endless Agony","Poisoned Stab","Crippling Poison+1","Die Die Die","Sucker Punch","Accuracy+1","Slice","Blur","Backstab+1","Accuracy","Skewer","A Thousand Cuts","Cloak And Dagger+1","Dagger Throw","Dagger Throw","Dash","Corpse Explosion","PiercingWail","Escape Plan","After Image+1","Concentrate","Unload","Finisher+1","PiercingWail+1","Backstab+1","Masterful Stab","Masterful Stab+1","Sucker Punch"],"relics":["Ring of the Snake","NeowsBlessing","Ninja Scroll","Girya","Tiny Chest","Dead Branch","Sozu","Mercury Hourglass","White Beast Statue","Bottled Lightning","Pandora\u0027s Box","Lee\u0027s Waffle","FossilizedHelix","Singing Bowl","Red Mask","Tough Bandages","Orichalcum","War Paint"],"acts_visited":["Exordium","TheCity","TheBeyond"],"potions_floor_usage":[14,16,33],"damage_taken":[{"damage":0,"enemies":"Jaw Worm","floor":1,"turns":1},{"damage":0,"enemies":"3 Sentries","floor":6,"turns":1},{"damage":0,"enemies":"Small Slimes","floor":10,"turns":1},{"damage":0,"enemies":"2 Louse","floor":13,"turns":2},{"damage":0,"enemies":"Lots of Slimes","floor":14,"turns":1},{"damage":29,"enemies":"Slime Boss","floor":16,"turns":8},{"damage":0,"enemies":"Shell Parasite","floor":18,"turns":1},{"damage":0,"enemies":"Gremlin Leader","floor":24,"turns":5},{"damage":0,"enemies":"Chosen","floor":27,"turns":2},{"damage":0,"enemies":"3 Cultists","floor":28,"turns":2},{"damage":0,"enemies":"Snecko","floor":29,"turns":3},{"damage":10,"enemies":"Snake Plant","floor":30,"turns":2},{"damage":15,"enemies":"Centurion and Healer","floor":31,"turns":4},{"damage":45,"enemies":"Automaton","floor":33,"turns":8},{"damage":0,"enemies":"3 Darklings","floor":35,"turns":2},{"damage":0,"enemies":"Mind Bloom Boss Battle","floor":37,"turns":1},{"damage":0,"enemies":"3 Shapes","floor":39,"turns":5},{"damage":0,"enemies":"2 Orb Walkers","floor":42,"turns":3},{"damage":0,"enemies":"Reptomancer","floor":46,"turns":2},{"damage":5,"enemies":"Maw","floor":48,"turns":5},{"damage":40,"enemies":"Donu and Deca","floor":50,"turns":4}],"seed_played":"-8786849414979678949","potions_obtained":[{"floor":1,"key":"LiquidMemories"},{"floor":6,"key":"SteroidPotion"},{"floor":16,"key":"LiquidMemories"}],"is_trial":false,"path_per_floor":["M","?","?","?","$","E","R","?","T","M","T","R","M","M","R","B",null,"M","?","T","$","?","R","E","R","T","M","M","M","M","M","R","B",null,"M","$","?","T","M","R","?","?","T","R","$","E","R","M","R","B",null],"character_chosen":"THE_SILENT","items_purchased":["Ninja Scroll","Cloak And Dagger","Accuracy","Lee\u0027s Waffle","PiercingWail"],"campfire_rested":3,"item_purchase_floors":[5,5,21,36,36],"current_hp_per_floor":[59,48,48,28,28,28,28,28,28,28,28,28,28,28,47,18,54,54,54,54,54,54,54,54,54,54,54,54,54,44,29,48,3,50,50,73,73,73,73,73,73,75,75,75,75,75,75,70,75,35],"gold":91,"neow_bonus":"THREE_ENEMY_KILL","is_daily":false,"chose_seed":false,"campfire_upgraded":3,"win_rate":0.0,"timestamp":1608073038,"path_taken":["M","?","?","?","$","E","R","?","T","M","?","R","M","?","R","BOSS","M","?","?","$","?","R","E","R","T","M","M","?","M","M","R","BOSS","M","$","?","?","M","R","?","?","T","R","$","E","R","M","R","BOSS"],"items_purchased_type":["Relic","Card","Card","Relic","Card"],"build_version":"2020-12-13","purchased_purges":1,"victory":true,"max_hp_per_floor":[66,66,66,66,66,66,66,66,66,66,66,66,66,66,66,66,66,66,66,66,66,66,66,66,66,66,66,66,66,66,66,66,66,66,66,73,73,73,73,73,73,75,75,75,75,75,75,75,75,75],"relic_stats":{"Lee\u0027s Waffle":23,"Singing Bowl":2,"counters":[21,63],"Dead Branch":[151],"Orichalcum":[0],"War Paint":["Cloak And Dagger","PiercingWail"],"Mercury Hourglass":[222],"Sozu":11,"Tough Bandages":[30],"Tiny Chest":2,"Pandora\u0027s Box":["Cloak And Dagger","Dagger Throw","Dagger Throw","Dash","Corpse Explosion","PiercingWail","Escape Plan","After Image","Concentrate","Unload"],"obtain_stats":[{"Girya":6,"Lee\u0027s Waffle":36,"NeowsBlessing":0,"Singing Bowl":38,"Dead Branch":11,"Orichalcum":43,"War Paint":46,"White Beast Statue":24,"Mercury Hourglass":20,"Sozu":17,"Tough Bandages":42,"Ninja Scroll":5,"Tiny Chest":9,"Pandora\u0027s Box":34,"Red Mask":41,"Bottled Lightning":26,"FossilizedHelix":37,"Ring of the Snake":0},{"Girya":2,"Lee\u0027s Waffle":15,"NeowsBlessing":0,"Singing Bowl":16,"Dead Branch":3,"Orichalcum":18,"War Paint":19,"White Beast Statue":8,"Mercury Hourglass":7,"Sozu":6,"Tough Bandages":18,"Ninja Scroll":1,"Tiny Chest":2,"Pandora\u0027s Box":14,"Red Mask":17,"Bottled Lightning":8,"FossilizedHelix":16,"Ring of the Snake":0},{"Girya":2,"Lee\u0027s Waffle":43,"NeowsBlessing":0,"Singing Bowl":44,"Dead Branch":3,"Orichalcum":52,"War Paint":54,"White Beast Statue":20,"Mercury Hourglass":15,"Sozu":14,"Tough Bandages":52,"Ninja Scroll":1,"Tiny Chest":2,"Pandora\u0027s Box":41,"Red Mask":49,"Bottled Lightning":20,"FossilizedHelix":44,"Ring of the Snake":0}],"Ring of the Snake":[38]},"card_choices":[{"not_picked":["Accuracy","Flying Knee"],"picked":"Masterful Stab","floor":1},{"not_picked":["Underhanded Strike","Deflect"],"picked":"Flying Knee","floor":6},{"not_picked":["Blade Dance","Sucker Punch"],"picked":"Endless Agony","floor":10},{"not_picked":["Dash","Bane"],"picked":"Poisoned Stab","floor":13},{"not_picked":["Prepared","Reflex"],"picked":"Crippling Poison","floor":14},{"not_picked":["Phantasmal Killer","Adrenaline"],"picked":"Die Die Die","floor":16},{"not_picked":["Deflect","Prepared"],"picked":"Sucker Punch","floor":18},{"not_picked":["Flying Knee","Deadly Poison"],"picked":"Slice","floor":24},{"not_picked":["Riddle With Holes","Underhanded Strike+1"],"picked":"Blur","floor":27},{"not_picked":["Deadly Poison","Noxious Fumes"],"picked":"Backstab+1","floor":28},{"not_picked":["Escape Plan","Outmaneuver"],"picked":"Accuracy","floor":29},{"not_picked":["Dagger Throw+1","All Out Attack"],"picked":"Skewer","floor":30},{"not_picked":["Tactician","Bane","Underhanded Strike"],"picked":"SKIP","floor":31},{"not_picked":["Grand Finale","Tools of the Trade"],"picked":"A Thousand Cuts","floor":33},{"not_picked":["Heel Hook","Poisoned Stab"],"picked":"Finisher+1","floor":35},{"not_picked":["Expertise+1","Blade Dance+1"],"picked":"Backstab","floor":37},{"not_picked":["Riddle With Holes+1","Escape Plan"],"picked":"Masterful Stab","floor":39},{"not_picked":["Flying Knee","Quick Slash+1","Crippling Poison"],"picked":"Singing Bowl","floor":42},{"not_picked":["Expertise","Bouncing Flask"],"picked":"Masterful Stab+1","floor":46},{"not_picked":["Quick Slash","Flying Knee"],"picked":"Sucker Punch","floor":48}],"player_experience":1443428,"relics_obtained":[{"floor":6,"key":"Girya"},{"floor":9,"key":"Tiny Chest"},{"floor":11,"key":"Dead Branch"},{"floor":20,"key":"Mercury Hourglass"},{"floor":24,"key":"White Beast Statue"},{"floor":26,"key":"Bottled Lightning"},{"floor":37,"key":"FossilizedHelix"},{"floor":38,"key":"Singing Bowl"},{"floor":42,"key":"Tough Bandages"},{"floor":43,"key":"Orichalcum"},{"floor":46,"key":"War Paint"}],"event_choices":[{"damage_healed":0,"gold_gain":75,"player_choice":"Gather Gold","damage_taken":11,"max_hp_gain":0,"max_hp_loss":0,"event_name":"World of Goop","floor":2,"gold_loss":0},{"damage_healed":0,"gold_gain":150,"player_choice":"AGREE","damage_taken":0,"max_hp_gain":0,"max_hp_loss":0,"event_name":"Liars Game","floor":3,"gold_loss":0,"cards_obtained":["Doubt"]},{"damage_healed":0,"gold_gain":0,"player_choice":"Entered Light","damage_taken":20,"max_hp_gain":0,"max_hp_loss":0,"event_name":"Shining Light","floor":4,"gold_loss":0,"cards_upgraded":["Neutralize","Strike_G"]},{"damage_healed":0,"gold_gain":0,"player_choice":"Fled","damage_taken":0,"max_hp_gain":0,"max_hp_loss":0,"event_name":"Scrap Ooze","floor":8,"gold_loss":0},{"damage_healed":0,"gold_gain":0,"player_choice":"Ignored","damage_taken":0,"max_hp_gain":0,"max_hp_loss":0,"event_name":"Ghosts","floor":19,"gold_loss":0},{"damage_healed":0,"gold_gain":0,"player_choice":"Upgraded","damage_taken":0,"max_hp_gain":0,"max_hp_loss":0,"event_name":"Upgrade Shrine","floor":22,"gold_loss":0,"cards_upgraded":["Crippling Poison"]},{"damage_healed":0,"gold_gain":0,"player_choice":"Fight","damage_taken":0,"max_hp_gain":0,"max_hp_loss":0,"event_name":"MindBloom","floor":37,"gold_loss":0},{"damage_healed":0,"gold_gain":0,"player_choice":"Paid","damage_taken":0,"relics_obtained":["Red Mask"],"max_hp_gain":0,"max_hp_loss":0,"event_name":"Tomb of Lord Red Mask","floor":41,"gold_loss":65},{"damage_healed":0,"gold_gain":0,"player_choice":"Fight","damage_taken":0,"max_hp_gain":0,"max_hp_loss":0,"event_name":"Mysterious Sphere","floor":42,"gold_loss":0}],"is_beta":false,"boss_relics":[{"not_picked":["Velvet Choker","Coffee Dripper"],"picked":"Sozu"},{"not_picked":["Philosopher\u0027s Stone","HoveringKite"],"picked":"Pandora\u0027s Box"}],"items_purged_floors":[21],"is_endless":false,"potions_floor_spawned":[1,6,16,18,24,27,28,29,30,31,33,35,37,39,42,46,48],"ascension_level":19}}