{"host":"1kq2ingo3j45gyyp","time":1608009103,"event":{"mods":["BaseMod","Better Note","Better Third Choice","Minty Spire (QoL Compilation)","StSLib","The Gatherer"],"gold_per_floor":[129,168,168,225,258,348,387,387,387,387,465,513,513,573,573,867,867,927,960,960,960,1011,1056,1095,490,490,490,526,441,441,441,441,753,753,789,939,990,500,533,638,638,668,692,731,731,821,821,968,968,968],"floor_reached":51,"playtime":1311,"items_purged":[],"score":944,"play_id":"8163bde6-7a71-4d50-b7a5-742cfd0d14b2","local_time":"20201215001143","daily_mods":["SealedDeck","Hoarder","Midas"],"is_ascension_mode":false,"metric_token":401,"campfire_choices":[{"floor":10,"key":"REST"},{"floor":15,"key":"REST"},{"floor":27,"key":"REST"},{"floor":32,"key":"REST"},{"data":"Burn","floor":41,"key":"PURGE"},{"floor":47,"key":"REST"},{"data":"Burn","floor":49,"key":"PURGE"}],"circlet_count":0,"master_deck":["Gatherer:QuickSynthesis","Gatherer:QuickSynthesis","Gatherer:QuickSynthesis","Gatherer:AcidicSpray","Gatherer:AcidicSpray","Gatherer:AcidicSpray","Gatherer:AcidicSpray","Gatherer:AcidicSpray","Gatherer:AcidicSpray","Gatherer:FragileHammer","Gatherer:FragileHammer","Gatherer:FragileHammer","Gatherer:VenomBarrier","Gatherer:VenomBarrier","Gatherer:VenomBarrier","Gatherer:FragileHammer","Gatherer:FragileHammer","Gatherer:FragileHammer","Gatherer:FragileHammer","Gatherer:FragileHammer","Gatherer:FragileHammer","Gatherer:FlowerFalling+1","Gatherer:FlowerFalling","Gatherer:FlowerFalling","Gatherer:FlowerFalling","Gatherer:FlowerFalling","Gatherer:FlowerFalling","Gatherer:FlowerFalling","Gatherer:FlowerFalling","Gatherer:FlowerFalling","Burn","Gatherer:BlackTea","Gatherer:BlackTea","Gatherer:BlackTea","Gatherer:Photoscythe","Gatherer:Photoscythe","Gatherer:Photoscythe","Gatherer:FlowerFalling+1","Gatherer:FlowerFalling+1","Gatherer:FlowerFalling+1"],"relics":["Gatherer:MiracleBag","White Beast Statue","Mercury Hourglass","SlaversCollar","Nloth\u0027s Gift","Mango","Regal Pillow","HandDrill","Calipers","Peace Pipe","TungstenRod","Lantern","Vajra","Letter Opener","Gatherer:MistGenerator","Anchor","Orichalcum","Gambling Chip"],"acts_visited":["Exordium","TheCity","TheBeyond"],"potions_floor_usage":[12,33,35,50,50,50],"damage_taken":[{"damage":0,"enemies":"Jaw Worm","floor":1,"turns":2},{"damage":0,"enemies":"Small Slimes","floor":2,"turns":1},{"damage":0,"enemies":"Cultist","floor":4,"turns":2},{"damage":1,"enemies":"Blue Slaver","floor":5,"turns":2},{"damage":0,"enemies":"3 Sentries","floor":6,"turns":2},{"damage":0,"enemies":"Gremlin Gang","floor":7,"turns":1},{"damage":21,"enemies":"Lagavulin","floor":11,"turns":4},{"damage":0,"enemies":"Red Slaver","floor":12,"turns":1},{"damage":9,"enemies":"Blue Slaver","floor":14,"turns":2},{"damage":56,"enemies":"The Guardian","floor":16,"turns":6},{"damage":9,"enemies":"Shell Parasite","floor":18,"turns":4},{"damage":7,"enemies":"3 Byrds","floor":19,"turns":3},{"damage":21,"enemies":"Snake Plant","floor":22,"turns":3},{"damage":6,"enemies":"Chosen and Byrds","floor":23,"turns":3},{"damage":6,"enemies":"3 Cultists","floor":24,"turns":4},{"damage":5,"enemies":"Centurion and Healer","floor":28,"turns":4},{"damage":62,"enemies":"Automaton","floor":33,"turns":6},{"damage":14,"enemies":"3 Shapes","floor":35,"turns":2},{"damage":0,"enemies":"Mind Bloom Boss Battle","floor":36,"turns":3},{"damage":6,"enemies":"3 Darklings","floor":39,"turns":2},{"damage":36,"enemies":"Reptomancer","floor":40,"turns":4},{"damage":0,"enemies":"Transient","floor":42,"turns":5},{"damage":0,"enemies":"Jaw Worm Horde","floor":44,"turns":1},{"damage":4,"enemies":"Nemesis","floor":46,"turns":3},{"damage":6,"enemies":"2 Orb Walkers","floor":48,"turns":3},{"damage":51,"enemies":"Donu and Deca","floor":50,"turns":6}],"seed_played":"1538673491226106079","potions_obtained":[{"floor":2,"key":"Explosive Potion"},{"floor":5,"key":"CultistPotion"},{"floor":6,"key":"SmokeBomb"},{"floor":12,"key":"Energy Potion"},{"floor":19,"key":"PowerPotion"},{"floor":33,"key":"SpeedPotion"},{"floor":35,"key":"PowerPotion"},{"floor":36,"key":"LiquidBronze"}],"is_trial":true,"path_per_floor":["M","M","?","M","M","E","M","?","T","R","E","M","?","M","R","B",null,"M","M","?","?","M","M","M","$","T","R","M","?","?","?","R","B",null,"M","?","T","$","M","E","R","M","T","M","?","E","R","?","R","B",null],"character_chosen":"THE_GATHERER","items_purchased":["Mango","Regal Pillow","HandDrill","Vajra","Letter Opener","Gatherer:Photoscythe"],"campfire_rested":5,"item_purchase_floors":[25,25,25,38,38,38],"current_hp_per_floor":[72,72,72,72,71,71,71,71,71,72,51,53,53,46,67,13,72,63,58,58,58,37,31,25,39,39,79,74,74,74,57,91,29,91,82,82,82,82,84,64,64,76,76,76,76,80,91,89,89,72],"gold":968,"neow_bonus":"","is_daily":false,"chose_seed":false,"campfire_upgraded":0,"win_rate":0.0,"timestamp":1608009103,"path_taken":["M","M","?","?","M","E","?","?","T","R","E","M","?","M","R","BOSS","M","M","?","?","M","M","M","$","T","R","?","?","?","?","R","BOSS","M","?","?","$","M","E","R","M","T","M","?","E","R","?","R","BOSS"],"items_purchased_type":["Relic","Relic","Relic","Relic","Relic","Card"],"build_version":"2020-12-13","purchased_purges":0,"victory":true,"max_hp_per_floor":[72,72,72,72,72,72,72,72,72,72,72,72,72,72,72,72,72,72,72,72,72,72,72,72,86,86,86,86,86,86,91,91,91,91,96,96,96,96,96,96,96,96,96,96,91,91,91,91,91,91],"card_choices":[{"not_picked":["Gatherer:Frenzy","Gatherer:CarefulStrike","Gatherer:TacticalStrike"],"picked":"SKIP","floor":1},{"not_picked":["Gatherer:Snatch","Gatherer:PotentialSlash","Gatherer:BalancedGrowth"],"picked":"SKIP","floor":2},{"not_picked":["Gatherer:FlowerPower","Gatherer:WoolGloves","Gatherer:RecoveryHerb"],"picked":"SKIP","floor":4},{"not_picked":["Gatherer:FlowerPower","Gatherer:WoolGloves","Gatherer:RecoveryHerb"],"picked":"SKIP","floor":4},{"not_picked":["Gatherer:DrugPower","Gatherer:TacticalStrike","Gatherer:TreeGrowth"],"picked":"SKIP","floor":5},{"not_picked":["Gatherer:ScrollOfWall","Gatherer:Frenzy","Gatherer:EnergyBasket"],"picked":"SKIP","floor":6},{"not_picked":["Gatherer:TreeGrowth","Gatherer:UpgradeBag","Gatherer:FruitForce"],"picked":"SKIP","floor":7},{"not_picked":["Gatherer:SmartManeuver","Gatherer:WitheringStrike","Gatherer:Misfortune"],"picked":"SKIP","floor":11},{"not_picked":["Gatherer:FlowerBeam","Gatherer:UpgradeBag","Gatherer:FlowerShield"],"picked":"SKIP","floor":12},{"not_picked":["Gatherer:TacticalStrike","Gatherer:ScherryThrow","Gatherer:AromaProtection"],"picked":"SKIP","floor":14},{"not_picked":["Gatherer:FlowerShield","Gatherer:CarefulStrike","Gatherer:WoolGloves"],"picked":"SKIP","floor":18},{"not_picked":["Gatherer:FlowerBeam","Gatherer:SaveValuables+1","Gatherer:WoolGloves"],"picked":"SKIP","floor":19},{"not_picked":["Gatherer:FragileHammer","Gatherer:TacticalStrike","Gatherer:DrugPower"],"picked":"SKIP","floor":22},{"not_picked":["Gatherer:GlowingPlant+1","Gatherer:VenomBarrier","Gatherer:CursedBlade"],"picked":"SKIP","floor":23},{"not_picked":["Gatherer:Transmute","Gatherer:Convert+1","Gatherer:AlchemyTrial+1"],"picked":"SKIP","floor":24},{"not_picked":["Gatherer:PotentialSlash","Gatherer:Convert","Gatherer:TreeGrowth"],"picked":"SKIP","floor":28},{"not_picked":["Gatherer:StoneFence","Gatherer:FlamingBottle"],"picked":"Gatherer:BlackTea","floor":33},{"not_picked":["Gatherer:AcidicSpray","Gatherer:BambuSword","Gatherer:AlchemyTrial"],"picked":"SKIP","floor":35},{"not_picked":["Gatherer:FragileHammer","Gatherer:PoisonMastery","Gatherer:RottenStipe"],"picked":"SKIP","floor":39},{"not_picked":["Gatherer:AlchemyTrial","Gatherer:RottenStipe+1","Gatherer:Duplicator"],"picked":"SKIP","floor":40},{"not_picked":["Gatherer:Snatch+1","Gatherer:Photoscythe","Gatherer:CollectorsShot"],"picked":"SKIP","floor":42},{"not_picked":["Gatherer:RecipeChange","Gatherer:Snatch","Gatherer:GatherMaterial+1"],"picked":"SKIP","floor":44},{"not_picked":["Gatherer:FinishingStrike","Gatherer:QuickSynthesis+1","Gatherer:Solidify+1"],"picked":"SKIP","floor":46},{"not_picked":["Gatherer:GatherMaterial+1","Gatherer:VenomBarrier+1"],"picked":"Gatherer:FlowerFalling+1","floor":48}],"player_experience":805738,"relics_obtained":[{"floor":6,"key":"White Beast Statue"},{"floor":9,"key":"Mercury Hourglass"},{"floor":11,"key":"Blood Vial"},{"floor":26,"key":"Calipers"},{"floor":36,"key":"TungstenRod"},{"floor":37,"key":"Lantern"},{"floor":40,"key":"Gatherer:MistGenerator"},{"floor":43,"key":"Anchor"},{"floor":46,"key":"Orichalcum"},{"floor":48,"key":"Gambling Chip"}],"event_choices":[{"damage_healed":0,"gold_gain":0,"player_choice":"Bought 0 Potions","damage_taken":0,"max_hp_gain":0,"max_hp_loss":0,"event_name":"The Woman in Blue","floor":3,"gold_loss":0},{"damage_healed":0,"gold_gain":0,"player_choice":"Grow","damage_taken":0,"max_hp_gain":0,"max_hp_loss":0,"event_name":"Living Wall","floor":8,"gold_loss":0,"cards_upgraded":["Gatherer:FlowerFalling"]},{"damage_healed":53,"gold_gain":0,"player_choice":"Embrace Burn","damage_taken":0,"max_hp_gain":0,"max_hp_loss":72,"event_name":"betterThird:BetterShining","floor":13,"gold_loss":0},{"damage_healed":0,"gold_gain":0,"player_choice":"Traded Relic","damage_taken":0,"relics_obtained":["Nloth\u0027s Gift"],"max_hp_gain":0,"max_hp_loss":0,"event_name":"N\u0027loth","floor":20,"relics_lost":["Blood Vial"],"gold_loss":0},{"damage_healed":0,"gold_gain":0,"player_choice":"Ignored","damage_taken":0,"max_hp_gain":0,"max_hp_loss":0,"event_name":"betterNote:BetterNote","floor":21,"gold_loss":0,"cards_obtained":["Blind"]},{"damage_healed":0,"gold_gain":0,"player_choice":"Obtained Relic","damage_taken":0,"relics_obtained":["Peace Pipe"],"max_hp_gain":0,"max_hp_loss":0,"event_name":"Addict","floor":29,"gold_loss":85},{"damage_healed":0,"gold_gain":0,"player_choice":"Ignored","damage_taken":0,"max_hp_gain":0,"max_hp_loss":0,"event_name":"Vampires","floor":30,"gold_loss":0},{"damage_healed":0,"gold_gain":0,"player_choice":"Shed Blood","damage_taken":22,"max_hp_gain":5,"max_hp_loss":0,"event_name":"Forgotten Altar","floor":31,"gold_loss":0},{"damage_healed":0,"gold_gain":0,"player_choice":"Fight","damage_taken":0,"max_hp_gain":0,"max_hp_loss":0,"event_name":"MindBloom","floor":36,"gold_loss":0},{"damage_healed":0,"gold_gain":0,"player_choice":"Max HP","damage_taken":0,"max_hp_gain":0,"max_hp_loss":5,"event_name":"Winding Halls","floor":45,"gold_loss":0},{"damage_healed":0,"gold_gain":0,"player_choice":"Fight","damage_taken":0,"max_hp_gain":0,"max_hp_loss":0,"event_name":"Mysterious Sphere","floor":48,"gold_loss":0}],"is_beta":false,"boss_relics":[{"not_picked":["Astrolabe","Ectoplasm"],"picked":"SlaversCollar"},{"not_picked":["Sozu","Empty Cage"],"picked":"Gatherer:MiracleBag"}],"items_purged_floors":[],"is_endless":false,"potions_floor_spawned":[2,5,6,7,11,12,14,16,18,19,22,23,24,28,33,35,36,39,40,42,44,46,48],"ascension_level":0}}