{"host":"p245q48pmopyklqs","time":1608009750,"event":{"mods":["AchievementEnabler","BaseMod","DeckTracker","Minty Spire (QoL Compilation)","Relic Stats","StSLib","SuperFastMode"],"gold_per_floor":[114,189,205,224,12,12,40,53,77,95,129,54,54,54,54,125,125,144,162,190,190,190],"floor_reached":21,"playtime":1684,"items_purged":["Strike_R"],"score":378,"play_id":"2a9c71b0-07fd-41ba-a388-e425baf01971","local_time":"20201215142230","is_ascension_mode":true,"campfire_choices":[{"data":"Apotheosis","floor":6.0,"key":"SMITH"},{"data":"Demon Form","floor":13.0,"key":"SMITH"},{"floor":15.0,"key":"RECALL"}],"circlet_count":0,"master_deck":["AscendersBane","Strike_R","Strike_R","Strike_R","Strike_R","Defend_R","Defend_R","Defend_R","Defend_R","Bash","Master of Strategy","Shrug It Off","Pommel Strike","Apotheosis+1","Inflame","Demon Form+1","Disarm","Immolate","Power Through+1"],"relics":["Burning Blood","Bag of Marbles","Lantern","Omamori","Mark of Pain","Red Mask"],"acts_visited":["Exordium","TheCity"],"potions_floor_usage":[],"damage_taken":[{"damage":1.0,"enemies":"Cultist","floor":1.0,"turns":3.0},{"damage":1.0,"enemies":"Small Slimes","floor":3.0,"turns":4.0},{"damage":2.0,"enemies":"Jaw Worm","floor":4.0,"turns":5.0},{"damage":9.0,"enemies":"Lagavulin","floor":7.0,"turns":10.0},{"damage":2.0,"enemies":"Large Slime","floor":8.0,"turns":4.0},{"damage":18.0,"enemies":"Lots of Slimes","floor":10.0,"turns":3.0},{"damage":31.0,"enemies":"3 Sentries","floor":11.0,"turns":9.0},{"damage":34.0,"enemies":"Hexaghost","floor":16.0,"turns":11.0},{"damage":35.0,"enemies":"3 Byrds","floor":18.0,"turns":5.0},{"damage":10.0,"enemies":"Shell Parasite","floor":19.0,"turns":5.0},{"damage":18.0,"enemies":"Masked Bandits","floor":20.0,"turns":4.0},{"damage":25,"enemies":"Shelled Parasite and Fungi","floor":21,"turns":3}],"seed_played":"-2945464687611578402","potions_obtained":[{"floor":1.0,"key":"PowerPotion"},{"floor":3.0,"key":"SteroidPotion"},{"floor":11.0,"key":"BloodPotion"},{"floor":16.0,"key":"Strength Potion"},{"floor":18.0,"key":"Weak Potion"},{"floor":19.0,"key":"Block Potion"}],"is_trial":false,"path_per_floor":["M","?","M","M","$","R","E","M","T","M","E","$","R","?","R","B",null,"M","M","?","M"],"character_chosen":"IRONCLAD","items_purchased":["Apotheosis"],"campfire_rested":0,"item_purchase_floors":[5],"current_hp_per_floor":[55,44,49,53,53,53,50,54,54,42,17,17,17,22,22,10,63,34,30,18,0,0],"gold":190,"neow_bonus":"RANDOM_COLORLESS_2","is_daily":false,"chose_seed":false,"campfire_upgraded":2,"win_rate":0.0,"timestamp":1608009750,"path_taken":["M","?","M","M","$","R","E","M","T","M","E","$","R","?","R","BOSS","M","M","?","M"],"items_purchased_type":["Card"],"build_version":"2020-12-13","purchased_purges":1,"victory":false,"max_hp_per_floor":[75,75,75,75,75,75,75,75,75,75,75,75,75,80,80,80,80,80,80,80,80,80],"relic_stats":{"counters":[12,66],"obtain_stats":[{"Lantern":9,"Mark of Pain":17,"Bag of Marbles":7,"Omamori":11,"Red Mask":20,"Burning Blood":0},{"Lantern":5,"Mark of Pain":8,"Bag of Marbles":4,"Omamori":7,"Red Mask":11,"Burning Blood":0},{"Lantern":26,"Mark of Pain":49,"Bag of Marbles":22,"Omamori":38,"Red Mask":63,"Burning Blood":0}],"Burning Blood":66},"card_choices":[{"not_picked":["Chrysalis","Transmutation"],"picked":"Master of Strategy","floor":0.0},{"not_picked":["Intimidate","Clash"],"picked":"Shrug It Off","floor":1.0},{"not_picked":["Sword Boomerang","Iron Wave","Cleave"],"picked":"SKIP","floor":3.0},{"not_picked":["Body Slam","Shockwave"],"picked":"Pommel Strike","floor":4.0},{"not_picked":["Metallicize","Whirlwind"],"picked":"Inflame","floor":7.0},{"not_picked":["Sever Soul","Combust"],"picked":"Demon Form","floor":8.0},{"not_picked":["Cleave","Perfected Strike"],"picked":"Disarm","floor":10.0},{"not_picked":["Sword Boomerang","True Grit"],"picked":"Immolate","floor":11.0},{"not_picked":["True Grit","Burning Pact","Havoc"],"picked":"SKIP","floor":18.0},{"not_picked":["Body Slam","Wild Strike","Dual Wield"],"picked":"SKIP","floor":19.0},{"not_picked":["Entrench","True Grit"],"picked":"Power Through+1","floor":20.0}],"player_experience":2262563,"relics_obtained":[{"floor":7.0,"key":"Bag of Marbles"},{"floor":9.0,"key":"Lantern"},{"floor":11.0,"key":"Omamori"},{"floor":20.0,"key":"Red Mask"}],"event_choices":[{"damage_healed":0.0,"max_hp_gain":0.0,"max_hp_loss":0.0,"gold_gain":75.0,"event_name":"World of Goop","player_choice":"Gather Gold","floor":2.0,"gold_loss":0.0,"damage_taken":11.0},{"damage_healed":0.0,"max_hp_gain":5.0,"max_hp_loss":0.0,"gold_gain":0.0,"event_name":"Big Fish","player_choice":"Donut","floor":14.0,"gold_loss":0.0,"damage_taken":0.0},{"damage_healed":0.0,"max_hp_gain":0.0,"max_hp_loss":0.0,"gold_gain":0.0,"event_name":"Masked Bandits","player_choice":"Fought Bandits","floor":20.0,"gold_loss":0.0,"damage_taken":0.0}],"is_beta":false,"boss_relics":[{"not_picked":["Pandora\u0027s Box","Coffee Dripper"],"picked":"Mark of Pain"}],"items_purged_floors":[12],"is_endless":false,"potions_floor_spawned":[1,3,11,16,18,19],"killed_by":"Shelled Parasite and Fungi","ascension_level":20}}