{"host":"4fu49kq4337n20nt","time":1608067751,"event":{"mods":["BaseMod","Better Third Choice","Minty Spire (QoL Compilation)","Relic Stats","StSLib","The Bug Knight","The Cursed","The Servant 0.9.4"],"gold_per_floor":[112,128,144,94,94,125,125,138,138,158,158,333,353,388,388,483,483,499,515,182,182,182,182,211,126,126,161,161,172,191,202,202,307,307,319,338,386,404,419,448,448,448,495,513,513,513],"floor_reached":45,"playtime":2354,"items_purged":["Strike_R"],"score":696,"play_id":"8647ecda-a4b8-47b8-a434-959a6d6625c4","local_time":"20201215162911","is_ascension_mode":true,"campfire_choices":[{"data":"Armaments","floor":7.0,"key":"SMITH"},{"floor":11.0,"key":"REST"},{"data":"Bludgeon","floor":15.0,"key":"SMITH"},{"floor":23.0,"key":"RECALL"},{"data":"Searing Blow+1","floor":28.0,"key":"SMITH"},{"data":"Searing Blow+2","floor":32.0,"key":"SMITH"},{"data":"Berserk","floor":41.0,"key":"SMITH"}],"circlet_count":0,"master_deck":["Defend_R","Defend_R","Defend_R","Bash","Bludgeon+1","Shrug It Off","Headbutt+1","Armaments+1","Reckless Charge+1","Cleave+1","Reckless Charge+1","Doubt","Anger+1","Carnage+1","Bludgeon+1","Clothesline+1","Bite+1","Bite+1","Bite+1","Bite+1","Bite+1","Hemokinesis+1","Searing Blow+3","Evolve","Warcry","Wild Strike+1","Berserk+1","Warcry+1","Blood for Blood+1","Carnage+1"],"relics":["Burning Blood","Molten Egg 2","Singing Bowl","Velvet Choker","Meat on the Bone","Pantograph","HollowMod:LifeEnderRelic","Gremlin Horn","Eternal Feather","Sozu","Pocketwatch","Lantern","Pen Nib"],"acts_visited":["Exordium","TheCity","TheBeyond"],"potions_floor_usage":[],"damage_taken":[{"damage":0.0,"enemies":"Cultist","floor":1.0,"turns":2.0},{"damage":12.0,"enemies":"Jaw Worm","floor":2.0,"turns":3.0},{"damage":9.0,"enemies":"2 Louse","floor":3.0,"turns":3.0},{"damage":20.0,"enemies":"3 Sentries","floor":6.0,"turns":9.0},{"damage":0.0,"enemies":"2 Fungi Beasts","floor":8.0,"turns":2.0},{"damage":14.0,"enemies":"3 Louse","floor":10.0,"turns":3.0},{"damage":2.0,"enemies":"Exordium Thugs","floor":13.0,"turns":4.0},{"damage":21.0,"enemies":"HollowMod:MossKnight","floor":14.0,"turns":7.0},{"damage":50.0,"enemies":"Hexaghost","floor":16.0,"turns":10.0},{"damage":6.0,"enemies":"Spheric Guardian","floor":18.0,"turns":3.0},{"damage":14.0,"enemies":"Shell Parasite","floor":19.0,"turns":2.0},{"damage":20.0,"enemies":"Gremlin Leader","floor":24.0,"turns":4.0},{"damage":22.0,"enemies":"Book of Stabbing","floor":27.0,"turns":3.0},{"damage":20.0,"enemies":"Centurion and Healer","floor":29.0,"turns":4.0},{"damage":7.0,"enemies":"Chosen and Byrds","floor":30.0,"turns":3.0},{"damage":7.0,"enemies":"Sentry and Sphere","floor":31.0,"turns":3.0},{"damage":118.0,"enemies":"Automaton","floor":33.0,"turns":10.0},{"damage":17.0,"enemies":"Orb Walker","floor":35.0,"turns":3.0},{"damage":21.0,"enemies":"3 Shapes","floor":36.0,"turns":4.0},{"damage":43.0,"enemies":"2 Orb Walkers","floor":37.0,"turns":4.0},{"damage":30.0,"enemies":"3 Darklings","floor":38.0,"turns":4.0},{"damage":8.0,"enemies":"Jaw Worm Horde","floor":39.0,"turns":2.0},{"damage":41.0,"enemies":"Reptomancer","floor":40.0,"turns":6.0},{"damage":45,"enemies":"Maw","floor":44,"turns":5},{"damage":87,"enemies":"Giant Head","floor":45,"turns":6}],"seed_played":"-4844678852179954540","potions_obtained":[{"floor":2.0,"key":"PowerPotion"},{"floor":6.0,"key":"SpeedPotion"},{"floor":8.0,"key":"Dexterity Potion"},{"floor":13.0,"key":"ElixirPotion"},{"floor":14.0,"key":"ColorlessPotion"},{"floor":27.0,"key":"FairyPotion"},{"floor":29.0,"key":"FearPotion"},{"floor":33.0,"key":"PowerPotion"}],"is_trial":false,"path_per_floor":["M","M","M","?","?","E","R","M","T","M","R","?","M","E","R","B",null,"M","M","$","?","?","R","E","?","T","E","R","M","M","M","R","B",null,"M","M","?","M","M","E","R","T","T","M","E"],"character_chosen":"IRONCLAD","items_purchased":["Meat on the Bone"],"campfire_rested":1,"item_purchase_floors":[20],"current_hp_per_floor":[78,72,69,69,53,39,39,45,45,37,61,61,65,50,50,8,62,66,60,60,60,60,60,49,49,49,48,60,55,57,65,80,27,68,66,60,46,48,63,61,79,79,79,57,0,0],"gold":513,"neow_bonus":"ONE_RANDOM_RARE_CARD","is_daily":false,"chose_seed":false,"campfire_upgraded":5,"win_rate":0.0,"timestamp":1608067751,"path_taken":["M","M","?","?","?","E","R","M","T","M","R","?","M","E","R","BOSS","M","M","$","?","?","R","E","?","T","E","R","M","M","M","R","BOSS","M","M","?","M","M","E","R","?","T","M","E"],"items_purchased_type":["Relic"],"build_version":"2020-12-13","purchased_purges":1,"victory":false,"max_hp_per_floor":[80,80,80,80,80,80,80,80,80,80,80,80,80,80,80,80,80,82,82,82,82,82,82,82,82,82,82,82,82,82,82,82,82,82,82,82,84,86,88,88,88,88,88,90,90,90],"relic_stats":{"Sozu":3,"Singing Bowl":10,"Gremlin Horn":[17,17],"counters":[25,109],"Pantograph":2,"Eternal Feather":45,"Pen Nib":[3],"obtain_stats":[{"Lantern":40,"HollowMod:LifeEnderRelic":25,"Singing Bowl":9,"Gremlin Horn":26,"Velvet Choker":17,"Eternal Feather":27,"Pen Nib":43,"Burning Blood":0,"Blood Vial":14,"Sozu":34,"Pantograph":24,"Molten Egg 2":6,"Meat on the Bone":20,"Pocketwatch":37},{"Lantern":23,"HollowMod:LifeEnderRelic":12,"Singing Bowl":5,"Gremlin Horn":12,"Velvet Choker":9,"Eternal Feather":13,"Pen Nib":23,"Burning Blood":0,"Blood Vial":8,"Sozu":17,"Pantograph":12,"Molten Egg 2":4,"Meat on the Bone":11,"Pocketwatch":20},{"Lantern":98,"HollowMod:LifeEnderRelic":52,"Singing Bowl":19,"Gremlin Horn":52,"Velvet Choker":43,"Eternal Feather":55,"Pen Nib":98,"Burning Blood":0,"Blood Vial":33,"Sozu":75,"Pantograph":52,"Molten Egg 2":17,"Meat on the Bone":48,"Pocketwatch":86}],"Burning Blood":144,"Meat on the Bone":72,"Pocketwatch":[6]},"card_choices":[{"not_picked":["Blood for Blood","Evolve"],"picked":"Shrug It Off","floor":1.0},{"not_picked":["Feel No Pain","Iron Wave"],"picked":"Headbutt","floor":2.0},{"not_picked":["Spot Weakness","Headbutt"],"picked":"Armaments","floor":3.0},{"not_picked":["Rage","Armaments"],"picked":"Reckless Charge+1","floor":6.0},{"not_picked":["Clothesline+1","Spot Weakness"],"picked":"Cleave+1","floor":8.0},{"not_picked":["Intimidate","Wild Strike+1"],"picked":"Reckless Charge+1","floor":10.0},{"not_picked":["Rampage+1","Combust"],"picked":"Anger+1","floor":13.0},{"not_picked":["Thunderclap+1","Warcry"],"picked":"Carnage+1","floor":14.0},{"not_picked":["Immolate+1","Feed+1"],"picked":"Bludgeon+1","floor":16.0},{"not_picked":["Inflame","Second Wind","Perfected Strike+1"],"picked":"Singing Bowl","floor":18.0},{"not_picked":["Flex","Burning Pact"],"picked":"Clothesline+1","floor":19.0},{"not_picked":["Thunderclap+1","Blood for Blood+1"],"picked":"Hemokinesis+1","floor":24.0},{"not_picked":["Second Wind","Body Slam+1"],"picked":"Searing Blow+1","floor":27.0},{"not_picked":["Sword Boomerang+1","Clash+1"],"picked":"Evolve","floor":29.0},{"not_picked":["Armaments+1","Heavy Blade+1"],"picked":"Warcry","floor":30.0},{"not_picked":["Dropkick+1","Reckless Charge+1"],"picked":"Wild Strike+1","floor":31.0},{"not_picked":["Juggernaut","Feed+1"],"picked":"Berserk","floor":33.0},{"not_picked":["Headbutt+1","Sword Boomerang+1"],"picked":"Warcry+1","floor":35.0},{"not_picked":["Infernal Blade+1","Perfected Strike+1"],"picked":"Blood for Blood+1","floor":36.0},{"not_picked":["Battle Trance","Perfected Strike+1","Heavy Blade+1"],"picked":"Singing Bowl","floor":37.0},{"not_picked":["Clothesline+1","Dropkick+1","Armaments+1"],"picked":"Singing Bowl","floor":38.0},{"not_picked":["Heavy Blade+1","Pommel Strike+1","Intimidate+1"],"picked":"Singing Bowl","floor":39.0},{"not_picked":["Reaper+1","Seeing Red"],"picked":"Carnage+1","floor":40.0},{"not_picked":["Combust+1","Heavy Blade+1","Sword Boomerang+1"],"picked":"Singing Bowl","floor":44}],"player_experience":238047,"relics_obtained":[{"floor":6.0,"key":"Molten Egg 2"},{"floor":9.0,"key":"Singing Bowl"},{"floor":14.0,"key":"Blood Vial"},{"floor":24.0,"key":"Pantograph"},{"floor":26.0,"key":"Gremlin Horn"},{"floor":27.0,"key":"Eternal Feather"},{"floor":37.0,"key":"Pocketwatch"},{"floor":40.0,"key":"Lantern"},{"floor":43,"key":"Pen Nib"}],"event_choices":[{"cards_removed":["Defend_R"],"damage_healed":0.0,"max_hp_gain":0.0,"max_hp_loss":0.0,"gold_gain":0.0,"event_name":"The Cleric","player_choice":"Card Removal","floor":4.0,"gold_loss":50.0,"damage_taken":0.0},{"damage_healed":69.0,"max_hp_gain":0.0,"max_hp_loss":80.0,"gold_gain":0.0,"event_name":"betterThird:BetterShining","player_choice":"Upgrade","floor":5.0,"gold_loss":0.0,"damage_taken":16.0,"cards_upgraded":["Strike_R","Headbutt"]},{"damage_healed":0.0,"max_hp_gain":0.0,"max_hp_loss":0.0,"gold_gain":175.0,"event_name":"betterThird:BetterSerpent","player_choice":"AGREE","floor":12.0,"gold_loss":0.0,"damage_taken":158.0},{"damage_healed":0.0,"max_hp_gain":0.0,"max_hp_loss":0.0,"gold_gain":0.0,"event_name":"Ghosts","player_choice":"Ignored","floor":21.0,"gold_loss":0.0,"damage_taken":0.0},{"damage_healed":0.0,"max_hp_gain":0.0,"max_hp_loss":0.0,"gold_gain":0.0,"event_name":"Vampires","player_choice":"Became a vampire (Vial)","floor":22.0,"relics_lost":["Blood Vial"],"gold_loss":0.0,"damage_taken":0.0,"cards_obtained":["Bite","Bite","Bite","Bite","Bite"]},{"damage_healed":0.0,"max_hp_gain":0.0,"max_hp_loss":0.0,"gold_gain":0.0,"event_name":"Addict","player_choice":"Obtained Relic","floor":25.0,"gold_loss":85.0,"damage_taken":0.0,"relics_obtained":["HollowMod:LifeEnderRelic"]},{"damage_healed":0.0,"max_hp_gain":0.0,"max_hp_loss":0.0,"gold_gain":0.0,"event_name":"Mysterious Sphere","player_choice":"Fight","floor":37.0,"gold_loss":0.0,"damage_taken":0.0}],"is_beta":false,"boss_relics":[{"not_picked":["Runic Cube","SacredBark"],"picked":"Velvet Choker"},{"not_picked":["Runic Pyramid","Black Star"],"picked":"Sozu"}],"items_purged_floors":[20],"is_endless":false,"potions_floor_spawned":[2,6,8,13,14,27,29,31,33,36,38,39],"killed_by":"Giant Head","ascension_level":7}}