{"host":"i09pxcjttd31eh4q","time":1608031054,"event":{"mods":["AchievementEnabler","BaseMod","Colored Map","Keyboard Shortcuts","Minty Spire (QoL Compilation)","StSLib","SuperFastMode"],"gold_per_floor":[113,124,124,134,59,59,75,75,100,119,119,154,173,199,199,274,274,291,206,7,7,25,25,35,62,62,94,104,138,150,182,194,279,291,319,344,356,76,0,25,51,83,83,101,134,153,166,166,166,166,166,166],"floor_reached":51,"playtime":1312,"items_purged":["Strike_G","Strike_G","Strike_G"],"score":1794,"play_id":"6ff8bcbc-b0ae-404b-8a41-42472ebab313","local_time":"20201215201734","is_ascension_mode":true,"campfire_choices":[{"data":"Blade Dance","floor":6.0,"key":"SMITH"},{"data":"Panache","floor":8.0,"key":"SMITH"},{"data":"Terror","floor":11.0,"key":"SMITH"},{"data":"Acrobatics","floor":15.0,"key":"SMITH"},{"data":"Blade Dance","floor":23.0,"key":"SMITH"},{"data":"Envenom","floor":32.0,"key":"SMITH"},{"data":"Finisher","floor":49.0,"key":"SMITH"}],"circlet_count":0,"master_deck":["AscendersBane","Strike_G","Strike_G","Defend_G","Defend_G","Defend_G","Defend_G","Defend_G+1","Survivor","Neutralize","Panache+1","Backstab","Blade Dance+1","Backflip+1","Terror+1","Grand Finale","Acrobatics+1","Adrenaline","Blade Dance+1","Flash of Steel","Escape Plan","Escape Plan","Finisher+1","Envenom+1","Adrenaline","Acrobatics","After Image+1","Accuracy+1","Escape Plan","Blur","PiercingWail","Finesse","Finesse"],"relics":["Ring of the Snake","Vajra","War Paint","Question Card","Odd Mushroom","WristBlade","Bag of Marbles","Tingsha","HornCleat","Frozen Egg 2","MawBank","Busted Crown","Red Mask","Shovel","Ancient Tea Set","Tough Bandages","Art of War"],"acts_visited":["Exordium","TheCity","TheBeyond"],"potions_floor_usage":[51],"damage_taken":[{"damage":4.0,"enemies":"Jaw Worm","floor":1.0,"turns":6.0},{"damage":4.0,"enemies":"Small Slimes","floor":2.0,"turns":4.0},{"damage":0.0,"enemies":"Cultist","floor":4.0,"turns":3.0},{"damage":0.0,"enemies":"Large Slime","floor":7.0,"turns":3.0},{"damage":0.0,"enemies":"Blue Slaver","floor":10.0,"turns":2.0},{"damage":5.0,"enemies":"3 Sentries","floor":12.0,"turns":4.0},{"damage":0.0,"enemies":"Exordium Wildlife","floor":13.0,"turns":1.0},{"damage":0.0,"enemies":"The Mushroom Lair","floor":14.0,"turns":2.0},{"damage":12.0,"enemies":"The Guardian","floor":16.0,"turns":12.0},{"damage":0.0,"enemies":"3 Byrds","floor":18.0,"turns":2.0},{"damage":0.0,"enemies":"Shell Parasite","floor":22.0,"turns":1.0},{"damage":0.0,"enemies":"Shelled Parasite and Fungi","floor":24.0,"turns":1.0},{"damage":0.0,"enemies":"Gremlin Leader","floor":25.0,"turns":3.0},{"damage":0.0,"enemies":"Book of Stabbing","floor":27.0,"turns":1.0},{"damage":0.0,"enemies":"Cultist and Chosen","floor":28.0,"turns":3.0},{"damage":0.0,"enemies":"Gremlin Leader","floor":29.0,"turns":2.0},{"damage":0.0,"enemies":"Snake Plant","floor":31.0,"turns":1.0},{"damage":13.0,"enemies":"Collector","floor":33.0,"turns":4.0},{"damage":0.0,"enemies":"3 Darklings","floor":35.0,"turns":1.0},{"damage":0.0,"enemies":"Orb Walker","floor":36.0,"turns":3.0},{"damage":1.0,"enemies":"Reptomancer","floor":40.0,"turns":2.0},{"damage":6.0,"enemies":"Nemesis","floor":42.0,"turns":3.0},{"damage":0.0,"enemies":"Jaw Worm Horde","floor":44.0,"turns":2.0},{"damage":0.0,"enemies":"Reptomancer","floor":45.0,"turns":2.0},{"damage":0.0,"enemies":"Writhing Mass","floor":46.0,"turns":2.0},{"damage":0.0,"enemies":"Spire Growth","floor":47.0,"turns":2.0},{"damage":0.0,"enemies":"Donu and Deca","floor":50.0,"turns":4.0},{"damage":39,"enemies":"Awakened One","floor":51,"turns":3}],"seed_played":"-5477451211813684946","potions_obtained":[{"floor":2.0,"key":"Ancient Potion"},{"floor":10.0,"key":"Fire Potion"},{"floor":12.0,"key":"Strength Potion"},{"floor":24.0,"key":"CultistPotion"},{"floor":28.0,"key":"SpeedPotion"},{"floor":29.0,"key":"Swift Potion"},{"floor":40.0,"key":"Explosive Potion"},{"floor":42.0,"key":"FearPotion"}],"is_trial":false,"path_per_floor":["M","M","?","M","$","R","M","R","T","M","R","E","M","?","R","B",null,"M","?","$","?","M","R","M","E","T","E","M","E","?","M","R","B",null,"M","M","?","$","?","E","T","E","T","M","E","M","M","?","R","B","B"],"character_chosen":"THE_SILENT","items_purchased":["Flash of Steel","Accuracy+1","Escape Plan"],"campfire_rested":0,"item_purchase_floors":[20,38,38],"current_hp_per_floor":[55,51,40,40,40,40,40,40,40,40,40,35,35,35,35,23,51,51,51,51,51,51,51,51,51,51,51,51,51,51,51,51,38,55,55,55,55,55,55,54,54,48,48,48,48,48,48,38,38,38,0,0],"gold":166,"neow_bonus":"RANDOM_COLORLESS_2","is_daily":false,"chose_seed":false,"campfire_upgraded":7,"win_rate":0.0,"timestamp":1608031054,"path_taken":["M","M","?","M","$","R","M","R","T","M","R","E","M","?","R","BOSS","M","?","$","?","M","R","M","E","T","E","M","E","?","M","R","BOSS","M","M","?","$","?","E","?","E","T","M","E","?","M","?","R","BOSS","BOSS"],"items_purchased_type":["Card","Card","Card"],"build_version":"2020-12-13","purchased_purges":3,"victory":false,"max_hp_per_floor":[60,60,60,60,60,60,60,60,60,60,60,60,60,60,60,60,60,60,60,60,60,60,60,60,60,60,60,60,60,60,60,60,60,60,60,60,57,57,57,57,57,57,57,57,57,57,57,57,57,57,57,57],"card_choices":[{"not_picked":["Chrysalis","Magnetism"],"picked":"Panache","floor":0.0},{"not_picked":["Caltrops","PiercingWail","Slice"],"picked":"SKIP","floor":1.0},{"not_picked":["Cloak And Dagger","Reflex"],"picked":"Backstab","floor":2.0},{"not_picked":["Choke","Setup"],"picked":"Blade Dance","floor":4.0},{"not_picked":["Bane","PiercingWail"],"picked":"Backflip","floor":7.0},{"not_picked":["PiercingWail","Predator"],"picked":"Terror","floor":10.0},{"not_picked":["Finisher","Acrobatics"],"picked":"Grand Finale","floor":12.0},{"not_picked":["Quick Slash","Poisoned Stab","Bane","Setup"],"picked":"SKIP","floor":13.0},{"not_picked":["All Out Attack","Poisoned Stab","Prepared"],"picked":"Acrobatics","floor":14.0},{"not_picked":["Malaise","Doppelganger","Unload"],"picked":"Adrenaline","floor":16.0},{"not_picked":["Slice+1","Catalyst","Dodge and Roll"],"picked":"Blade Dance","floor":18.0},{"not_picked":["Underhanded Strike","Deadly Poison","Flying Knee"],"picked":"Escape Plan","floor":22.0},{"not_picked":["Endless Agony","Leg Sweep","Noxious Fumes+1"],"picked":"Finisher","floor":24.0},{"not_picked":["Outmaneuver","Dagger Spray","Backflip"],"picked":"Envenom","floor":25.0},{"not_picked":["Underhanded Strike","Slice","Distraction"],"picked":"Adrenaline","floor":27.0},{"not_picked":["All Out Attack","Crippling Poison","Backflip"],"picked":"Acrobatics","floor":28.0},{"not_picked":["Die Die Die","Quick Slash","Terror","Acrobatics"],"picked":"SKIP","floor":29.0},{"not_picked":["Backflip","Noxious Fumes+1","Backstab","Dagger Throw"],"picked":"SKIP","floor":31.0},{"not_picked":["Corpse Explosion","Burst","Grand Finale"],"picked":"After Image+1","floor":33.0},{"not_picked":["Dodge and Roll","Flying Knee"],"picked":"SKIP","floor":35.0},{"not_picked":["Deflect","Poisoned Stab+1"],"picked":"SKIP","floor":36.0},{"not_picked":["Terror","Prepared"],"picked":"SKIP","floor":40.0},{"not_picked":["Bouncing Flask","Backflip"],"picked":"SKIP","floor":42.0},{"not_picked":["Deflect+1","Crippling Poison"],"picked":"SKIP","floor":44.0},{"not_picked":["Concentrate"],"picked":"Blur","floor":45.0},{"not_picked":["Quick Slash","Bane"],"picked":"SKIP","floor":46.0},{"not_picked":["Prepared"],"picked":"PiercingWail","floor":47.0},{"not_picked":["Enlightenment"],"picked":"Finesse","floor":48.0},{"not_picked":["PanicButton"],"picked":"Finesse","floor":48.0}],"player_experience":734652,"relics_obtained":[{"floor":9.0,"key":"War Paint"},{"floor":12.0,"key":"Question Card"},{"floor":14.0,"key":"Odd Mushroom"},{"floor":25.0,"key":"Tingsha"},{"floor":26.0,"key":"HornCleat"},{"floor":27.0,"key":"Frozen Egg 2"},{"floor":29.0,"key":"MawBank"},{"floor":40.0,"key":"Shovel"},{"floor":41.0,"key":"Ancient Tea Set"},{"floor":42.0,"key":"Tough Bandages"},{"floor":45.0,"key":"Art of War"}],"event_choices":[{"damage_healed":0.0,"max_hp_gain":0.0,"max_hp_loss":0.0,"gold_gain":0.0,"event_name":"Scrap Ooze","player_choice":"Success","floor":3.0,"gold_loss":0.0,"damage_taken":11.0,"relics_obtained":["Vajra"]},{"damage_healed":0.0,"max_hp_gain":0.0,"max_hp_loss":0.0,"gold_gain":0.0,"event_name":"Mushrooms","player_choice":"Fought Mushrooms","floor":14.0,"gold_loss":0.0,"damage_taken":0.0},{"damage_healed":0.0,"max_hp_gain":0.0,"max_hp_loss":0.0,"gold_gain":0.0,"event_name":"Addict","player_choice":"Obtained Relic","floor":19.0,"gold_loss":85.0,"damage_taken":0.0,"relics_obtained":["Bag of Marbles"]},{"damage_healed":0.0,"max_hp_gain":0.0,"max_hp_loss":0.0,"gold_gain":0.0,"event_name":"The Library","player_choice":"Read","floor":21.0,"gold_loss":0.0,"damage_taken":0.0,"cards_obtained":["Escape Plan"]},{"damage_healed":0.0,"max_hp_gain":0.0,"max_hp_loss":0.0,"gold_gain":0.0,"event_name":"The Mausoleum","player_choice":"Ignored","floor":30.0,"gold_loss":0.0,"damage_taken":0.0},{"damage_healed":0.0,"max_hp_gain":0.0,"max_hp_loss":3.0,"gold_gain":0.0,"event_name":"Winding Halls","player_choice":"Max HP","floor":37.0,"gold_loss":0.0,"damage_taken":0.0},{"damage_healed":0.0,"max_hp_gain":0.0,"max_hp_loss":0.0,"gold_gain":0.0,"event_name":"Tomb of Lord Red Mask","player_choice":"Paid","floor":39.0,"gold_loss":76.0,"damage_taken":0.0,"relics_obtained":["Red Mask"]},{"damage_healed":0.0,"max_hp_gain":0.0,"max_hp_loss":0.0,"gold_gain":0.0,"event_name":"SensoryStone","player_choice":"Memory 3","floor":48.0,"gold_loss":0.0,"damage_taken":10.0}],"is_beta":false,"boss_relics":[{"not_picked":["Philosopher\u0027s Stone","HoveringKite"],"picked":"WristBlade"},{"not_picked":["Black Star","Tiny House"],"picked":"Busted Crown"}],"items_purged_floors":[5,20,38],"is_endless":false,"potions_floor_spawned":[2,10,12,14,22,24,25,28,29,40,42],"killed_by":"Awakened One","ascension_level":20}}