{"host":"4qin5krp9hszysdc","time":1608056555,"event":{"mods":["AchievementEnabler","BaseMod","BetterRewards","Infinite Spire","Minty Spire (QoL Compilation)","Quick Restart","StSLib"],"gold_per_floor":[111,125,135,145,155,190,206,28,28,28,59,72,90,110,110,211,211,231,243,243,263,275,275,275,275,275,288,388,388,429,441,453,567,579,601,626,638,650,673,716,741,781,863,902,914,960,972,984,996,1008,1020,1032,321,353,353],"floor_reached":56,"playtime":3509,"items_purged":["Strike_R","Strike_R","Strike_R"],"score":2239,"play_id":"d15db7d9-41bc-4248-83b5-6a629ca7bc22","local_time":"20201215132235","is_ascension_mode":true,"campfire_choices":[{"floor":10.0,"key":"REST"},{"data":"Limit Break","floor":15.0,"key":"SMITH"},{"data":"Armaments","floor":23.0,"key":"SMITH"},{"data":"Flex","floor":25.0,"key":"SMITH"},{"floor":32.0,"key":"REST"},{"data":"Feel No Pain","floor":45.0,"key":"SMITH"},{"floor":49.0,"key":"RECALL"},{"data":"Inflame","floor":52.0,"key":"SMITH"}],"circlet_count":0,"master_deck":["AscendersBane","Strike_R","Defend_R","Defend_R","Defend_R","Defend_R","Bash","Shrug It Off","Limit Break+1","Hemokinesis","Havoc","Battle Trance","Iron Wave","Flex+1","Feel No Pain+1","Sever Soul","Corruption","Berserk","Thunderclap","Armaments+1","Blood for Blood+1","Strike_B","infinitespire:Collect","infinitespire:Fortify","Spot Weakness","Reaper","Pommel Strike","Second Wind","Warcry+1","Inflame+1","True Grit+1","Violence","Blind","Feel No Pain","Shrug It Off"],"relics":["Burning Blood","ClockworkSouvenir","Charon\u0027s Ashes","Boot","Mercury Hourglass","Omamori","Du-Vu Doll","Busted Crown","PreservedInsect","Torii","Question Card","MawBank","infinitespire:Burning Sword","Lantern","Self Forming Clay","infinitespire:Cupcake","Pen Nib","MealTicket","Eternal Feather","infinitespire:Satchel","Bronze Scales","infinitespire:Bottled Soul","infinitespire:BottledMercury","infinitespire:Beetle Shell"],"acts_visited":["Exordium","TheCity","TheBeyond","TheEnding"],"potions_floor_usage":[55,55],"damage_taken":[{"damage":0.0,"enemies":"Cultist","floor":1.0,"turns":4.0},{"damage":11.0,"enemies":"infinitespire:Voidling","floor":2.0,"turns":5.0},{"damage":0.0,"enemies":"Small Slimes","floor":3.0,"turns":2.0},{"damage":4.0,"enemies":"Gremlin Gang","floor":4.0,"turns":7.0},{"damage":2.0,"enemies":"Blue Slaver","floor":5.0,"turns":2.0},{"damage":39.0,"enemies":"Lagavulin","floor":6.0,"turns":6.0},{"damage":11.0,"enemies":"Large Slime","floor":7.0,"turns":6.0},{"damage":8.0,"enemies":"3 Sentries","floor":11.0,"turns":4.0},{"damage":4.0,"enemies":"Exordium Wildlife","floor":12.0,"turns":3.0},{"damage":6.0,"enemies":"Looter","floor":13.0,"turns":3.0},{"damage":15.0,"enemies":"Red Slaver","floor":14.0,"turns":3.0},{"damage":30.0,"enemies":"The Guardian","floor":16.0,"turns":7.0},{"damage":5.0,"enemies":"3 Byrds","floor":18.0,"turns":3.0},{"damage":4.0,"enemies":"Shell Parasite","floor":19.0,"turns":4.0},{"damage":19.0,"enemies":"Centurion and Healer","floor":21.0,"turns":5.0},{"damage":25.0,"enemies":"Cultist and Chosen","floor":22.0,"turns":5.0},{"damage":7.0,"enemies":"3 Cultists","floor":27.0,"turns":4.0},{"damage":4.0,"enemies":"Colosseum Slavers","floor":28.0,"turns":3.0},{"damage":2.0,"enemies":"Colosseum Nobs","floor":28.0,"turns":2.0},{"damage":25.0,"enemies":"Book of Stabbing","floor":30.0,"turns":3.0},{"damage":30.0,"enemies":"Automaton","floor":33.0,"turns":7.0},{"damage":12.0,"enemies":"3 Darklings","floor":35.0,"turns":5.0},{"damage":3.0,"enemies":"Orb Walker","floor":36.0,"turns":2.0},{"damage":13.0,"enemies":"4 Shapes","floor":39.0,"turns":3.0},{"damage":18.0,"enemies":"Reptomancer","floor":40.0,"turns":4.0},{"damage":2.0,"enemies":"Spire Growth","floor":41.0,"turns":4.0},{"damage":10.0,"enemies":"Nemesis","floor":42.0,"turns":3.0},{"damage":2.0,"enemies":"Giant Head","floor":44.0,"turns":5.0},{"damage":41.0,"enemies":"Nemesis","floor":46.0,"turns":3.0},{"damage":51.0,"enemies":"infinitespire:MassOfShapes","floor":50.0,"turns":10.0},{"damage":34.0,"enemies":"Shield and Spear","floor":54.0,"turns":4.0},{"damage":87,"enemies":"The Heart","floor":55,"turns":7}],"seed_played":"-7877099445408309449","potions_obtained":[{"floor":1.0,"key":"Energy Potion"},{"floor":3.0,"key":"Ancient Potion"},{"floor":6.0,"key":"FearPotion"},{"floor":7.0,"key":"Swift Potion"},{"floor":12.0,"key":"SkillPotion"},{"floor":21.0,"key":"BloodPotion"},{"floor":22.0,"key":"Block Potion"},{"floor":35.0,"key":"BlessingOfTheForge"},{"floor":39.0,"key":"FearPotion"},{"floor":54.0,"key":"infinitespire:BlackPotion"}],"is_trial":false,"path_per_floor":["M","M","M","M","M","E","M","$","T","R","E","M","M","M","R","B",null,"M","M","?","M","M","R","?","R","T","M","?","AVR","E","T","R","B",null,"M","M","?","?","M","E","M","E","T","E","R","E","?","T","R","B",null,"R","$","E","B",null],"character_chosen":"IRONCLAD","items_purchased":["ClockworkSouvenir","Flash of Steel","Boot","Mayhem","infinitespire:Bottled Soul","Feel No Pain","infinitespire:BottledMercury","Shrug It Off"],"campfire_rested":2,"item_purchase_floors":[0,0,0,8,53,53,53,53],"current_hp_per_floor":[49,49,55,57,61,28,23,23,23,47,45,47,47,38,38,14,64,65,67,67,54,35,35,35,35,35,34,40,40,21,21,45,21,65,74,80,80,76,69,70,76,74,74,76,76,56,46,46,64,52,70,76,76,58,52],"gold":353,"neow_bonus":"","is_daily":false,"chose_seed":false,"campfire_upgraded":5,"win_rate":0.0,"timestamp":1608056555,"path_taken":["M","M","M","M","M","E","M","?","T","R","E","M","?","M","R","BOSS","M","M","?","M","?","R","?","R","T","?","?","AVR","E","?","R","BOSS","M","M","?","?","M","E","M","E","T","E","R","E","?","?","R","BOSS","R","$","E","BOSS"],"items_purchased_type":["Relic","Card","Relic","Card","Relic","Card","Relic","Card"],"build_version":"2020-12-13","purchased_purges":3,"victory":true,"max_hp_per_floor":[80,80,80,80,80,80,80,80,80,80,80,80,80,80,80,80,80,80,80,80,80,80,80,80,80,80,80,80,80,80,80,80,80,80,80,80,80,76,76,76,76,76,76,76,76,76,76,76,76,76,76,76,76,76,76],"card_choices":[{"not_picked":["Sword Boomerang","Twin Strike"],"picked":"Shrug It Off","floor":1.0},{"not_picked":["Sword Boomerang","Shrug It Off"],"picked":"Limit Break","floor":2.0},{"not_picked":["Twin Strike","Rupture"],"picked":"Hemokinesis","floor":3.0},{"not_picked":["Rampage","Pommel Strike"],"picked":"Havoc","floor":4.0},{"not_picked":["Warcry","Flex"],"picked":"Battle Trance","floor":5.0},{"not_picked":["Bloodletting","Sword Boomerang"],"picked":"Iron Wave","floor":6.0},{"not_picked":["Iron Wave","Body Slam"],"picked":"Flex","floor":7.0},{"not_picked":["Hemokinesis","Iron Wave","Flex"],"picked":"SKIP","floor":11.0},{"not_picked":["Hemokinesis","Iron Wave","Flex"],"picked":"SKIP","floor":11.0},{"not_picked":["Rupture","Cleave"],"picked":"Feel No Pain","floor":12.0},{"not_picked":["Seeing Red","Pommel Strike"],"picked":"Sever Soul","floor":13.0},{"not_picked":["Sword Boomerang","Wild Strike"],"picked":"Corruption","floor":14.0},{"not_picked":["Double Tap","Feed"],"picked":"Berserk","floor":16.0},{"not_picked":[],"picked":"Thunderclap","floor":18.0},{"not_picked":[],"picked":"Armaments","floor":19.0},{"not_picked":[],"picked":"Blood for Blood+1","floor":21.0},{"not_picked":["Perfected Strike"],"picked":"SKIP","floor":22.0},{"not_picked":["Iron Wave"],"picked":"SKIP","floor":27.0},{"not_picked":["Infernal Blade"],"picked":"Spot Weakness","floor":30.0},{"not_picked":["Corruption"],"picked":"Reaper","floor":33.0},{"not_picked":["Headbutt+1"],"picked":"Pommel Strike","floor":35.0},{"not_picked":["Iron Wave","Heavy Blade"],"picked":"SKIP","floor":36.0},{"not_picked":["Cleave"],"picked":"Second Wind","floor":39.0},{"not_picked":["Cleave"],"picked":"Warcry+1","floor":40.0},{"not_picked":["Wild Strike","Entrench"],"picked":"SKIP","floor":41.0},{"not_picked":["Havoc","Rage"],"picked":"SKIP","floor":42.0},{"not_picked":["Havoc+1"],"picked":"Inflame","floor":44.0},{"not_picked":["Heavy Blade+1"],"picked":"True Grit+1","floor":46.0},{"not_picked":["The Bomb"],"picked":"Violence","floor":47.0},{"not_picked":["Flash of Steel"],"picked":"Blind","floor":47.0},{"not_picked":["Body Slam","Cleave"],"picked":"SKIP","floor":54.0}],"player_experience":2698279,"relics_obtained":[{"floor":6.0,"key":"Mercury Hourglass"},{"floor":9.0,"key":"Omamori"},{"floor":11.0,"key":"Du-Vu Doll"},{"floor":26.0,"key":"PreservedInsect"},{"floor":28.0,"key":"Torii"},{"floor":28.0,"key":"Question Card"},{"floor":30.0,"key":"Lantern"},{"floor":31.0,"key":"Self Forming Clay"},{"floor":40.0,"key":"Pen Nib"},{"floor":42.0,"key":"MealTicket"},{"floor":43.0,"key":"Eternal Feather"},{"floor":44.0,"key":"infinitespire:Satchel"},{"floor":46.0,"key":"Bronze Scales"},{"floor":54.0,"key":"infinitespire:Beetle Shell"}],"event_choices":[{"cards_removed":["Strike_R"],"damage_healed":0.0,"max_hp_gain":0.0,"max_hp_loss":0.0,"gold_gain":0.0,"event_name":"Purifier","player_choice":"Purged","floor":20.0,"gold_loss":0.0,"damage_taken":0.0},{"cards_removed":["Mayhem"],"damage_healed":0.0,"max_hp_gain":0.0,"max_hp_loss":0.0,"gold_gain":0.0,"event_name":"NoteForYourself","player_choice":"Took Card","floor":24.0,"gold_loss":0.0,"damage_taken":0.0,"cards_obtained":["Strike_B"]},{"damage_healed":0.0,"max_hp_gain":0.0,"max_hp_loss":0.0,"gold_gain":0.0,"event_name":"Colosseum","player_choice":"Fight","floor":28.0,"gold_loss":0.0,"damage_taken":0.0},{"damage_healed":0.0,"max_hp_gain":0.0,"max_hp_loss":0.0,"gold_gain":0.0,"event_name":"Colosseum","player_choice":"Fought Nobs","floor":28.0,"gold_loss":0.0,"damage_taken":0.0},{"cards_removed":["Flash of Steel"],"damage_healed":0.0,"max_hp_gain":0.0,"max_hp_loss":0.0,"gold_gain":0.0,"event_name":"Falling","player_choice":"Removed Attack","floor":37.0,"gold_loss":0.0,"damage_taken":0.0},{"damage_healed":0.0,"max_hp_gain":0.0,"max_hp_loss":4.0,"gold_gain":0.0,"event_name":"Winding Halls","player_choice":"Max HP","floor":38.0,"gold_loss":0.0,"damage_taken":0.0},{"damage_healed":0.0,"max_hp_gain":0.0,"max_hp_loss":0.0,"gold_gain":0.0,"event_name":"SensoryStone","player_choice":"Memory 3","floor":47.0,"gold_loss":0.0,"damage_taken":10.0}],"is_beta":false,"boss_relics":[{"not_picked":["Ectoplasm","Philosopher\u0027s Stone"],"picked":"Busted Crown"},{"not_picked":["Tiny House","Velvet Choker"],"picked":"infinitespire:Cupcake"}],"items_purged_floors":[0,29,53],"is_endless":false,"potions_floor_spawned":[1,3,6,7,12,21,22,28,35,39,46,54],"ascension_level":10}}