{"host":"m4pe905ae9bldoe7","time":1608033561,"event":{"mods":["BaseMod","Bestiary","Block Reminder","Minty Spire (QoL Compilation)","StSLib"],"gold_per_floor":[113,113,133,148,148,177,177,177,177],"floor_reached":8,"playtime":875,"items_purged":[],"score":87,"play_id":"b7111246-d964-4a6d-ba0c-d1ef43d44913","local_time":"20201215125921","is_ascension_mode":true,"campfire_choices":[{"data":"Shrug It Off","floor":7,"key":"SMITH"}],"circlet_count":0,"master_deck":["Strike_R","Strike_R","Strike_R","Strike_R","Defend_R","Defend_R","Defend_R","Defend_R","Bash","Body Slam","Shrug It Off+1","Dark Embrace","Burning Pact"],"relics":["Burning Blood","The Courier"],"acts_visited":["Exordium"],"potions_floor_usage":[8],"damage_taken":[{"damage":0,"enemies":"2 Louse","floor":1,"turns":3},{"damage":16,"enemies":"Cultist","floor":3,"turns":4},{"damage":6,"enemies":"Jaw Worm","floor":4,"turns":4},{"damage":27,"enemies":"3 Sentries","floor":6,"turns":14},{"damage":84,"enemies":"Lagavulin","floor":8,"turns":16}],"seed_played":"5840975741632697143","potions_obtained":[{"floor":3,"key":"SneckoOil"}],"is_trial":false,"path_per_floor":["M","?","M","M","?","E","R","E"],"character_chosen":"IRONCLAD","items_purchased":[],"campfire_rested":0,"item_purchase_floors":[],"current_hp_per_floor":[88,88,78,78,98,77,77,0,0],"gold":177,"neow_bonus":"TEN_PERCENT_HP_BONUS","is_daily":false,"chose_seed":false,"campfire_upgraded":1,"win_rate":0.0,"timestamp":1608033561,"path_taken":["M","?","M","M","?","E","R","E"],"items_purchased_type":[],"build_version":"2020-12-13","purchased_purges":0,"victory":false,"max_hp_per_floor":[88,88,88,88,98,98,98,98,98],"card_choices":[{"not_picked":["Twin Strike","Evolve"],"picked":"Body Slam","floor":1},{"not_picked":["Thunderclap","Cleave"],"picked":"Shrug It Off","floor":3},{"not_picked":["Twin Strike","Perfected Strike"],"picked":"Dark Embrace","floor":4},{"not_picked":["Warcry","Cleave"],"picked":"Burning Pact","floor":6}],"player_experience":163952,"relics_obtained":[{"floor":6,"key":"The Courier"}],"event_choices":[{"damage_healed":0,"gold_gain":0,"cards_transformed":["Strike_R"],"player_choice":"Change","damage_taken":0,"max_hp_gain":0,"max_hp_loss":0,"event_name":"Living Wall","floor":2,"gold_loss":0,"cards_obtained":["Exhume"]},{"cards_removed":["Exhume"],"damage_healed":10,"gold_gain":0,"player_choice":"Offered Rare","damage_taken":0,"max_hp_gain":10,"max_hp_loss":0,"event_name":"Bonfire Elementals","floor":5,"gold_loss":0}],"is_beta":false,"boss_relics":[],"items_purged_floors":[],"is_endless":false,"potions_floor_spawned":[3],"killed_by":"Lagavulin","ascension_level":2}}