{"host":"hz7oro4zaett5eh9","time":1608063895,"event":{"mods":["BaseMod","Hermit","Hubris","Marisa????????","Minty Spire (QoL Compilation)","StSLib","The Bladedancer","The Construct","The Cursed","The Disciple","The Hierophant","The Mystic","The Runesmith"],"gold_per_floor":[166,65,76,91,91,91,56,76,76,104,104,138,138,157,157,254,254,274,274,274,274,20,20,20],"floor_reached":23,"playtime":7247,"items_purged":[],"score":197,"play_id":"39ed3261-e99c-4c65-8334-5f3779dcaadd","local_time":"20201215202455","is_ascension_mode":false,"campfire_choices":[{"data":"hermit:Glare","floor":6,"key":"SMITH"},{"floor":11,"key":"RECALL"},{"floor":15,"key":"REST"}],"circlet_count":0,"master_deck":["hermit:Strike_Hermit","hermit:Strike_Hermit","hermit:Strike_Hermit+1","hermit:Strike_Hermit","hermit:Defend_Hermit","hermit:Defend_Hermit","hermit:Defend_Hermit","hermit:Defend_Hermit","hermit:Snapshot","hermit:Covet","hermit:HoleUp","hermit:CursedWeapon","hermit:HoleUp","hermit:LowProfile+1","hermit:Glare+1","hermit:Glare+1","hermit:Virtue","hermit:Desperado","hermit:Desperado","Parasite","hermit:Grudge","hermit:RoundhouseKick","hermit:GoldenBullet"],"relics":["Tiny House","Happy Flower","Lantern","Regal Pillow","Fusion Hammer","hubris:Icosahedron","hubris:CrystalStatue"],"acts_visited":["Exordium","TheCity"],"potions_floor_usage":[16,23,23],"damage_taken":[{"damage":3,"enemies":"Jaw Worm","floor":1,"turns":4},{"damage":2,"enemies":"2 Louse","floor":3,"turns":3},{"damage":2,"enemies":"Small Slimes","floor":4,"turns":4},{"damage":10,"enemies":"Exordium Wildlife","floor":8,"turns":6},{"damage":25,"enemies":"Gremlin Nob","floor":10,"turns":5},{"damage":13,"enemies":"3 Sentries","floor":12,"turns":12},{"damage":7,"enemies":"Large Slime","floor":14,"turns":4},{"damage":27,"enemies":"The Guardian","floor":16,"turns":10},{"damage":14,"enemies":"2 Thieves","floor":18,"turns":4},{"damage":76,"enemies":"Gremlin Leader","floor":23,"turns":9}],"seed_played":"-1668794772935271815","potions_obtained":[{"floor":0,"key":"SpeedPotion"},{"floor":3,"key":"BlessingOfTheForge"},{"floor":8,"key":"Energy Potion"}],"is_trial":false,"path_per_floor":["M","$","M","M","?","R","?","M","T","E","R","E","?","M","R","B",null,"M","?","?","?","$","E"],"character_chosen":"HERMIT","items_purchased":["hermit:HoleUp","hermit:LowProfile","hubris:CrystalStatue"],"campfire_rested":1,"item_purchase_floors":[2,2,22],"current_hp_per_floor":[77,77,75,73,57,57,77,67,67,42,42,29,49,42,80,53,80,66,66,66,66,66,0,0],"gold":20,"neow_bonus":"BOSS_RELIC","is_daily":false,"chose_seed":false,"campfire_upgraded":1,"win_rate":0.0,"timestamp":1608063895,"path_taken":["M","$","M","M","?","R","?","M","T","E","R","E","?","M","R","BOSS","M","?","?","?","$","E"],"items_purchased_type":["Card","Card","Relic"],"build_version":"2020-12-13","purchased_purges":0,"victory":false,"max_hp_per_floor":[80,80,80,80,80,80,80,80,80,80,80,80,80,80,80,80,80,80,80,80,80,80,80,80],"card_choices":[{"not_picked":["hermit:LowProfile","hermit:WideOpen"],"picked":"hermit:HoleUp","floor":0},{"not_picked":["hermit:Grudge","hermit:WideOpen"],"picked":"hermit:CursedWeapon","floor":1},{"not_picked":["hermit:OverwhelmingPower","hermit:CalledShot"],"picked":"hermit:Glare","floor":3},{"not_picked":["hermit:Misfire","hermit:ItchyTrigger"],"picked":"hermit:Glare","floor":4},{"not_picked":["hermit:Manifest","hermit:Feint"],"picked":"hermit:Virtue","floor":8},{"not_picked":["hermit:DeadMansHand","hermit:Adapt"],"picked":"hermit:Desperado","floor":10},{"not_picked":["hermit:HoleUp","hermit:Roulette"],"picked":"hermit:Desperado","floor":12},{"not_picked":["hermit:Manifest","hermit:Vantage"],"picked":"hermit:Grudge","floor":14},{"not_picked":["hermit:Dissolve","hermit:HighNoon"],"picked":"hermit:RoundhouseKick","floor":16},{"not_picked":["hermit:Vantage","hermit:TrackingShot"],"picked":"hermit:GoldenBullet","floor":18}],"player_experience":616073,"relics_obtained":[{"floor":9,"key":"Happy Flower"},{"floor":10,"key":"Lantern"},{"floor":12,"key":"Regal Pillow"}],"event_choices":[{"damage_healed":0,"gold_gain":0,"player_choice":"Entered Light","damage_taken":16,"max_hp_gain":0,"max_hp_loss":0,"event_name":"Shining Light","floor":5,"gold_loss":0,"cards_upgraded":["hermit:Glare","hermit:LowProfile"]},{"damage_healed":20,"gold_gain":0,"player_choice":"Healed","damage_taken":0,"max_hp_gain":0,"max_hp_loss":0,"event_name":"The Cleric","floor":7,"gold_loss":35},{"damage_healed":20,"gold_gain":0,"player_choice":"Healed and dodged fight","damage_taken":0,"max_hp_gain":0,"max_hp_loss":0,"event_name":"Mushrooms","floor":13,"gold_loss":0,"cards_obtained":["Parasite"]},{"damage_healed":0,"gold_gain":0,"player_choice":"Ignored","damage_taken":0,"max_hp_gain":0,"max_hp_loss":0,"event_name":"The Mausoleum","floor":19,"gold_loss":0},{"damage_healed":0,"gold_gain":0,"player_choice":"Ignored","damage_taken":0,"max_hp_gain":0,"max_hp_loss":0,"event_name":"Beggar","floor":20,"gold_loss":0}],"is_beta":false,"boss_relics":[{"not_picked":["Coffee Dripper","Runic Pyramid"],"picked":"Fusion Hammer"}],"items_purged_floors":[],"is_endless":false,"potions_floor_spawned":[3,8,10],"killed_by":"Gremlin Leader","ascension_level":0}}