{"host":"gzrx8rm2nhta4pjr","time":1608006772,"event":{"mods":["2.2 Compatiblity","Act Like it!","AlwaysNeverKeys","BaseMod","Better Altar","Better Sensory Stone","Better Silent Start","Block Reminder","Curses Come First","Defuse TimeMaze Blight","Disable Question Mark Monsters","Emptier Cage","GifTheSpireLib","Infinite Spire","Marked Mod","Minty Spire (QoL Compilation)","Potionbrewer","Rare Cards Sparkle","Remove Card Discount Mod","Reorder Act Four","SCP261 Mod","Shop Mod","StSLib","Stuff the Spire","Swap Starting Deck Mod","The Bug Knight","The Senshi","The Servant 0.9.4","Transform Curses"],"gold_per_floor":[115,132,92,105,118,152,152,182,253,281,281,293,368,53,53,152,152,163,176,176,10,25,25,35,54,54,88,88,88,104,136,136,241,241,260,276,276,287,21,21,46,97,97,128,128,142,142,142,142,238,238,249,321,320,320,328,343,358,358,405,405,405,405,148,148,148,225,275,272,91,541,567,567,567,572,572,572,604,604,606,608,228,228,295,295,305,1304,1304,1304,1306,1308,1308,1308,1332,1332,1029,1029,633,632,632,688,688,697,745,745,745,745,745,776,830,830,532,557,576,578,598,598,680,680,692,700,726,735,751,780,780,809,856,854,908,918,1027,1030,1030,1123,1132,1147,1167,2184,2184,1914,1914,1920,1920,1943,1731,1778,1796,1797,1797,1797,1839,1839,1407,1407,1427,1498],"floor_reached":158,"playtime":6796,"items_purged":["Normality","Normality","StuffTheSpire:Slingshot","Ghostly Armor","Normality","Normality"],"score":4396,"play_id":"b53394c6-dd28-4aa6-9f65-3fbb756efb3a","local_time":"20201214233252","is_ascension_mode":false,"campfire_choices":[{"floor":7.0,"key":"REST"},{"data":"Armaments","floor":11.0,"key":"SMITH"},{"data":"Apotheosis","floor":15,"key":"SMITH"},{"data":"Barricade","floor":23,"key":"SMITH"},{"data":"1","floor":32,"key":"LIFT"},{"data":"2","floor":40,"key":"LIFT"},{"data":"3","floor":45,"key":"LIFT"},{"data":"Searing Blow+1","floor":47,"key":"SMITH"},{"data":"Searing Blow+2","floor":49,"key":"SMITH"},{"data":"Searing Blow+3","floor":59,"key":"SMITH"},{"data":"Searing Blow+4","floor":62,"key":"SMITH"},{"data":"Searing Blow+5","floor":66,"key":"SMITH"},{"floor":74,"key":"REST"},{"data":"Searing Blow+6","floor":76,"key":"SMITH"},{"data":"Searing Blow+7","floor":79,"key":"SMITH"},{"data":"Searing Blow+8","floor":83,"key":"SMITH"},{"data":"Searing Blow+9","floor":93,"key":"SMITH"},{"data":"Searing Blow+10","floor":95,"key":"SMITH"},{"data":"Searing Blow+11","floor":97,"key":"SMITH"},{"data":"Searing Blow+12","floor":100,"key":"SMITH"},{"floor":108,"key":"REST"},{"data":"Searing Blow+13","floor":117,"key":"SMITH"},{"data":"Searing Blow+14","floor":126,"key":"SMITH"},{"data":"Searing Blow+15","floor":134,"key":"SMITH"},{"data":"Searing Blow+16","floor":142,"key":"SMITH"},{"data":"Searing Blow+17","floor":144,"key":"SMITH"},{"data":"Searing Blow+18","floor":151,"key":"SMITH"},{"data":"Searing Blow+19","floor":155,"key":"SMITH"}],"circlet_count":0,"master_deck":["Iron Wave","Iron Wave","Iron Wave","Iron Wave","Iron Wave","Entrench","Entrench+1","Entrench","Entrench","Barricade+1","StuffTheSpire:RagingBull","Disarm","Pummel","Pummel","Body Slam","Armaments+1","Disarm","Flex","Inflame","Apotheosis+1","Limit Break","True Grit+1","StuffTheSpire:Incineration","Metallicize","Shockwave+1","Reaper","infinitespire:Starlight","infinitespire:Starlight","StuffTheSpire:Incineration","Body Slam","Reaper","Flex","Searing Blow+20","Battle Trance+1","Fire Breathing","StuffTheSpire:Resist","Bloodletting+1","Feed","Immolate","Wild Strike","Whirlwind","infinitespire:UltimateForm","Immolate","Body Slam","Rampage","infinitespire:UltimateForm","Reaper","Power Through","Heavy Blade","The Bomb","infinitespire:Fortify","StuffTheSpire:Incineration","Feel No Pain","Sword Boomerang","Seeing Red+1","Limit Break","Panacea","StuffTheSpire:Incineration","StuffTheSpire:CelestialWarden","Trip","Immolate","Discovery","Immolate","Metallicize","Metallicize","infinitespire:SealOfDarkness+","infinitespire:DeathsTouch","StuffTheSpire:Resist","Sadistic Nature","Trip","Impervious","Metallicize","RitualDagger","Feel No Pain","infinitespire:Execution","StuffTheSpire:Incineration","StuffTheSpire:Incineration+1","StuffTheSpire:Incineration","StuffTheSpire:RagingBull","CurseOfTheBell","Pummel+1","Feel No Pain","Thinking Ahead","Panacea","Mind Blast+1","Metallicize","Impervious","Sadistic Nature","Heavy Blade+1","Swift Strike+1","Immolate+1"],"relics":["Black Blood","TungstenRod","infinitespire:Lychee Nut","Meat on the Bone","MerchantsRug","potionbrewer:BhaskarasWheel","Girya","Paper Frog","infinitespire:Cupcake","Mark of Pain","Eternal Feather","StuffTheSpire:RubySignet","Tiny Chest","theSenshi:FeatherClipsRelic","StuffTheSpire:ForceGauntlet","Bottled Lightning","Shuriken","ClockworkSouvenir","Red Skull","potionbrewer:MortarAndPestle","Membership Card","Orichalcum","Ancient Tea Set","StuffTheSpire:GrapeVine","Singing Bowl","Blood Vial","StuffTheSpire:DullRazor","StuffTheSpire:CocoNut","StoneCalendar","Charon\u0027s Ashes","Mummified Hand","StuffTheSpire:NeowsTribute","Dream Catcher","Toolbox","SacredBark","Champion Belt","potionbrewer:WarMedal","Kunai","Darkstone Periapt","Du-Vu Doll","StuffTheSpire:HeavyRock","CeramicFish","PreservedInsect","infinitespire:Burning Sword","infinitespire:Beetle Shell","Red Mask","Bottled Tornado","Pantograph","Regal Pillow","HornCleat","StuffTheSpire:MayFlowers","Bird Faced Urn","infinitespire:ShieldingShard","potionbrewer:Torch","Sling","Molten Egg 2","HollowMod:QueensCombRelic","Gremlin Horn","StuffTheSpire:RunicHypercube","Letter Opener","StuffTheSpire:Experiment12","Lantern"],"acts_visited":["TheCity","TheBeyond","Exordium","TheCity","TheBeyond","Exordium","TheCity","TheBeyond","TheEnding"],"potions_floor_usage":[25,46,50,50,50,67,84,84,84,84,84,86,90,91,91,101,101,152,152,152],"damage_taken":[{"damage":6.0,"enemies":"Cultist","floor":1.0,"turns":6.0},{"damage":0.0,"enemies":"2 Louse","floor":2.0,"turns":3.0},{"damage":3.0,"enemies":"Jaw Worm","floor":4.0,"turns":5.0},{"damage":31.0,"enemies":"Exordium Thugs","floor":5.0,"turns":8.0},{"damage":0.0,"enemies":"Lagavulin","floor":6.0,"turns":13.0},{"damage":23.0,"enemies":"3 Sentries","floor":8.0,"turns":12.0},{"damage":12.0,"enemies":"Lagavulin","floor":10.0,"turns":13.0},{"damage":1.0,"enemies":"Large Slime","floor":12.0,"turns":5.0},{"damage":28,"enemies":"Slime Boss","floor":16,"turns":12},{"damage":16,"enemies":"Spheric Guardian","floor":18,"turns":4},{"damage":0,"enemies":"Chosen","floor":19,"turns":6},{"damage":0,"enemies":"Snecko","floor":22,"turns":7},{"damage":0,"enemies":"Cultist and Chosen","floor":24,"turns":7},{"damage":6,"enemies":"3 Cultists","floor":25,"turns":5},{"damage":12,"enemies":"Nightmare","floor":27,"turns":7},{"damage":0,"enemies":"Snecko","floor":30,"turns":4},{"damage":58,"enemies":"Slavers","floor":31,"turns":6},{"damage":0,"enemies":"Automaton","floor":33,"turns":8},{"damage":0,"enemies":"Orb Walker","floor":35,"turns":2},{"damage":9,"enemies":"3 Shapes","floor":36,"turns":4},{"damage":23,"enemies":"Transient","floor":38,"turns":5},{"damage":66,"enemies":"Giant Head","floor":41,"turns":9},{"damage":22,"enemies":"Nemesis","floor":44,"turns":5},{"damage":64,"enemies":"Spire Growth","floor":46,"turns":6},{"damage":99,"enemies":"Time Eater","floor":50,"turns":14},{"damage":0,"enemies":"Jaw Worm","floor":52,"turns":3},{"damage":0,"enemies":"Cultist","floor":54,"turns":3},{"damage":12,"enemies":"Small Slimes","floor":56,"turns":3},{"damage":57,"enemies":"Gremlin Nob","floor":57,"turns":5},{"damage":0,"enemies":"3 Louse","floor":58,"turns":1},{"damage":49,"enemies":"The Guardian","floor":67,"turns":6},{"damage":51,"enemies":"3 Byrds","floor":69,"turns":6},{"damage":2,"enemies":"Chosen","floor":75,"turns":3},{"damage":0,"enemies":"Slavers","floor":78,"turns":1},{"damage":39,"enemies":"Snake Plant","floor":80,"turns":4},{"damage":1,"enemies":"3 Cultists","floor":81,"turns":4},{"damage":14,"enemies":"Champ","floor":84,"turns":9},{"damage":1,"enemies":"3 Shapes","floor":86,"turns":2},{"damage":38,"enemies":"Orb Walker","floor":90,"turns":3},{"damage":77,"enemies":"Nemesis","floor":91,"turns":7},{"damage":14,"enemies":"Jaw Worm Horde","floor":99,"turns":3},{"damage":63,"enemies":"infinitespire:MassOfShapes","floor":101,"turns":8},{"damage":0,"enemies":"Cultist","floor":103,"turns":2},{"damage":31,"enemies":"Gremlin Nob","floor":104,"turns":3},{"damage":0,"enemies":"Lagavulin","floor":109,"turns":1},{"damage":0,"enemies":"Gremlin Nob","floor":113,"turns":2},{"damage":14,"enemies":"Jaw Worm","floor":114,"turns":2},{"damage":3,"enemies":"Small Slimes","floor":115,"turns":2},{"damage":0,"enemies":"Gremlin Gang","floor":116,"turns":1},{"damage":0,"enemies":"Slime Boss","floor":118,"turns":6},{"damage":0,"enemies":"Spheric Guardian","floor":120,"turns":2},{"damage":0,"enemies":"Chosen","floor":121,"turns":2},{"damage":40,"enemies":"Masked Bandits","floor":124,"turns":3},{"damage":0,"enemies":"Slavers","floor":125,"turns":2},{"damage":0,"enemies":"Nightmare","floor":127,"turns":3},{"damage":5,"enemies":"Snecko","floor":129,"turns":4},{"damage":14,"enemies":"Cultist and Chosen","floor":131,"turns":2},{"damage":33,"enemies":"Snake Plant","floor":133,"turns":2},{"damage":0,"enemies":"Automaton","floor":135,"turns":2},{"damage":25,"enemies":"Orb Walker","floor":137,"turns":2},{"damage":13,"enemies":"3 Shapes","floor":138,"turns":3},{"damage":6,"enemies":"Giant Head","floor":143,"turns":5},{"damage":0,"enemies":"2 Orb Walkers","floor":147,"turns":1},{"damage":38,"enemies":"Spire Growth","floor":149,"turns":3},{"damage":150,"enemies":"infinitespire:LordOfFortification","floor":152,"turns":11},{"damage":26,"enemies":"Shield and Spear","floor":156,"turns":2},{"damage":89,"enemies":"The Heart","floor":157,"turns":7}],"seed_played":"2737640494408821760","potions_obtained":[{"floor":2.0,"key":"Regen Potion"},{"floor":5.0,"key":"EssenceOfSteel"},{"floor":16,"key":"BloodPotion"},{"floor":18,"key":"SCP261:GirlTearsPotion"},{"floor":24,"key":"Block Potion"},{"floor":33,"key":"SmokeBomb"},{"floor":35,"key":"SteroidPotion"},{"floor":46,"key":"potionbrewer:BarricadePotion"},{"floor":48,"key":"LiquidMemories"},{"floor":50,"key":"SpeedPotion"},{"floor":52,"key":"potionbrewer:InfectionPotion"},{"floor":58,"key":"SCP261:BarrettColaPotion"},{"floor":68,"key":"Regen Potion"},{"floor":75,"key":"potionbrewer:EndurancePotion"},{"floor":81,"key":"potionbrewer:SplittingPotion"},{"floor":84,"key":"potionbrewer:SplittingPotion"},{"floor":86,"key":"Explosive Potion"},{"floor":101,"key":"Strength Potion"},{"floor":103,"key":"ElixirPotion"},{"floor":104,"key":"Energy Potion"},{"floor":109,"key":"potionbrewer:ToxicPotion"},{"floor":124,"key":"SteroidPotion"},{"floor":131,"key":"EssenceOfSteel"},{"floor":152,"key":"FearPotion"}],"is_trial":false,"path_per_floor":["M","M","$","M","M","E","R","E","T","E","R","M","?","$","R","B",null,"M","M","?","$","M","R","M","M","T","NM","?","AVR","M","E","R","B",null,"M","M","?","M","$","R","E","T","T","E","R","M","R","?","R","B",null,"M","?","M","AVR","M","E","M","R","T","T","R","?","$","?","R","B",null,"M","$","?","T","AVR","R","M","R","T","E","R","M","M","$","R","B",null,"M","?","?","T","M","E","?","R","T","R","$","R","$","M","R","B",null,"M","?","T","?","AVR","R","E","?","T","$","E","M","M","M","R","B",null,"M","M","T","?","?","E","R","NM","T","M","AVR","M","$","M","R","B",null,"M","M","?","T","$","R","E","R","T","$","?","?","M","T","R","B",null,"$","R","E","B",null],"character_chosen":"IRONCLAD","items_purchased":["Pummel","MerchantsRug","Apotheosis","Strawberry","Metallicize","Eternal Feather","BloodPotion","LiquidBronze","Fire Breathing","ClockworkSouvenir","Red Skull","Membership Card","The Bomb","Singing Bowl","Blood Vial","StuffTheSpire:DullRazor","Limit Break","Panacea","Charon\u0027s Ashes","Mummified Hand","ColorlessPotion","Trip","StuffTheSpire:NeowsTribute","Dream Catcher","Toolbox","Immolate","Discovery","potionbrewer:ToxicPotion","BloodPotion","StuffTheSpire:HeavyRock","CeramicFish","StuffTheSpire:Resist","Sadistic Nature","Trip","Pantograph","Bird Faced Urn","infinitespire:ShieldingShard","Sling","Molten Egg 2","Feel No Pain","Thinking Ahead","Letter Opener","StuffTheSpire:Experiment12","Metallicize","Impervious","Sadistic Nature","SpeedPotion","BlessingOfTheForge","Heavy Blade+1","Swift Strike+1"],"campfire_rested":3,"item_purchase_floors":[3,14,14,21,21,39,39,39,39,64,64,70,70,82,82,82,82,82,96,96,96,96,98,98,98,98,98,98,98,112,112,112,112,112,132,141,141,146,146,146,146,154,154,154,154,154,154,154,154,154],"current_hp_per_floor":[40,46,46,63,38,44,68,51,51,51,51,60,55,55,55,38,60,51,60,60,67,67,67,67,67,67,77,77,77,77,77,77,77,77,77,77,77,77,77,77,59,59,59,77,77,69,77,77,77,76,77,77,77,77,77,77,65,77,77,77,77,77,57,57,57,77,77,82,65,65,25,25,25,79,82,82,82,82,82,82,82,82,82,84,84,84,84,84,91,82,60,60,95,95,95,95,95,95,97,97,97,97,97,97,97,97,97,99,101,101,101,101,103,103,109,109,109,109,109,109,111,111,106,98,115,115,115,115,117,119,121,121,108,123,125,131,126,133,145,145,145,145,147,147,147,147,100,100,90,90,106,91,108,108,108,106,62],"gold":1498,"neow_bonus":"","is_daily":false,"chose_seed":false,"campfire_upgraded":22,"win_rate":0.0,"timestamp":1608006772,"path_taken":["M","M","?","M","M","E","R","E","T","E","R","M","?","$","R","BOSS","M","M","?","$","M","R","M","M","T","NM","?","AVR","M","E","R","BOSS","M","M","?","M","$","R","E","?","T","E","R","?","R","?","R","BOSS","M","?","M","AVR","M","E","M","R","T","?","R","?","$","?","R","BOSS","M","$","?","?","AVR","R","?","R","T","E","R","M","M","$","R","BOSS","M","?","?","?","?","E","?","R","T","R","$","R","$","M","R","BOSS","M","?","?","?","AVR","R","E","?","T","$","E","M","?","M","R","BOSS","M","M","?","?","?","E","R","NM","T","M","AVR","M","$","M","R","BOSS","M","M","?","?","?","R","E","R","T","$","?","?","M","?","R","BOSS","$","R","E","BOSS"],"items_purchased_type":["Card","Relic","Card","Relic","Card","Relic","Potion","Potion","Card","Relic","Relic","Relic","Card","Relic","Relic","Relic","Card","Card","Relic","Relic","Potion","Card","Relic","Relic","Relic","Card","Card","Potion","Potion","Relic","Relic","Card","Card","Card","Relic","Relic","Relic","Relic","Relic","Card","Card","Relic","Relic","Card","Card","Card","Potion","Potion","Card","Card"],"build_version":"2020-12-13","purchased_purges":6,"victory":true,"max_hp_per_floor":[80,80,80,80,80,80,80,60,60,60,60,60,60,60,60,60,60,60,60,60,67,67,67,67,67,67,77,77,77,77,77,77,77,77,77,77,77,77,77,77,77,77,77,77,77,77,77,77,77,77,77,77,77,77,77,77,77,77,77,77,77,77,77,77,77,77,77,82,82,82,82,82,82,82,82,82,82,82,82,82,82,82,82,84,84,84,84,84,91,93,95,95,95,95,95,95,95,95,97,97,97,97,97,97,97,97,97,99,101,101,101,101,103,103,109,109,109,109,109,109,111,111,111,113,115,115,115,115,117,119,121,121,123,123,125,131,133,133,145,145,145,145,147,147,147,147,100,100,106,106,106,108,108,108,108,110,110],"card_choices":[{"not_picked":["StuffTheSpire:Slingshot","Thunderclap"],"picked":"StuffTheSpire:RagingBull","floor":1.0},{"not_picked":["Headbutt","Clash"],"picked":"Disarm","floor":2.0},{"not_picked":["True Grit","Flex"],"picked":"Pummel","floor":4.0},{"not_picked":["True Grit","StuffTheSpire:TitanForm"],"picked":"Body Slam","floor":5.0},{"not_picked":["Rampage","Dark Embrace"],"picked":"Armaments","floor":6.0},{"not_picked":["Body Slam","True Grit"],"picked":"Disarm","floor":8.0},{"not_picked":["Pommel Strike","Hemokinesis"],"picked":"Flex","floor":10.0},{"not_picked":["StuffTheSpire:Pyroclast","Carnage"],"picked":"Inflame","floor":12.0},{"not_picked":["Berserk","Offering"],"picked":"Limit Break","floor":16},{"not_picked":["Heavy Blade","Burning Pact+1"],"picked":"True Grit+1","floor":18},{"not_picked":["Anger","Clothesline"],"picked":"StuffTheSpire:Incineration","floor":19},{"not_picked":["True Grit+1","Perfected Strike"],"picked":"Shockwave+1","floor":22},{"not_picked":["Sever Soul","Shrug It Off","Headbutt"],"picked":"SKIP","floor":24},{"not_picked":["Hemokinesis","StuffTheSpire:Incineration"],"picked":"Reaper","floor":25},{"not_picked":["infinitespire:Oblivion","infinitespire:Gouge"],"picked":"infinitespire:Starlight","floor":27},{"not_picked":["Corruption","Anger"],"picked":"Fire Breathing","floor":27},{"not_picked":["Bloodletting","Twin Strike+1"],"picked":"StuffTheSpire:Incineration","floor":30},{"not_picked":["StuffTheSpire:RagingBull+1","Evolve"],"picked":"Body Slam","floor":31},{"not_picked":["Bludgeon","Exhume"],"picked":"Reaper","floor":33},{"not_picked":["StuffTheSpire:RockThrow+1","Hemokinesis"],"picked":"Flex","floor":35},{"not_picked":["Cleave","Blood for Blood+1"],"picked":"Searing Blow+1","floor":36},{"not_picked":["Iron Wave+1","Burning Pact+1"],"picked":"Battle Trance+1","floor":38},{"not_picked":["Warcry+1","Sword Boomerang+1"],"picked":"StuffTheSpire:Resist","floor":41},{"not_picked":["Warcry","Thunderclap"],"picked":"Bloodletting+1","floor":44},{"not_picked":["StuffTheSpire:RockThrow+1","Carnage+1"],"picked":"Feed","floor":46},{"not_picked":["Fiend Fire","Offering"],"picked":"Immolate","floor":50},{"not_picked":["Searing Blow","Flex"],"picked":"Wild Strike","floor":52},{"not_picked":["Bloodletting","Shrug It Off"],"picked":"Whirlwind","floor":54},{"not_picked":["Clothesline","Body Slam"],"picked":"Immolate","floor":56},{"not_picked":["StuffTheSpire:Slingshot","Entrench"],"picked":"Body Slam","floor":57},{"not_picked":["Rupture","Perfected Strike"],"picked":"Rampage","floor":58},{"not_picked":["infinitespire:DeathsTouch","infinitespire:Gouge"],"picked":"infinitespire:UltimateForm","floor":67},{"not_picked":["Exhume","Brutality"],"picked":"Reaper","floor":67},{"not_picked":["StuffTheSpire:Slingshot","Anger"],"picked":"Power Through","floor":68},{"not_picked":["Intimidate","Battle Trance"],"picked":"Heavy Blade","floor":69},{"not_picked":["Iron Wave+1","Sword Boomerang"],"picked":"StuffTheSpire:Incineration","floor":75},{"not_picked":["Impervious","Seeing Red"],"picked":"Feel No Pain","floor":78},{"not_picked":["Wild Strike","Clothesline"],"picked":"Sword Boomerang","floor":80},{"not_picked":["StuffTheSpire:RagingBull","True Grit"],"picked":"Seeing Red+1","floor":81},{"not_picked":["Fiend Fire","Exhume","Feed"],"picked":"Singing Bowl","floor":84},{"not_picked":["Headbutt","StuffTheSpire:RockThrow+1"],"picked":"StuffTheSpire:Incineration","floor":86},{"not_picked":["StuffTheSpire:Perfection","StuffTheSpire:Brawn"],"picked":"StuffTheSpire:CelestialWarden","floor":88},{"not_picked":["StuffTheSpire:Slingshot+1","Armaments","Reckless Charge+1"],"picked":"Singing Bowl","floor":90},{"not_picked":["Body Slam+1","Headbutt","Combust+1"],"picked":"Singing Bowl","floor":91},{"not_picked":["Shrug It Off","Clothesline+1","Warcry+1"],"picked":"Singing Bowl","floor":99},{"not_picked":["Fiend Fire","Feed"],"picked":"Immolate","floor":101},{"not_picked":["Shrug It Off","Twin Strike"],"picked":"Metallicize","floor":103},{"not_picked":["Infernal Blade","True Grit"],"picked":"Metallicize","floor":104},{"not_picked":["StuffTheSpire:Slingshot","Demon Form","Warcry"],"picked":"Singing Bowl","floor":108},{"not_picked":["Seeing Red","Armaments","Pommel Strike"],"picked":"Singing Bowl","floor":109},{"not_picked":["Dark Embrace","StuffTheSpire:BloodClot","Sentinel"],"picked":"Singing Bowl","floor":113},{"not_picked":["Power Through","Warcry"],"picked":"StuffTheSpire:Slingshot","floor":114},{"not_picked":["Armaments","Intimidate","StuffTheSpire:RockThrow"],"picked":"Singing Bowl","floor":115},{"not_picked":["Sever Soul","StuffTheSpire:Slingshot"],"picked":"Ghostly Armor","floor":116},{"not_picked":["Double Tap","Demon Form"],"picked":"Impervious","floor":118},{"not_picked":["Hemokinesis+1","Warcry"],"picked":"Metallicize","floor":120},{"not_picked":["Thunderclap","Shrug It Off","Clothesline+1"],"picked":"Singing Bowl","floor":121},{"not_picked":["Pommel Strike","Shrug It Off","StuffTheSpire:RockThrow"],"picked":"Singing Bowl","floor":124},{"not_picked":["Infernal Blade","Battle Trance","Seeing Red"],"picked":"Singing Bowl","floor":125},{"not_picked":["Bludgeon","Reckless Charge+1"],"picked":"Feel No Pain","floor":127},{"not_picked":["Anger","Armaments","Clash"],"picked":"Singing Bowl","floor":129},{"not_picked":["Warcry","Pummel"],"picked":"StuffTheSpire:Incineration","floor":130},{"not_picked":["Body Slam","Rupture","Heavy Blade+1"],"picked":"Singing Bowl","floor":130},{"not_picked":["Evolve","Shrug It Off"],"picked":"StuffTheSpire:Incineration+1","floor":130},{"not_picked":["Second Wind","Headbutt"],"picked":"StuffTheSpire:Incineration","floor":130},{"not_picked":["Sword Boomerang","Metallicize"],"picked":"StuffTheSpire:RagingBull","floor":130},{"not_picked":["Burning Pact","Pommel Strike","Carnage"],"picked":"Singing Bowl","floor":131},{"not_picked":["Double Tap","Second Wind+1","Clash"],"picked":"Singing Bowl","floor":133},{"not_picked":["Offering","Immolate","Fiend Fire"],"picked":"Singing Bowl","floor":135},{"not_picked":["StuffTheSpire:RockThrow+1","Clash+1","Warcry+1"],"picked":"Singing Bowl","floor":137},{"not_picked":["True Grit","Anger+1"],"picked":"Pummel+1","floor":138},{"not_picked":["Anger","StuffTheSpire:RockThrow","Dual Wield+1"],"picked":"Singing Bowl","floor":143},{"not_picked":["Twin Strike+1","Perfected Strike+1","Sever Soul+1"],"picked":"Singing Bowl","floor":147},{"not_picked":["Transmutation","Blind"],"picked":"Panacea","floor":148},{"not_picked":["StuffTheSpire:PlasmaPunch+1","Forethought"],"picked":"Mind Blast+1","floor":148},{"not_picked":["Spot Weakness","Iron Wave+1","Bloodletting"],"picked":"Singing Bowl","floor":149},{"not_picked":["Demon Form","Bludgeon+1","StuffTheSpire:TitanForm"],"picked":"Singing Bowl","floor":152},{"not_picked":["Pommel Strike+1","Cleave+1","Havoc+1"],"picked":"Singing Bowl","floor":156},{"not_picked":["Bludgeon+1","Offering"],"picked":"Immolate+1","floor":157}],"player_experience":1321599,"relics_obtained":[{"floor":6.0,"key":"TungstenRod"},{"floor":8.0,"key":"infinitespire:Lychee Nut"},{"floor":9.0,"key":"Meat on the Bone"},{"floor":10.0,"key":"Anchor"},{"floor":26,"key":"Girya"},{"floor":27,"key":"Pear"},{"floor":31,"key":"Art of War"},{"floor":41,"key":"StuffTheSpire:RubySignet"},{"floor":42,"key":"Tiny Chest"},{"floor":43,"key":"theSenshi:FeatherClipsRelic"},{"floor":44,"key":"StuffTheSpire:ForceGauntlet"},{"floor":57,"key":"Bottled Lightning"},{"floor":60,"key":"potionbrewer:ToyAutogyro"},{"floor":61,"key":"Shuriken"},{"floor":65,"key":"potionbrewer:MortarAndPestle"},{"floor":72,"key":"Orichalcum"},{"floor":77,"key":"Ancient Tea Set"},{"floor":78,"key":"StuffTheSpire:GrapeVine"},{"floor":89,"key":"StuffTheSpire:CocoNut"},{"floor":91,"key":"StoneCalendar"},{"floor":94,"key":"Bag of Preparation"},{"floor":105,"key":"potionbrewer:WarMedal"},{"floor":109,"key":"Darkstone Periapt"},{"floor":111,"key":"Du-Vu Doll"},{"floor":113,"key":"PreservedInsect"},{"floor":122,"key":"infinitespire:Beetle Shell"},{"floor":124,"key":"Red Mask"},{"floor":125,"key":"InkBottle"},{"floor":127,"key":"Bottled Tornado"},{"floor":128,"key":"Smiling Mask"},{"floor":136,"key":"Regal Pillow"},{"floor":136,"key":"HornCleat"},{"floor":136,"key":"StuffTheSpire:MayFlowers"},{"floor":140,"key":"infinitespire:PuzzleCube"},{"floor":143,"key":"Oddly Smooth Stone"},{"floor":145,"key":"potionbrewer:Torch"},{"floor":147,"key":"HollowMod:QueensCombRelic"},{"floor":150,"key":"Gremlin Horn"},{"floor":156,"key":"Lantern"}],"event_choices":[{"damage_healed":0.0,"max_hp_gain":0.0,"max_hp_loss":0.0,"gold_gain":75.0,"event_name":"FaceTrader","player_choice":"Touch","floor":13.0,"gold_loss":0.0,"damage_taken":6.0},{"damage_healed":0,"gold_gain":0,"player_choice":"Ignored","damage_taken":0,"max_hp_gain":0,"max_hp_loss":0,"event_name":"Ghosts","floor":20,"gold_loss":0},{"damage_healed":0,"gold_gain":0,"player_choice":"Ignored","damage_taken":0,"max_hp_gain":0,"max_hp_loss":0,"event_name":"Vampires","floor":28,"gold_loss":0},{"cards_removed":["Fire Breathing"],"damage_healed":0,"gold_gain":0,"player_choice":"Removed Power","damage_taken":0,"max_hp_gain":0,"max_hp_loss":0,"event_name":"Falling","floor":37,"gold_loss":0},{"damage_healed":0,"gold_gain":0,"player_choice":"Got Potions","damage_taken":0,"max_hp_gain":0,"max_hp_loss":0,"event_name":"Lab","floor":48,"gold_loss":0},{"damage_healed":0,"gold_gain":72,"player_choice":"Gained Gold","damage_taken":0,"max_hp_gain":0,"max_hp_loss":0,"event_name":"Golden Wing","floor":53,"gold_loss":0},{"damage_healed":0,"gold_gain":0,"player_choice":"Success","damage_taken":25,"relics_obtained":["Vajra"],"max_hp_gain":0,"max_hp_loss":0,"event_name":"Scrap Ooze","floor":63,"gold_loss":0},{"damage_healed":0,"gold_gain":450,"player_choice":"GOLD GOLD GOLD GOLD GOLD ","damage_taken":46,"max_hp_gain":0,"max_hp_loss":0,"event_name":"Knowing Skull","floor":71,"potions_obtained":[],"gold_loss":0,"cards_obtained":[]},{"damage_healed":0,"gold_gain":999,"player_choice":"Gold","damage_taken":0,"max_hp_gain":0,"max_hp_loss":0,"event_name":"MindBloom","floor":87,"gold_loss":0,"cards_obtained":["Normality","Normality"]},{"damage_healed":0,"gold_gain":0,"player_choice":"Ignored","damage_taken":0,"max_hp_gain":0,"max_hp_loss":0,"event_name":"Tomb of Lord Red Mask","floor":92,"gold_loss":0},{"damage_healed":0,"gold_gain":0,"player_choice":"Searched \u00272\u0027 times","damage_taken":0,"relics_obtained":["Champion Belt"],"max_hp_gain":0,"max_hp_loss":0,"event_name":"Dead Adventurer","floor":104,"gold_loss":0},{"damage_healed":0,"gold_gain":54,"player_choice":"Gained Gold","damage_taken":0,"max_hp_gain":0,"max_hp_loss":0,"event_name":"Golden Wing","floor":110,"gold_loss":0},{"damage_healed":0,"gold_gain":0,"player_choice":"Joined the Cult","damage_taken":6,"max_hp_gain":0,"max_hp_loss":0,"event_name":"Nest","floor":123,"gold_loss":0,"cards_obtained":["RitualDagger"]},{"damage_healed":0,"gold_gain":0,"player_choice":"Fought Bandits","damage_taken":0,"max_hp_gain":0,"max_hp_loss":0,"event_name":"Masked Bandits","floor":124,"gold_loss":0},{"damage_healed":0,"gold_gain":999,"player_choice":"Gold","damage_taken":0,"max_hp_gain":0,"max_hp_loss":0,"event_name":"MindBloom","floor":139,"gold_loss":0,"cards_obtained":["Normality","Normality"]},{"damage_healed":0,"gold_gain":0,"player_choice":"Fight","damage_taken":0,"max_hp_gain":0,"max_hp_loss":0,"event_name":"Mysterious Sphere","floor":147,"gold_loss":0},{"damage_healed":0,"gold_gain":9,"player_choice":"1","damage_taken":0,"max_hp_gain":0,"max_hp_loss":0,"event_name":"betterStone:BetterStone","floor":148,"gold_loss":0}],"is_beta":false,"boss_relics":[{"not_picked":["Astrolabe","Tiny House"],"picked":"potionbrewer:BhaskarasWheel"},{"not_picked":["Empty Cage","SlaversCollar"],"picked":"Mark of Pain"},{"not_picked":["Calling Bell","Cursed Key"],"picked":"Black Blood"},{"not_picked":["Runic Pyramid","Cursed Key"],"picked":"Tiny House"},{"not_picked":["Snecko Eye","StuffTheSpire:Kangaroo"],"picked":"Pandora\u0027s Box"},{"not_picked":["Black Star","Astrolabe"],"picked":"SacredBark"},{"not_picked":["Velvet Choker","Fusion Hammer"],"picked":"infinitespire:Burning Sword"},{"not_picked":["Runic Pyramid","Astrolabe"],"picked":"Calling Bell"},{"not_picked":["StuffTheSpire:ModemDavis","Runic Dome"],"picked":"StuffTheSpire:RunicHypercube"}],"items_purged_floors":[96,96,132,132,141,141],"is_endless":true,"potions_floor_spawned":[2,5,16,18,24,33,35,46,50,52,58,75,78,81,84,86,101,103,104,109,124,131,133,137,152],"ascension_level":0}}