{"host":"4ih4fq53sefgqhvb","time":1608012742,"event":{"mods":["AchievementEnabler","Aspiration","Bard","BaseMod","BetterRewards","Colored Map","Colored Powertips","Conspire","Downfall","Googly Eyes","Hermit","Highlight Path","Hubris","Infinite Spire","Jedi Mod","Jorbs\u0027s Wanderer Trilogy","Marisa????????","Mimic Mod","Minty Spire (QoL Compilation)","Quick Restart","Relic Stats","Replay The Spire","Shop Mod","StSLib","The Animator","The Cursed","The Jungle","The Runesmith"],"gold_per_floor":[99,131,131,131,148,177,177,27,27,27,12,25,39,39,59,154,154,154,164,8,8,8,8,8,8,8,8,8,8,8,8,8,8,8,8,0,0,0,0],"floor_reached":38,"playtime":2667,"items_purged":[],"score":378,"play_id":"3bd13672-da64-4ea7-883d-599bffa6e175","local_time":"20201214221222","is_ascension_mode":false,"campfire_choices":[{"floor":1,"key":"RECALL"},{"floor":8,"key":"REST"},{"data":"champ:Devastate","floor":10,"key":"SMITH"},{"data":"Replay:SS_fish_2","floor":21,"key":"SMITH"},{"data":"champ:BladeFlurry","floor":25,"key":"SMITH"},{"data":"champ:Taunt","floor":27,"key":"SMITH"},{"data":"champ:SteelEdge","floor":35,"key":"SMITH"},{"data":"champ:Shatter","floor":37,"key":"SMITH"}],"circlet_count":0,"master_deck":["champ:Strike","champ:Strike","champ:Strike","champ:Defend","champ:Defend","champ:Defend","champ:Execute","champ:Taunt+1","champ:BerserkerStyle","champ:Backstep","champ:Devastate+1","champ:BladeFlurry+1","champ:HeartStrike","champ:Encircle","champ:BringItOn","champ:MurderStrike","Battle Trance","champ:DefensiveStyle","champ:Shatter","Replay:SS_fish_2+1","champ:Shatter+1","champ:AdrenalArmor+1","champ:BerserkersShout+1","Shame","champ:StanceDance","champ:SteelEdge+1","champ:BringItOn"],"relics":["champ:ChampionCrown","hubris:Reverence","Bag of Preparation","Ornamental Fan","downfall:HeartBlessingRed","downfall:HeartBlessingGreen","aspiration:IroncladSkillbook","jedi:ominousloannote","MerchantsRug","Replay:Baseball","PreservedInsect","Enchiridion","hubris:Icosahedron","aspiration:TomeofQuesting","Sozu"],"acts_visited":["Exordium","TheCity","TheBeyond"],"potions_floor_usage":[33,36],"damage_taken":[{"damage":56,"enemies":"Gremlin Nob","floor":2,"turns":6},{"damage":15,"enemies":"Jaw Worm","floor":5,"turns":5},{"damage":45,"enemies":"Lagavulin","floor":6,"turns":9},{"damage":0,"enemies":"downfall:FleeingMerchant","floor":11,"turns":4},{"damage":5,"enemies":"Small Slimes","floor":12,"turns":3},{"damage":0,"enemies":"2 Louse","floor":13,"turns":2},{"damage":31,"enemies":"Exordium Thugs","floor":15,"turns":6},{"damage":40,"enemies":"downfall:Watcher","floor":16,"turns":10},{"damage":19,"enemies":"3 Byrds","floor":19,"turns":6},{"damage":15,"enemies":"downfall:FleeingMerchant","floor":20,"turns":4},{"damage":9,"enemies":"Snake Plant","floor":22,"turns":2},{"damage":26,"enemies":"Centurion and Healer","floor":28,"turns":4},{"damage":11,"enemies":"Snecko","floor":29,"turns":3},{"damage":26,"enemies":"Cultist and Chosen","floor":32,"turns":3},{"damage":69,"enemies":"downfall:Silent","floor":33,"turns":6},{"damage":36,"enemies":"downfall:FleeingMerchant","floor":36,"turns":4},{"damage":103,"enemies":"Nightmare","floor":38,"turns":5}],"seed_played":"1284817791642514069","potions_obtained":[{"floor":12,"key":"jedi:wingpotion"},{"floor":13,"key":"jedi:wingpotion"},{"floor":15,"key":"BlessingOfTheForge"},{"floor":33,"key":"Adrenaline Potion"}],"is_trial":false,"path_per_floor":["R_BF","E","?","?","M","E","T","R","?","R","$","M","M","?","M","B",null,"R_BF","M","$","R","M","?","T","R","?","R","M","M","?","?","M","B",null,"R","$","R","NM"],"character_chosen":"THE_CHAMP","items_purchased":["jedi:ominousloannote","MerchantsRug","Replay:Baseball","PreservedInsect","Replay:SS_fish_2"],"campfire_rested":1,"item_purchase_floors":[20,20,20,20,20],"current_hp_per_floor":[99,53,53,63,63,38,38,67,67,67,67,67,67,67,45,19,99,99,99,99,99,94,78,78,78,78,78,96,96,96,96,99,99,99,99,98,98,0,0],"gold":0,"neow_bonus":"TEN_PERCENT_HP_BONUS","is_daily":false,"chose_seed":false,"campfire_upgraded":6,"win_rate":0.0,"timestamp":1608012742,"path_taken":["R_BF","E","?","?","M","E","T","R","?","R","?","M","?","?","M","BOSS","R_BF","M","$","R","M","?","T","R","?","R","?","?","?","?","M","BOSS","R","$","R","NM"],"items_purchased_type":["Relic","Relic","Relic","Relic","Card"],"build_version":"2020-12-13","purchased_purges":0,"victory":false,"max_hp_per_floor":[99,99,99,99,99,99,99,99,99,99,99,99,99,99,99,99,99,99,99,99,99,99,99,99,99,99,99,99,99,99,99,99,99,99,99,99,99,99,99],"relic_stats":{"Sozu":0,"counters":[17,82],"Ornamental Fan":[56],"PreservedInsect":88,"Bag of Preparation":[28],"obtain_stats":[{"MerchantsRug":20,"downfall:HeartBlessingRed":8,"Enchiridion":23,"champ:ChampionCrown":0,"downfall:HeartBlessingGreen":8,"aspiration:TomeofQuesting":31,"PreservedInsect":20,"Bag of Preparation":6,"aspiration:IroncladSkillbook":17,"Sozu":34,"Replay:Baseball":20,"downfall:BrokenWingStatue":9,"hubris:Icosahedron":30,"Ornamental Fan":7,"jedi:ominousloannote":20,"hubris:Reverence":2},{"MerchantsRug":10,"downfall:HeartBlessingRed":3,"Enchiridion":11,"champ:ChampionCrown":0,"downfall:HeartBlessingGreen":3,"aspiration:TomeofQuesting":13,"PreservedInsect":10,"Bag of Preparation":3,"aspiration:IroncladSkillbook":8,"Sozu":15,"Replay:Baseball":10,"downfall:BrokenWingStatue":3,"hubris:Icosahedron":13,"Ornamental Fan":3,"jedi:ominousloannote":10,"hubris:Reverence":1},{"MerchantsRug":55,"downfall:HeartBlessingRed":20,"Enchiridion":57,"champ:ChampionCrown":0,"downfall:HeartBlessingGreen":20,"aspiration:TomeofQuesting":64,"PreservedInsect":55,"Bag of Preparation":20,"aspiration:IroncladSkillbook":45,"Sozu":73,"Replay:Baseball":55,"downfall:BrokenWingStatue":20,"hubris:Icosahedron":64,"Ornamental Fan":20,"jedi:ominousloannote":55,"hubris:Reverence":6}]},"card_choices":[{"not_picked":["champ:BerserkersShout","champ:EnGarde"],"picked":"champ:BerserkerStyle","floor":2},{"not_picked":["champ:GladiatorsShout","champ:FlashCut"],"picked":"champ:Backstep","floor":5},{"not_picked":["champ:PreciseThrust","champ:EnGarde"],"picked":"champ:Devastate","floor":6},{"not_picked":["champ:PerfectedStrike","champ:FanOfKnives"],"picked":"champ:BladeFlurry","floor":11},{"not_picked":["champ:DeathBlow","champ:Backstep"],"picked":"champ:HeartStrike","floor":12},{"not_picked":["champ:PerfectedStrike","champ:BladeFlurry"],"picked":"champ:Encircle","floor":13},{"not_picked":["champ:Encircle","champ:BerserkersShout"],"picked":"champ:BringItOn","floor":15},{"not_picked":["champ:CheapShot","champ:VampiricStrike"],"picked":"champ:MurderStrike","floor":16},{"not_picked":["jedi:MakeshiftSword","Replay:Undeath\u0027s Touch","champ:Circumvent+1"],"picked":"champ:DefensiveStyle","floor":19},{"not_picked":["Armaments","Wild Strike","champ:FightOn"],"picked":"champ:Shatter","floor":20},{"not_picked":["Body Slam+1","Thunderclap","Hemokinesis"],"picked":"champ:Shatter","floor":22},{"not_picked":["Anger","Dropkick","Infernal Blade"],"picked":"champ:AdrenalArmor+1","floor":28},{"not_picked":["Replay:Undeath\u0027s Touch","ReplayTheSpireMod:Stacked","True Grit+1"],"picked":"champ:BerserkersShout+1","floor":29},{"not_picked":["Entrench","Thunderclap","champ:Backstep"],"picked":"champ:StanceDance","floor":32},{"not_picked":["Immolate","Demon Form","jedi:strikingstrike"],"picked":"champ:SteelEdge","floor":33},{"not_picked":["Heavy Blade+1","jedi:suffering","Havoc"],"picked":"champ:BringItOn","floor":36}],"player_experience":844456,"relics_obtained":[{"floor":2,"key":"hubris:Reverence"},{"floor":6,"key":"Bag of Preparation"},{"floor":7,"key":"Ornamental Fan"},{"floor":23,"key":"Enchiridion"}],"event_choices":[{"damage_healed":0,"gold_gain":0,"player_choice":"Disagree","damage_taken":0,"max_hp_gain":0,"max_hp_loss":0,"event_name":"conspire:LoneGhost","floor":14,"gold_loss":0},{"damage_healed":0,"gold_gain":0,"player_choice":"Stole Relic","damage_taken":0,"relics_obtained":["aspiration:TomeofQuesting"],"max_hp_gain":0,"max_hp_loss":0,"event_name":"Addict","floor":31,"gold_loss":0,"cards_obtained":["Shame"]}],"is_beta":false,"boss_relics":[{"not_picked":["aspiration:PoetsPen_weak","Philosopher\u0027s Stone"],"picked":"aspiration:IroncladSkillbook"},{"not_picked":["Replay:Fungal Core","Painkiller Herb"],"picked":"Sozu"}],"items_purged_floors":[],"is_endless":false,"potions_floor_spawned":[12,13,15,16,19,22,33],"killed_by":"Nightmare","ascension_level":0}}