{"host":"tkinv8gv6hgcc58b","time":1608053418,"event":{"mods":["BaseMod","Colored Map","Downfall","Googly Eyes","Hermit","Minty Spire (QoL Compilation)","READ ME - Guardian Mod","StSLib","The Cursed","The Disciple"],"gold_per_floor":[367,18,93,93,93,93,128,141,141,152,152,106,136,155,155,253,253,267,281,6,21,296,326,326,356,356,375,375,375],"floor_reached":28,"playtime":1172,"items_purged":[],"score":306,"play_id":"a3679a4b-21fb-4147-8c3d-b494bc2785dc","local_time":"20201215123018","is_ascension_mode":true,"campfire_choices":[{"data":"expansioncontent:DashGenerateEvil","floor":6,"key":"SMITH"},{"data":"Defragment","floor":11,"key":"SMITH"},{"floor":15,"key":"REST"},{"data":"Apotheosis","floor":24,"key":"SMITH"}],"circlet_count":0,"master_deck":["Zap","Dualcast","Redo","expansioncontent:DashGenerateEvil+1","Decay","Double Energy","Defragment+1","Electrodynamics","Redo","Conserve Battery","Rainbow","Fusion","White Noise","Steam Power","Stack","Hello World","Scrape","Auto Shields","Rip and Tear","Steam","Apotheosis+1","Flash of Steel","Glacier","Regret","White Noise+1","Thunder Strike","Ball Lightning"],"relics":["Cracked Core","PreservedInsect","Ancient Tea Set","Bottled Flame","Ornamental Fan","Pandora\u0027s Box","Boot","Omamori","Mercury Hourglass"],"acts_visited":["Exordium","TheCity"],"potions_floor_usage":[23,23,23],"damage_taken":[{"damage":2,"enemies":"Jaw Worm","floor":1,"turns":3},{"damage":18,"enemies":"3 Sentries","floor":7,"turns":5},{"damage":0,"enemies":"Small Slimes","floor":8,"turns":2},{"damage":0,"enemies":"2 Louse","floor":10,"turns":2},{"damage":8,"enemies":"Gremlin Nob","floor":13,"turns":3},{"damage":0,"enemies":"Lots of Slimes","floor":14,"turns":2},{"damage":10,"enemies":"Slime Boss","floor":16,"turns":4},{"damage":21,"enemies":"Shell Parasite","floor":18,"turns":5},{"damage":28,"enemies":"3 Byrds","floor":19,"turns":3},{"damage":8,"enemies":"Snecko","floor":21,"turns":5},{"damage":55,"enemies":"Gremlin Leader","floor":23,"turns":8},{"damage":22,"enemies":"Book of Stabbing","floor":25,"turns":4},{"damage":30,"enemies":"Chosen and Byrds","floor":27,"turns":7},{"damage":3,"enemies":"Centurion and Healer","floor":28,"turns":1}],"seed_played":"-104982858117049029","potions_obtained":[{"floor":1,"key":"DuplicationPotion"},{"floor":10,"key":"Swift Potion"},{"floor":14,"key":"champ:CounterPotion"},{"floor":25,"key":"FearPotion"}],"is_trial":false,"path_per_floor":["M","$","?","?","?","R","E","M","T","M","R","$","E","M","R","B",null,"M","M","$","M","?","E","R","E","T","M","M"],"character_chosen":"DEFECT","items_purchased":["PreservedInsect","expansioncontent:DashGenerateEvil","Redo","Apotheosis","Flash of Steel"],"campfire_rested":1,"item_purchase_floors":[2,2,12,20,20],"current_hp_per_floor":[52,52,41,66,66,66,48,48,48,48,48,48,40,40,62,52,75,54,26,26,18,18,55,55,33,33,3,0,0],"gold":375,"neow_bonus":"TWO_FIFTY_GOLD","is_daily":false,"chose_seed":false,"campfire_upgraded":3,"win_rate":0.0,"timestamp":1608053418,"path_taken":["M","$","?","?","?","R","E","M","T","?","R","$","E","?","R","BOSS","M","?","$","M","?","E","R","E","T","M","M"],"items_purchased_type":["Relic","Card","Card","Card","Card"],"build_version":"2020-12-13","purchased_purges":0,"victory":false,"max_hp_per_floor":[75,75,75,75,75,75,75,75,75,75,75,75,75,75,75,75,75,75,75,75,75,75,75,75,75,75,75,75,75],"card_choices":[{"not_picked":["FTL","Rebound"],"picked":"Redo","floor":1},{"not_picked":["Hologram","Conserve Battery"],"picked":"Double Energy","floor":7},{"not_picked":["Gash","Hologram"],"picked":"Defragment","floor":8},{"not_picked":["Stack","Cold Snap"],"picked":"Electrodynamics","floor":10},{"not_picked":["Meteor Strike","Rebound","Coolheaded"],"picked":"SKIP","floor":13},{"not_picked":["Go for the Eyes","Streamline"],"picked":"Conserve Battery","floor":14},{"not_picked":["Electrodynamics","Machine Learning"],"picked":"Rainbow","floor":16},{"not_picked":["Turbo","Glacier","Sweeping Beam"],"picked":"SKIP","floor":18},{"not_picked":["Reprogram","Leap"],"picked":"Steam","floor":19},{"not_picked":["Cold Snap","Ball Lightning"],"picked":"Glacier","floor":21},{"not_picked":["Compile Driver+1","Cold Snap+1"],"picked":"White Noise+1","floor":23},{"not_picked":["Melter","Steam"],"picked":"Thunder Strike","floor":25},{"not_picked":["Coolheaded","Hologram"],"picked":"Ball Lightning","floor":27}],"player_experience":981213,"relics_obtained":[{"floor":7,"key":"Ancient Tea Set"},{"floor":9,"key":"Bottled Flame"},{"floor":13,"key":"Ornamental Fan"},{"floor":23,"key":"Boot"},{"floor":25,"key":"Omamori"},{"floor":26,"key":"Mercury Hourglass"}],"event_choices":[{"damage_healed":0,"gold_gain":75,"player_choice":"Gather Gold","damage_taken":11,"max_hp_gain":0,"max_hp_loss":0,"event_name":"World of Goop","floor":3,"gold_loss":0},{"damage_healed":25,"gold_gain":0,"player_choice":"Banana","damage_taken":0,"max_hp_gain":0,"max_hp_loss":0,"event_name":"Big Fish","floor":4,"gold_loss":0},{"damage_healed":0,"gold_gain":0,"player_choice":"Cursed","damage_taken":0,"max_hp_gain":0,"max_hp_loss":0,"event_name":"Wheel of Change","floor":5,"gold_loss":0,"cards_obtained":["Decay"]},{"damage_healed":0,"gold_gain":275,"player_choice":"Desecrate","damage_taken":0,"max_hp_gain":0,"max_hp_loss":0,"event_name":"Golden Shrine","floor":22,"gold_loss":0,"cards_obtained":["Regret"]}],"is_beta":false,"boss_relics":[{"not_picked":["Astrolabe","FrozenCore"],"picked":"Pandora\u0027s Box"}],"items_purged_floors":[],"is_endless":false,"potions_floor_spawned":[1,10,14,19,25],"killed_by":"Centurion and Healer","ascension_level":3}}