{"host":"0cm5wy4nhuju7tij","time":1608011222,"event":{"mods":["2.2 Compatiblity","AchievementEnabler","BaseMod","Better Third Choice","BetterRewards","CCEM","Colored Powertips","Custom Start","Displayed Cursed Tome","Downfall","Filter the Spire","Fireblade Mod","Hermit","Highlight Path","Minty Spire (QoL Compilation)","Permanent Neow","Pikachu Mod","Railgun Mod","Shop Mod","Spicy Shops","StSLib","The Bladedancer","The Elementalist","TheWitcher"],"gold_per_floor":[116,130,150,163,163,163,198,198,198,198,210,226,7,41,41,146,146,160,178,178,178,228,228],"floor_reached":22,"playtime":1149,"items_purged":["TheRailgun:Strike"],"score":231,"play_id":"6eaef079-cbcd-40c3-bd16-22beb2a74c9b","local_time":"20201215004702","is_ascension_mode":true,"campfire_choices":[{"data":"TheRailgun:Iron_Dust_Field","floor":6,"key":"SMITH"},{"data":"TheRailgun:Lightning_Speed","floor":8,"key":"SMITH"},{"data":"TheRailgun:Electric_Fence","floor":10,"key":"SMITH"},{"floor":15,"key":"REST"}],"circlet_count":0,"master_deck":["TheRailgun:Defend","TheRailgun:Defend","TheRailgun:Defend","TheRailgun:Discharge","TheRailgun:Static","TheRailgun:Zip","TheRailgun:Circuitous","TheRailgun:Zap","TheRailgun:Electric_Fence+1","TheRailgun:Lightning_Speed+1","TheRailgun:Iron_Dust_Field+1","TheRailgun:Thundershock","TheRailgun:Pull","TheRailgun:Thundervolt","TheRailgun:Electrical_Storm","TheRailgun:Negative_Field","TheRailgun:Biribiri","TheRailgun:Teleporter","TheRailgun:Judgement_Officer","TheRailgun:Teleporter","Bite","Bite","Bite","Bite","Bite"],"relics":["TheRailgun:CoinRelic","elementalistmod:RedRibbon","SnafuTest:CatRelic","CCEMRelics:Sandal","Blood Vial","Empty Cage","SsserpentHead"],"acts_visited":["Exordium","TheCity"],"potions_floor_usage":[],"damage_taken":[{"damage":5,"enemies":"2 Louse","floor":1,"turns":2},{"damage":0,"enemies":"Small Slimes","floor":2,"turns":2},{"damage":0,"enemies":"Cultist","floor":3,"turns":2},{"damage":5,"enemies":"Exordium Wildlife","floor":4,"turns":3},{"damage":29,"enemies":"Lagavulin","floor":7,"turns":6},{"damage":0,"enemies":"3 Louse","floor":11,"turns":2},{"damage":0,"enemies":"2 Fungi Beasts","floor":12,"turns":3},{"damage":11,"enemies":"Gremlin Nob","floor":14,"turns":3},{"damage":9,"enemies":"Hexaghost","floor":16,"turns":8},{"damage":24,"enemies":"3 Byrds","floor":18,"turns":4},{"damage":36,"enemies":"2 Thieves","floor":19,"turns":4},{"damage":18,"enemies":"3 Cultists","floor":22,"turns":2}],"seed_played":"-1217242688878109929","potions_obtained":[{"floor":2,"key":"Swift Potion"},{"floor":3,"key":"DistilledChaos"},{"floor":11,"key":"SteroidPotion"}],"is_trial":false,"path_per_floor":["M","M","M","M","?","R","E","R","T","R","M","M","$","E","R","B",null,"M","M","?","?","M"],"character_chosen":"THE_DEFAULT","items_purchased":["TheRailgun:Negative_Field"],"campfire_rested":1,"item_purchase_floors":[13],"current_hp_per_floor":[65,65,65,60,60,60,31,31,31,31,31,31,31,20,41,34,70,46,12,12,12,0,0],"gold":228,"neow_bonus":"ONE_RANDOM_RARE_CARD","is_daily":false,"chose_seed":false,"campfire_upgraded":3,"win_rate":0.0,"timestamp":1608011222,"path_taken":["M","M","M","M","?","R","E","R","T","R","M","M","$","E","R","BOSS","M","M","?","?","?"],"items_purchased_type":["Card"],"build_version":"2020-12-13","purchased_purges":1,"victory":false,"max_hp_per_floor":[70,70,70,70,70,70,70,70,70,70,70,70,70,70,70,70,70,70,70,49,49,49,49],"card_choices":[{"not_picked":["TheRailgun:Sister_Noise","TheRailgun:Mental_Out"],"picked":"TheRailgun:Zap","floor":1},{"not_picked":["TheRailgun:Thunderjolt","TheRailgun:Discharge"],"picked":"TheRailgun:Electric_Fence","floor":2},{"not_picked":["TheRailgun:Electrical_Fire","TheRailgun:Push"],"picked":"TheRailgun:Lightning_Speed","floor":3},{"not_picked":["TheRailgun:Electrical_Fire","TheRailgun:Iron_Dust_Sword"],"picked":"TheRailgun:Iron_Dust_Field","floor":4},{"not_picked":["TheRailgun:Taser","TheRailgun:Iron_Dust_Vial"],"picked":"TheRailgun:Thundershock","floor":7},{"not_picked":["TheRailgun:Thundershock","TheRailgun:Coin_Flip"],"picked":"TheRailgun:Thundervolt","floor":11},{"not_picked":["TheRailgun:Electrical_Fire","TheRailgun:Iron_Dust_Vial"],"picked":"TheRailgun:Electrical_Storm","floor":12},{"not_picked":["TheRailgun:Negative_Field","TheRailgun:Circuit_Breaker"],"picked":"TheRailgun:Biribiri","floor":14},{"not_picked":["TheRailgun:Thundervolt","TheRailgun:Rewiring"],"picked":"TheRailgun:Judgement_Officer","floor":16},{"not_picked":["TheRailgun:Sister_Noise","TheRailgun:Magnetic_Movement"],"picked":"TheRailgun:Teleporter","floor":18},{"not_picked":["TheRailgun:Hypercharge+1","TheRailgun:Gekota_Phone+1","TheRailgun:Recharge"],"picked":"SKIP","floor":19}],"player_experience":218765,"relics_obtained":[{"floor":7,"key":"SnafuTest:CatRelic"},{"floor":9,"key":"CCEMRelics:Sandal"},{"floor":14,"key":"Blood Vial"}],"event_choices":[{"damage_healed":0,"gold_gain":0,"player_choice":"Became a vampire","damage_taken":0,"max_hp_gain":0,"max_hp_loss":21,"event_name":"Vampires","floor":20,"gold_loss":0,"cards_obtained":["Bite","Bite","Bite","Bite","Bite"]},{"damage_healed":0,"gold_gain":0,"player_choice":"Trade","damage_taken":0,"relics_obtained":["SsserpentHead"],"max_hp_gain":0,"max_hp_loss":0,"event_name":"FaceTrader","floor":21,"gold_loss":0}],"is_beta":false,"boss_relics":[{"not_picked":["Busted Crown","CCEMRelics:GreenEgg"],"picked":"Empty Cage"}],"items_purged_floors":[13],"is_endless":false,"potions_floor_spawned":[2,3,11,16],"killed_by":"3 Cultists","ascension_level":1}}