{"host":"ks12kfi5c4d9hdxy","time":1608045884,"event":{"mods":["Act Like it!","BaseMod","Conspire","Gensokyo","GifTheSpireLib","Koishi","LagranYue(拉格朗・月)","Marisa（F雨　魔理沙）","Minty Spire (QoL Compilation)","Quick Restart","Reimu（博丽灵梦）","Remilia（蕾米莉亚）","Replay The Spire","RumiaBox-露米娅的神秘盒子","Shop Mod","StSLib","SuperFastMode","The Administrix","The Servant 0.9.4","Youmu（魂魄妖梦）","Yuyuko","【东方二次创作】八云紫mod","【功能Mod】混沌之环修复补丁","【功能Mod】聪明的最终Boss","篝火指南"],"gold_per_floor":[113,113,125,125,139,154,154,73,99,129,129,155,155,183,183,256,256,266,60,60,75,91,91,122,142,142,42,72,97,159,200,212,302,314,336,348,442,468,494,540,552,596,608,36,36,36,36,71,71,71],"floor_reached":51,"playtime":1899,"items_purged":["AbsoluteMagnitude","CasketOfStar","Pain"],"score":1825,"play_id":"1c672f01-2a34-4bfd-8c7f-b4edeb7b0786","local_time":"20201215232444","is_ascension_mode":true,"campfire_choices":[{"data":"UpSweep","floor":11.0,"key":"SMITH"},{"data":"BlazingStar","floor":15.0,"key":"SMITH"},{"data":"BinaryStars","floor":23.0,"key":"SMITH"},{"floor":32.0,"key":"REST"},{"data":"MillisecondPulsars","floor":41,"key":"SMITH"},{"data":"UltimateShortwave","floor":47,"key":"SMITH"},{"data":"SuperNova","floor":49,"key":"SMITH"}],"circlet_count":0,"master_deck":["AscendersBane","PowerUp","FairyDestructionRay","OrrerysSun+1","EarthLightRay","CasketOfStar+1","TreasureHunter","EscapeVelocity+1","TreasureHunter","BlazingStar+1","ManaRampage","BigCrunch+1","MillisecondPulsars+1","BinaryStars+1","SuperNova+1","WitchLeyline","SporeBomb","SprinkleStarSeal","IllusionStar","Acceleration","OortCloud","OortCloud","SatelliteIllusion","PowerUp","OortCloud","GravityBeat+1","IllusionStar+1","BinaryStars","Acceleration","GravityBeat","UltimateShortwave+1","Sadistic Nature","EarthLightRay"],"relics":["MiniHakkero","LagranYue:RandomDrawCardRelic","Unceasing Top","RuthlessExorcism:ReiMu","Replay:Rubber Ducky","SumBook","Toy Ornithopter","Ginger","RampagingMagicTools","Replay:Bottled Flurry","Chameleon Ring","MawBank","Eternal Feather","Letter Opener","Replay:Bronze Core","Ccalipers","GodSword3","ReplayTheSpireMod:Shallot","Membership Card","SecretRecord","Mummified Hand"],"acts_visited":["Exordium","TheCity","TheBeyond"],"potions_floor_usage":[50,50],"damage_taken":[{"damage":1.0,"enemies":"Small Slimes","floor":1.0,"turns":3.0},{"damage":1.0,"enemies":"Cultist","floor":3.0,"turns":3.0},{"damage":0.0,"enemies":"Jaw Worm","floor":5.0,"turns":2.0},{"damage":6.0,"enemies":"Blue Slaver","floor":6.0,"turns":4.0},{"damage":8.0,"enemies":"Gremlin Nob","floor":10.0,"turns":3.0},{"damage":24.0,"enemies":"Lagavulin","floor":12.0,"turns":5.0},{"damage":0.0,"enemies":"Gremlin Nob","floor":14.0,"turns":2.0},{"damage":0.0,"enemies":"Hexaghost","floor":16.0,"turns":5.0},{"damage":0.0,"enemies":"2 Thieves","floor":18.0,"turns":2.0},{"damage":21.0,"enemies":"Shell Parasite","floor":21.0,"turns":4.0},{"damage":0.0,"enemies":"Snake Plant","floor":22.0,"turns":1.0},{"damage":21.0,"enemies":"Book of Stabbing","floor":24.0,"turns":3.0},{"damage":0.0,"enemies":"Chosen and Byrds","floor":25.0,"turns":1.0},{"damage":14.0,"enemies":"Slavers","floor":28.0,"turns":4.0},{"damage":5.0,"enemies":"Snecko","floor":29.0,"turns":3.0},{"damage":22.0,"enemies":"Gremlin Leader","floor":31.0,"turns":4.0},{"damage":49.0,"enemies":"Champ","floor":33.0,"turns":13.0},{"damage":0.0,"enemies":"Orb Walker","floor":35.0,"turns":3.0},{"damage":21,"enemies":"3 Shapes","floor":38,"turns":1},{"damage":2,"enemies":"Sphere and 2 Shapes","floor":39,"turns":4},{"damage":7,"enemies":"R_Hoarder","floor":40,"turns":8},{"damage":5,"enemies":"Nemesis","floor":42,"turns":7},{"damage":0,"enemies":"R_Hoarder","floor":48,"turns":5},{"damage":11,"enemies":"conspire:OrnateMirror","floor":50,"turns":4}],"seed_played":"2020485180201334095","potions_obtained":[{"floor":1.0,"key":"LiquidBronze"},{"floor":5.0,"key":"AttackPotion"},{"floor":12.0,"key":"Adrenaline Potion"},{"floor":14.0,"key":"SkillPotion"},{"floor":16.0,"key":"AttackPotion"},{"floor":21.0,"key":"Dexterity Potion"},{"floor":24.0,"key":"Death Potion"},{"floor":33.0,"key":"DistilledChaos"},{"floor":35.0,"key":"DistilledChaos"}],"is_trial":false,"path_per_floor":["M","?","M","?","M","M","?","$","T","E","R","E","?","E","R","B",null,"M","$","?","M","M","R","E","M","T","$","E","M","?","E","R","B",null,"M","?","?","M","M","E","R","E","T","$","T","?","R","E","R","B",null],"character_chosen":"MARISA","items_purchased":["EarthLightRay","SporeBomb","SprinkleStarSeal","Membership Card","SecretRecord","UltimateShortwave","Sadistic Nature"],"campfire_rested":1,"item_purchase_floors":[8,19,19,44,44,44,44],"current_hp_per_floor":[62,62,61,61,61,55,55,55,55,47,47,27,27,31,31,40,63,68,68,68,51,51,51,39,43,43,43,38,37,37,23,56,15,56,64,64,64,43,45,42,60,59,59,59,59,80,80,80,80,74],"gold":71,"neow_bonus":"ONE_RARE_RELIC","is_daily":false,"chose_seed":false,"campfire_upgraded":6,"win_rate":0.0,"timestamp":1608045884,"path_taken":["M","?","?","?","M","M","?","?","T","E","R","E","?","E","R","BOSS","M","$","?","M","?","R","E","M","T","$","E","M","?","E","R","BOSS","M","?","?","M","M","E","R","E","T","$","?","?","R","E","R","BOSS"],"items_purchased_type":["Card","Card","Card","Relic","Relic","Card","Card"],"build_version":"2020-12-13","purchased_purges":3,"victory":true,"max_hp_per_floor":[70,70,70,70,70,70,70,70,70,70,70,70,70,70,70,70,70,70,70,70,70,70,70,70,70,70,70,70,70,70,70,70,70,70,70,70,70,70,70,70,70,70,70,70,70,80,80,80,80,80],"card_choices":[{"not_picked":["OneTimeOff","MagicAbsorber"],"picked":"PowerUp","floor":1.0},{"not_picked":["GrandCross","OpenUniverse","AsteroidBelt"],"picked":"SKIP","floor":3.0},{"not_picked":["WitchOfGreed","MilkyWay"],"picked":"FairyDestructionRay","floor":5.0},{"not_picked":["PulseMagic","SuperNova"],"picked":"OrrerysSun","floor":6.0},{"not_picked":["Occultation","AsteroidBelt","DoubleSpark"],"picked":"SKIP","floor":10.0},{"not_picked":["PowerUp","NonDirectionalLaser","DC"],"picked":"SKIP","floor":12.0},{"not_picked":["PowerUp","EscapeVelocity","6A"],"picked":"SKIP","floor":14.0},{"not_picked":["BlazingStar","TreasureHunter"],"picked":"SuperNova","floor":16.0},{"not_picked":["NonDirectionalLaser+1","MysteriousBeam+1"],"picked":"WitchLeyline","floor":18.0},{"not_picked":["PulseMagic","MysteriousBeam","DC"],"picked":"SKIP","floor":21.0},{"not_picked":["MeteoricShower","PowerUp"],"picked":"IllusionStar","floor":22.0},{"not_picked":["PropBag","LuminesStrike"],"picked":"EarthLightRay","floor":24.0},{"not_picked":["MilkyWay","PulseMagic"],"picked":"Acceleration","floor":25.0},{"not_picked":["AlicesGift","DarkSpark"],"picked":"OortCloud","floor":28.0},{"not_picked":["ShootingEcho","EscapeVelocity","SporeBomb"],"picked":"SKIP","floor":29.0},{"not_picked":["GravityBeat","EscapeVelocity"],"picked":"OortCloud","floor":31.0},{"not_picked":["TreasureHunter","BlazingStar"],"picked":"SatelliteIllusion","floor":33.0},{"not_picked":["DeepEcoloBomb+1","GravityBeat+1"],"picked":"PowerUp","floor":35.0},{"not_picked":["AsteroidBelt","Orbital+1"],"picked":"OortCloud","floor":37.0},{"not_picked":["GalacticHalo","EventHorizon"],"picked":"GravityBeat+1","floor":37.0},{"not_picked":["SporeBomb","AlicesGift"],"picked":"IllusionStar+1","floor":37.0},{"not_picked":["DoubleSpark","AsteroidBelt"],"picked":"BinaryStars","floor":38},{"not_picked":["NonDirectionalLaser","WitchOfGreed"],"picked":"Acceleration","floor":39},{"not_picked":["SuperNova","MysteriousBeam","SprinkleStarSeal"],"picked":"SKIP","floor":40},{"not_picked":["AlicesGift+1","PowerUp+1"],"picked":"GravityBeat","floor":42},{"not_picked":["RefractionSpark+1","DeepEcoloBomb+1"],"picked":"EarthLightRay","floor":48}],"player_experience":519198,"relics_obtained":[{"floor":9.0,"key":"RuthlessExorcism:ReiMu"},{"floor":10.0,"key":"Replay:Rubber Ducky"},{"floor":12.0,"key":"SumBook"},{"floor":14.0,"key":"Toy Ornithopter"},{"floor":16.0,"key":"Ginger"},{"floor":24.0,"key":"Replay:Bottled Flurry"},{"floor":26.0,"key":"Chameleon Ring"},{"floor":28.0,"key":"MawBank"},{"floor":31.0,"key":"Eternal Feather"},{"floor":31.0,"key":"Letter Opener"},{"floor":40,"key":"Ccalipers"},{"floor":42,"key":"GodSword3"},{"floor":43,"key":"ReplayTheSpireMod:Shallot"},{"floor":45,"key":"Mummified Hand"}],"event_choices":[{"damage_healed":0.0,"max_hp_gain":0.0,"max_hp_loss":0.0,"gold_gain":0.0,"event_name":"Liars Game","player_choice":"Ignored","floor":2.0,"gold_loss":0.0,"damage_taken":0.0},{"damage_healed":0.0,"max_hp_gain":0.0,"max_hp_loss":0.0,"gold_gain":0.0,"event_name":"Shining Light","player_choice":"Ignored","floor":4.0,"gold_loss":0.0,"damage_taken":0.0},{"damage_healed":0.0,"max_hp_gain":0.0,"max_hp_loss":0.0,"gold_gain":0.0,"event_name":"Upgrade Shrine","player_choice":"Upgraded","floor":13.0,"gold_loss":0.0,"damage_taken":0.0,"cards_upgraded":["EscapeVelocity"]},{"damage_healed":0.0,"max_hp_gain":0.0,"max_hp_loss":0.0,"gold_gain":0.0,"event_name":"Upgrade Shrine","player_choice":"Upgraded","floor":20.0,"gold_loss":0.0,"damage_taken":0.0,"cards_upgraded":["BigCrunch"]},{"damage_healed":0.0,"max_hp_gain":0.0,"max_hp_loss":0.0,"gold_gain":50.0,"event_name":"Nest","player_choice":"Stole From Cult","floor":30.0,"gold_loss":0.0,"damage_taken":0.0},{"cards_removed":["EarthLightRay"],"damage_healed":0.0,"max_hp_gain":0.0,"max_hp_loss":0.0,"gold_gain":0.0,"event_name":"Falling","player_choice":"Removed Skill","floor":36.0,"gold_loss":0.0,"damage_taken":0.0},{"cards_removed":["TreasureHunter"],"damage_healed":11,"gold_gain":0,"player_choice":"Offered Rare","damage_taken":0,"max_hp_gain":10,"max_hp_loss":0,"event_name":"Bonfire Elementals","floor":46,"gold_loss":0}],"is_beta":false,"boss_relics":[{"not_picked":["AddBug","ChewingGum"],"picked":"RampagingMagicTools"},{"not_picked":["ReplayTheSpireMod:DimensionalGlitch","SoulBox"],"picked":"Replay:Bronze Core"}],"items_purged_floors":[19,27,44],"is_endless":false,"potions_floor_spawned":[1,5,12,14,16,21,22,24,33,35,38,42],"ascension_level":18}}