{"host":"sc0o2qwpf9j16a4i","time":1608045955,"event":{"mods":["AchievementEnabler","BaseMod","BetterRewards","Block Reminder","Colored Map","Colored Powertips","Custom Start","Highlight Path","Minty Spire (QoL Compilation)","Relic Stats"],"gold_per_floor":[111,191,0,17,31,31,64,82,82,82,82,7,7,19,19,93,93,110,128,28,28,28,28,62,62,62,62,95,127,141,156,156,228,228,245,245,255,255,273,273,273],"floor_reached":40,"playtime":1658,"items_purged":["Normality","Strike_B"],"score":898,"play_id":"e8b5df74-1925-47f8-a7b7-d3c0f66d000f","local_time":"20201215172555","is_ascension_mode":true,"campfire_choices":[{"data":"Apotheosis","floor":6.0,"key":"SMITH"},{"floor":10.0,"key":"REST"},{"floor":15,"key":"REST"},{"floor":23,"key":"REST"},{"floor":25,"key":"REST"},{"floor":27,"key":"REST"},{"floor":32,"key":"REST"},{"floor":40,"key":"RECALL"}],"circlet_count":0,"master_deck":["AscendersBane","Strike_B","Strike_B","Defend_B","Defend_B","Defend_B","Defend_B","Zap","Dualcast","Hyperbeam","Hologram","Apotheosis+1","Conserve Battery","Coolheaded","Cold Snap","Leap","Seek","Compile Driver","Capacitor","Doom and Gloom","Defragment","Heatsinks","Electrodynamics","Undo","Reinforced Body+1"],"relics":["Cracked Core","Nunchaku","Ancient Tea Set","Fusion Hammer","Meat on the Bone","Singing Bowl","Red Mask","Symbiotic Virus","Inserter"],"acts_visited":["Exordium","TheCity","TheBeyond"],"potions_floor_usage":[16,16,28,29,33,37,39],"damage_taken":[{"damage":12.0,"enemies":"Jaw Worm","floor":1.0,"turns":2.0},{"damage":0.0,"enemies":"2 Louse","floor":4.0,"turns":2.0},{"damage":7.0,"enemies":"Small Slimes","floor":5.0,"turns":3.0},{"damage":34.0,"enemies":"3 Sentries","floor":7.0,"turns":8.0},{"damage":9.0,"enemies":"Exordium Thugs","floor":8.0,"turns":4.0},{"damage":0,"enemies":"2 Fungi Beasts","floor":14,"turns":1},{"damage":12,"enemies":"The Guardian","floor":16,"turns":11},{"damage":7,"enemies":"Shell Parasite","floor":18,"turns":5},{"damage":13,"enemies":"3 Byrds","floor":19,"turns":5},{"damage":26,"enemies":"Gremlin Leader","floor":24,"turns":5},{"damage":0,"enemies":"Masked Bandits","floor":28,"turns":2},{"damage":69,"enemies":"Slavers","floor":29,"turns":6},{"damage":1,"enemies":"Centurion and Healer","floor":30,"turns":4},{"damage":3,"enemies":"Shelled Parasite and Fungi","floor":31,"turns":5},{"damage":20,"enemies":"Champ","floor":33,"turns":17},{"damage":10,"enemies":"Orb Walker","floor":35,"turns":4},{"damage":2,"enemies":"3 Shapes","floor":37,"turns":5},{"damage":0,"enemies":"Writhing Mass","floor":39,"turns":10}],"seed_played":"3578343878931614415","potions_obtained":[{"floor":7.0,"key":"PotionOfCapacity"},{"floor":14,"key":"LiquidMemories"},{"floor":16,"key":"PotionOfCapacity"},{"floor":24,"key":"Explosive Potion"},{"floor":28,"key":"Swift Potion"},{"floor":30,"key":"BlessingOfTheForge"},{"floor":33,"key":"Explosive Potion"},{"floor":37,"key":"SkillPotion"},{"floor":39,"key":"Strength Potion"}],"is_trial":false,"path_per_floor":["M","?","$","M","M","R","E","M","T","R","?","$","?","M","R","B",null,"M","M","$","?","$","R","E","R","T","R","?","E","M","M","R","B",null,"M","?","M","?","M","R"],"character_chosen":"DEFECT","items_purchased":["Apotheosis"],"campfire_rested":6,"item_purchase_floors":[3],"current_hp_per_floor":[52,52,52,52,45,45,11,2,2,23,18,18,18,18,39,27,60,53,40,40,40,40,61,35,56,56,71,73,18,29,38,60,40,66,56,56,54,54,56,56,56],"gold":273,"neow_bonus":"THREE_RARE_CARDS","is_daily":false,"chose_seed":false,"campfire_upgraded":1,"win_rate":0.0,"timestamp":1608045955,"path_taken":["M","?","$","M","M","R","E","M","T","R","?","$","?","M","R","BOSS","M","M","$","?","?","R","E","R","T","R","?","E","M","M","R","BOSS","M","?","M","?","?","R"],"items_purchased_type":["Card"],"build_version":"2020-12-13","purchased_purges":2,"victory":false,"max_hp_per_floor":[71,71,71,71,71,71,71,71,71,71,71,71,71,71,71,71,71,71,71,71,71,71,71,71,71,71,71,73,75,75,75,75,75,75,75,75,75,71,73,73,73],"relic_stats":{"Nunchaku":[12],"Inserter":[8],"Singing Bowl":6,"counters":[18,99],"obtain_stats":[{"Nunchaku":7,"Inserter":34,"Singing Bowl":26,"Fusion Hammer":17,"Red Mask":28,"Cracked Core":0,"Ancient Tea Set":9,"Symbiotic Virus":29,"Meat on the Bone":24},{"Nunchaku":4,"Inserter":15,"Singing Bowl":10,"Fusion Hammer":7,"Red Mask":11,"Cracked Core":0,"Ancient Tea Set":5,"Symbiotic Virus":12,"Meat on the Bone":10},{"Nunchaku":15,"Inserter":80,"Singing Bowl":46,"Fusion Hammer":31,"Red Mask":48,"Cracked Core":0,"Ancient Tea Set":19,"Symbiotic Virus":54,"Meat on the Bone":46}],"Meat on the Bone":36},"card_choices":[{"not_picked":["Reboot","Amplify"],"picked":"Hyperbeam","floor":0.0},{"not_picked":["Recycle","Double Energy"],"picked":"Hologram","floor":1.0},{"not_picked":["Reprogram","Leap"],"picked":"Compile Driver","floor":4.0},{"not_picked":["Sweeping Beam","Barrage"],"picked":"Conserve Battery","floor":5.0},{"not_picked":["Lockon","Compile Driver"],"picked":"Coolheaded","floor":7.0},{"not_picked":["Compile Driver","Gash"],"picked":"Cold Snap","floor":8.0},{"not_picked":["Streamline","Rebound"],"picked":"Leap","floor":14},{"not_picked":["All For One","Hyperbeam"],"picked":"Seek","floor":16},{"not_picked":["Cold Snap+1","Hello World"],"picked":"Compile Driver","floor":18},{"not_picked":["Coolheaded","BootSequence"],"picked":"Capacitor","floor":19},{"not_picked":["Beam Cell","Steam Power","Thunder Strike"],"picked":"SKIP","floor":24},{"not_picked":["Hello World","Redo","Conserve Battery+1"],"picked":"Singing Bowl","floor":28},{"not_picked":["Amplify","Redo","Double Energy"],"picked":"Singing Bowl","floor":29},{"not_picked":["Compile Driver+1","Turbo"],"picked":"Defragment","floor":30},{"not_picked":["Melter","Blizzard"],"picked":"Heatsinks","floor":31},{"not_picked":["All For One","Creative AI"],"picked":"Electrodynamics","floor":33},{"not_picked":["Gash","Cold Snap"],"picked":"Undo","floor":35},{"not_picked":["Beam Cell+1","Scrape"],"picked":"Reinforced Body+1","floor":37},{"not_picked":["Rebound","Aggregate+1","Genetic Algorithm+1"],"picked":"Singing Bowl","floor":39}],"player_experience":334938,"relics_obtained":[{"floor":7.0,"key":"Nunchaku"},{"floor":9.0,"key":"Ancient Tea Set"},{"floor":24,"key":"Meat on the Bone"},{"floor":26,"key":"Singing Bowl"},{"floor":28,"key":"Red Mask"},{"floor":29,"key":"Symbiotic Virus"}],"event_choices":[{"damage_healed":0.0,"max_hp_gain":0.0,"max_hp_loss":0.0,"gold_gain":80.0,"event_name":"Golden Wing","player_choice":"Gained Gold","floor":2.0,"gold_loss":0.0,"damage_taken":0.0},{"damage_healed":0.0,"max_hp_gain":0.0,"max_hp_loss":0.0,"gold_gain":0.0,"event_name":"Scrap Ooze","player_choice":"Fled","floor":11.0,"gold_loss":0.0,"damage_taken":5.0},{"damage_healed":0,"gold_gain":0,"player_choice":"Leave","damage_taken":0,"max_hp_gain":0,"max_hp_loss":0,"event_name":"FaceTrader","floor":13,"gold_loss":0},{"damage_healed":0,"gold_gain":0,"cards_transformed":["Strike_B"],"player_choice":"Transformed","damage_taken":0,"max_hp_gain":0,"max_hp_loss":0,"event_name":"Transmorgrifier","floor":21,"gold_loss":0,"cards_obtained":["Doom and Gloom"]},{"damage_healed":0,"gold_gain":0,"player_choice":"Fought Bandits","damage_taken":0,"max_hp_gain":0,"max_hp_loss":0,"event_name":"Masked Bandits","floor":28,"gold_loss":0},{"cards_removed":["Compile Driver"],"damage_healed":0,"gold_gain":0,"player_choice":"Removed Attack","damage_taken":0,"max_hp_gain":0,"max_hp_loss":0,"event_name":"Falling","floor":36,"gold_loss":0},{"damage_healed":0,"gold_gain":0,"player_choice":"Max HP","damage_taken":0,"max_hp_gain":0,"max_hp_loss":4,"event_name":"Winding Halls","floor":38,"gold_loss":0}],"is_beta":false,"boss_relics":[{"not_picked":["Coffee Dripper","Velvet Choker"],"picked":"Fusion Hammer"},{"not_picked":["Nuclear Battery","Empty Cage"],"picked":"Inserter"}],"items_purged_floors":[12,20],"is_endless":false,"potions_floor_spawned":[7,14,16,24,28,30,33,37,39],"ascension_level":20}}