{"host":"cz3p2o9n3b1gdmkz","time":1608010740,"event":{"mods":["AchievementEnabler","BaseMod","CapriCore","GungeonMod","Hermit","Lobotomy","Minty Spire (QoL Compilation)","Replay The Spire","Shop Mod","StSLib","SuperFastMode","The Cursed","The Dragon Tamer","The Gatherer","The Jungle","The Poker Player","The Runesmith"],"gold_per_floor":[117,117,117,137,161,189,202,238,263,263,294,138,151,187,187,287,287,275,275,295,312,312,312,411,463,511,511,525,539,553,653,653,756,756,774,774,792,644,657,685,704,704,704,731,743,743,776,365,365,365,365],"floor_reached":50,"playtime":3114,"items_purged":[],"score":961,"play_id":"a019f768-52fb-4070-ba8d-ae19238d50fd","local_time":"20201215143900","is_ascension_mode":true,"campfire_choices":[{"data":"hermit:Maintenance","floor":15.0,"key":"SMITH"},{"data":"hermit:Maintenance","floor":23.0,"key":"SMITH"},{"data":"hermit:Roughhouse","floor":27.0,"key":"SMITH"},{"floor":49.0,"key":"RECALL"}],"circlet_count":0,"master_deck":["hermit:Strike_Hermit","hermit:Strike_Hermit","hermit:Strike_Hermit","hermit:Strike_Hermit+1","hermit:Defend_Hermit","hermit:Defend_Hermit","hermit:Defend_Hermit+1","hermit:Defend_Hermit+1","hermit:Snapshot+1","hermit:Covet","hermit:Maintenance+1","UniverseFragment","hermit:RoundhouseKick","hermit:Maintenance+1","hermit:HighNoon","NothingThere","hermit:HighCaliber","hermit:Roughhouse+1","hermit:RoundhouseKick","FieryBird","hermit:Maintenance+1","hermit:OverwhelmingPower","Madness","Madness","CENSORED","hermit:SprayPray+1","hermit:Dissolve","hermit:HighCaliber+1","Parasite","hermit:RoundhouseKick","hermit:OverwhelmingPower"],"relics":["hermit:Momento","CogitoBucket","RabbitCall","Vajra","Replay:Bottled Steam","Whetstone","ReplayTheSpireMod:Ring of Addiction","Potion Belt","White Beast Statue","ReplayTheSpireMod:Ring of Exchange","DemoMod:SevenLeafClover","DollysMirror","ChangeAnything","Replay:Kaleidoscope","Coffee Dripper","AspirationHeart","Blood Vial","Peace Pipe","Nunchaku","DemoMod:GreenGuonStone","Orichalcum","CaptainsWheel","Darkstone Periapt","HonorFeather","Black Star","TreeSap","AtMidnight","War Paint","ReplayTheSpireMod:TigerMarble","Lantern","DemoMod:VorpalBullet","DemoMod:Antibody","Kunai","FossilizedHelix","Runesmith:Locket","DemoMod:GlassGuonStoneRelic","Art of War","DemoMod:MemoryAlloy","Bottled Lightning"],"acts_visited":["Exordium","TheCity","TheBeyond"],"potions_floor_usage":[],"damage_taken":[{"damage":2.0,"enemies":"2 Louse","floor":1.0,"turns":2.0},{"damage":0.0,"enemies":"Small Slimes","floor":4.0,"turns":3.0},{"damage":1.0,"enemies":"Cultist","floor":5.0,"turns":4.0},{"damage":0.0,"enemies":"Gremlin Nob","floor":6.0,"turns":3.0},{"damage":0.0,"enemies":"Lots of Slimes","floor":7.0,"turns":1.0},{"damage":16.0,"enemies":"Lagavulin","floor":8.0,"turns":8.0},{"damage":1.0,"enemies":"Gremlin Nob","floor":11.0,"turns":5.0},{"damage":0.0,"enemies":"3 Louse","floor":13.0,"turns":1.0},{"damage":2.0,"enemies":"Replay:BlueRogue","floor":14.0,"turns":6.0},{"damage":0.0,"enemies":"The Guardian","floor":16.0,"turns":12.0},{"damage":0.0,"enemies":"2 Thieves","floor":18.0,"turns":4.0},{"damage":45.0,"enemies":"Spheric Guardian","floor":20.0,"turns":6.0},{"damage":30.0,"enemies":"Snecko","floor":21.0,"turns":5.0},{"damage":3.0,"enemies":"Cultist and Chosen","floor":28.0,"turns":5.0},{"damage":44.0,"enemies":"Shelled Parasite and Fungi","floor":29.0,"turns":6.0},{"damage":37.0,"enemies":"Centurion and Healer","floor":30.0,"turns":9.0},{"damage":13.0,"enemies":"Colosseum Slavers","floor":31.0,"turns":3.0},{"damage":60.0,"enemies":"Colosseum Nobs","floor":31.0,"turns":5.0},{"damage":156.0,"enemies":"Collector","floor":33.0,"turns":14.0},{"damage":55.0,"enemies":"3 Shapes","floor":35.0,"turns":14.0},{"damage":37.0,"enemies":"Orb Walker","floor":37.0,"turns":4.0},{"damage":40.0,"enemies":"Maw","floor":39.0,"turns":7.0},{"damage":94.0,"enemies":"Reptomancer","floor":40.0,"turns":7.0},{"damage":25.0,"enemies":"Transient","floor":41.0,"turns":5.0},{"damage":20.0,"enemies":"Giant Head","floor":44.0,"turns":7.0},{"damage":6.0,"enemies":"Writhing Mass","floor":45.0,"turns":6.0},{"damage":59.0,"enemies":"Reptomancer","floor":47.0,"turns":6.0},{"damage":0,"enemies":"Time Eater","floor":50,"turns":1}],"seed_played":"-7779748607475408776","potions_obtained":[{"floor":1.0,"key":"Explosive Potion"},{"floor":5.0,"key":"SpeedPotion"},{"floor":7.0,"key":"SkillPotion"},{"floor":10.0,"key":"FearPotion"},{"floor":10.0,"key":"GamblersBrew"},{"floor":10.0,"key":"LifebloodPotion"},{"floor":11.0,"key":"Doom Potion"},{"floor":16.0,"key":"hermit:Tonic"},{"floor":18.0,"key":"EssenceOfSteel"},{"floor":20.0,"key":"FearPotion"},{"floor":28.0,"key":"Swift Potion"},{"floor":29.0,"key":"SkillPotion"},{"floor":30.0,"key":"Strength Potion"},{"floor":33.0,"key":"FearPotion"},{"floor":37.0,"key":"Dexterity Potion"},{"floor":39.0,"key":"Swift Potion"},{"floor":41.0,"key":"Fire Potion"},{"floor":45.0,"key":"Block Potion"}],"is_trial":false,"path_per_floor":["M","?","?","M","M","E","M","E","T","?","E","$","M","E","R","B",null,"M","?","M","M","?","R","?","T","T","R","M","M","M","?","R","B",null,"M","?","M","$","M","E","M","?","T","E","M","T","E","$","R","B"],"character_chosen":"HERMIT","items_purchased":["DollysMirror","War Paint","Bottled Lightning","hermit:OverwhelmingPower"],"campfire_rested":0,"item_purchase_floors":[12,38,48,48],"current_hp_per_floor":[66,66,71,71,70,70,70,54,54,54,53,53,53,51,51,51,69,69,69,39,24,24,24,24,24,24,24,50,49,67,43,66,59,59,59,52,33,33,56,9,21,21,21,55,61,61,61,61,61,61,61],"gold":365,"neow_bonus":"","is_daily":false,"chose_seed":false,"campfire_upgraded":3,"win_rate":0.0,"timestamp":1608010740,"path_taken":["M","?","?","M","?","E","?","E","T","?","E","?","?","E","R","BOSS","M","?","M","?","?","R","?","?","T","R","M","M","M","?","R","BOSS","M","?","M","$","M","E","M","?","T","E","M","?","E","$","R","BOSS"],"items_purchased_type":["Relic","Relic","Relic","Card"],"build_version":"2020-12-13","purchased_purges":0,"victory":false,"max_hp_per_floor":[75,75,75,75,75,75,75,75,75,75,75,75,75,75,75,75,75,73,73,73,83,83,83,83,81,81,81,79,79,79,79,79,59,59,59,59,59,57,57,57,57,57,57,55,61,61,61,61,61,61,61],"card_choices":[{"not_picked":["HeroicMonk","WallGazer","Murderer"],"picked":"Singing Bowl","floor":1.0},{"not_picked":["LittlePrince","FairyFestival"],"picked":"Wellcheers","floor":1.0},{"not_picked":["hermit:EyeOfTheStorm","hermit:GhostlyPresence"],"picked":"hermit:Maintenance","floor":1.0},{"not_picked":["Wellcheers","MHz","LittleHelper"],"picked":"Singing Bowl","floor":4.0},{"not_picked":["hermit:Manifest","hermit:Dive"],"picked":"hermit:Scavenge","floor":4.0},{"not_picked":["GreedKing","ShyLook","SpiderBud"],"picked":"Singing Bowl","floor":5.0},{"not_picked":["hermit:ItchyTrigger","hermit:Manifest","hermit:Vantage"],"picked":"SKIP","floor":5.0},{"not_picked":["MeatLantern","RedShoes"],"picked":"UniverseFragment","floor":6.0},{"not_picked":["hermit:BigShot","hermit:Desperado"],"picked":"hermit:RoundhouseKick","floor":6.0},{"not_picked":["Wellcheers","Rudolta","Murderer"],"picked":"Singing Bowl","floor":7.0},{"not_picked":["hermit:Desperado","hermit:TrackingShot","hermit:LowProfile"],"picked":"SKIP","floor":7.0},{"not_picked":["LaLuna","Bloodbath","ShyLook"],"picked":"Singing Bowl","floor":8.0},{"not_picked":["hermit:Snipe","hermit:Glare","hermit:Grudge"],"picked":"SKIP","floor":8.0},{"not_picked":["OSAHOGD","Mercenary","VoidDream"],"picked":"Singing Bowl","floor":11.0},{"not_picked":["hermit:Roulette","hermit:LuckOfTheDraw","hermit:Determination"],"picked":"SKIP","floor":11.0},{"not_picked":["CrumblingArmor","CherryBlossoms","BeautyBeast"],"picked":"Singing Bowl","floor":13.0},{"not_picked":["hermit:Roulette","hermit:DeadMansHand","hermit:Glare"],"picked":"SKIP","floor":13.0},{"not_picked":["BigBird","BeautyBeast","Funeral"],"picked":"Singing Bowl","floor":14.0},{"not_picked":["hermit:Midnight","hermit:Snipe","hermit:Coalescence"],"picked":"SKIP","floor":14.0},{"not_picked":["VoidDream","ShyLook","GreedKing"],"picked":"Singing Bowl","floor":16.0},{"not_picked":["hermit:Reprieve","hermit:FinalCanter"],"picked":"hermit:HighNoon","floor":16.0},{"not_picked":["BeautyBeast","OSAHOGD"],"picked":"NothingThere","floor":18.0},{"not_picked":["hermit:Feint+1","hermit:NoHoldsBarred"],"picked":"hermit:HighCaliber","floor":18.0},{"not_picked":["DespairKnight","Porccubus","ShyLook"],"picked":"Singing Bowl","floor":20.0},{"not_picked":["hermit:Midnight","hermit:ItchyTrigger","hermit:ShadowCloak"],"picked":"SKIP","floor":20.0},{"not_picked":["WallGazer","VoidDream","FieryBird"],"picked":"Singing Bowl","floor":21.0},{"not_picked":["hermit:Reprieve","hermit:GoldenBullet","hermit:Malice"],"picked":"SKIP","floor":21.0},{"not_picked":["hermit:FinalCanter","hermit:HighNoon"],"picked":"hermit:Roughhouse","floor":25.0},{"not_picked":["hermit:FromBeyond","hermit:Adapt"],"picked":"hermit:RoundhouseKick","floor":26.0},{"not_picked":["BlackSwan","Alriune","Funeral"],"picked":"Singing Bowl","floor":28.0},{"not_picked":["hermit:BigShot","hermit:Cheat","hermit:Manifest"],"picked":"SKIP","floor":28.0},{"not_picked":["CherryBlossoms","Woodsman","QueenOfHatred"],"picked":"Singing Bowl","floor":29.0},{"not_picked":["hermit:Vantage","hermit:Showdown","hermit:HoleUp"],"picked":"SKIP","floor":29.0},{"not_picked":["BeautyBeast","FieryBird","ShyLook"],"picked":"Singing Bowl","floor":30.0},{"not_picked":["MHz","Rudolta"],"picked":"FieryBird","floor":30.0},{"not_picked":["hermit:SprayPray","hermit:Roulette"],"picked":"hermit:Maintenance","floor":30.0},{"not_picked":["Murderer","HeroicMonk","QueenBee"],"picked":"Singing Bowl","floor":31.0},{"not_picked":["Bloodbath","Funeral","Mercenary"],"picked":"Singing Bowl","floor":33.0},{"not_picked":["hermit:HighNoon","hermit:EternalForm"],"picked":"hermit:OverwhelmingPower","floor":33.0},{"not_picked":["Murderer","SingingMachine","Porccubus"],"picked":"Singing Bowl","floor":35.0},{"not_picked":["hermit:Ricochet+1","hermit:DeadMansHand","hermit:Deadeye+1"],"picked":"SKIP","floor":35.0},{"not_picked":["LittleHelper","Murderer","OSAHOGD"],"picked":"Singing Bowl","floor":37.0},{"not_picked":["hermit:HighCaliber","hermit:TakeCover+1","hermit:Desperado+1"],"picked":"SKIP","floor":37.0},{"not_picked":["SilentOrchestra","QueenBee","Scorched"],"picked":"Singing Bowl","floor":39.0},{"not_picked":["hermit:Deadeye+1","hermit:TrackingShot","hermit:Manifest"],"picked":"SKIP","floor":39.0},{"not_picked":["BigBadWolf","CherryBlossoms","GreedKing"],"picked":"Singing Bowl","floor":40.0},{"not_picked":["hermit:Shortfuse","hermit:Determination","hermit:TakeCover"],"picked":"SKIP","floor":40.0},{"not_picked":["BlueStar","GalaxyChild"],"picked":"CENSORED","floor":41.0},{"not_picked":["hermit:Gestalt","hermit:TrackingShot"],"picked":"hermit:SprayPray+1","floor":41.0},{"not_picked":["hermit:Magnum","hermit:Purgatory"],"picked":"hermit:Dissolve","floor":43.0},{"not_picked":["SnowQueen","WallGazer","BlackArmy"],"picked":"Singing Bowl","floor":44.0},{"not_picked":["hermit:Cheat","hermit:Snipe"],"picked":"hermit:HighCaliber+1","floor":44.0},{"not_picked":["WallGazer","Laetitia","GalaxyChild"],"picked":"Singing Bowl","floor":45.0},{"not_picked":["hermit:FlashPowder","hermit:HighCaliber","hermit:TrackingShot+1"],"picked":"SKIP","floor":45.0},{"not_picked":["hermit:Adapt","hermit:Reprieve"],"picked":"hermit:RoundhouseKick","floor":46.0},{"not_picked":["Bloodbath","RedShoes","Funeral"],"picked":"Singing Bowl","floor":47.0},{"not_picked":["hermit:Gestalt+1","hermit:Combo+1","hermit:WideOpen+1"],"picked":"SKIP","floor":47.0}],"player_experience":944338,"relics_obtained":[{"floor":6.0,"key":"Vajra"},{"floor":8.0,"key":"Replay:Bottled Steam"},{"floor":9.0,"key":"Whetstone"},{"floor":10.0,"key":"ReplayTheSpireMod:Ring of Addiction"},{"floor":10.0,"key":"Potion Belt"},{"floor":10.0,"key":"White Beast Statue"},{"floor":10.0,"key":"ReplayTheSpireMod:Ring of Exchange"},{"floor":11.0,"key":"DemoMod:SevenLeafClover"},{"floor":14.0,"key":"Replay:Kaleidoscope"},{"floor":25.0,"key":"Peace Pipe"},{"floor":25.0,"key":"Nunchaku"},{"floor":26.0,"key":"DemoMod:GreenGuonStone"},{"floor":26.0,"key":"Orichalcum"},{"floor":31.0,"key":"CaptainsWheel"},{"floor":31.0,"key":"Darkstone Periapt"},{"floor":35.0,"key":"AtMidnight"},{"floor":40.0,"key":"ReplayTheSpireMod:TigerMarble"},{"floor":40.0,"key":"Lantern"},{"floor":43.0,"key":"DemoMod:VorpalBullet"},{"floor":44.0,"key":"DemoMod:Antibody"},{"floor":44.0,"key":"Kunai"},{"floor":46.0,"key":"FossilizedHelix"},{"floor":46.0,"key":"Runesmith:Locket"},{"floor":47.0,"key":"Art of War"},{"floor":47.0,"key":"DemoMod:MemoryAlloy"}],"event_choices":[{"damage_healed":0.0,"max_hp_gain":0.0,"max_hp_loss":0.0,"gold_gain":0.0,"event_name":"Liars Game","player_choice":"Ignored","floor":2.0,"gold_loss":0.0,"damage_taken":0.0},{"cards_removed":["Wellcheers"],"damage_healed":5.0,"max_hp_gain":0.0,"max_hp_loss":0.0,"gold_gain":0.0,"event_name":"Bonfire Elementals","player_choice":"Offered Common","floor":3.0,"gold_loss":0.0,"damage_taken":0.0},{"cards_removed":["Wellcheers"],"damage_healed":5.0,"max_hp_gain":0.0,"max_hp_loss":0.0,"gold_gain":0.0,"event_name":"Bonfire Elementals","player_choice":"Offered Special","floor":3.0,"gold_loss":0.0,"damage_taken":0.0},{"cards_removed":["hermit:Scavenge"],"damage_healed":0.0,"max_hp_gain":0.0,"max_hp_loss":0.0,"gold_gain":0.0,"event_name":"Wheel of Change","player_choice":"Card Removal","floor":19.0,"gold_loss":0.0,"damage_taken":0.0},{"damage_healed":0.0,"max_hp_gain":0.0,"max_hp_loss":0.0,"gold_gain":0.0,"event_name":"The Mausoleum","player_choice":"Opened","floor":22.0,"gold_loss":0.0,"damage_taken":0.0,"relics_obtained":["Blood Vial"]},{"damage_healed":0.0,"max_hp_gain":0.0,"max_hp_loss":0.0,"gold_gain":99.0,"event_name":"Nest","player_choice":"Stole From Cult","floor":24.0,"gold_loss":0.0,"damage_taken":0.0},{"damage_healed":0.0,"max_hp_gain":0.0,"max_hp_loss":0.0,"gold_gain":0.0,"event_name":"Colosseum","player_choice":"Fight","floor":31.0,"gold_loss":0.0,"damage_taken":0.0},{"damage_healed":0.0,"max_hp_gain":0.0,"max_hp_loss":0.0,"gold_gain":0.0,"event_name":"Colosseum","player_choice":"Fought Nobs","floor":31.0,"gold_loss":0.0,"damage_taken":0.0},{"damage_healed":0.0,"max_hp_gain":0.0,"max_hp_loss":0.0,"gold_gain":0.0,"event_name":"Winding Halls","player_choice":"Embrace Madness","floor":36.0,"gold_loss":0.0,"damage_taken":7.0,"cards_obtained":["Madness","Madness"]},{"damage_healed":0.0,"max_hp_gain":0.0,"max_hp_loss":0.0,"gold_gain":0.0,"event_name":"SensoryStone","player_choice":"Memory 1","floor":42.0,"gold_loss":0.0,"damage_taken":0.0}],"is_beta":false,"boss_relics":[{"not_picked":["Kintsugi","Medical Kit"],"picked":"Coffee Dripper"},{"not_picked":["Empty Cage","Replay:Drink Me"],"picked":"Black Star"}],"items_purged_floors":[],"is_endless":false,"potions_floor_spawned":[1,5,7,11,16,18,20,28,29,30,31,33,37,39,41,45],"killed_by":"Time Eater","ascension_level":6}}