{"host":"2n2g1vowfllvjtvi","time":1608018677,"event":{"mods":["AchievementEnabler","BaseMod","Custom Start","GifTheSpireLib","Keyboard Shortcuts","Minty Spire (QoL Compilation)","Quick Restart","Rare Cards Sparkle","StSLib","SuperFastMode"],"gold_per_floor":[113,63,10,24,24,49,49,49,49,61,61,74,108,120,120,199,199,199,199],"floor_reached":18,"playtime":348,"items_purged":[],"score":322,"play_id":"0bd39185-850a-4af1-a4e3-4912f5aea276","local_time":"20201215165117","is_ascension_mode":true,"campfire_choices":[{"data":"Dagger Spray","floor":8,"key":"SMITH"},{"data":"Neutralize","floor":11,"key":"SMITH"},{"data":"Blade Dance","floor":15,"key":"SMITH"}],"circlet_count":0,"master_deck":["AscendersBane","Strike_G","Strike_G","Defend_G","Defend_G","Defend_G","Defend_G","Survivor","Neutralize+1","Tactician","Dagger Spray+1","Infinite Blades","Underhanded Strike","Blade Dance+1","Corpse Explosion","A Thousand Cuts"],"relics":["Ring of the Snake","NeowsBlessing","Pantograph","FossilizedHelix","Empty Cage"],"acts_visited":["Exordium","TheCity"],"potions_floor_usage":[],"damage_taken":[{"damage":0,"enemies":"Cultist","floor":1,"turns":1},{"damage":0,"enemies":"Small Slimes","floor":4,"turns":1},{"damage":0,"enemies":"Gremlin Nob","floor":6,"turns":1},{"damage":1,"enemies":"Jaw Worm","floor":10,"turns":4},{"damage":3,"enemies":"2 Fungi Beasts","floor":12,"turns":4},{"damage":2,"enemies":"3 Sentries","floor":13,"turns":5},{"damage":0,"enemies":"Large Slime","floor":14,"turns":4},{"damage":50,"enemies":"Slime Boss","floor":16,"turns":12},{"damage":0,"enemies":"2 Thieves","floor":18,"turns":1}],"seed_played":"3628596022503380204","potions_obtained":[{"floor":6,"key":"LiquidBronze"},{"floor":10,"key":"Ancient Potion"},{"floor":12,"key":"Energy Potion"},{"floor":16,"key":"FearPotion"}],"is_trial":false,"path_per_floor":["M","?","$","M","?","E","$","R","T","M","R","M","E","M","R","B",null,"M"],"character_chosen":"THE_SILENT","items_purchased":["Dagger Spray"],"campfire_rested":0,"item_purchase_floors":[3],"current_hp_per_floor":[63,63,63,63,63,63,63,63,63,62,62,59,57,57,57,20,58,58,58],"gold":199,"neow_bonus":"THREE_ENEMY_KILL","is_daily":false,"chose_seed":false,"campfire_upgraded":3,"win_rate":0.0,"timestamp":1608018677,"path_taken":["M","?","$","M","?","E","?","R","T","M","R","M","E","M","R","BOSS","M"],"items_purchased_type":["Card"],"build_version":"2020-12-13","purchased_purges":0,"victory":false,"max_hp_per_floor":[70,70,70,70,70,70,70,70,70,70,70,70,70,70,70,70,70,70,70],"card_choices":[{"not_picked":["Slice","Outmaneuver"],"picked":"Tactician","floor":1},{"not_picked":["Bouncing Flask","Dodge and Roll"],"picked":"Infinite Blades","floor":4},{"not_picked":["Tactician","Dodge and Roll","Catalyst"],"picked":"SKIP","floor":6},{"not_picked":["Poisoned Stab","Skewer"],"picked":"Underhanded Strike","floor":10},{"not_picked":["Storm of Steel","Sucker Punch"],"picked":"Blade Dance","floor":12},{"not_picked":["Dagger Throw","PiercingWail"],"picked":"Corpse Explosion","floor":13},{"not_picked":["Cloak And Dagger","Dodge and Roll","Acrobatics"],"picked":"SKIP","floor":14},{"not_picked":["Venomology","Malaise"],"picked":"A Thousand Cuts","floor":16}],"player_experience":419775,"relics_obtained":[{"floor":6,"key":"Pantograph"},{"floor":13,"key":"FossilizedHelix"}],"event_choices":[{"cards_removed":["Defend_G"],"damage_healed":0,"gold_gain":0,"player_choice":"Card Removal","damage_taken":0,"max_hp_gain":0,"max_hp_loss":0,"event_name":"The Cleric","floor":2,"gold_loss":50},{"cards_removed":["Strike_G"],"damage_healed":0,"gold_gain":0,"player_choice":"Forget","damage_taken":0,"max_hp_gain":0,"max_hp_loss":0,"event_name":"Living Wall","floor":5,"gold_loss":0}],"is_beta":false,"boss_relics":[{"not_picked":["Black Star","HoveringKite"],"picked":"Empty Cage"}],"items_purged_floors":[],"is_endless":false,"potions_floor_spawned":[6,10,12,13,16],"killed_by":"2 Thieves","ascension_level":13}}