{"host":"kag8mfq4or8nkqb2","time":1608002737,"event":{"mods":["2.2 Compatiblity","BaseMod","Downfall","Minty Spire (QoL Compilation)","StSLib"],"gold_per_floor":[99,112,124,124,151,61,107,107,207,241,21,42,66,75,102,209,209,134,19,40,56,76,110,181,181,50,75,104,295,295,304,329,432,432,357,377,377,377,36,52,52,52,88,13,25,52,74,92,108,108,108,143,143,143,143],"floor_reached":56,"playtime":13041,"items_purged":["Guardian:Strike_Guardian","Guardian:Defend_Guardian","Guardian:Defend_Guardian","Guardian:Defend_Guardian","Guardian:Defend_Guardian"],"score":1978,"play_id":"48305e2c-e00a-4c92-8355-2685bfc09e3a","local_time":"20201215032537","is_ascension_mode":true,"campfire_choices":[{"data":"Deep Breath","floor":1.0,"key":"SMITH"},{"data":"Guardian:DonusPower","floor":4.0,"key":"SMITH"},{"floor":8.0,"key":"RECALL"},{"data":"Guardian:BaubleBeam","floor":18.0,"key":"SMITH"},{"data":"Guardian:ChargeUp","floor":25.0,"key":"SMITH"},{"data":"Guardian:FierceBash","floor":35.0,"key":"SMITH"},{"data":"Guardian:CurlUp","floor":38.0,"key":"SMITH"},{"data":"Guardian:VentSteam","floor":44.0,"key":"SMITH"},{"data":"Guardian:FuturePlans","floor":54,"key":"SMITH"}],"circlet_count":0,"master_deck":["AscendersBane","Guardian:CurlUp+1","Guardian:TwinSlam","Deep Breath+1","Guardian:BronzeArmor","Guardian:DonusPower+1","Guardian:VentSteam+1","Guardian:ChargeUp+1","Guardian:FuturePlans+1","Guardian:MultiBeam","Guardian:FierceBash+1","Guardian:BronzeOrb","Guardian:BaubleBeam+1","Guardian:ArmoredProtocol+1","Guardian:Gem_White","Guardian:ShieldSpikes+1","Guardian:PrismaticBeam+1","Guardian:DecasProtection+1","Guardian:Repulse+1","expansioncontent:Chronoboost+1","expansioncontent:CaCaw+1"],"relics":["Guardian:ModeShifter","Ancient Tea Set","Pen Nib","Potion Belt","CeramicFish","Lee\u0027s Waffle","Empty Cage","downfall:HeartBlessingRed","Molten Egg 2","HornCleat","Omamori","Sozu","downfall:HeartBlessingGreen","Frozen Egg 2","downfall:HeartBlessingBlue","Unceasing Top"],"acts_visited":["Exordium","TheCity","TheBeyond","TheEnding"],"potions_floor_usage":[55,55,55],"damage_taken":[{"damage":0.0,"enemies":"Cultist","floor":2.0,"turns":3.0},{"damage":1.0,"enemies":"Jaw Worm","floor":3.0,"turns":3.0},{"damage":10.0,"enemies":"Gremlin Nob","floor":5.0,"turns":4.0},{"damage":0.0,"enemies":"downfall:FleeingMerchant","floor":6.0,"turns":4.0},{"damage":27.0,"enemies":"downfall:LadyInBlue","floor":9.0,"turns":14.0},{"damage":16.0,"enemies":"Lagavulin","floor":10.0,"turns":7.0},{"damage":0.0,"enemies":"downfall:FleeingMerchant","floor":11.0,"turns":4.0},{"damage":0.0,"enemies":"Small Slimes","floor":12.0,"turns":2.0},{"damage":1.0,"enemies":"2 Fungi Beasts","floor":13.0,"turns":5.0},{"damage":6.0,"enemies":"3 Louse","floor":15.0,"turns":3.0},{"damage":11.0,"enemies":"downfall:Watcher","floor":16.0,"turns":6.0},{"damage":12.0,"enemies":"downfall:FleeingMerchant","floor":19.0,"turns":4.0},{"damage":3.0,"enemies":"Spheric Guardian","floor":20.0,"turns":4.0},{"damage":13.0,"enemies":"Shelled Parasite and Fungi","floor":21.0,"turns":3.0},{"damage":0.0,"enemies":"Chosen and Byrds","floor":22.0,"turns":4.0},{"damage":7.0,"enemies":"Book of Stabbing","floor":23.0,"turns":5.0},{"damage":0.0,"enemies":"downfall:FleeingMerchant","floor":26.0,"turns":4.0},{"damage":27.0,"enemies":"Slavers","floor":27.0,"turns":5.0},{"damage":7.0,"enemies":"Snecko","floor":28.0,"turns":5.0},{"damage":0.0,"enemies":"downfall:FleeingMerchant","floor":29.0,"turns":1.0},{"damage":1.0,"enemies":"Centurion and Healer","floor":32.0,"turns":5.0},{"damage":0.0,"enemies":"downfall:Defect","floor":33.0,"turns":7.0},{"damage":0.0,"enemies":"3 Darklings","floor":36.0,"turns":1.0},{"damage":14.0,"enemies":"Orb Walker","floor":40.0,"turns":4.0},{"damage":1.0,"enemies":"Nemesis","floor":43.0,"turns":3.0},{"damage":0.0,"enemies":"Maw","floor":45.0,"turns":3.0},{"damage":0.0,"enemies":"Sphere and 2 Shapes","floor":46.0,"turns":3.0},{"damage":5.0,"enemies":"Jaw Worm Horde","floor":47.0,"turns":3.0},{"damage":0.0,"enemies":"3 Darklings","floor":49.0,"turns":4.0},{"damage":0.0,"enemies":"downfall:Ironclad","floor":50.0,"turns":5.0},{"damage":26.0,"enemies":"downfall:CharBossMerchant","floor":52.0,"turns":7.0},{"damage":7,"enemies":"downfall:NeowBoss","floor":55,"turns":15}],"seed_played":"-8391203852033203258","potions_obtained":[{"floor":2.0,"key":"Dexterity Potion"},{"floor":3.0,"key":"Fire Potion"},{"floor":9.0,"key":"CultistPotion"},{"floor":9.0,"key":"DistilledChaos"},{"floor":9.0,"key":"Weak Potion"},{"floor":12.0,"key":"AttackPotion"},{"floor":13.0,"key":"BlessingOfTheForge"},{"floor":16.0,"key":"Energy Potion"},{"floor":27.0,"key":"LiquidBronze"},{"floor":28.0,"key":"sneckomod:MuddlingPotion"}],"is_trial":false,"path_per_floor":["R","M","M","R","E","$","T","R","?","E","$","M","M","?","M","B",null,"R","$","M","M","M","E","T","R","$","E","M","$","?","?","M","B",null,"R","M","?","R","$","M","T","$","E","R","M","M","M","?","M","B",null,"E","$","R","B",null],"character_chosen":"GUARDIAN","items_purchased":["Lee\u0027s Waffle","Guardian:MultiBeam","Guardian:Gem_Blue","Guardian:Gem_White","Guardian:Gem_Yellow","Guardian:PrismaticBeam+1"],"campfire_rested":0,"item_purchase_floors":[11,11,29,39,39,39],"current_hp_per_floor":[72,72,71,71,61,61,61,61,34,18,87,87,86,86,80,69,83,83,71,68,55,55,48,48,48,48,21,14,14,14,14,13,13,69,69,69,69,69,69,55,55,55,54,64,64,64,59,54,54,54,86,60,60,60,53],"gold":143,"neow_bonus":"RANDOM_COLORLESS","is_daily":false,"chose_seed":false,"campfire_upgraded":8,"win_rate":0.0,"timestamp":1608002737,"path_taken":["R","M","?","R","E","$","T","R","?","E","?","M","?","?","M","BOSS","R","?","M","M","M","E","T","R","$","E","M","$","?","?","M","BOSS","R","M","?","R","$","M","T","$","E","R","?","M","M","?","M","BOSS","E","$","R","BOSS"],"items_purchased_type":["Relic","Card","Card","Card","Card","Card"],"build_version":"2020-12-13","purchased_purges":5,"victory":true,"max_hp_per_floor":[80,80,80,80,80,80,80,80,80,80,87,87,87,87,87,87,87,87,87,87,87,87,87,87,87,87,87,87,87,87,87,87,87,87,87,87,87,87,87,87,87,87,87,97,97,97,97,97,97,97,97,97,97,97,97],"card_choices":[{"not_picked":["Madness","expansioncontent:GoopSpray"],"picked":"Deep Breath","floor":0.0},{"not_picked":["Guardian:Gem_Crimson","Guardian:SpikerProtocol"],"picked":"Guardian:BronzeArmor","floor":2.0},{"not_picked":["Guardian:Incinerate","Guardian:MultiBeam"],"picked":"Guardian:DonusPower","floor":3.0},{"not_picked":["Guardian:PolyBeam","Guardian:RollAttack"],"picked":"Guardian:VentSteam","floor":5.0},{"not_picked":["Guardian:ChargeCore","Guardian:Reroute","Guardian:RollAttack"],"picked":"SKIP","floor":6.0},{"not_picked":["Guardian:Repulse","Guardian:Gem_Green"],"picked":"Guardian:ChargeUp","floor":10.0},{"not_picked":["Guardian:Repulse","Guardian:Gem_Green"],"picked":"Guardian:FuturePlans","floor":11.0},{"not_picked":["Guardian:Suspension","Guardian:Gem_Lightblue"],"picked":"Guardian:Gem_Cyan","floor":12.0},{"not_picked":["Guardian:TemporalStrike","Guardian:ChargeCore"],"picked":"Guardian:FierceBash","floor":13.0},{"not_picked":["Guardian:Suspension","Guardian:VentSteam"],"picked":"Guardian:Gem_White","floor":15.0},{"not_picked":["Guardian:StasisEngine","Guardian:StasisField"],"picked":"Guardian:BaubleBeam","floor":16.0},{"not_picked":["Guardian:Suspension","Guardian:ArmoredProtocol","Guardian:Planning"],"picked":"SKIP","floor":19.0},{"not_picked":["Guardian:PrimingBeam","Guardian:FloatingOrbs"],"picked":"Guardian:Gem_Purple","floor":20.0},{"not_picked":["Guardian:Reroute","Guardian:PolyBeam","Guardian:TemporalShield"],"picked":"SKIP","floor":21.0},{"not_picked":["Guardian:TemporalStrike","Guardian:WalkerClaw"],"picked":"Guardian:Gem_Yellow","floor":22.0},{"not_picked":["Guardian:CrystalBeam+1","Guardian:StasisField"],"picked":"Guardian:ArmoredProtocol+1","floor":23.0},{"not_picked":["Guardian:Recover+1","Guardian:ShieldCharger"],"picked":"Guardian:Gem_White","floor":26.0},{"not_picked":["Guardian:AncientConstruct","Guardian:Gem_Red","Guardian:RollAttack+1"],"picked":"SKIP","floor":27.0},{"not_picked":["Guardian:Recover","Guardian:PiercingHide"],"picked":"Guardian:Gem_Yellow","floor":28.0},{"not_picked":["Guardian:PrismaticBarrier","Guardian:ArmoredProtocol"],"picked":"Guardian:Gem_Cyan","floor":29.0},{"not_picked":["Guardian:DonusPower","Guardian:ArmoredProtocol"],"picked":"Guardian:ShieldSpikes+1","floor":32.0},{"not_picked":["Guardian:Gem_Lightblue","Guardian:Orbwalk+1","Guardian:Incinerate+1"],"picked":"SKIP","floor":36.0},{"not_picked":["Guardian:PrimingBeam+1","Guardian:VentSteam+1","Guardian:WalkerClaw+1"],"picked":"SKIP","floor":40.0},{"not_picked":["Guardian:Preprogram","Guardian:Repulse+1"],"picked":"Guardian:Gem_Crimson","floor":43.0},{"not_picked":["Guardian:Incinerate+1","Guardian:RollAttack+1","Guardian:Reroute+1"],"picked":"SKIP","floor":45.0},{"not_picked":["Guardian:Incinerate+1","Guardian:RollAttack+1","Guardian:Reroute+1"],"picked":"SKIP","floor":45.0},{"not_picked":["Guardian:TemporalStrike+1","Guardian:Gem_Green"],"picked":"Guardian:DecasProtection+1","floor":46.0},{"not_picked":["Guardian:AncientConstruct+1","Guardian:Gem_Fragmented"],"picked":"Guardian:Repulse+1","floor":47.0},{"not_picked":["expansioncontent:AwakenDeath+1","expansioncontent:ManipulateTime"],"picked":"expansioncontent:Chronoboost+1","floor":48.0},{"not_picked":["expansioncontent:DecasProtection","expansioncontent:Torchfire+1"],"picked":"expansioncontent:CaCaw+1","floor":48.0},{"not_picked":["Guardian:Gem_Fragmented","Guardian:PrimingBeam+1","Guardian:TemporalStrike+1"],"picked":"SKIP","floor":49.0},{"not_picked":["Guardian:Gem_Crimson","Guardian:TemporalStrike+1","Guardian:CrystalBeam+1"],"picked":"SKIP","floor":52}],"player_experience":1006755,"relics_obtained":[{"floor":5.0,"key":"Ancient Tea Set"},{"floor":7.0,"key":"Pen Nib"},{"floor":9.0,"key":"Potion Belt"},{"floor":10.0,"key":"CeramicFish"},{"floor":23.0,"key":"Molten Egg 2"},{"floor":24.0,"key":"HornCleat"},{"floor":27.0,"key":"Omamori"},{"floor":43.0,"key":"Frozen Egg 2"},{"floor":52,"key":"Unceasing Top"}],"event_choices":[],"is_beta":false,"boss_relics":[{"not_picked":["Fusion Hammer","Busted Crown"],"picked":"Empty Cage"},{"not_picked":["Runic Dome","Runic Pyramid"],"picked":"Sozu"}],"items_purged_floors":[6,19,26,29,39],"is_endless":false,"potions_floor_spawned":[2,3,12,13,15,16,21,22,27,28,36,45],"ascension_level":10}}