{"host":"4w5vz2qsjbb0msis","time":1608045503,"event":{"mods":["BaseMod","GungeonMod","Highlight Path","Koishi","Minty Spire (QoL Compilation)","Quick Restart","Rare Cards Sparkle","Relic Stats","Replay The Spire","RumiaBox-Â¶Ã×æ«µÄÉñÃØºÐ×Ó","StSLib","TestMod","The Alterego","[IsaacMod]ÒÔÈö¼âËþ","¡¾ÒÅÎï¿¨ÅÆ¡¿REMEMod"],"gold_per_floor":[119,119,139,24,24,49,49,63,88,100,125,156,168,208,220,335,347,377,70,10,21,40,40,70,84,84,84,104,121,137,155,165,165,165,263,263,274,574,590,608,608,608],"floor_reached":41,"playtime":2022,"items_purged":[],"score":429,"play_id":"e938826c-b28e-4fb8-a956-ea32f817141c","local_time":"20201215231823","is_ascension_mode":false,"campfire_choices":[{"data":"alterego_mod:Birthday","floor":7.0,"key":"SMITH"},{"data":"alterego_mod:BigMeatyClaws","floor":10.0,"key":"SMITH"},{"data":"alterego_mod:Pet","floor":15.0,"key":"SMITH"},{"data":"alterego_mod:Cushion","floor":23.0,"key":"SMITH"},{"data":"alterego_mod:Palingenesis","floor":27.0,"key":"SMITH"},{"data":"alterego_mod:Palingenesis+1","floor":33.0,"key":"SMITH"}],"circlet_count":0,"master_deck":["alterego_mod:Strike","alterego_mod:Strike","alterego_mod:Strike","alterego_mod:Strike","alterego_mod:Defend","alterego_mod:Defend","alterego_mod:Defend","alterego_mod:Defend+1","alterego_mod:Impale+1","alterego_mod:BigMeatyClaws+1","alterego_mod:BrynhildrsRune","alterego_mod:Birthday+1","Feel No Pain","alterego_mod:BiFurious","alterego_mod:DeftHands","alterego_mod:Pet+1","alterego_mod:BeGentle","alterego_mod:STier","alterego_mod:Palingenesis+2","alterego_mod:Cycle","alterego_mod:Cushion+1","alterego_mod:Nekomimi+1","alterego_mod:Mirror","alterego_mod:Birthday+1","alterego_mod:ClassAdvantage+1","alterego_mod:Undulate+1","alterego_mod:MagicResistance","alterego_mod:Pet+1","DemoMod:Elimentaler","alterego_mod:VirginLaserPalladion","alterego_mod:HighServant","alterego_mod:Table+1","alterego_mod:SakuraLabyrinth"],"relics":["alterego_mod:MasochisticConstitution","HushsDoor","REME_ComplimentaryCards","testmod-TestBox","DoctorsRemote","testmod-HarvestTotem","NeowsBlessing","testmod-ArcanaOfDestiny","Strawberry","MawBank","PlanX","testmod-Nine","REME_CardOfGreed","Boot","testmod-Hope","DemoMod:RatBoots","DemoMod:ResourcefulSack","DemoMod:PartiallyEatenCheese","testmod-SaigiyounoYou","testmod-IncinerationGenerator"],"acts_visited":["Exordium","TheCity","TheCity","TheBeyond"],"potions_floor_usage":[],"damage_taken":[{"damage":8.0,"enemies":"Small Slimes","floor":1.0,"turns":2.0},{"damage":1.0,"enemies":"Cultist","floor":3.0,"turns":3.0},{"damage":4.0,"enemies":"3 Sentries","floor":6.0,"turns":2.0},{"damage":2.0,"enemies":"Jaw Worm","floor":8.0,"turns":2.0},{"damage":12.0,"enemies":"Lots of Slimes","floor":11.0,"turns":3.0},{"damage":2.0,"enemies":"Looter","floor":12.0,"turns":4.0},{"damage":20.0,"enemies":"Replay:BlueRogue","floor":14.0,"turns":4.0},{"damage":28.0,"enemies":"Slime Boss","floor":16.0,"turns":8.0},{"damage":20.0,"enemies":"2 Thieves","floor":18.0,"turns":4.0},{"damage":8.0,"enemies":"Spheric Guardian","floor":21.0,"turns":4.0},{"damage":16.0,"enemies":"3 Cultists","floor":22.0,"turns":4.0},{"damage":0.0,"enemies":"Gremlin Leader","floor":24.0,"turns":5.0},{"damage":0.0,"enemies":"Snecko","floor":25.0,"turns":6.0},{"damage":5.0,"enemies":"DemoMod:4_Bullet_Kins","floor":28.0,"turns":3.0},{"damage":6.0,"enemies":"DemoMod:Red_and_blue_shotgun_kin","floor":29.0,"turns":4.0},{"damage":40.0,"enemies":"DemoMod:Veteran_shot_gun_kin_and_blue_shotgun_kin","floor":30.0,"turns":2.0},{"damage":16.0,"enemies":"DemoMod:Veteran_shot_gun_kin_and_blue_shotgun_kin_with_gunsinger","floor":31.0,"turns":4.0},{"damage":14.0,"enemies":"DemoMod:Red_and_blue_shotgun_kin_with_gunsinger","floor":32.0,"turns":2.0},{"damage":1.0,"enemies":"DemoMod:ResourcefulRat","floor":35.0,"turns":1.0},{"damage":51.0,"enemies":"3 Shapes","floor":37.0,"turns":4.0},{"damage":0,"enemies":"3 Darklings","floor":39,"turns":2},{"damage":14,"enemies":"Maw","floor":40,"turns":8},{"damage":0,"enemies":"4 Shapes","floor":41,"turns":1}],"seed_played":"6523421106374004120","potions_obtained":[{"floor":3.0,"key":"ColorlessPotion"},{"floor":11.0,"key":"Elixir"},{"floor":12.0,"key":"Venom Potion"},{"floor":16.0,"key":"ColorlessPotion"},{"floor":24.0,"key":"LiquidMemories"},{"floor":31.0,"key":"DemoMod:LeadSkinPotion"},{"floor":40,"key":"Adrenaline Potion"}],"is_trial":false,"path_per_floor":["M","?","M","$","T","E","R","M","T","R","M","M","$","E","R","B",null,"M","$","?","M","M","R","E","M","T","R","M","M","M","M","M","R","B","B",null,"M","?","M","M","M"],"character_chosen":"The_Alterego","items_purchased":["DemoMod:GnawedKey","alterego_mod:Palingenesis","REME_CardOfGreed"],"campfire_rested":0,"item_purchase_floors":[4,19,19],"current_hp_per_floor":[136,108,115,115,115,143,143,159,159,159,157,165,165,155,155,137,170,160,160,160,162,156,156,166,166,178,178,186,184,183,183,185,185,196,198,198,181,181,199,202,202,202],"gold":608,"neow_bonus":"THREE_ENEMY_KILL","is_daily":false,"chose_seed":false,"campfire_upgraded":6,"win_rate":0.0,"timestamp":1608045503,"path_taken":["M","?","M","$","?","E","R","M","T","R","M","?","?","E","R","BOSS","M","$","?","M","M","R","E","M","T","R","M","M","M","M","M","R","BOSS","BOSS","M","?","M","M","M"],"items_purchased_type":["Relic","Card","Relic"],"build_version":"2020-12-13","purchased_purges":0,"victory":false,"max_hp_per_floor":[142,142,144,144,144,160,160,162,162,162,164,166,166,168,168,170,170,172,172,172,174,176,176,178,178,178,178,186,188,190,192,194,194,196,198,198,200,200,200,202,202,202],"relic_stats":{"counters":[24,92],"MawBank":120,"Boot":[131],"obtain_stats":[{"KeepersGift":0,"DoctorsRemote":0,"alterego_mod:MasochisticConstitution":0,"testmod-TestBox":0,"NeowsBlessing":0,"DemoMod:PartiallyEatenCheese":36,"testmod-IncinerationGenerator":36,"DemoMod:GlassGuonStoneRelic":6,"testmod-HarvestTotem":0,"DemoMod:RatBoots":36,"MawBank":9,"Boot":24,"testmod-SaigiyounoYou":36,"Strawberry":6,"PlanX":14,"testmod-Hope":26,"DemoMod:GnawedKey":4,"REME_CardOfGreed":19,"DemoMod:ResourcefulSack":36,"HushsDoor":0,"testmod-ArcanaOfDestiny":5,"testmod-Nine":17,"REME_ComplimentaryCards":0},{"KeepersGift":0,"DoctorsRemote":0,"alterego_mod:MasochisticConstitution":0,"testmod-TestBox":0,"NeowsBlessing":0,"DemoMod:PartiallyEatenCheese":20,"testmod-IncinerationGenerator":20,"DemoMod:GlassGuonStoneRelic":3,"testmod-HarvestTotem":0,"DemoMod:RatBoots":20,"MawBank":4,"Boot":12,"testmod-SaigiyounoYou":20,"Strawberry":3,"PlanX":7,"testmod-Hope":13,"DemoMod:GnawedKey":2,"REME_CardOfGreed":9,"DemoMod:ResourcefulSack":20,"HushsDoor":0,"testmod-ArcanaOfDestiny":2,"testmod-Nine":8,"REME_ComplimentaryCards":0},{"KeepersGift":0,"DoctorsRemote":0,"alterego_mod:MasochisticConstitution":0,"testmod-TestBox":0,"NeowsBlessing":0,"DemoMod:PartiallyEatenCheese":77,"testmod-IncinerationGenerator":77,"DemoMod:GlassGuonStoneRelic":7,"testmod-HarvestTotem":0,"DemoMod:RatBoots":77,"MawBank":9,"Boot":45,"testmod-SaigiyounoYou":77,"Strawberry":7,"PlanX":20,"testmod-Hope":51,"DemoMod:GnawedKey":5,"REME_CardOfGreed":32,"DemoMod:ResourcefulSack":77,"HushsDoor":0,"testmod-ArcanaOfDestiny":5,"testmod-Nine":28,"REME_ComplimentaryCards":0}]},"card_choices":[{"not_picked":["alterego_mod:Pet","alterego_mod:BusterCard"],"picked":"alterego_mod:Birthday","floor":1.0},{"not_picked":["alterego_mod:GoddessCore","alterego_mod:SakuraLabyrinth"],"picked":"alterego_mod:BiFurious","floor":3.0},{"not_picked":["alterego_mod:DustData","alterego_mod:RidiculouslyBig"],"picked":"Bomb","floor":6.0},{"not_picked":["alterego_mod:Pet","alterego_mod:RidiculouslyBig"],"picked":"alterego_mod:DeftHands","floor":8.0},{"not_picked":["alterego_mod:GoddessCore","alterego_mod:Collar","alterego_mod:DeftHands"],"picked":"SKIP","floor":11.0},{"not_picked":["alterego_mod:ChallengeComplete","alterego_mod:Bloomers"],"picked":"alterego_mod:Pet","floor":12.0},{"not_picked":["alterego_mod:SuperDuperMasochism","alterego_mod:GachaTicket"],"picked":"alterego_mod:BeGentle","floor":14.0},{"not_picked":["alterego_mod:AlterEgo","alterego_mod:Lift"],"picked":"alterego_mod:STier","floor":16.0},{"not_picked":["alterego_mod:Santa","alterego_mod:Cooking","alterego_mod:Skirt"],"picked":"SKIP","floor":18.0},{"not_picked":["alterego_mod:Clones","alterego_mod:BiFurious"],"picked":"alterego_mod:Cycle","floor":21.0},{"not_picked":["alterego_mod:BustOut","alterego_mod:Complex+1"],"picked":"alterego_mod:Cushion","floor":22.0},{"not_picked":["alterego_mod:HighServant","alterego_mod:Jiggle"],"picked":"alterego_mod:Nekomimi+1","floor":24.0},{"not_picked":["alterego_mod:Complex","alterego_mod:PerceptionDisorder"],"picked":"alterego_mod:Mirror","floor":25.0},{"not_picked":["alterego_mod:MaintainEyeContact","alterego_mod:Exercise+1"],"picked":"alterego_mod:Birthday+1","floor":28.0},{"not_picked":["alterego_mod:DiscoLights","alterego_mod:Bounce+1"],"picked":"alterego_mod:ClassAdvantage","floor":29.0},{"not_picked":["alterego_mod:BusterCard","alterego_mod:Maid+1"],"picked":"alterego_mod:Undulate+1","floor":30.0},{"not_picked":["alterego_mod:DeftHands","alterego_mod:Bloomers+1"],"picked":"alterego_mod:MagicResistance","floor":31.0},{"not_picked":["alterego_mod:SakuraFive+1","alterego_mod:Valkyrie"],"picked":"alterego_mod:Pet+1","floor":32.0},{"not_picked":[],"picked":"DemoMod:Elimentaler","floor":35.0},{"not_picked":["alterego_mod:TrickOrTreatment","alterego_mod:STier"],"picked":"alterego_mod:VirginLaserPalladion","floor":35.0},{"not_picked":["alterego_mod:DeftHands","alterego_mod:Mirror"],"picked":"alterego_mod:HighServant","floor":37.0},{"not_picked":["alterego_mod:DiscoLights","alterego_mod:Belle"],"picked":"alterego_mod:Table+1","floor":39},{"not_picked":["alterego_mod:Cycle","alterego_mod:GoddessCore+1"],"picked":"alterego_mod:SakuraLabyrinth","floor":40}],"player_experience":430735,"relics_obtained":[{"floor":5.0,"key":"testmod-ArcanaOfDestiny"},{"floor":6.0,"key":"Strawberry"},{"floor":9.0,"key":"MawBank"},{"floor":14.0,"key":"PlanX"},{"floor":24.0,"key":"Boot"},{"floor":26.0,"key":"testmod-Hope"},{"floor":36.0,"key":"DemoMod:RatBoots"},{"floor":36.0,"key":"DemoMod:ResourcefulSack"},{"floor":36.0,"key":"DemoMod:PartiallyEatenCheese"},{"floor":36.0,"key":"testmod-SaigiyounoYou"},{"floor":36.0,"key":"testmod-IncinerationGenerator"}],"event_choices":[{"damage_healed":0.0,"max_hp_gain":0.0,"max_hp_loss":0.0,"gold_gain":0.0,"event_name":"Shining Light","player_choice":"Entered Light","floor":2.0,"gold_loss":0.0,"damage_taken":28.0,"cards_upgraded":["alterego_mod:Impale","alterego_mod:Defend"]}],"is_beta":false,"boss_relics":[{"not_picked":["Ectoplasm","testmod-Recursion"],"picked":"testmod-Nine"},{"not_picked":[]},{"not_picked":[]}],"items_purged_floors":[],"is_endless":false,"potions_floor_spawned":[3,11,12,14,16,21,24,31,32,35,40],"killed_by":"4 Shapes","ascension_level":0}}