{"host":"6qohxdms6n72zb21","time":1608020155,"event":{"mods":["Act Like it!","Ascension Reborn","BaseMod","Better Synergies","Downfall","Minty Spire (QoL Compilation)","Quick Restart","Replay The Spire","StSLib"],"gold_per_floor":[99,110,110,110,110,130,55,74,100,117,136,61,236,236,256,315,328,425,425,375,390,340,369,389,389,389,400,350,350,360,360,371,371,381,481,481,431,706,723,734,734,753,753,703,176,126,146,160,171,4,20,20],"floor_reached":53,"playtime":6110,"items_purged":["Regret"],"score":748,"play_id":"6163aa33-3703-407b-8a0d-4e50fc746e37","local_time":"20201215031555","is_ascension_mode":true,"campfire_choices":[{"floor":1,"key":"RECALL"},{"data":"Slimebound:Split","floor":7,"key":"SMITH"},{"data":"Slimebound:CorrosiveSpit","floor":12,"key":"SMITH"},{"data":"Slimebound:Schlurp","floor":20,"key":"SMITH"},{"data":"Slimebound:Repurpose","floor":22,"key":"SMITH"},{"floor":28,"key":"REST"},{"data":"Slimebound:OozeBath","floor":37,"key":"SMITH"},{"data":"Slimebound:OozeBath","floor":44,"key":"SMITH"},{"floor":46,"key":"REST"}],"circlet_count":0,"master_deck":["Slimebound:Strike_Slimebound+1","Slimebound:Strike_Slimebound+1","Slimebound:Strike_Slimebound+1","Slimebound:Tackle","Slimebound:Defend_Slimebound+1","Slimebound:Defend_Slimebound+1","Slimebound:Defend_Slimebound+1","Slimebound:Defend_Slimebound+1","Slimebound:Split+1","Slimebound:CorrosiveSpit+1","Slimebound:Chomp","Slimebound:Schlurp+1","Slimebound:SlimeSpikes","Slimebound:LeechEnergy","Slimebound:LeechingTouch","Slimebound:SplitAcid","Slimebound:MassFeed","Slimebound:SamplingLick","Slimebound:Teamwork","Slimebound:Repurpose+1","Slimebound:OozeBath+1","Slimebound:RollThrough","Slimebound:SlimeSpikes","Slimebound:FinishingTackle+1","Slimebound:LeechLife","Slimebound:HauntingLick","Slimebound:OozeBath+1","Slimebound:SplitBruiser","Slimebound:SplitBruiser","Slimebound:RollThrough+1","Slimebound:RainOfGoop+1","expansioncontent:TimeRipple","Slimebound:ViciousTackle","Slimebound:RollThrough+1","Slimebound:Dissolve+1","Slimebound:Schlurp+1","Slimebound:ViciousTackle+1"],"relics":["Slimebound:AbsorbEndCombat","downfall:HeartBlessingRed","downfall:HeartBlessingBlue","Slimebound:GreedOozeRelic","Odd Mushroom","Vajra","Replay:WaspNest","Replay:Rubber Ducky","WarpedTongs","Empty Cage","downfall:TeleportStone","Incense Burner","Shuriken","Slimebound:SelfDamagePreventRelic"],"acts_visited":["TheCity","TheBeyond"],"potions_floor_usage":[23,23,35,42,42,42,45,51,52,52],"damage_taken":[{"damage":10,"enemies":"Small Slimes","floor":2,"turns":3},{"damage":4,"enemies":"Cultist","floor":6,"turns":3},{"damage":18,"enemies":"Jaw Worm","floor":8,"turns":4},{"damage":15,"enemies":"2 Fungi Beasts","floor":10,"turns":3},{"damage":10,"enemies":"3 Louse","floor":11,"turns":2},{"damage":23,"enemies":"The Mushroom Lair","floor":15,"turns":4},{"damage":42,"enemies":"3 Sentries","floor":16,"turns":5},{"damage":12,"enemies":"Large Slime","floor":17,"turns":5},{"damage":55,"enemies":"downfall:Watcher","floor":18,"turns":8},{"damage":24,"enemies":"3 Byrds","floor":21,"turns":4},{"damage":57,"enemies":"Gremlin Leader","floor":23,"turns":6},{"damage":29,"enemies":"Shell Parasite","floor":24,"turns":4},{"damage":18,"enemies":"Chosen and Byrds","floor":27,"turns":3},{"damage":25,"enemies":"Cultist and Chosen","floor":30,"turns":5},{"damage":39,"enemies":"Sentry and Sphere","floor":32,"turns":5},{"damage":24,"enemies":"Snake Plant","floor":34,"turns":3},{"damage":48,"enemies":"downfall:Silent","floor":35,"turns":5},{"damage":36,"enemies":"3 Shapes","floor":39,"turns":3},{"damage":38,"enemies":"3 Darklings","floor":40,"turns":4},{"damage":46,"enemies":"Spire Growth","floor":42,"turns":5},{"damage":12,"enemies":"downfall:FleeingMerchant","floor":45,"turns":4},{"damage":16,"enemies":"Transient","floor":47,"turns":5},{"damage":36,"enemies":"4 Shapes","floor":48,"turns":4},{"damage":42,"enemies":"Sphere and 2 Shapes","floor":49,"turns":4},{"damage":11,"enemies":"downfall:FleeingMerchant","floor":50,"turns":4},{"damage":8,"enemies":"3 Darklings","floor":51,"turns":4},{"damage":96,"enemies":"downfall:Defect","floor":52,"turns":8}],"seed_played":"-2484495203959898057","potions_obtained":[{"floor":2,"key":"LiquidBronze"},{"floor":5,"key":"CultistPotion"},{"floor":24,"key":"hexamod:EctoCoolerPotion"},{"floor":30,"key":"EntropicBrew"},{"floor":35,"key":"Regen Potion"},{"floor":51,"key":"Fire Potion"}],"is_trial":false,"path_per_floor":["R","M","PTL","PTL","?","M","R","M","T","M","M","R","?","?","?","?","M","B",null,"R","M","R","E","M","?","T","M","R","?","M","?","M","?","M","B",null,"R","?","M","M","?","M","T","R","$","R","M","M","M","$","M","B",null],"character_chosen":"SLIMEBOUND","items_purchased":["PowerPotion","Dexterity Potion","Shuriken","expansioncontent:TimeRipple","Slimebound:SelfDamagePreventRelic"],"campfire_rested":2,"item_purchase_floors":[45,45,45,45,50],"current_hp_per_floor":[66,64,64,64,64,66,66,61,61,64,60,70,70,70,67,57,65,54,76,76,77,77,38,33,33,33,31,54,79,66,66,53,53,56,46,79,79,79,51,47,47,43,43,43,47,71,83,71,46,61,81,39],"gold":20,"neow_bonus":"TEN_PERCENT_HP_BONUS","is_daily":false,"chose_seed":false,"campfire_upgraded":6,"win_rate":0.0,"timestamp":1608020155,"path_taken":["R","M","PTL","PTL","?","M","R","M","T","M","?","R","?","?","?","?","M","BOSS","R","M","R","E","M","?","T","M","R","?","M","?","?","?","M","BOSS","R","?","?","M","?","M","T","R","$","R","M","?","M","?","M","BOSS"],"items_purchased_type":["Potion","Potion","Relic","Card","Relic"],"build_version":"2020-12-13","purchased_purges":1,"victory":true,"max_hp_per_floor":[66,66,66,66,66,66,66,66,66,66,66,76,76,76,76,76,76,76,76,76,79,79,79,79,79,79,79,79,79,79,79,79,79,79,79,79,79,79,79,83,83,83,83,83,83,83,83,92,95,95,99,99],"card_choices":[{"not_picked":["Slimebound:RollThrough","Slimebound:SplitMire"],"picked":"Slimebound:Chomp","floor":2},{"not_picked":["Slimebound:SplitLeeching","Slimebound:GrowthPunch"],"picked":"Slimebound:Schlurp","floor":6},{"not_picked":["Slimebound:RollThrough","Slimebound:ComboTackle"],"picked":"Slimebound:SlimeSpikes","floor":8},{"not_picked":["Slimebound:FinishingTackle","Slimebound:SplitBruiser"],"picked":"Slimebound:LeechEnergy","floor":10},{"not_picked":["Slimebound:PressTheAttack","Slimebound:SplitMire"],"picked":"Slimebound:LeechingTouch","floor":11},{"not_picked":["Slimebound:GrowthPunch","Slimebound:TongueLash"],"picked":"Slimebound:SplitAcid","floor":15},{"not_picked":["Slimebound:GoopTackle","Slimebound:SlimeSpikes"],"picked":"Slimebound:MassFeed","floor":16},{"not_picked":["Slimebound:LeechingTouch","Slimebound:GrowthPunch"],"picked":"Slimebound:SamplingLick","floor":17},{"not_picked":["Slimebound:LeechLife","Slimebound:MassRepurpose"],"picked":"Slimebound:Teamwork","floor":18},{"not_picked":["Slimebound:Prepare","Slimebound:PressTheAttack"],"picked":"Slimebound:Repurpose","floor":21},{"not_picked":["Slimebound:LivingWall","Slimebound:OneTwoCombo"],"picked":"Slimebound:OozeBath","floor":23},{"not_picked":["Slimebound:SplitAcid","Slimebound:ComboTackle+1"],"picked":"Slimebound:RollThrough","floor":24},{"not_picked":["Slimebound:SamplingLick","Slimebound:Schlurp"],"picked":"Slimebound:SlimeSpikes","floor":27},{"not_picked":["Slimebound:SplitLeeching","Slimebound:GoopTackle"],"picked":"Slimebound:FinishingTackle+1","floor":30},{"not_picked":["Slimebound:LivingWall","Slimebound:ComboTackle"],"picked":"Slimebound:LeechLife","floor":32},{"not_picked":["Slimebound:BestDefense+1","Slimebound:FinishingTackle"],"picked":"Slimebound:HauntingLick","floor":34},{"not_picked":["Slimebound:MassFeed","Slimebound:DuplicatedForm"],"picked":"Slimebound:OozeBath","floor":35},{"not_picked":["Slimebound:Gluttony","Slimebound:LeadByExample"],"picked":"Slimebound:SplitBruiser","floor":39},{"not_picked":["Slimebound:Grow+1","Slimebound:SplitMire"],"picked":"Slimebound:SplitBruiser","floor":40},{"not_picked":["Slimebound:BestDefense","Slimebound:GoopTackle"],"picked":"Slimebound:RollThrough+1","floor":42},{"not_picked":["Slimebound:TongueLash","Slimebound:GrowthPunch+1"],"picked":"Slimebound:RainOfGoop+1","floor":45},{"not_picked":["Slimebound:ComboTackle+1","Slimebound:LeechEnergy+1"],"picked":"Slimebound:ViciousTackle","floor":47},{"not_picked":["Slimebound:SplitAcid+1","Slimebound:LeechingTouch+1"],"picked":"Slimebound:RollThrough+1","floor":48},{"not_picked":["Slimebound:SplitAcid+1","Slimebound:LeechEnergy+1"],"picked":"Slimebound:Dissolve+1","floor":49},{"not_picked":["Slimebound:Replication+1","Slimebound:OozeBath"],"picked":"Slimebound:Schlurp+1","floor":50},{"not_picked":["Slimebound:SlimeSpikes+1","Slimebound:LeechingTouch+1"],"picked":"Slimebound:ViciousTackle+1","floor":51}],"player_experience":153707,"relics_obtained":[{"floor":15,"key":"Odd Mushroom"},{"floor":16,"key":"Vajra"},{"floor":23,"key":"Replay:WaspNest"},{"floor":26,"key":"Replay:Rubber Ducky"},{"floor":43,"key":"Incense Burner"}],"event_choices":[{"damage_healed":0,"gold_gain":0,"player_choice":"Got Potions","damage_taken":0,"max_hp_gain":0,"max_hp_loss":0,"event_name":"Lab","floor":5,"gold_loss":0},{"damage_healed":0,"gold_gain":0,"player_choice":"Fought Mushrooms","damage_taken":0,"max_hp_gain":0,"max_hp_loss":0,"event_name":"Mushrooms","floor":15,"gold_loss":0},{"damage_healed":0,"gold_gain":0,"player_choice":"Simplicity","damage_taken":0,"max_hp_gain":0,"max_hp_loss":0,"event_name":"Back to Basics","floor":25,"gold_loss":0,"cards_upgraded":["Slimebound:Strike_Slimebound","Slimebound:Strike_Slimebound","Slimebound:Strike_Slimebound","Slimebound:Defend_Slimebound","Slimebound:Defend_Slimebound","Slimebound:Defend_Slimebound","Slimebound:Defend_Slimebound"]},{"damage_healed":26,"gold_gain":0,"player_choice":"Heal","damage_taken":0,"max_hp_gain":0,"max_hp_loss":0,"event_name":"The Library","floor":29,"gold_loss":0},{"damage_healed":0,"gold_gain":0,"player_choice":"Ignored","damage_taken":0,"max_hp_gain":0,"max_hp_loss":0,"event_name":"Vampires","floor":31,"gold_loss":0},{"damage_healed":0,"gold_gain":0,"player_choice":"Rummage","damage_taken":0,"relics_obtained":["WarpedTongs"],"max_hp_gain":0,"max_hp_loss":0,"event_name":"Accursed Blacksmith","floor":33,"gold_loss":0,"cards_obtained":["Pain"]}],"is_beta":false,"boss_relics":[{"not_picked":["Replay:Bronze Core","Cursed Key","Kintsugi"]},{"not_picked":["Tiny House","Coffee Dripper"],"picked":"Empty Cage"}],"items_purged_floors":[45],"is_endless":false,"potions_floor_spawned":[2,8,16,24,30,35,47,48,49,51],"ascension_level":0}}