{"host":"m6aaltr68g9tvoay","time":1608068615,"event":{"mods":["AchievementEnabler","BaseMod","Colored Map","Minty Spire (QoL Compilation)","StSLib"],"gold_per_floor":[114,133,133,98,98,98,132,146,223,223,94,106,125,137,137,211,211,226,84,102,43,43,43,78,78,78,3,3,3,22,33,33,105,105,116,133,133,133],"floor_reached":37,"playtime":1254,"items_purged":["Injury"],"score":759,"play_id":"20ec15de-534d-4007-95b4-48a5258a1a43","local_time":"20201215134335","is_ascension_mode":true,"campfire_choices":[{"data":"Cloak And Dagger","floor":6.0,"key":"SMITH"},{"floor":10.0,"key":"REST"},{"floor":15.0,"key":"REST"},{"floor":23.0,"key":"REST"},{"floor":29.0,"key":"REST"},{"floor":32.0,"key":"REST"}],"circlet_count":0,"master_deck":["AscendersBane","Strike_G","Strike_G","Strike_G","Strike_G","Strike_G","Defend_G","Defend_G","Defend_G","Defend_G","Defend_G","Survivor","Neutralize","Dagger Spray","Cloak And Dagger+1","Blade Dance","Slice","PiercingWail","Slice","Skewer","Storm of Steel","Backstab","Accuracy","Escape Plan","Cloak And Dagger","Burst","Finisher","Malaise","Flechettes+1","Backstab+1","Parasite"],"relics":["Ring of the Serpent","Ice Cream","Vajra","Darkstone Periapt","Gremlin Horn","WristBlade","Lizard Tail","Shovel","Tingsha","The Courier"],"acts_visited":["Exordium","TheCity","TheBeyond"],"potions_floor_usage":[33,33,36],"damage_taken":[{"damage":6.0,"enemies":"Small Slimes","floor":1.0,"turns":4.0},{"damage":5.0,"enemies":"2 Louse","floor":2.0,"turns":5.0},{"damage":38.0,"enemies":"Lagavulin","floor":7.0,"turns":8.0},{"damage":0.0,"enemies":"Jaw Worm","floor":8.0,"turns":3.0},{"damage":16.0,"enemies":"Gremlin Gang","floor":12.0,"turns":4.0},{"damage":1.0,"enemies":"Exordium Wildlife","floor":13.0,"turns":2.0},{"damage":0.0,"enemies":"Large Slime","floor":14.0,"turns":3.0},{"damage":41.0,"enemies":"The Guardian","floor":16.0,"turns":14.0},{"damage":18.0,"enemies":"Shell Parasite","floor":18.0,"turns":3.0},{"damage":14.0,"enemies":"2 Thieves","floor":20.0,"turns":4.0},{"damage":25.0,"enemies":"Slavers","floor":24.0,"turns":3.0},{"damage":8.0,"enemies":"Shelled Parasite and Fungi","floor":30.0,"turns":3.0},{"damage":15.0,"enemies":"Snecko","floor":31.0,"turns":5.0},{"damage":108,"enemies":"Automaton","floor":33,"turns":7},{"damage":8,"enemies":"Orb Walker","floor":35,"turns":3},{"damage":13,"enemies":"3 Shapes","floor":36,"turns":5},{"damage":51,"enemies":"Writhing Mass","floor":37,"turns":5}],"seed_played":"-557567114893936402","potions_obtained":[{"floor":1.0,"key":"Regen Potion"},{"floor":12.0,"key":"FearPotion"},{"floor":14.0,"key":"DuplicationPotion"},{"floor":18.0,"key":"Fruit Juice"},{"floor":30.0,"key":"CunningPotion"},{"floor":31.0,"key":"Explosive Potion"},{"floor":33,"key":"GhostInAJar"}],"is_trial":false,"path_per_floor":["M","M","?","?","?","R","E","M","T","R","$","M","M","M","R","B",null,"M","$","M","$","?","R","E","?","T","?","T","R","M","M","R","B",null,"M","M","M"],"character_chosen":"THE_SILENT","items_purchased":["PiercingWail","Accuracy","SpeedPotion","Cloak And Dagger"],"campfire_rested":5,"item_purchase_floors":[11,19,19,21],"current_hp_per_floor":[53,48,48,64,53,53,30,30,30,49,49,33,32,32,51,10,52,39,39,25,25,25,46,21,27,27,27,27,50,42,27,50,30,65,57,44,0,0],"gold":133,"neow_bonus":"ONE_RARE_RELIC","is_daily":false,"chose_seed":false,"campfire_upgraded":1,"win_rate":0.0,"timestamp":1608068615,"path_taken":["M","M","?","?","?","R","E","M","T","R","?","?","M","M","R","BOSS","M","$","M","$","?","R","E","?","T","?","?","R","?","M","R","BOSS","M","?","M"],"items_purchased_type":["Card","Card","Potion","Card"],"build_version":"2020-12-13","purchased_purges":1,"victory":false,"max_hp_per_floor":[66,66,66,66,66,66,66,66,66,66,66,66,66,66,66,66,66,71,71,71,71,71,71,71,77,77,77,77,77,77,77,77,77,77,77,77,83,83],"card_choices":[{"not_picked":["Acrobatics","Riddle With Holes"],"picked":"Dagger Spray","floor":1.0},{"not_picked":["Riddle With Holes","Underhanded Strike"],"picked":"Cloak And Dagger","floor":2.0},{"not_picked":["Deflect","Quick Slash"],"picked":"Blade Dance","floor":7.0},{"not_picked":["Quick Slash","Cloak And Dagger"],"picked":"Slice","floor":8.0},{"not_picked":["Backflip","PiercingWail"],"picked":"Slice","floor":12.0},{"not_picked":["Deadly Poison","Heel Hook","Expertise"],"picked":"SKIP","floor":13.0},{"not_picked":["Dash","Crippling Poison"],"picked":"Skewer","floor":14.0},{"not_picked":["Envenom","Grand Finale"],"picked":"Storm of Steel","floor":16.0},{"not_picked":["Quick Slash","Bane"],"picked":"Backstab","floor":18.0},{"not_picked":["Outmaneuver","Underhanded Strike"],"picked":"Escape Plan","floor":20.0},{"not_picked":["Terror","Infinite Blades+1"],"picked":"Burst","floor":24.0},{"not_picked":["Bane","Dagger Throw"],"picked":"Finisher","floor":30.0},{"not_picked":["Heel Hook","Noxious Fumes","Dagger Spray"],"picked":"SKIP","floor":31.0},{"not_picked":["Night Terror","Venomology"],"picked":"Malaise","floor":33},{"not_picked":["Acrobatics+1","Crippling Poison"],"picked":"Flechettes+1","floor":35},{"not_picked":["Flying Knee","Infinite Blades+1"],"picked":"Backstab+1","floor":36}],"player_experience":1235180,"relics_obtained":[{"floor":7.0,"key":"Darkstone Periapt"},{"floor":9.0,"key":"Gremlin Horn"},{"floor":24.0,"key":"Lizard Tail"},{"floor":26.0,"key":"Tingsha"},{"floor":28.0,"key":"The Courier"}],"event_choices":[{"damage_healed":0.0,"max_hp_gain":0.0,"max_hp_loss":0.0,"gold_gain":0.0,"event_name":"Golden Wing","player_choice":"Ignored","floor":3.0,"gold_loss":0.0,"damage_taken":0.0},{"damage_healed":16.0,"max_hp_gain":0.0,"max_hp_loss":0.0,"gold_gain":0.0,"event_name":"The Cleric","player_choice":"Healed","floor":4.0,"gold_loss":35.0,"damage_taken":0.0},{"damage_healed":0.0,"max_hp_gain":0.0,"max_hp_loss":0.0,"gold_gain":0.0,"event_name":"Scrap Ooze","player_choice":"Success","floor":5.0,"gold_loss":0.0,"damage_taken":11.0,"relics_obtained":["Vajra"]},{"damage_healed":0.0,"max_hp_gain":0.0,"max_hp_loss":0.0,"gold_gain":0.0,"event_name":"Cursed Tome","player_choice":"Ignored","floor":22.0,"gold_loss":0.0,"damage_taken":0.0},{"damage_healed":0.0,"max_hp_gain":0.0,"max_hp_loss":0.0,"gold_gain":0.0,"event_name":"The Mausoleum","player_choice":"Opened","floor":25.0,"gold_loss":0.0,"damage_taken":0.0,"relics_obtained":["Shovel"],"cards_obtained":["Writhe"]},{"cards_removed":["Writhe"],"damage_healed":0.0,"max_hp_gain":0.0,"max_hp_loss":0.0,"gold_gain":0.0,"event_name":"Beggar","player_choice":"Gave Gold","floor":27.0,"gold_loss":75.0,"damage_taken":0.0}],"is_beta":false,"boss_relics":[{"not_picked":["Coffee Dripper","Calling Bell"],"picked":"WristBlade"},{"not_picked":["Empty Cage","Tiny House"],"picked":"Ring of the Serpent"}],"items_purged_floors":[11],"is_endless":false,"potions_floor_spawned":[1,12,14,18,30,31,33],"killed_by":"Writhing Mass","ascension_level":19}}