{"host":"rxpu8tqu58sn7qk5","time":1608009769,"event":{"mods":["BaseMod","Colored Map","Colored Powertips","Downfall","Hubris","Minty Spire (QoL Compilation)","Replay The Spire","StSLib"],"gold_per_floor":[99,99,134,28,48,73,73,73,73,73,91,101,16,36,52,150,150,75,110,110,121,134,151,229,229,229,229],"floor_reached":26,"playtime":2209,"items_purged":["Amnesia"],"score":261,"play_id":"4d66b84e-2f90-4bdf-9511-6ddb9549afd4","local_time":"20201215002249","is_ascension_mode":false,"campfire_choices":[{"data":"champ:Execute","floor":1,"key":"SMITH"},{"data":"champ:Taunt","floor":10,"key":"SMITH"},{"floor":18,"key":"DIG"}],"circlet_count":0,"master_deck":["champ:Strike","champ:Strike","champ:Strike+1","champ:Strike","champ:Defend","champ:Defend","champ:Defend","champ:Defend","champ:Execute+1","champ:Taunt+1","champ:PerfectedStrike","champ:Backstep","champ:StanceDance","champ:IronFortress","champ:DefensiveShout","champ:ShieldWall","champ:EnGarde","champ:BringItOn","champ:TornadoPunch","champ:DefensiveStyle","champ:Circumvent","champ:ArenaPreparation","champ:FanOfKnives","champ:ArenaPreparation","champ:GladiatorsShout","champ:FalseCounter+1","champ:BerserkersShout"],"relics":["champ:ChampionCrown","downfall:HeartsMalice","Matryoshka","ReplayTheSpireMod:CursedCoin","Tiny Chest","Pen Nib","Boot","Runic Pyramid","downfall:HeartBlessingBlue","ReplayTheSpireMod:TigerMarble","hubris:ToyBattleship","Orichalcum","Shuriken","Bronze Scales"],"acts_visited":["Exordium","TheCity"],"potions_floor_usage":[6,12,19,19],"damage_taken":[{"damage":0,"enemies":"Small Slimes","floor":2,"turns":1},{"damage":0,"enemies":"Gremlin Nob","floor":3,"turns":1},{"damage":0,"enemies":"downfall:FleeingMerchant","floor":4,"turns":1},{"damage":0,"enemies":"Jaw Worm","floor":5,"turns":4},{"damage":28,"enemies":"Lagavulin","floor":6,"turns":8},{"damage":2,"enemies":"2 Louse","floor":11,"turns":2},{"damage":18,"enemies":"Exordium Wildlife","floor":12,"turns":4},{"damage":5,"enemies":"downfall:FleeingMerchant","floor":13,"turns":4},{"damage":5,"enemies":"2 Fungi Beasts","floor":14,"turns":4},{"damage":7,"enemies":"Blue Slaver","floor":15,"turns":5},{"damage":21,"enemies":"downfall:Watcher","floor":16,"turns":11},{"damage":75,"enemies":"Gremlin Leader","floor":19,"turns":9},{"damage":0,"enemies":"Chosen","floor":20,"turns":1},{"damage":14,"enemies":"Shell Parasite","floor":21,"turns":4},{"damage":20,"enemies":"Centurion and Healer","floor":22,"turns":6},{"damage":53,"enemies":"3 Cultists","floor":23,"turns":7},{"damage":12,"enemies":"Book of Stabbing","floor":26,"turns":1}],"seed_played":"326432123920981388","potions_obtained":[{"floor":3,"key":"FearPotion"},{"floor":5,"key":"Weak Potion"},{"floor":11,"key":"Milkshake"},{"floor":14,"key":"Reflective Coating"},{"floor":16,"key":"BlessingOfTheForge"},{"floor":21,"key":"SkillPotion"},{"floor":23,"key":"Swift Potion"}],"is_trial":false,"path_per_floor":["R","M","E","$","M","E","T","?","?","R","M","M","$","M","M","B",null,"R_BF","E","M","M","M","M","T","?","E"],"character_chosen":"THE_CHAMP","items_purchased":["ReplayTheSpireMod:CursedCoin","Tiny Chest","champ:IronFortress","champ:DefensiveStyle"],"campfire_rested":0,"item_purchase_floors":[4,4,4,13],"current_hp_per_floor":[90,90,90,90,90,72,72,72,72,72,70,57,57,57,50,39,90,100,50,50,41,39,6,6,6,0,0],"gold":229,"neow_bonus":"THREE_ENEMY_KILL","is_daily":false,"chose_seed":false,"campfire_upgraded":2,"win_rate":0.0,"timestamp":1608009769,"path_taken":["R","M","E","$","M","E","T","?","?","R","M","M","$","M","M","BOSS","R_BF","E","M","M","M","M","T","?","E"],"items_purchased_type":["Relic","Relic","Card","Card"],"build_version":"2020-12-13","purchased_purges":1,"victory":false,"max_hp_per_floor":[90,90,90,90,90,90,90,90,90,90,90,90,90,90,90,90,90,100,100,100,100,100,100,100,100,100,100],"card_choices":[{"not_picked":["champ:BladeFlurry","champ:EnragedBash"],"picked":"champ:PerfectedStrike","floor":2},{"not_picked":["champ:FocusedGladiator","champ:Encircle"],"picked":"champ:Backstep","floor":3},{"not_picked":["champ:FightOn","champ:Backstep"],"picked":"champ:StanceDance","floor":4},{"not_picked":["champ:BladeFlurry","champ:MurderStrike"],"picked":"champ:DefensiveShout","floor":5},{"not_picked":["champ:BringItOn","champ:Lariat"],"picked":"champ:ShieldWall","floor":6},{"not_picked":["champ:StanceDance","champ:CrookedStrike"],"picked":"champ:EnGarde","floor":11},{"not_picked":["champ:DefensiveShout","champ:AdrenalArmor"],"picked":"champ:BringItOn","floor":12},{"not_picked":["champ:Backstep","champ:EnragedBash"],"picked":"champ:TornadoPunch","floor":13},{"not_picked":["champ:BladeFlurry","champ:GladiatorsShout"],"picked":"champ:Circumvent","floor":14},{"not_picked":["champ:HeartStrike","champ:DancingMaster"],"picked":"champ:ArenaPreparation","floor":15},{"not_picked":["champ:Backstep+1","champ:GladiatorsShout"],"picked":"champ:FanOfKnives","floor":19},{"not_picked":["champ:StanceDance","champ:EnGarde+1"],"picked":"champ:ArenaPreparation","floor":20},{"not_picked":["champ:CalledShot+1","champ:AdrenalArmor+1"],"picked":"champ:GladiatorsShout","floor":21},{"not_picked":["champ:Duel+1","champ:FanOfKnives"],"picked":"champ:FalseCounter+1","floor":22},{"not_picked":["champ:CrookedStrike","champ:AdrenalArmor"],"picked":"champ:BerserkersShout","floor":23}],"player_experience":105973,"relics_obtained":[{"floor":3,"key":"Matryoshka"},{"floor":6,"key":"Pen Nib"},{"floor":7,"key":"Boot"},{"floor":18,"key":"ReplayTheSpireMod:TigerMarble"},{"floor":19,"key":"hubris:ToyBattleship"},{"floor":24,"key":"Orichalcum"},{"floor":24,"key":"Shuriken"}],"event_choices":[],"is_beta":false,"boss_relics":[{"not_picked":["hubris:GrandSneckoEye","Coffee Dripper"],"picked":"Runic Pyramid"}],"items_purged_floors":[4],"is_endless":false,"potions_floor_spawned":[3,5,11,14,16,21,23],"killed_by":"Book of Stabbing","ascension_level":0}}