{"host":"jm9833yuloeli2yd","time":1608076504,"event":{"mods":["AchievementEnabler","BaseMod","Better Altar","Better Match","Better Note","Better Sensory Stone","Better Skull","Better Vampires","Colored Map","Colored Powertips","DeckTracker","Minty Spire (QoL Compilation)","Permanent Neow","Quick Restart","Replay The Spire","StSLib","SuperFastMode"],"gold_per_floor":[114,127,147,165,179,179,179,179],"floor_reached":7,"playtime":189,"items_purged":[],"score":90,"play_id":"25785a44-8b60-4d55-a0ad-0c25685c6a54","local_time":"20201215185504","is_ascension_mode":true,"campfire_choices":[{"data":"Lockon","floor":6,"key":"SMITH"}],"circlet_count":0,"master_deck":["AscendersBane","Strike_B","Strike_B","Strike_B","Strike_B","Defend_B","Defend_B","Defend_B","Defend_B","Zap","Dualcast","Go for the Eyes","Hologram","Reprogram","Ball Lightning","Lockon+1"],"relics":["Cracked Core","Potion Belt"],"acts_visited":["Exordium"],"potions_floor_usage":[4],"damage_taken":[{"damage":2,"enemies":"Cultist","floor":1,"turns":4},{"damage":5,"enemies":"Small Slimes","floor":2,"turns":3},{"damage":6,"enemies":"2 Louse","floor":3,"turns":3},{"damage":24,"enemies":"Exordium Thugs","floor":4,"turns":5},{"damage":10,"enemies":"3 Louse","floor":5,"turns":3},{"damage":17,"enemies":"Lagavulin","floor":7,"turns":4}],"seed_played":"-8916767676377638958","potions_obtained":[{"floor":2,"key":"FearPotion"},{"floor":3,"key":"SpeedPotion"}],"is_trial":false,"path_per_floor":["M","M","M","M","M","R","E"],"character_chosen":"DEFECT","items_purchased":[],"campfire_rested":0,"item_purchase_floors":[],"current_hp_per_floor":[62,57,51,27,17,17,0,0],"gold":179,"neow_bonus":"RANDOM_COMMON_RELIC","is_daily":false,"chose_seed":false,"campfire_upgraded":1,"win_rate":0.0,"timestamp":1608076504,"path_taken":["M","M","M","?","M","R","E"],"items_purchased_type":[],"build_version":"2020-12-13","purchased_purges":0,"victory":false,"max_hp_per_floor":[71,71,71,71,71,71,71,71],"card_choices":[{"not_picked":["BasicCrystalCard","Darkness"],"picked":"Go for the Eyes","floor":1},{"not_picked":["Sweeping Beam","Skim"],"picked":"Hologram","floor":2},{"not_picked":["Conserve Battery","Reboot"],"picked":"Reprogram","floor":3},{"not_picked":["Conserve Battery","Streamline"],"picked":"Ball Lightning","floor":4},{"not_picked":["Undo","Go for the Eyes"],"picked":"Lockon","floor":5}],"player_experience":1088051,"relics_obtained":[],"event_choices":[],"is_beta":false,"boss_relics":[],"items_purged_floors":[],"is_endless":false,"potions_floor_spawned":[2,3],"killed_by":"Lagavulin","ascension_level":20}}