{"host":"i344ixtilokuekwt","time":1608004684,"event":{"mods":["BaseMod","Card Forge","Colored Powertips","Curses Come First","Minty Spire (QoL Compilation)","Quick Restart","Relic Stats","StSLib"],"gold_per_floor":[112,124,100,100,100,124,158,158,158,182,222,222,258,258,258,258,258],"floor_reached":16,"playtime":417,"items_purged":[],"score":108,"play_id":"b20bfc38-a8f8-42b8-bf89-53fe5eb57a0b","local_time":"20201214225804","is_ascension_mode":false,"campfire_choices":[{"data":"Static Discharge","floor":8,"key":"SMITH"},{"data":"Defragment","floor":12,"key":"SMITH"},{"floor":15,"key":"REST"}],"circlet_count":0,"master_deck":["Strike_B","Strike_B","Strike_B","Strike_B","Defend_B","Defend_B","Defend_B","Defend_B","Zap","Dualcast","Go for the Eyes+1","Ball Lightning","Doom and Gloom","Static Discharge+1","Defragment+1","Double Energy","Seek"],"relics":["Cracked Core","Hammer of Thor","Seething Fire","Anvil of the Gods","Golden Idol","Odd Mushroom","Matryoshka","Potion Belt","Anchor"],"acts_visited":["Exordium"],"potions_floor_usage":[7,11,13],"damage_taken":[{"damage":0,"enemies":"Jaw Worm","floor":1,"turns":3},{"damage":3,"enemies":"Small Slimes","floor":2,"turns":3},{"damage":0,"enemies":"Cultist","floor":6,"turns":3},{"damage":8,"enemies":"The Mushroom Lair","floor":7,"turns":3},{"damage":5,"enemies":"Exordium Thugs","floor":10,"turns":3},{"damage":5,"enemies":"Lagavulin","floor":11,"turns":6},{"damage":21,"enemies":"3 Sentries","floor":13,"turns":5},{"damage":37,"enemies":"Hexaghost","floor":16,"turns":4}],"seed_played":"3420511081575831429","potions_obtained":[{"floor":2,"key":"AttackPotion"},{"floor":6,"key":"ColorlessPotion"},{"floor":7,"key":"EssenceOfDarkness"}],"is_trial":false,"path_per_floor":["M","M","$","?","?","M","?","R","T","M","E","R","E","?","R","B"],"character_chosen":"DEFECT","items_purchased":["Ball Lightning"],"campfire_rested":1,"item_purchase_floors":[3],"current_hp_per_floor":[75,72,72,72,54,54,46,46,46,41,36,36,15,15,37,0,0],"gold":258,"neow_bonus":"THREE_CARDS","is_daily":false,"chose_seed":false,"campfire_upgraded":2,"win_rate":0.0,"timestamp":1608004684,"path_taken":["M","M","$","?","?","M","?","R","T","M","E","R","E","?","R","BOSS"],"items_purchased_type":["Card"],"build_version":"2020-12-13","purchased_purges":0,"victory":false,"max_hp_per_floor":[75,75,75,75,75,75,75,75,75,75,75,75,75,75,75,75,75],"relic_stats":{"counters":[8,30],"Golden Idol":32,"obtain_stats":[{"Potion Belt":11,"Anchor":13,"Matryoshka":9,"Anvil of the Gods":0,"Golden Idol":5,"Hammer of Thor":0,"Seething Fire":0,"Odd Mushroom":7,"Cracked Core":0},{"Potion Belt":6,"Anchor":7,"Matryoshka":4,"Anvil of the Gods":0,"Golden Idol":2,"Hammer of Thor":0,"Seething Fire":0,"Odd Mushroom":4,"Cracked Core":0},{"Potion Belt":21,"Anchor":26,"Matryoshka":12,"Anvil of the Gods":0,"Golden Idol":6,"Hammer of Thor":0,"Seething Fire":0,"Odd Mushroom":12,"Cracked Core":0}]},"card_choices":[{"not_picked":["Skim","Barrage"],"picked":"Go for the Eyes","floor":0},{"not_picked":["Barrage","Consume","Redo"],"picked":"SKIP","floor":1},{"not_picked":["Barrage","Hello World","Blizzard"],"picked":"SKIP","floor":2},{"not_picked":["Ball Lightning","Turbo"],"picked":"Doom and Gloom","floor":6},{"not_picked":["Hologram","Steam Power"],"picked":"Static Discharge","floor":7},{"not_picked":["Doom and Gloom","Melter"],"picked":"Defragment","floor":10},{"not_picked":["Recycle","Rebound"],"picked":"Double Energy","floor":11},{"not_picked":["Rebound","Go for the Eyes"],"picked":"Seek","floor":13}],"player_experience":665503,"relics_obtained":[{"floor":7,"key":"Odd Mushroom"},{"floor":9,"key":"Matryoshka"},{"floor":11,"key":"Potion Belt"},{"floor":13,"key":"Anchor"}],"event_choices":[{"damage_healed":0,"gold_gain":0,"player_choice":"Grow","damage_taken":0,"max_hp_gain":0,"max_hp_loss":0,"event_name":"Living Wall","floor":4,"gold_loss":0,"cards_upgraded":["Go for the Eyes"]},{"damage_healed":0,"gold_gain":0,"player_choice":"Take Damage","damage_taken":18,"relics_obtained":["Golden Idol"],"max_hp_gain":0,"max_hp_loss":0,"event_name":"Golden Idol","floor":5,"gold_loss":0},{"damage_healed":0,"gold_gain":0,"player_choice":"Fought Mushrooms","damage_taken":0,"max_hp_gain":0,"max_hp_loss":0,"event_name":"Mushrooms","floor":7,"gold_loss":0},{"damage_healed":0,"gold_gain":0,"player_choice":"Ignored","damage_taken":0,"max_hp_gain":0,"max_hp_loss":0,"event_name":"NoteForYourself","floor":14,"gold_loss":0}],"is_beta":false,"boss_relics":[],"items_purged_floors":[],"is_endless":false,"potions_floor_spawned":[2,6,7],"killed_by":"Hexaghost","ascension_level":0}}