{"host":"1p8eqzpvl5sxeu5t","time":1608003453,"event":{"mods":["BaseMod","Bestiary","Block Reminder","Colored Map","Colored Powertips","Downfall","Highlight Path","Minty Spire (QoL Compilation)","Relic Stats","StSLib","The IronCluck","Waifu the Spire","everything is the same but u backflip on backflip","slay the spire mod where everything is the same but ironclad has a cowboy hat"],"gold_per_floor":[99,99,117,145,159,159,208,241,241,241,341,351,351,47,59,161,161,161,161,161,66,66,66,66,66,66,66,66,66,66,2,2,2,2,2,2,2,2,2,2,2,2,2,2,2,2,2,2,2,2],"floor_reached":51,"playtime":3102,"items_purged":["Regret"],"score":933,"play_id":"e153932b-e04b-4b9d-a990-d713ff6f20a3","local_time":"20201215113733","is_ascension_mode":false,"campfire_choices":[{"data":"champ:Taunt","floor":1,"key":"SMITH"},{"floor":10,"key":"REST"},{"data":"champ:StanceDance","floor":18,"key":"SMITH"},{"data":"champ:Lariat","floor":23,"key":"SMITH"},{"data":"expansioncontent:Corrupt","floor":25,"key":"SMITH"},{"floor":27,"key":"REST"},{"data":"champ:HoldFirm","floor":35,"key":"SMITH"},{"data":"champ:DefensiveShout","floor":44,"key":"SMITH"}],"circlet_count":0,"master_deck":["champ:Strike","champ:Strike","champ:Strike","champ:Strike","champ:Defend+1","champ:Defend","champ:Defend+1","champ:Defend+1","champ:Execute+1","champ:Taunt+1","champ:SteelEdge+1","champ:TornadoPunch","champ:StanceDance+1","champ:FlashCut","champ:ShieldThrow+1","champ:DeathBlow+1","champ:Lariat+1","expansioncontent:Corrupt+1","champ:LastStand+1","champ:DefensiveShout+1","champ:Backstep","champ:AdrenalArmor+1","champ:ShieldThrow","champ:DefensiveStyle+1","champ:ShieldWall+1","champ:ShieldSlam","champ:Circumvent","champ:HoldFirm+1","champ:StanceDance+1","champ:BringItOn","champ:CalledShot+1","champ:DefensiveShout+1","champ:BringItOn+1","champ:PerfectForm+1"],"relics":["champ:ChampionCrown","downfall:ShatteredFragment","Juzu Bracelet","War Paint","Frozen Egg 2","Ectoplasm","InkBottle","Pen Nib","downfall:RedIOU","Cursed Key","HornCleat","Sundial","Old Coin","Omamori"],"acts_visited":["Exordium","TheCity","TheBeyond"],"potions_floor_usage":[16,16,22,22,22,33,33,42,48,50,50],"damage_taken":[{"damage":5,"enemies":"Cultist","floor":3,"turns":3},{"damage":30,"enemies":"Gremlin Nob","floor":4,"turns":4},{"damage":2,"enemies":"Small Slimes","floor":5,"turns":4},{"damage":13,"enemies":"Lagavulin","floor":8,"turns":7},{"damage":8,"enemies":"Jaw Worm","floor":12,"turns":2},{"damage":31,"enemies":"downfall:FleeingMerchant","floor":14,"turns":4},{"damage":25,"enemies":"Gremlin Gang","floor":15,"turns":3},{"damage":32,"enemies":"downfall:Watcher","floor":16,"turns":10},{"damage":46,"enemies":"Slavers","floor":19,"turns":4},{"damage":25,"enemies":"Chosen","floor":20,"turns":3},{"damage":25,"enemies":"downfall:FleeingMerchant","floor":21,"turns":4},{"damage":49,"enemies":"Gremlin Leader","floor":22,"turns":3},{"damage":0,"enemies":"Snake Plant","floor":29,"turns":2},{"damage":5,"enemies":"downfall:FleeingMerchant","floor":31,"turns":4},{"damage":0,"enemies":"Chosen and Byrds","floor":32,"turns":4},{"damage":2,"enemies":"downfall:Ironclad","floor":33,"turns":4},{"damage":31,"enemies":"Reptomancer","floor":36,"turns":5},{"damage":30,"enemies":"3 Darklings","floor":37,"turns":3},{"damage":0,"enemies":"Nemesis","floor":38,"turns":5},{"damage":35,"enemies":"Mind Bloom Boss Battle","floor":39,"turns":7},{"damage":0,"enemies":"Orb Walker","floor":40,"turns":2},{"damage":55,"enemies":"Spire Growth","floor":42,"turns":4},{"damage":32,"enemies":"Giant Head","floor":43,"turns":7},{"damage":25,"enemies":"Jaw Worm Horde","floor":45,"turns":3},{"damage":2,"enemies":"4 Shapes","floor":47,"turns":5},{"damage":32,"enemies":"Spire Growth","floor":48,"turns":3},{"damage":27,"enemies":"3 Darklings","floor":49,"turns":4},{"damage":66,"enemies":"downfall:Silent","floor":50,"turns":4}],"seed_played":"8289119518909755262","potions_obtained":[{"floor":8,"key":"Energy Potion"},{"floor":12,"key":"hexamod:EctoCoolerPotion"},{"floor":16,"key":"Energy Potion"},{"floor":19,"key":"EssenceOfSteel"},{"floor":22,"key":"LiquidMemories"},{"floor":29,"key":"Swift Potion"},{"floor":33,"key":"BlessingOfTheForge"},{"floor":39,"key":"Slimebound:ThreeZeroPotion"},{"floor":40,"key":"Energy Potion"},{"floor":42,"key":"LiquidBronze"},{"floor":46,"key":"DuplicationPotion"},{"floor":46,"key":"DistilledChaos"},{"floor":49,"key":"SneckoOil"}],"is_trial":false,"path_per_floor":["R","?","M","E","M","?","T","E","?","R","?","M","?","$","M","B",null,"R","E","M","$","E","R","T","R","?","R","?","M","?","$","M","B",null,"R","E","M","E","?","M","T","M","E","R","M","?","M","M","M","B",null],"character_chosen":"THE_CHAMP","items_purchased":["expansioncontent:Corrupt","Swift Potion","champ:ShieldThrow","champ:Circumvent"],"campfire_rested":2,"item_purchase_floors":[14,14,21,31],"current_hp_per_floor":[81,54,54,34,32,32,32,19,19,43,43,40,40,39,39,15,81,81,65,65,65,41,41,41,41,6,30,30,30,30,30,30,40,81,81,80,80,80,80,80,80,72,72,72,72,72,72,72,72,40],"gold":2,"neow_bonus":"THREE_RARE_CARDS","is_daily":false,"chose_seed":false,"campfire_upgraded":6,"win_rate":0.0,"timestamp":1608003453,"path_taken":["R","?","M","E","M","?","T","E","?","R","?","M","?","$","M","BOSS","R","E","M","$","E","R","T","R","?","R","?","M","?","?","M","BOSS","R","E","M","E","?","M","T","M","E","R","M","?","M","M","M","BOSS"],"items_purchased_type":["Card","Potion","Card","Card"],"build_version":"2020-12-13","purchased_purges":1,"victory":true,"max_hp_per_floor":[81,81,81,81,81,81,81,81,81,81,81,81,81,81,81,81,81,81,81,81,81,81,81,81,81,81,81,81,81,81,81,81,81,81,81,81,81,81,81,81,81,81,81,81,81,81,81,81,81,81],"relic_stats":{"counters":[28,117],"Sundial":[2],"Ectoplasm":739,"Pen Nib":[15],"Juzu Bracelet":3,"War Paint":["champ:Defend","champ:Defend"],"Cursed Key":0,"obtain_stats":[{"downfall:ShatteredFragment":2,"champ:ChampionCrown":0,"Pen Nib":24,"Juzu Bracelet":4,"Omamori":43,"War Paint":7,"Frozen Egg 2":8,"Cursed Key":34,"Old Coin":39,"Anchor":22,"HornCleat":36,"Sundial":38,"Ectoplasm":17,"downfall:RedIOU":30,"InkBottle":19},{"downfall:ShatteredFragment":0,"champ:ChampionCrown":0,"Pen Nib":12,"Juzu Bracelet":2,"Omamori":23,"War Paint":3,"Frozen Egg 2":4,"Cursed Key":16,"Old Coin":20,"Anchor":12,"HornCleat":17,"Sundial":19,"Ectoplasm":8,"downfall:RedIOU":13,"InkBottle":9},{"downfall:ShatteredFragment":0,"champ:ChampionCrown":0,"Pen Nib":51,"Juzu Bracelet":7,"Omamori":98,"War Paint":11,"Frozen Egg 2":18,"Cursed Key":65,"Old Coin":85,"Anchor":51,"HornCleat":70,"Sundial":78,"Ectoplasm":37,"downfall:RedIOU":53,"InkBottle":41}],"InkBottle":[41]},"card_choices":[{"not_picked":["champ:HeavySlash","champ:SwordThrow"],"picked":"champ:SteelEdge","floor":0},{"not_picked":["champ:Haymaker","champ:RisingSlash"],"picked":"champ:TornadoPunch","floor":3},{"not_picked":["champ:GladiatorStyle","champ:PerfectedStrike"],"picked":"champ:StanceDance","floor":4},{"not_picked":["champ:GladiatorsShout","champ:StanceDance"],"picked":"champ:FlashCut","floor":5},{"not_picked":["champ:AdrenalArmor","champ:GladiatorsShout"],"picked":"champ:ShieldThrow","floor":8},{"not_picked":["champ:ViciousMockery","champ:BringItOn"],"picked":"champ:DeathBlow","floor":12},{"not_picked":["champ:BringItOn","champ:FlashCut"],"picked":"champ:Lariat","floor":14},{"not_picked":["champ:Haymaker","champ:BladeFlurry","champ:StanceDance"],"picked":"SKIP","floor":15},{"not_picked":["champ:SwordThrow","champ:StrikeOfGenius+1"],"picked":"champ:LastStand+1","floor":16},{"not_picked":["champ:AdrenalArmor","champ:GutPunch"],"picked":"champ:DefensiveShout","floor":19},{"not_picked":["champ:TornadoPunch+1","champ:FanOfKnives"],"picked":"champ:Backstep","floor":20},{"not_picked":["champ:Haymaker","champ:StanceDance+1"],"picked":"champ:AdrenalArmor+1","floor":21},{"not_picked":["champ:FanOfKnives","champ:TornadoPunch"],"picked":"champ:DefensiveStyle+1","floor":22},{"not_picked":["champ:Duel+1","champ:Backstep"],"picked":"champ:ShieldWall+1","floor":29},{"not_picked":["champ:BerserkerStyle+1","champ:PerfectedStrike"],"picked":"champ:ShieldSlam","floor":31},{"not_picked":["champ:RapidStrikes","champ:AdrenalArmor","champ:Encircle"],"picked":"SKIP","floor":32},{"not_picked":["champ:CrownThrow","champ:Improvising+1"],"picked":"champ:HoldFirm","floor":33},{"not_picked":["champ:Lariat+1","champ:AdrenalArmor+1"],"picked":"champ:StanceDance+1","floor":36},{"not_picked":["champ:BladeFlurry+1","champ:Riposte+1"],"picked":"champ:BringItOn","floor":37},{"not_picked":["champ:FlashCut","champ:Lariat","champ:CrookedStrike+1"],"picked":"SKIP","floor":38},{"not_picked":["champ:FlashCut","champ:RapidStrikes+1"],"picked":"champ:CalledShot+1","floor":40},{"not_picked":["champ:BladeFlurry","champ:AdrenalArmor","champ:GladiatorsShout+1"],"picked":"SKIP","floor":42},{"not_picked":["champ:PerfectedStrike","champ:StanceDance+1"],"picked":"champ:DefensiveShout+1","floor":43},{"not_picked":["champ:Riposte","champ:Shatter","champ:GladiatorsShout+1"],"picked":"SKIP","floor":45},{"not_picked":["champ:Backstep","champ:Encircle+1"],"picked":"champ:BringItOn+1","floor":47},{"not_picked":["champ:Haymaker+1","champ:TornadoPunch","champ:GladiatorsShout"],"picked":"SKIP","floor":48},{"not_picked":["champ:Circumvent","champ:FanOfKnives+1"],"picked":"champ:PerfectForm+1","floor":49}],"player_experience":803207,"relics_obtained":[{"floor":4,"key":"Juzu Bracelet"},{"floor":7,"key":"War Paint"},{"floor":8,"key":"Frozen Egg 2"},{"floor":19,"key":"InkBottle"},{"floor":22,"key":"Anchor"},{"floor":24,"key":"Pen Nib"},{"floor":36,"key":"HornCleat"},{"floor":38,"key":"Sundial"},{"floor":39,"key":"Old Coin"},{"floor":43,"key":"Omamori"}],"event_choices":[{"damage_healed":0,"gold_gain":0,"player_choice":"Forge","damage_taken":0,"max_hp_gain":0,"max_hp_loss":0,"event_name":"Accursed Blacksmith","floor":6,"gold_loss":0,"cards_upgraded":["champ:SteelEdge"]},{"damage_healed":0,"gold_gain":0,"player_choice":"Grow","damage_taken":0,"max_hp_gain":0,"max_hp_loss":0,"event_name":"Living Wall","floor":9,"gold_loss":0,"cards_upgraded":["champ:ShieldThrow"]},{"damage_healed":0,"gold_gain":0,"player_choice":"Got Potions","damage_taken":0,"max_hp_gain":0,"max_hp_loss":0,"event_name":"Lab","floor":46,"gold_loss":0}],"is_beta":false,"boss_relics":[{"not_picked":["Snecko Eye","Coffee Dripper"],"picked":"Ectoplasm"},{"not_picked":["Runic Pyramid","Pandora\u0027s Box"],"picked":"Cursed Key"}],"items_purged_floors":[14],"is_endless":false,"potions_floor_spawned":[8,12,16,19,22,29,33,39,40,42,47,49],"ascension_level":0}}