{"host":"p9jk0mlyvhgdzcz4","time":1608075745,"event":{"mods":["BaseMod","Colored Map","Minty Spire (QoL Compilation)","Quick Restart","SuperFastMode"],"gold_per_floor":[112,112,112,126,126,156,156,156,156,84,99,124,144,163,163,266,266,286,306,306,324,257,257,257,180,180,19,19,35,53,63,63,158,158,168,168,168,181,195,195,224,224,224,238,248,248,267,286,286,286,286],"floor_reached":50,"playtime":2450,"items_purged":[],"score":561,"play_id":"65ca4c67-5a9f-490d-b429-d4b95890acfa","local_time":"20201215174225","is_ascension_mode":false,"campfire_choices":[{"data":"Zap","floor":8,"key":"SMITH"},{"floor":15,"key":"REST"},{"data":"Static Discharge","floor":23,"key":"SMITH"},{"data":"Loop","floor":28,"key":"SMITH"},{"floor":32,"key":"REST"},{"data":"Static Discharge","floor":40,"key":"SMITH"},{"data":"Heatsinks","floor":42,"key":"SMITH"},{"data":"Dualcast","floor":46,"key":"SMITH"},{"floor":49,"key":"REST"}],"circlet_count":0,"master_deck":["Strike_B+1","Strike_B+1","Strike_B+1","Strike_B+1","Defend_B+1","Defend_B+1","Defend_B+1","Defend_B+1","Zap+1","Dualcast+1","Conserve Battery","Stack+1","Static Discharge+1","Ball Lightning","Heatsinks+1","Seek+1","Double Energy+1","Ball Lightning+1","Amplify+1","Loop+1","Loop+1","Self Repair","Redo+1","Genetic Algorithm+1","Chaos+1","Static Discharge+1","Thunder Strike","Chrysalis+1","FTL+1","Gash+1","Storm+1","Force Field+1"],"relics":["FrozenCore","NeowsBlessing","DataDisk","Gambling Chip","Toxic Egg 2","Pear","Du-Vu Doll","Nuclear Battery","Eternal Feather","Shuriken","Mercury Hourglass"],"acts_visited":["Exordium","TheCity","TheBeyond"],"potions_floor_usage":[],"damage_taken":[{"damage":0,"enemies":"Cultist","floor":1,"turns":1},{"damage":0,"enemies":"2 Louse","floor":4,"turns":1},{"damage":0,"enemies":"3 Sentries","floor":6,"turns":1},{"damage":5,"enemies":"Small Slimes","floor":11,"turns":3},{"damage":11,"enemies":"Gremlin Nob","floor":12,"turns":3},{"damage":3,"enemies":"Looter","floor":13,"turns":3},{"damage":9,"enemies":"Exordium Wildlife","floor":14,"turns":3},{"damage":25,"enemies":"Hexaghost","floor":16,"turns":9},{"damage":15,"enemies":"3 Byrds","floor":18,"turns":5},{"damage":10,"enemies":"Spheric Guardian","floor":19,"turns":4},{"damage":25,"enemies":"Snecko","floor":21,"turns":7},{"damage":24,"enemies":"Cultist and Chosen","floor":29,"turns":5},{"damage":15,"enemies":"Snake Plant","floor":30,"turns":3},{"damage":12,"enemies":"Snecko","floor":31,"turns":5},{"damage":49,"enemies":"Champ","floor":33,"turns":8},{"damage":11,"enemies":"3 Shapes","floor":35,"turns":5},{"damage":1,"enemies":"Orb Walker","floor":38,"turns":3},{"damage":16,"enemies":"4 Shapes","floor":39,"turns":6},{"damage":23,"enemies":"Nemesis","floor":41,"turns":5},{"damage":22,"enemies":"Spire Growth","floor":44,"turns":5},{"damage":2,"enemies":"3 Darklings","floor":45,"turns":5},{"damage":32,"enemies":"Jaw Worm Horde","floor":47,"turns":3},{"damage":5,"enemies":"Maw","floor":48,"turns":5},{"damage":106,"enemies":"Donu and Deca","floor":50,"turns":8}],"seed_played":"406909396987496900","potions_obtained":[{"floor":1,"key":"Fire Potion"},{"floor":13,"key":"FocusPotion"},{"floor":14,"key":"SpeedPotion"},{"floor":33,"key":"LiquidMemories"},{"floor":41,"key":"Explosive Potion"}],"is_trial":false,"path_per_floor":["M","T","?","M","?","E","?","R","T","$","M","E","M","M","R","B",null,"M","M","?","M","$","R","?","$","T","$","R","M","M","M","R","B",null,"M","?","?","M","M","R","E","R","T","M","M","R","M","M","R","B"],"character_chosen":"DEFECT","items_purchased":["Static Discharge","Loop","Loop","Self Repair","Redo+1","Genetic Algorithm+1"],"campfire_rested":3,"item_purchase_floors":[10,22,25,27,27,27],"current_hp_per_floor":[75,75,80,80,55,55,55,55,65,65,60,49,46,37,64,39,90,75,65,65,40,40,40,40,40,40,40,52,42,34,36,78,29,90,86,86,86,85,76,90,81,90,90,75,80,90,58,60,90,0,0],"gold":286,"neow_bonus":"THREE_ENEMY_KILL","is_daily":false,"chose_seed":false,"campfire_upgraded":6,"win_rate":0.0,"timestamp":1608075745,"path_taken":["M","?","?","M","?","E","?","R","T","$","M","E","?","M","R","BOSS","M","?","?","M","$","R","?","$","T","$","R","M","M","M","R","BOSS","M","?","?","M","?","R","E","R","T","?","M","R","M","M","R","BOSS"],"items_purchased_type":["Card","Card","Card","Card","Card","Card"],"build_version":"2020-12-13","purchased_purges":0,"victory":false,"max_hp_per_floor":[75,75,80,80,80,80,80,80,90,90,90,90,90,90,90,90,90,90,90,90,90,90,90,90,90,90,90,90,90,90,90,90,90,90,90,90,90,90,90,90,90,90,90,90,90,90,90,90,90,90,90],"card_choices":[{"not_picked":["BootSequence","Coolheaded","Beam Cell"],"picked":"SKIP","floor":1},{"not_picked":["Barrage","Rebound"],"picked":"Conserve Battery","floor":4},{"not_picked":["Chaos+1","Steam+1"],"picked":"Stack+1","floor":6},{"not_picked":["Chaos+1","Barrage"],"picked":"Ball Lightning","floor":11},{"not_picked":["Steam+1","Leap+1"],"picked":"Heatsinks","floor":12},{"not_picked":["Stack+1","Hologram+1","Recycle+1"],"picked":"SKIP","floor":13},{"not_picked":["Coolheaded+1","Beam Cell","Hologram+1"],"picked":"SKIP","floor":14},{"not_picked":["Core Surge","Reboot+1"],"picked":"Seek+1","floor":16},{"not_picked":["Conserve Battery+1","BootSequence+1"],"picked":"Double Energy+1","floor":18},{"not_picked":["Beam Cell","Fusion+1"],"picked":"Ball Lightning+1","floor":19},{"not_picked":["Lockon","Gash"],"picked":"Amplify+1","floor":21},{"not_picked":["Turbo+1","Go for the Eyes"],"picked":"Chaos+1","floor":29},{"not_picked":["Steam+1","Coolheaded+1","Sunder"],"picked":"SKIP","floor":30},{"not_picked":["Leap+1","Turbo+1"],"picked":"Static Discharge","floor":31},{"not_picked":["Reboot+1","Seek+1"],"picked":"Thunder Strike","floor":33},{"not_picked":["Blizzard+1","Compile Driver+1","Stack+1"],"picked":"SKIP","floor":35},{"not_picked":["Enlightenment+1","Master of Strategy+1"],"picked":"Chrysalis+1","floor":36},{"not_picked":["Go for the Eyes","Blizzard+1","Redo+1"],"picked":"SKIP","floor":38},{"not_picked":["Leap+1","Blizzard+1","Redo+1"],"picked":"SKIP","floor":39},{"not_picked":["Tempest+1","Recycle+1"],"picked":"FTL+1","floor":41},{"not_picked":["Blizzard","Sunder"],"picked":"Gash+1","floor":44},{"not_picked":["Beam Cell","Gash+1"],"picked":"Storm+1","floor":45},{"not_picked":["Hologram+1","Barrage+1","Steam+1"],"picked":"SKIP","floor":47},{"not_picked":["Recycle+1","Self Repair+1"],"picked":"Force Field+1","floor":48}],"player_experience":4142,"relics_obtained":[{"floor":2,"key":"DataDisk"},{"floor":6,"key":"Toxic Egg 2"},{"floor":9,"key":"Pear"},{"floor":12,"key":"Du-Vu Doll"},{"floor":26,"key":"Eternal Feather"},{"floor":41,"key":"Shuriken"},{"floor":43,"key":"Mercury Hourglass"}],"event_choices":[{"damage_healed":0,"gold_gain":0,"player_choice":"Donut","damage_taken":0,"max_hp_gain":5,"max_hp_loss":0,"event_name":"Big Fish","floor":3,"gold_loss":0},{"damage_healed":0,"gold_gain":0,"player_choice":"Success","damage_taken":25,"relics_obtained":["Gambling Chip"],"max_hp_gain":0,"max_hp_loss":0,"event_name":"Scrap Ooze","floor":5,"gold_loss":0},{"damage_healed":0,"gold_gain":0,"player_choice":"Leave","damage_taken":0,"max_hp_gain":0,"max_hp_loss":0,"event_name":"The Cleric","floor":7,"gold_loss":0},{"damage_healed":0,"gold_gain":0,"player_choice":"Simplicity","damage_taken":0,"max_hp_gain":0,"max_hp_loss":0,"event_name":"Back to Basics","floor":20,"gold_loss":0,"cards_upgraded":["Strike_B","Strike_B","Strike_B","Strike_B","Defend_B","Defend_B","Defend_B","Defend_B"]},{"damage_healed":0,"gold_gain":0,"player_choice":"Ignored","damage_taken":0,"max_hp_gain":0,"max_hp_loss":0,"event_name":"Vampires","floor":24,"gold_loss":0},{"damage_healed":0,"gold_gain":0,"player_choice":"Memory 1","damage_taken":0,"max_hp_gain":0,"max_hp_loss":0,"event_name":"SensoryStone","floor":36,"gold_loss":0},{"damage_healed":0,"gold_gain":0,"player_choice":"Upgraded","damage_taken":0,"max_hp_gain":0,"max_hp_loss":0,"event_name":"Upgrade Shrine","floor":37,"gold_loss":0,"cards_upgraded":["Loop"]}],"is_beta":false,"boss_relics":[{"not_picked":["Calling Bell","SlaversCollar"],"picked":"Nuclear Battery"},{"not_picked":["Busted Crown","Empty Cage"],"picked":"FrozenCore"}],"items_purged_floors":[],"is_endless":false,"potions_floor_spawned":[1,13,14,30,33,35,41,47],"killed_by":"Donu and Deca","ascension_level":0}}