{"host":"esx1hwjnbftf3eqj","time":1608070733,"event":{"mods":["BaseMod","Colored Map","Minty Spire (QoL Compilation)","StSLib","Wandering Minibosses"],"gold_per_floor":[109,109,124,49,49,49,64,93,93,103,137,137,157,173,173,273,273,287,287,300,148,1,1,1,1],"floor_reached":24,"playtime":6602,"items_purged":["Parasite","Strike_B"],"score":252,"play_id":"025fe0a3-d240-4a82-b6e1-3b4c21a25e4f","local_time":"20201215141853","is_ascension_mode":true,"campfire_choices":[{"data":"Creative AI","floor":6,"key":"SMITH"},{"data":"Static Discharge","floor":12,"key":"SMITH"},{"floor":15,"key":"REST"},{"data":"Echo Form","floor":23,"key":"SMITH"}],"circlet_count":0,"master_deck":["Strike_B","Strike_B","Strike_B","Defend_B","Defend_B","Defend_B","Defend_B","Zap","Dualcast","Creative AI+1","Steam","Self Repair","Static Discharge+1","Melter","Go for the Eyes","Hologram","Conserve Battery","Leap","Echo Form+1","Static Discharge+1","Hologram","Leap"],"relics":["Cracked Core","Mango","Symbiotic Virus","Thread and Needle","Centennial Puzzle","SacredBark","Anchor"],"acts_visited":["Exordium","TheCity"],"potions_floor_usage":[16,20,20],"damage_taken":[{"damage":9,"enemies":"2 Louse","floor":1,"turns":3},{"damage":5,"enemies":"Cultist","floor":3,"turns":5},{"damage":12,"enemies":"Jaw Worm","floor":7,"turns":4},{"damage":33,"enemies":"3 Sentries","floor":8,"turns":7},{"damage":6,"enemies":"Exordium Thugs","floor":10,"turns":4},{"damage":8,"enemies":"Lagavulin","floor":11,"turns":5},{"damage":28,"enemies":"Large Slime","floor":13,"turns":7},{"damage":1,"enemies":"2 Fungi Beasts","floor":14,"turns":3},{"damage":9,"enemies":"Hexaghost","floor":16,"turns":7},{"damage":46,"enemies":"3 Byrds","floor":18,"turns":4},{"damage":12,"enemies":"2 Thieves","floor":20,"turns":4},{"damage":20,"enemies":"Book of Stabbing","floor":24,"turns":4}],"seed_played":"-5241553737478349613","potions_obtained":[{"floor":3,"key":"ColorlessPotion"},{"floor":8,"key":"PowerPotion"},{"floor":10,"key":"SneckoOil"},{"floor":11,"key":"Explosive Potion"}],"is_trial":false,"path_per_floor":["M","?","M","$","?","R","M","E","T","M","E","R","M","M","R","B",null,"M","?","M","$","$","R","E"],"character_chosen":"DEFECT","items_purchased":["Leap","Anchor"],"campfire_rested":1,"item_purchase_floors":[21,22],"current_hp_per_floor":[66,66,68,68,70,70,58,32,32,33,32,32,11,17,42,40,86,40,23,18,18,18,18,0,0],"gold":1,"neow_bonus":"ONE_RANDOM_RARE_CARD","is_daily":false,"chose_seed":false,"campfire_upgraded":3,"win_rate":0.0,"timestamp":1608070733,"path_taken":["M","?","?","$","?","R","M","E","T","M","E","R","M","M","R","BOSS","M","?","M","?","$","R","E"],"items_purchased_type":["Card","Relic"],"build_version":"2020-12-13","purchased_purges":2,"victory":false,"max_hp_per_floor":[75,75,75,72,86,86,86,86,86,86,86,86,86,86,86,86,86,86,91,91,91,91,91,91,91],"card_choices":[{"not_picked":["Compile Driver","Double Energy"],"picked":"Steam","floor":1},{"not_picked":["FTL","Hologram"],"picked":"Static Discharge","floor":3},{"not_picked":["Stack","Compile Driver"],"picked":"Melter","floor":7},{"not_picked":["Double Energy","Compile Driver"],"picked":"Go for the Eyes","floor":8},{"not_picked":["Gash","Beam Cell"],"picked":"Hologram","floor":10},{"not_picked":["Coolheaded","Reboot","Rip and Tear"],"picked":"SKIP","floor":11},{"not_picked":["Stack","Beam Cell"],"picked":"Conserve Battery","floor":13},{"not_picked":["Skim","Cold Snap"],"picked":"Leap","floor":14},{"not_picked":["Creative AI","Thunder Strike"],"picked":"Echo Form","floor":16},{"not_picked":["Chaos+1","Beam Cell"],"picked":"Static Discharge+1","floor":18},{"not_picked":["Gash+1","Stack"],"picked":"Hologram","floor":20}],"player_experience":316932,"relics_obtained":[{"floor":8,"key":"Symbiotic Virus"},{"floor":9,"key":"Thread and Needle"},{"floor":11,"key":"Centennial Puzzle"}],"event_choices":[{"damage_healed":0,"gold_gain":0,"player_choice":"2 cards matched","damage_taken":0,"max_hp_gain":0,"max_hp_loss":0,"event_name":"Match and Keep!","floor":2,"gold_loss":0,"cards_obtained":["Parasite","Self Repair"]},{"damage_healed":0,"gold_gain":0,"player_choice":"Success","damage_taken":12,"relics_obtained":["Mango"],"max_hp_gain":0,"max_hp_loss":0,"event_name":"Scrap Ooze","floor":5,"gold_loss":0},{"damage_healed":0,"gold_gain":0,"player_choice":"Shed Blood","damage_taken":22,"max_hp_gain":5,"max_hp_loss":0,"event_name":"Forgotten Altar","floor":19,"gold_loss":0}],"is_beta":false,"boss_relics":[{"not_picked":["Busted Crown","Fusion Hammer"],"picked":"SacredBark"}],"items_purged_floors":[4,21],"is_endless":false,"potions_floor_spawned":[3,8,10,11],"killed_by":"Book of Stabbing","ascension_level":2}}