{"host":"qw1m3zcvi888b4j7","time":1608059969,"event":{"mods":["BaseMod","Block Reminder","Colored Map","Colored Powertips","DeckTracker","Downfall","Highlight Path","Minty Spire (QoL Compilation)","Quick Restart","Rare Cards Sparkle","Relic Sorter","Relic Stats","StSLib"],"gold_per_floor":[99,99,124,124,124,124,124,49,34,34,53,72,21,34,52,157,157,82,82,98,98,127,9,9,19,19,49,65,76,88,105,118,217,217,142,142,156,175,175,193,193,205,205,232,232,232,244,259,269,269],"floor_reached":51,"playtime":4252,"items_purged":[],"score":821,"play_id":"8f716ed8-4a23-4acb-b2b0-f72b37ee302e","local_time":"20201215201929","is_ascension_mode":false,"campfire_choices":[{"floor":1,"key":"RECALL"},{"data":"champ:Taunt","floor":8,"key":"SMITH"},{"data":"champ:ViciousMockery","floor":10,"key":"SMITH"},{"data":"champ:IgnorePain","floor":18,"key":"SMITH"},{"data":"champ:FanOfKnives","floor":21,"key":"SMITH"},{"data":"champ:ArenaPreparation","floor":26,"key":"SMITH"},{"data":"champ:FocusedGladiator","floor":35,"key":"SMITH"},{"data":"champ:FocusedGladiator","floor":39,"key":"SMITH"},{"data":"champ:Encircle","floor":43,"key":"SMITH"}],"circlet_count":0,"master_deck":["champ:Strike","champ:Strike","champ:Strike","champ:Strike","champ:Defend","champ:Defend","champ:Defend+1","champ:Defend+1","champ:Execute","champ:Taunt+1","champ:FanOfKnives+1","champ:GladiatorsShout+1","champ:RisingSlash","champ:ViciousMockery+1","champ:Encircle","champ:IgnorePain+1","champ:BringItOn","champ:FaceSlap","champ:FocusedGladiator+1","champ:CrookedStrike","champ:VampiricStrike","champ:FightOn","champ:RecklessLeap+1","champ:ArenaPreparation+1","champ:AdrenalArmor","champ:FaceSlap","champ:FaceSlap","champ:PreciseThrust","champ:StanceDance","champ:Duel","champ:FocusedGladiator+1","champ:Encircle+1","champ:FaceSlap","champ:LastStand","champ:Haymaker+1","champ:DefensiveStyle+1","champ:DefensiveShout+1","champ:GladiatorStyle+1","champ:CalledShot","champ:Shatter+1","champ:Lariat","Parasite","champ:FocusedBerserking+1"],"relics":["champ:ChampionCrown","downfall:HeartBlessingGreen","downfall:HeartBlessingRed","downfall:HeartBlessingBlue","downfall:HeartsMalice","champ:LiftRelic","Oddly Smooth Stone","champ:ChampionCrownUpgraded","Tiny Chest","Mercury Hourglass","TungstenRod","SlaversCollar","Ancient Tea Set","Ice Cream","Art of War","Bird Faced Urn"],"acts_visited":["Exordium","TheCity","TheBeyond"],"potions_floor_usage":[22,23,31,33,33,42,50,50],"damage_taken":[{"damage":0,"enemies":"Gremlin Nob","floor":3,"turns":1},{"damage":0,"enemies":"Jaw Worm","floor":4,"turns":1},{"damage":0,"enemies":"Small Slimes","floor":5,"turns":1},{"damage":10,"enemies":"downfall:FleeingMerchant","floor":9,"turns":4},{"damage":9,"enemies":"Cultist","floor":11,"turns":3},{"damage":3,"enemies":"3 Louse","floor":12,"turns":2},{"damage":15,"enemies":"downfall:FleeingMerchant","floor":13,"turns":4},{"damage":12,"enemies":"Exordium Thugs","floor":14,"turns":3},{"damage":0,"enemies":"Lots of Slimes","floor":15,"turns":1},{"damage":65,"enemies":"downfall:Watcher","floor":16,"turns":10},{"damage":25,"enemies":"Shell Parasite","floor":20,"turns":3},{"damage":18,"enemies":"Book of Stabbing","floor":22,"turns":4},{"damage":36,"enemies":"downfall:FleeingMerchant","floor":23,"turns":4},{"damage":34,"enemies":"Chosen","floor":25,"turns":3},{"damage":55,"enemies":"Gremlin Leader","floor":27,"turns":5},{"damage":2,"enemies":"Centurion and Healer","floor":28,"turns":4},{"damage":16,"enemies":"Chosen and Byrds","floor":29,"turns":4},{"damage":4,"enemies":"Snecko","floor":30,"turns":3},{"damage":27,"enemies":"Snake Plant","floor":31,"turns":2},{"damage":25,"enemies":"Centurion and Healer","floor":32,"turns":5},{"damage":78,"enemies":"downfall:Silent","floor":33,"turns":8},{"damage":20,"enemies":"3 Shapes","floor":37,"turns":3},{"damage":29,"enemies":"3 Darklings","floor":38,"turns":3},{"damage":32,"enemies":"Jaw Worm Horde","floor":40,"turns":5},{"damage":18,"enemies":"Writhing Mass","floor":42,"turns":4},{"damage":10,"enemies":"Reptomancer","floor":44,"turns":4},{"damage":70,"enemies":"Transient","floor":47,"turns":5},{"damage":18,"enemies":"4 Shapes","floor":48,"turns":2},{"damage":24,"enemies":"Writhing Mass","floor":49,"turns":5},{"damage":22,"enemies":"downfall:Defect","floor":50,"turns":5}],"seed_played":"-2994644782324261435","potions_obtained":[{"floor":3,"key":"FairyPotion"},{"floor":11,"key":"Swift Potion"},{"floor":16,"key":"SteroidPotion"},{"floor":22,"key":"SkillPotion"},{"floor":30,"key":"Strength Potion"},{"floor":32,"key":"Energy Potion"},{"floor":38,"key":"champ:OpenerPotion"},{"floor":44,"key":"FearPotion"},{"floor":48,"key":"BlessingOfTheForge"},{"floor":49,"key":"Energy Potion"}],"is_trial":false,"path_per_floor":["R","?","E","M","M","?","T","R","$","R","M","M","$","M","M","B",null,"R","?","M","R","E","$","T","M","R","E","M","M","M","M","M","B",null,"R","?","M","M","R","M","T","M","R","E","?","T","M","M","M","B",null],"character_chosen":"THE_CHAMP","items_purchased":["champ:FaceSlap","champ:AdrenalArmor","champ:FaceSlap"],"campfire_rested":0,"item_purchase_floors":[13,23,23],"current_hp_per_floor":[90,90,90,90,90,90,90,90,89,89,80,80,80,68,68,24,90,100,100,88,88,81,100,100,100,100,100,100,100,100,84,75,29,100,100,100,92,93,93,99,99,96,96,100,100,100,70,56,44,99],"gold":269,"neow_bonus":"THREE_ENEMY_KILL","is_daily":false,"chose_seed":false,"campfire_upgraded":8,"win_rate":0.0,"timestamp":1608059969,"path_taken":["R","?","E","M","M","?","T","R","$","R","M","M","$","M","M","BOSS","R","?","M","R","E","$","T","M","R","E","M","M","M","?","M","BOSS","R","?","M","M","R","M","T","M","R","E","?","?","M","M","M","BOSS"],"items_purchased_type":["Card","Card","Card"],"build_version":"2020-12-13","purchased_purges":0,"victory":true,"max_hp_per_floor":[90,90,90,90,90,90,90,90,90,90,90,90,90,90,90,90,90,100,100,100,100,100,100,100,100,100,100,100,100,100,100,100,100,100,100,100,100,100,100,100,100,100,100,100,100,100,100,100,100,100],"relic_stats":{"counters":[30,108],"Bird Faced Urn":[14],"Tiny Chest":1,"Art of War":[3],"obtain_stats":[{"Ice Cream":41,"downfall:HeartBlessingRed":8,"Oddly Smooth Stone":3,"champ:ChampionCrown":0,"downfall:HeartsMalice":0,"downfall:HeartBlessingGreen":35,"champ:ChampionCrownUpgraded":17,"Ancient Tea Set":36,"Mercury Hourglass":24,"SlaversCollar":34,"downfall:HeartBlessingBlue":18,"champ:LiftRelic":2,"Bird Faced Urn":46,"Tiny Chest":22,"Art of War":44,"TungstenRod":27},{"Ice Cream":24,"downfall:HeartBlessingRed":3,"Oddly Smooth Stone":1,"champ:ChampionCrown":0,"downfall:HeartsMalice":0,"downfall:HeartBlessingGreen":21,"champ:ChampionCrownUpgraded":10,"Ancient Tea Set":21,"Mercury Hourglass":13,"SlaversCollar":21,"downfall:HeartBlessingBlue":10,"champ:LiftRelic":0,"Bird Faced Urn":26,"Tiny Chest":12,"Art of War":26,"TungstenRod":15},{"Ice Cream":83,"downfall:HeartBlessingRed":0,"Oddly Smooth Stone":0,"champ:ChampionCrown":0,"downfall:HeartsMalice":0,"downfall:HeartBlessingGreen":72,"champ:ChampionCrownUpgraded":27,"Ancient Tea Set":72,"Mercury Hourglass":38,"SlaversCollar":72,"downfall:HeartBlessingBlue":27,"champ:LiftRelic":0,"Bird Faced Urn":91,"Tiny Chest":34,"Art of War":91,"TungstenRod":46}],"TungstenRod":124,"Mercury Hourglass":[254]},"card_choices":[{"not_picked":["champ:SkillfulDodge","champ:Haymaker"],"picked":"champ:FanOfKnives","floor":3},{"not_picked":["champ:BerserkersShout","champ:AdrenalArmor"],"picked":"champ:GladiatorsShout","floor":4},{"not_picked":["champ:EnGarde","champ:ShieldSlam"],"picked":"champ:RisingSlash","floor":5},{"not_picked":["champ:BerserkersShout","champ:FanOfKnives"],"picked":"champ:ViciousMockery","floor":9},{"not_picked":["champ:BerserkersShout","champ:BladeFlurry"],"picked":"champ:Encircle","floor":11},{"not_picked":["champ:Shatter","champ:Encircle"],"picked":"champ:IgnorePain","floor":12},{"not_picked":["champ:BladeFlurry","champ:PerfectedStrike"],"picked":"champ:BringItOn","floor":13},{"not_picked":["champ:TornadoPunch","champ:ShieldWall"],"picked":"champ:FocusedGladiator","floor":14},{"not_picked":["champ:Riposte","champ:DefensiveShout"],"picked":"champ:CrookedStrike","floor":15},{"not_picked":["champ:CheapShot","champ:Devastate"],"picked":"champ:VampiricStrike","floor":16},{"not_picked":["champ:BringItOn","champ:Encircle"],"picked":"champ:FightOn","floor":20},{"not_picked":["champ:Backstep","champ:PerfectedStrike"],"picked":"champ:RecklessLeap+1","floor":22},{"not_picked":["champ:CrookedStrike","champ:HeavySlash"],"picked":"champ:ArenaPreparation","floor":23},{"not_picked":["champ:Haymaker+1","champ:BladeFlurry"],"picked":"champ:FaceSlap","floor":25},{"not_picked":["champ:ArenaPreparation","champ:BerserkersShout"],"picked":"champ:PreciseThrust","floor":27},{"not_picked":["champ:GutPunch","champ:Encircle"],"picked":"champ:StanceDance","floor":28},{"not_picked":["champ:AdrenalArmor","champ:DefensiveShout"],"picked":"champ:Duel","floor":29},{"not_picked":["champ:PreciseThrust","champ:BladeFlurry"],"picked":"champ:FocusedGladiator","floor":30},{"not_picked":["champ:BringItOn","champ:DefensiveShout"],"picked":"champ:Encircle","floor":31},{"not_picked":["champ:StanceDance","champ:FlashCut"],"picked":"champ:FaceSlap","floor":32},{"not_picked":["champ:ShieldSlam","champ:VampiricStrike"],"picked":"champ:LastStand","floor":33},{"not_picked":["champ:TornadoPunch+1","champ:GutPunch+1"],"picked":"champ:Haymaker+1","floor":37},{"not_picked":["champ:PerfectedStrike","champ:Circumvent+1"],"picked":"champ:DefensiveStyle+1","floor":38},{"not_picked":["champ:BerserkersShout","champ:BladeFlurry"],"picked":"champ:DefensiveShout+1","floor":40},{"not_picked":["champ:Circumvent","champ:TornadoPunch+1"],"picked":"champ:GladiatorStyle+1","floor":42},{"not_picked":["champ:HoldFirm","champ:ShieldWall+1"],"picked":"champ:CalledShot","floor":44},{"not_picked":["champ:GladiatorsShout+1","champ:Haymaker+1"],"picked":"champ:Shatter+1","floor":47},{"not_picked":["champ:BerserkersShout+1","champ:PerfectedStrike"],"picked":"champ:Lariat","floor":48},{"not_picked":["champ:HeartStrike+1","champ:HeavySlash"],"picked":"champ:FocusedBerserking+1","floor":49}],"player_experience":89972,"relics_obtained":[{"floor":3,"key":"Oddly Smooth Stone"},{"floor":22,"key":"Tiny Chest"},{"floor":24,"key":"Mercury Hourglass"},{"floor":27,"key":"TungstenRod"},{"floor":36,"key":"Ancient Tea Set"},{"floor":41,"key":"Ice Cream"},{"floor":44,"key":"Art of War"},{"floor":46,"key":"Bird Faced Urn"}],"event_choices":[{"cards_removed":["Regret"],"damage_healed":0,"gold_gain":0,"player_choice":"Purged","damage_taken":0,"max_hp_gain":0,"max_hp_loss":0,"event_name":"Purifier","floor":19,"gold_loss":0}],"is_beta":false,"boss_relics":[{"not_picked":["Fusion Hammer","Empty Cage"],"picked":"champ:ChampionCrownUpgraded"},{"not_picked":["Runic Dome","Cursed Key"],"picked":"SlaversCollar"}],"items_purged_floors":[],"is_endless":false,"potions_floor_spawned":[3,11,16,20,22,30,32,38,44,48,49],"ascension_level":0}}