{"host":"49c2zf0lajbcs427","time":1608019203,"event":{"mods":["AchievementEnabler","BaseMod","Colored Map","Colored Powertips","Highlight Path","Minty Spire (QoL Compilation)","Relic Stats","StSLib"],"gold_per_floor":[120,120,120,143,170,170,210,210,237,265,307,307,267,267,267,267,267],"floor_reached":16,"playtime":774,"items_purged":[],"score":211,"play_id":"459dc7b7-3aff-4ccd-bebc-3729bfb04425","local_time":"20201215210003","is_ascension_mode":true,"campfire_choices":[{"data":"Eruption","floor":6,"key":"SMITH"},{"data":"Vigilance","floor":8,"key":"SMITH"},{"floor":12,"key":"REST"},{"data":"Devotion","floor":15,"key":"SMITH"}],"circlet_count":0,"master_deck":["AscendersBane","Strike_P","Strike_P","Strike_P","Strike_P","Defend_P","Defend_P","Defend_P","Defend_P","Eruption+1","Vigilance+1","CurseOfTheBell","SignatureMove+1","Evaluate","Evaluate","Prostrate","Devotion+1","LessonLearned"],"relics":["Calling Bell","CeramicFish","Pear","CloakClasp","Lantern","Bronze Scales","Omamori","CaptainsWheel"],"acts_visited":["Exordium"],"potions_floor_usage":[7,11],"damage_taken":[{"damage":11,"enemies":"Small Slimes","floor":1,"turns":6},{"damage":17,"enemies":"Cultist","floor":4,"turns":6},{"damage":0,"enemies":"2 Louse","floor":5,"turns":4},{"damage":10,"enemies":"3 Sentries","floor":7,"turns":8},{"damage":0,"enemies":"Blue Slaver","floor":10,"turns":6},{"damage":24,"enemies":"Gremlin Nob","floor":11,"turns":4},{"damage":2,"enemies":"Looter","floor":13,"turns":4},{"damage":46,"enemies":"The Guardian","floor":16,"turns":8}],"seed_played":"4340496091069499817","potions_obtained":[{"floor":7,"key":"Fruit Juice"},{"floor":10,"key":"ColorlessPotion"}],"is_trial":false,"path_per_floor":["M","?","$","M","M","R","E","R","T","M","E","R","M","T","R","B"],"character_chosen":"WATCHER","items_purchased":[],"campfire_rested":1,"item_purchase_floors":[],"current_hp_per_floor":[60,60,60,43,43,43,38,38,38,38,14,38,36,36,36,0,0],"gold":267,"neow_bonus":"BOSS_RELIC","is_daily":false,"chose_seed":false,"campfire_upgraded":3,"win_rate":0.0,"timestamp":1608019203,"path_taken":["M","?","$","?","M","R","E","R","T","M","E","R","M","?","R","BOSS"],"items_purchased_type":[],"build_version":"2020-12-13","purchased_purges":0,"victory":false,"max_hp_per_floor":[78,78,78,78,78,78,83,83,83,83,83,83,83,83,83,83,83],"relic_stats":{"counters":[8,46],"CeramicFish":54,"Bronze Scales":[51],"CloakClasp":[131],"obtain_stats":[{"Calling Bell":0,"Lantern":7,"CaptainsWheel":14,"Pear":0,"CeramicFish":0,"Bronze Scales":9,"CloakClasp":0,"Omamori":11,"PureWater":0},{"Calling Bell":0,"Lantern":4,"CaptainsWheel":7,"Pear":0,"CeramicFish":0,"Bronze Scales":4,"CloakClasp":0,"Omamori":6,"PureWater":0},{"Calling Bell":0,"Lantern":24,"CaptainsWheel":38,"Pear":0,"CeramicFish":0,"Bronze Scales":24,"CloakClasp":0,"Omamori":34,"PureWater":0}]},"card_choices":[{"not_picked":["FollowUp","Halt"],"picked":"SignatureMove","floor":1},{"not_picked":["Perseverance","EmptyBody"],"picked":"Evaluate","floor":4},{"not_picked":["Collect","JustLucky"],"picked":"Evaluate","floor":5},{"not_picked":["SignatureMove","Evaluate"],"picked":"Prostrate","floor":7},{"not_picked":["Prostrate","SashWhip"],"picked":"Devotion","floor":10},{"not_picked":["ThirdEye","CutThroughFate"],"picked":"LessonLearned","floor":11},{"not_picked":["CutThroughFate","WreathOfFlame","Halt"],"picked":"SKIP","floor":13}],"player_experience":2097011,"relics_obtained":[{"floor":0,"key":"CeramicFish"},{"floor":0,"key":"Pear"},{"floor":0,"key":"CloakClasp"},{"floor":7,"key":"Lantern"},{"floor":9,"key":"Bronze Scales"},{"floor":11,"key":"Omamori"},{"floor":14,"key":"CaptainsWheel"}],"event_choices":[{"damage_healed":0,"gold_gain":0,"player_choice":"Upgraded","damage_taken":0,"max_hp_gain":0,"max_hp_loss":0,"event_name":"Upgrade Shrine","floor":2,"gold_loss":0,"cards_upgraded":["SignatureMove"]}],"is_beta":false,"boss_relics":[],"items_purged_floors":[],"is_endless":false,"potions_floor_spawned":[7,10],"killed_by":"The Guardian","ascension_level":19}}