{"host":"i41n6wh529970c2c","time":1608057216,"event":{"mods":["Act Like it!","BaseMod","BetterRewards","Friendly Minions","Gold Saver","Hermit","Minty Spire (QoL Compilation)","Replay The Spire","Shop Mod","StSLib"],"gold_per_floor":[566,95,106,117,133,133,159,171,210,222,257,310,379,415,427,542,554,614,626,638,683,339,378,378,396,396],"floor_reached":25,"playtime":1154,"items_purged":["Strike_B","Defend_B"],"score":282,"play_id":"46fd21fb-467c-4eb2-bcbe-761437137fbc","local_time":"20201215133336","is_ascension_mode":true,"campfire_choices":[{"data":"ReplayTheSpireMod:Fabricate Wheel","floor":6.0,"key":"SMITH"},{"data":"BasicCrystalCard","floor":8.0,"key":"SMITH"},{"data":"Double Energy","floor":15.0,"key":"SMITH"},{"data":"Rainbow","floor":24,"key":"SMITH"}],"circlet_count":0,"master_deck":["Strike_B","Strike_B","Strike_B","Defend_B","Defend_B","Zap","Dualcast","ReplayTheSpireMod:Reroute Power","Conserve Battery","Beam Cell","Streamline","BasicCrystalCard+1","Ball Lightning","Recycle","ReplayTheSpireMod:Omega Cannon","Rainbow+1","Cold Snap","Darkness","Double Energy+1","Multi-Cast","Lockon","Conserve Battery","Darkness","Conserve Battery","Sweeping Beam+1","Hologram"],"relics":["Cracked Core","Runic Capacitor","Prayer Wheel","MawBank","Replay:Bandana","Boot","Velvet Choker","ReplayTheSpireMod:Ring of Challenge","Ring of Hypnosis","Membership Card","Replay:Wax Seal","Cables","Prayer Wheel"],"acts_visited":["Exordium","TheCity"],"potions_floor_usage":[23],"damage_taken":[{"damage":0.0,"enemies":"Cultist","floor":1.0,"turns":3.0},{"damage":3.0,"enemies":"2 Louse","floor":3.0,"turns":3.0},{"damage":9.0,"enemies":"Small Slimes","floor":4.0,"turns":3.0},{"damage":7.0,"enemies":"Looter","floor":5.0,"turns":3.0},{"damage":30.0,"enemies":"Gremlin Nob","floor":7.0,"turns":4.0},{"damage":0.0,"enemies":"Red Slaver","floor":11.0,"turns":2.0},{"damage":0.0,"enemies":"Lagavulin","floor":12.0,"turns":6.0},{"damage":8.0,"enemies":"Blue Slaver","floor":14.0,"turns":2.0},{"damage":16.0,"enemies":"The Guardian","floor":16.0,"turns":7.0},{"damage":0.0,"enemies":"3 Byrds","floor":18.0,"turns":2.0},{"damage":3.0,"enemies":"2 Thieves","floor":21.0,"turns":3.0},{"damage":19,"enemies":"Slavers","floor":23,"turns":3},{"damage":53,"enemies":"Book of Stabbing","floor":25,"turns":6}],"seed_played":"2769676951755273136","potions_obtained":[{"floor":1.0,"key":"Swift Potion"},{"floor":3.0,"key":"Regen Potion"},{"floor":10.0,"key":"FocusPotion"},{"floor":10.0,"key":"Flashbang"},{"floor":12.0,"key":"Fire Potion"},{"floor":14.0,"key":"FearPotion"},{"floor":18.0,"key":"Ancient Potion"},{"floor":21.0,"key":"Adrenaline Potion"}],"is_trial":false,"path_per_floor":["M","$","M","M","M","R","E","R","T","?","M","E","?","M","R","B",null,"M","?","?","M","$","E","R","E"],"character_chosen":"DEFECT","items_purchased":["ReplayTheSpireMod:Fabricate Wheel","Runic Capacitor","Beam Cell","Streamline","Membership Card","Replay:Wax Seal","Cables","Sweeping Beam+1"],"campfire_rested":0,"item_purchase_floors":[2,2,2,2,22,22,22,22],"current_hp_per_floor":[75,75,72,63,56,56,35,35,35,35,35,35,35,27,27,11,75,75,75,75,72,72,53,53,0,0],"gold":396,"neow_bonus":"RANDOM_EVENT","is_daily":false,"chose_seed":false,"campfire_upgraded":4,"win_rate":0.0,"timestamp":1608057216,"path_taken":["M","$","M","M","M","R","E","R","T","?","?","E","?","M","R","BOSS","M","?","?","?","$","E","R","E"],"items_purchased_type":["Card","Relic","Card","Card","Relic","Relic","Relic","Card"],"build_version":"2020-12-13","purchased_purges":2,"victory":false,"max_hp_per_floor":[75,75,75,75,75,75,75,75,75,75,75,75,75,75,75,75,75,75,75,75,75,75,75,75,75,75],"card_choices":[{"not_picked":["Aggregate","BasicCrystalCard"],"picked":"Conserve Battery","floor":1.0},{"not_picked":["ReplaySolidLightProjector","Coolheaded"],"picked":"BasicCrystalCard","floor":3.0},{"not_picked":["Steam","Go for the Eyes"],"picked":"Ball Lightning","floor":4.0},{"not_picked":["Compile Driver","Turbo"],"picked":"Recycle","floor":5.0},{"not_picked":["Reboot","Sweeping Beam"],"picked":"Rainbow","floor":7.0},{"not_picked":["Streamline","ReplayTheSpireMod:GoodbyeWorld"],"picked":"Cold Snap","floor":11.0},{"not_picked":["Time Bomb","Gash","BasicCrystalCard"],"picked":"SKIP","floor":11.0},{"not_picked":["Coolheaded","Rebound"],"picked":"Darkness","floor":12.0},{"not_picked":["Stack","Skim"],"picked":"Double Energy","floor":14.0},{"not_picked":["Steam Power","BasicCrystalCard","Turbo"],"picked":"SKIP","floor":14.0},{"not_picked":["Mirror Shield","Rainbow"],"picked":"Multi-Cast","floor":16.0},{"not_picked":["Compile Driver","Leap"],"picked":"Lockon","floor":18.0},{"not_picked":["Sweeping Beam","ReplaySort+1"],"picked":"Conserve Battery","floor":18.0},{"not_picked":["Gash","Scrape"],"picked":"Darkness","floor":21.0},{"not_picked":["ReplaySolidLightProjector+1","ReplayTheSpireMod:Repulse"],"picked":"Conserve Battery","floor":21.0},{"not_picked":["Sweeping Beam","Ball Lightning"],"picked":"Hologram","floor":23}],"player_experience":755754,"relics_obtained":[{"floor":7.0,"key":"MawBank"},{"floor":9.0,"key":"Replay:Bandana"},{"floor":12.0,"key":"Boot"},{"floor":19.0,"key":"ReplayTheSpireMod:Ring of Challenge"},{"floor":19.0,"key":"Ring of Hypnosis"},{"floor":23,"key":"Prayer Wheel"}],"event_choices":[{"damage_healed":0.0,"max_hp_gain":0.0,"max_hp_loss":0.0,"gold_gain":0.0,"cards_transformed":["Defend_B"],"event_name":"Living Wall","player_choice":"Change","floor":0.0,"gold_loss":0.0,"damage_taken":0.0,"cards_obtained":["ReplayTheSpireMod:Reroute Power"]},{"damage_healed":0.0,"max_hp_gain":0.0,"max_hp_loss":0.0,"gold_gain":0.0,"event_name":"Lab","player_choice":"Got Potions","floor":10.0,"gold_loss":0.0,"damage_taken":0.0},{"damage_healed":0.0,"max_hp_gain":0.0,"max_hp_loss":0.0,"gold_gain":57.0,"event_name":"Golden Wing","player_choice":"Gained Gold","floor":13.0,"gold_loss":0.0,"damage_taken":0.0},{"damage_healed":0.0,"max_hp_gain":0.0,"max_hp_loss":0.0,"gold_gain":0.0,"event_name":"The Woman in Blue","player_choice":"Bought 0 Potions","floor":20.0,"gold_loss":0.0,"damage_taken":0.0}],"is_beta":false,"boss_relics":[{"not_picked":["Sozu","Replay:Wanted Poster"],"picked":"Velvet Choker"}],"items_purged_floors":[2,22],"is_endless":false,"potions_floor_spawned":[1,3,12,14,18,21],"killed_by":"Book of Stabbing","ascension_level":2}}