{"host":"ds28d883r3sz42zs","time":1608066271,"event":{"mods":["2.2 Compatiblity","AchievementEnabler","Act Like it!","BaseMod","Bestiary","Better Match","Better Sensory Stone","Better Silent Start","Better Third Choice","Better-Laid Plans","BetterRewards","Block Reminder","Challenge The Spire","Colored Map","Colored Powertips","DeckTracker","Defuse TimeMaze Blight","Disable Question Mark Monsters","Displayed Cursed Tome","Emptier Cage","GifTheSpireLib","Gold Saver","Minty Spire (QoL Compilation)","Permanent Neow","Practice Mode","Quick Restart","Random Character Button","Rare Cards Sparkle","Relic Filter","Relic Stats","SacredBarkPlus","StSLib","SuperFastMode","Uncapped","Unknown Chances"],"gold_per_floor":[158,12,12,12,31,31,31],"floor_reached":6,"playtime":146,"items_purged":["Strike_B"],"score":60,"play_id":"068b8fc2-e92b-4b6a-83d4-733d34cc629f","local_time":"20201215160431","is_ascension_mode":true,"campfire_choices":[],"circlet_count":0,"master_deck":["AscendersBane","Strike_B","Strike_B","Strike_B","Defend_B","Defend_B","Zap","Dualcast+1","Coolheaded","FTL+1"],"relics":["Cracked Core","Golden Idol"],"acts_visited":["Exordium"],"potions_floor_usage":[],"damage_taken":[{"damage":7,"enemies":"Jaw Worm","floor":1,"turns":3},{"damage":2,"enemies":"2 Louse","floor":5,"turns":2},{"damage":29,"enemies":"Gremlin Nob","floor":6,"turns":3}],"seed_played":"-2758136137695578614","potions_obtained":[{"floor":5,"key":"PotionOfCapacity"}],"is_trial":false,"path_per_floor":["M","$","?","?","M","E"],"character_chosen":"DEFECT","items_purchased":["FTL"],"campfire_rested":0,"item_purchase_floors":[2],"current_hp_per_floor":[39,39,18,18,16,0,0],"gold":31,"neow_bonus":"REMOVE_TWO","is_daily":false,"chose_seed":false,"campfire_upgraded":0,"win_rate":0.0,"timestamp":1608066271,"path_taken":["M","$","?","?","M","E"],"items_purchased_type":["Card"],"build_version":"2020-12-13","purchased_purges":1,"victory":false,"max_hp_per_floor":[71,71,71,64,64,64,64],"relic_stats":{"counters":[3,8],"Golden Idol":4,"obtain_stats":[{"Golden Idol":4,"WingedGreaves":1,"Cracked Core":0},{"Golden Idol":1,"WingedGreaves":1,"Cracked Core":0},{"Golden Idol":3,"WingedGreaves":2,"Cracked Core":0}]},"card_choices":[{"not_picked":["Storm","Conserve Battery"],"picked":"Coolheaded","floor":1},{"not_picked":["Beam Cell","Fusion","Conserve Battery"],"picked":"SKIP","floor":5}],"player_experience":663415,"relics_obtained":[],"event_choices":[{"damage_healed":39,"gold_gain":0,"player_choice":"Upgrade","damage_taken":21,"max_hp_gain":0,"max_hp_loss":71,"event_name":"betterThird:BetterShining","floor":3,"gold_loss":0,"cards_upgraded":["FTL","Dualcast"]},{"damage_healed":0,"gold_gain":0,"player_choice":"Lose Max HP","damage_taken":0,"relics_obtained":["Golden Idol"],"max_hp_gain":0,"max_hp_loss":7,"event_name":"Golden Idol","floor":4,"gold_loss":0}],"is_beta":false,"boss_relics":[],"items_purged_floors":[2],"is_endless":false,"potions_floor_spawned":[5],"killed_by":"Gremlin Nob","ascension_level":15}}