{"host":"jolg1n27y0xvdyb4","time":1608067037,"event":{"mods":["2.2 Compatiblity","AchievementEnabler","Act Like it!","BaseMod","Better Altar","Better Match","Better Note","Better Sensory Stone","Better Skull","Better Third Choice","Better Vampires","Block Reminder","Colored Map","Downfall","Gremlin Mod","Hermit","Jorbs\u0027s Wanderer Trilogy","Minty Spire (QoL Compilation)","SIMod","StSLib","The Blackbeard","The Blue Laboratory","The Bug Knight","The Hierophant","The Jungle","The Necromancer","The Wild Card"],"gold_per_floor":[199,213,229,229,329,348,394,409,425,455,455,471,485,485,505,505,505],"floor_reached":16,"playtime":1481,"items_purged":[],"score":106,"play_id":"84bf3ec6-07ec-440b-bda8-29c26b6215f9","local_time":"20201215151717","is_ascension_mode":false,"campfire_choices":[{"data":"hexamod:Float","floor":1,"key":"SMITH"},{"data":"hexamod:SkipABeat","floor":4,"key":"SMITH"}],"circlet_count":0,"master_deck":["hexamod:Strike","hexamod:Strike","hexamod:Strike","hexamod:Strike","hexamod:Defend","hexamod:Defend","hexamod:Defend","hexamod:Defend","hexamod:Sear","hexamod:Float+1","hexamod:SkipABeat+1","hexamod:PhantomCloak","hexamod:BurningTouch","hexamod:ThermalTransfer","hexamod:PhantomCloak"],"relics":["hexamod:SpiritBrand","Bronze Scales","Mummified Hand"],"acts_visited":["Exordium"],"potions_floor_usage":[16,16],"damage_taken":[{"damage":0,"enemies":"Cultist","floor":2,"turns":3},{"damage":1,"enemies":"Jaw Worm","floor":3,"turns":4},{"damage":0,"enemies":"2 Louse","floor":6,"turns":4},{"damage":22,"enemies":"Gremlin Gang","floor":8,"turns":5},{"damage":25,"enemies":"Lots of Slimes","floor":9,"turns":5},{"damage":13,"enemies":"HollowMod:MossKnight","floor":10,"turns":11},{"damage":0,"enemies":"Large Slime","floor":12,"turns":4},{"damage":2,"enemies":"2 Fungi Beasts","floor":13,"turns":4},{"damage":0,"enemies":"HollowMod:HuskWarrior","floor":15,"turns":6},{"damage":15,"enemies":"downfall:Defect","floor":16,"turns":4}],"seed_played":"7686985528950579140","potions_obtained":[{"floor":3,"key":"SteroidPotion"},{"floor":10,"key":"Fire Potion"},{"floor":12,"key":"blueLaboratory:RememoryPotion"},{"floor":14,"key":"Strength Potion"}],"is_trial":false,"path_per_floor":["R","M","M","R","?","M","T","M","M","E","?","M","M","?","M","B"],"character_chosen":"THE_SPIRIT","items_purchased":[],"campfire_rested":0,"item_purchase_floors":[],"current_hp_per_floor":[70,70,69,69,69,69,69,47,22,9,9,9,7,7,7,0,0],"gold":505,"neow_bonus":"HUNDRED_GOLD","is_daily":false,"chose_seed":false,"campfire_upgraded":2,"win_rate":0.0,"timestamp":1608067037,"path_taken":["R","M","?","R","?","M","T","?","M","E","?","M","M","?","M","BOSS"],"items_purchased_type":[],"build_version":"2020-12-13","purchased_purges":0,"victory":false,"max_hp_per_floor":[70,70,70,70,70,70,70,70,70,70,70,70,70,70,70,70,70],"card_choices":[{"not_picked":["hexamod:InspiringFlames","hexamod:RetreatToShadows"],"picked":"hexamod:SkipABeat","floor":2},{"not_picked":["hexamod:ShieldOfDarkness","hexamod:RainOfEmbers"],"picked":"hexamod:PhantomCloak","floor":3},{"not_picked":["hexamod:ThirdSeal","hexamod:BacktrackSmack","hexamod:NecessarySacrifice"],"picked":"SKIP","floor":6},{"not_picked":["hexamod:PowerFromBeyond","hexamod:ShieldOfDarkness"],"picked":"hexamod:BurningTouch","floor":8},{"not_picked":["hexamod:Hexaguard","hexamod:SpectersWail","hexamod:SearingWound"],"picked":"SKIP","floor":9},{"not_picked":["hexamod:SwordOfDarkness","hexamod:HeatCrush"],"picked":"hexamod:ThermalTransfer","floor":10},{"not_picked":["hexamod:BacktrackSmack","hexamod:InspiringFlames","hexamod:Firestarter"],"picked":"SKIP","floor":12},{"not_picked":["hexamod:ShieldOfDarkness","hexamod:SwordOfDarkness","hexamod:SpectersWail"],"picked":"SKIP","floor":13},{"not_picked":["hexamod:Firestarter","hexamod:SpectersWail"],"picked":"hexamod:PhantomCloak","floor":15}],"player_experience":400814,"relics_obtained":[{"floor":7,"key":"Bronze Scales"},{"floor":10,"key":"Mummified Hand"}],"event_choices":[{"damage_healed":0,"gold_gain":0,"player_choice":"Got Potions","damage_taken":0,"max_hp_gain":0,"max_hp_loss":0,"event_name":"Lab","floor":14,"gold_loss":0}],"is_beta":false,"boss_relics":[],"items_purged_floors":[],"is_endless":false,"potions_floor_spawned":[3,10,12,13,15],"killed_by":"downfall:Defect","ascension_level":0}}