{"host":"hz7oro4zaett5eh9","time":1608040007,"event":{"mods":["BaseMod","Downfall","Hubris","Minty Spire (QoL Compilation)","StSLib"],"gold_per_floor":[99,130,55,86,110,123,149,74,109,109,94,118,133,148,162,266,266,266,266,284,309,309,309,344,354,279,295,295,295,306,306,306],"floor_reached":33,"playtime":2976,"items_purged":[],"score":301,"play_id":"4628f070-f7ce-4a8a-a508-a9a9d3502033","local_time":"20201215134647","is_ascension_mode":false,"campfire_choices":[{"floor":1,"key":"RECALL"},{"data":"hexamod:GhostShield","floor":3,"key":"SMITH"},{"floor":8,"key":"REST"},{"data":"hexamod:GhostShield","floor":10,"key":"SMITH"},{"data":"hexamod:VolcanoVisage","floor":18,"key":"SMITH"},{"data":"hexamod:SearingWound","floor":27,"key":"SMITH"}],"circlet_count":0,"master_deck":["hexamod:Sear","hexamod:Float","hexamod:GhostShield+1","hexamod:NightmareGuise","hexamod:GhostShield+1","hexamod:FirstSeal","hexamod:ShieldOfDarkness","hexamod:VolcanoVisage+1","hexamod:AdvancingGuard","hexamod:HexaLevel","hexamod:ThermalTransfer","hexamod:SearingWound+1","hexamod:FastForward","hexamod:InspiringFlames+1","hexamod:VolcanoVisage+1","hexamod:BurningTouch+1","hexamod:Incineration","hexamod:ThermalTransfer","hexamod:CouncilsJustice","hexamod:CouncilsJustice","hexamod:CouncilsJustice","Ghostly","Ghostly","Ghostly","hexamod:CrushingStance"],"relics":["hexamod:SpiritBrand","hubris:Teleporter","PreservedInsect","downfall:HeartBlessingRed","Omamori","downfall:HeartBlessingBlue","Blood Vial","Odd Mushroom","downfall:RedIOU","Potion Belt","Juzu Bracelet","hexamod:MatchstickCase","downfall:HeartBlessingGreen"],"acts_visited":["Exordium","TheCity"],"potions_floor_usage":[16,16,21,33,33],"damage_taken":[{"damage":22,"enemies":"Lagavulin","floor":2,"turns":7},{"damage":7,"enemies":"Gremlin Nob","floor":4,"turns":3},{"damage":0,"enemies":"Cultist","floor":6,"turns":3},{"damage":3,"enemies":"3 Sentries","floor":9,"turns":8},{"damage":2,"enemies":"downfall:FleeingMerchant","floor":11,"turns":4},{"damage":12,"enemies":"The Mushroom Lair","floor":12,"turns":7},{"damage":0,"enemies":"2 Louse","floor":13,"turns":4},{"damage":0,"enemies":"Small Slimes","floor":14,"turns":3},{"damage":15,"enemies":"Exordium Thugs","floor":15,"turns":6},{"damage":31,"enemies":"downfall:Ironclad","floor":16,"turns":10},{"damage":1,"enemies":"Shell Parasite","floor":20,"turns":6},{"damage":36,"enemies":"Slavers","floor":21,"turns":6},{"damage":13,"enemies":"Book of Stabbing","floor":25,"turns":6},{"damage":12,"enemies":"3 Cultists","floor":26,"turns":6},{"damage":20,"enemies":"Snake Plant","floor":28,"turns":6},{"damage":0,"enemies":"Snecko","floor":32,"turns":3},{"damage":37,"enemies":"downfall:Silent","floor":33,"turns":6}],"seed_played":"-6825351856201239864","potions_obtained":[{"floor":2,"key":"GamblersBrew"},{"floor":6,"key":"Explosive Potion"},{"floor":15,"key":"Fire Potion"},{"floor":16,"key":"Dexterity Potion"},{"floor":20,"key":"SkillPotion"},{"floor":28,"key":"FearPotion"},{"floor":31,"key":"CultistPotion"}],"is_trial":false,"path_per_floor":["R","E","R","E","T","M","T","R","E","R","$","?","M","M","M","B",null,"R","?","M","E","?","T","E","M","R","M","?","?","M","B"],"character_chosen":"THE_SPIRIT","items_purchased":[],"campfire_rested":1,"item_purchase_floors":[],"current_hp_per_floor":[63,41,41,34,34,34,34,73,70,70,73,68,73,73,65,36,73,73,73,73,44,44,44,40,37,37,26,26,26,35,0,0],"gold":306,"neow_bonus":"ONE_RARE_RELIC","is_daily":false,"chose_seed":false,"campfire_upgraded":4,"win_rate":0.0,"timestamp":1608040007,"path_taken":["R","E","R","E","?","M","T","R","E","R","$","?","M","M","M","BOSS","R","?","M","E","?","T","E","M","R","M","?","?","M","BOSS"],"items_purchased_type":[],"build_version":"2020-12-13","purchased_purges":0,"victory":false,"max_hp_per_floor":[63,63,63,63,63,63,63,73,73,73,73,73,73,73,73,73,73,73,73,73,73,73,73,73,73,73,73,36,36,36,36,36],"card_choices":[{"not_picked":["hexamod:Incineration","hexamod:PhantomFireball"],"picked":"hexamod:GhostShield","floor":2},{"not_picked":["hexamod:RainOfEmbers","hexamod:ThermalTransfer"],"picked":"hexamod:NightmareGuise","floor":4},{"not_picked":["hexamod:NightmareGuise","hexamod:ShieldOfDarkness"],"picked":"hexamod:GhostShield","floor":6},{"not_picked":["hexamod:SwordOfDarkness","hexamod:HauntingEcho"],"picked":"hexamod:FirstSeal","floor":9},{"not_picked":["hexamod:Firestarter","hexamod:NightmareGuise"],"picked":"hexamod:ShieldOfDarkness","floor":11},{"not_picked":["hexamod:BacktrackSmack","hexamod:SpectersWail"],"picked":"hexamod:VolcanoVisage","floor":12},{"not_picked":["hexamod:SkipABeat","hexamod:NightmareStrike"],"picked":"hexamod:AdvancingGuard","floor":13},{"not_picked":["hexamod:SpectralAdrenaline","hexamod:HauntingEcho"],"picked":"hexamod:HexaLevel","floor":14},{"not_picked":["hexamod:InspiringFlames","hexamod:SkipABeat"],"picked":"hexamod:ThermalTransfer","floor":15},{"not_picked":["hexamod:ParanormalForm","hexamod:TurnItUp"],"picked":"hexamod:SearingWound","floor":16},{"not_picked":["hexamod:NightmareStrike","hexamod:RetreatToShadows+1"],"picked":"hexamod:FastForward","floor":20},{"not_picked":["hexamod:HeatMetal+1","hexamod:UnleashSpirits"],"picked":"hexamod:InspiringFlames+1","floor":21},{"not_picked":["hexamod:SpectersWail+1","hexamod:GhostShield+1"],"picked":"hexamod:BurningTouch+1","floor":25},{"not_picked":["hexamod:GhostLash","hexamod:SpectersWail+1"],"picked":"hexamod:Incineration","floor":26},{"not_picked":["hexamod:BacktrackSmack","hexamod:NightmareGuise"],"picked":"hexamod:ThermalTransfer","floor":28},{"not_picked":["hexamod:HeatCrush","hexamod:HauntingEcho+1"],"picked":"hexamod:CrushingStance","floor":32}],"player_experience":603990,"relics_obtained":[{"floor":2,"key":"PreservedInsect"},{"floor":4,"key":"Regal Pillow"},{"floor":7,"key":"Omamori"},{"floor":9,"key":"Blood Vial"},{"floor":12,"key":"Odd Mushroom"},{"floor":21,"key":"Potion Belt"},{"floor":24,"key":"Juzu Bracelet"},{"floor":25,"key":"hexamod:MatchstickCase"}],"event_choices":[{"damage_healed":0,"gold_gain":0,"player_choice":"Fought Mushrooms","damage_taken":0,"max_hp_gain":0,"max_hp_loss":0,"event_name":"Mushrooms","floor":12,"gold_loss":0},{"damage_healed":0,"gold_gain":0,"player_choice":"Copied","damage_taken":0,"max_hp_gain":0,"max_hp_loss":0,"event_name":"Duplicator","floor":22,"gold_loss":0,"cards_obtained":["hexamod:VolcanoVisage"]}],"is_beta":false,"boss_relics":[{"not_picked":["hubris:BlackHole","hubris:RunicObelisk","Runic Dome"]}],"items_purged_floors":[],"is_endless":false,"potions_floor_spawned":[2,6,15,16,20,28],"killed_by":"downfall:Silent","ascension_level":0}}