{"host":"sc0o2qwpf9j16a4i","time":1608058128,"event":{"mods":["AchievementEnabler","BaseMod","BetterRewards","Block Reminder","Colored Map","Colored Powertips","Custom Start","Highlight Path","Minty Spire (QoL Compilation)","Relic Stats"],"gold_per_floor":[111,129,404,414,427,427,427,427],"floor_reached":7,"playtime":192,"items_purged":[],"score":80,"play_id":"515f1c16-45c8-457e-9283-dc0b4b3a3ec7","local_time":"20201215204848","is_ascension_mode":true,"campfire_choices":[{"floor":6,"key":"REST"}],"circlet_count":0,"master_deck":["AscendersBane","Strike_P","Strike_P","Strike_P","Strike_P","Defend_P","Defend_P","Defend_P","Defend_P","Eruption","Vigilance","CutThroughFate","Regret","InnerPeace","DeceiveReality"],"relics":["Snecko Eye"],"acts_visited":["Exordium"],"potions_floor_usage":[7],"damage_taken":[{"damage":0,"enemies":"Cultist","floor":1,"turns":2},{"damage":1,"enemies":"Small Slimes","floor":2,"turns":3},{"damage":23,"enemies":"2 Louse","floor":4,"turns":2},{"damage":4,"enemies":"Large Slime","floor":5,"turns":4},{"damage":53,"enemies":"Gremlin Nob","floor":7,"turns":3}],"seed_played":"-6080382600136407568","potions_obtained":[{"floor":4,"key":"BottledMiracle"},{"floor":5,"key":"SkillPotion"}],"is_trial":false,"path_per_floor":["M","M","?","M","M","R","E"],"character_chosen":"WATCHER","items_purchased":[],"campfire_rested":1,"item_purchase_floors":[],"current_hp_per_floor":[61,60,60,37,33,53,0,0],"gold":427,"neow_bonus":"BOSS_RELIC","is_daily":false,"chose_seed":false,"campfire_upgraded":0,"win_rate":0.0,"timestamp":1608058128,"path_taken":["M","M","?","M","M","R","E"],"items_purchased_type":[],"build_version":"2020-12-13","purchased_purges":0,"victory":false,"max_hp_per_floor":[68,68,68,68,68,68,68,68],"relic_stats":{"counters":[5,14],"Snecko Eye":[26,22,24,21],"obtain_stats":[{"Snecko Eye":0,"PureWater":0},{"Snecko Eye":0,"PureWater":0},{"Snecko Eye":0,"PureWater":0}]},"card_choices":[{"not_picked":["Collect","WreathOfFlame"],"picked":"CutThroughFate","floor":1},{"not_picked":["Nirvana","JustLucky","ClearTheMind"],"picked":"SKIP","floor":2},{"not_picked":["BowlingBash","Collect"],"picked":"InnerPeace","floor":4},{"not_picked":["Vengeance","Collect"],"picked":"DeceiveReality","floor":5}],"player_experience":348287,"relics_obtained":[],"event_choices":[{"damage_healed":0,"gold_gain":275,"player_choice":"Desecrate","damage_taken":0,"max_hp_gain":0,"max_hp_loss":0,"event_name":"Golden Shrine","floor":3,"gold_loss":0,"cards_obtained":["Regret"]}],"is_beta":false,"boss_relics":[],"items_purged_floors":[],"is_endless":false,"potions_floor_spawned":[4,5],"killed_by":"Gremlin Nob","ascension_level":17}}