{"host":"ab2s6ezjqdgtrlyf","time":1608038617,"event":{"mods":["BaseMod","Colored Map","Highlight Path","Marked Mod","Minty Spire (QoL Compilation)","Quick Restart","Relic Stats","Replay The Spire","StSLib","Waifu the Spire","vexMod"],"gold_per_floor":[111,161,161,161,176,204,204,279,279,279,299,299,142,153,153,225,225,236,236,69,83,101,101,101,101,101,101,101,118,118,118,118,192,192,210,210,223,238,256,256,289,289,336,336,353,224,224,224,224],"floor_reached":48,"playtime":1919,"items_purged":["Strike_B+1"],"score":963,"play_id":"e7ec5e88-d20d-45b7-af21-84b5bd5353b0","local_time":"20201215212337","is_ascension_mode":true,"campfire_choices":[{"data":"Loop","floor":7.0,"key":"SMITH"},{"data":"Zap","floor":12.0,"key":"SMITH"},{"data":"BasicCrystalCard","floor":15.0,"key":"SMITH"},{"data":"Defragment","floor":23.0,"key":"SMITH"},{"data":"Cold Snap","floor":25.0,"key":"SMITH"},{"data":"ReplayRNGCard","floor":28.0,"key":"SMITH"},{"floor":30.0,"key":"REST"},{"data":"Dualcast","floor":32.0,"key":"SMITH"},{"data":"Consume","floor":40.0,"key":"SMITH"},{"floor":42.0,"key":"REST"},{"floor":44.0,"key":"REST"}],"circlet_count":0,"master_deck":["AscendersBane","Strike_B+1","Strike_B+1","Strike_B+1","Defend_B+1","Defend_B+1","Defend_B+1","Defend_B+1","Zap+1","Dualcast+1","Loop+1","BasicCrystalCard+1","ReplayRNGCard+1","Cold Snap+1","Defragment+1","Electrodynamics","Redo+1","Consume+1","Core Surge"],"relics":["FrozenCore","NeowsBlessing","ReplayTheSpireMod:Lightbulb","Meat on the Bone","Pear","Replay:Frozen Program","Bronze Scales","Carrot","Inserter","Mirror","vexMod:BarristanHead"],"acts_visited":["Exordium","TheCity","TheBeyond"],"potions_floor_usage":[48],"damage_taken":[{"damage":0.0,"enemies":"2 Louse","floor":1.0,"turns":1.0},{"damage":0.0,"enemies":"Cultist","floor":5.0,"turns":1.0},{"damage":0.0,"enemies":"Gremlin Nob","floor":6.0,"turns":1.0},{"damage":5.0,"enemies":"Small Slimes","floor":11.0,"turns":3.0},{"damage":8.0,"enemies":"Blue Slaver","floor":14.0,"turns":3.0},{"damage":28.0,"enemies":"Slime Boss","floor":16.0,"turns":6.0},{"damage":28.0,"enemies":"Spheric Guardian","floor":18.0,"turns":4.0},{"damage":26.0,"enemies":"Shell Parasite","floor":21.0,"turns":5.0},{"damage":33.0,"enemies":"Shelled Parasite and Fungi","floor":22.0,"turns":6.0},{"damage":3.0,"enemies":"Snake Plant","floor":29.0,"turns":4.0},{"damage":44.0,"enemies":"Collector","floor":33.0,"turns":10.0},{"damage":6.0,"enemies":"Orb Walker","floor":35.0,"turns":5.0},{"damage":1.0,"enemies":"3 Shapes","floor":37.0,"turns":2.0},{"damage":40.0,"enemies":"Jaw Worm Horde","floor":38.0,"turns":4.0},{"damage":13.0,"enemies":"Maw","floor":39.0,"turns":7.0},{"damage":22.0,"enemies":"R_Hoarder","floor":41.0,"turns":6.0},{"damage":13.0,"enemies":"4 Shapes","floor":45.0,"turns":5.0},{"damage":67,"enemies":"Giant Head","floor":48,"turns":7}],"seed_played":"3794454910042619101","potions_obtained":[{"floor":1.0,"key":"ColorlessPotion"},{"floor":6.0,"key":"FocusPotion"},{"floor":16.0,"key":"Reflective Coating"},{"floor":22.0,"key":"Weak Potion"},{"floor":35.0,"key":"Block Potion"},{"floor":36.0,"key":"BlessingOfTheForge"},{"floor":37.0,"key":"Energy Potion"},{"floor":39.0,"key":"Fire Potion"}],"is_trial":false,"path_per_floor":["M","?","$","?","M","E","R","?","T","T","M","R","$","M","R","B",null,"M","?","$","M","M","R","?","R","T","?","R","M","R","?","R","B",null,"M","?","M","M","M","R","E","R","T","R","M","$","?","E"],"character_chosen":"DEFECT","items_purchased":["Replay:Frozen Program","Bronze Scales","FocusPotion"],"campfire_rested":3,"item_purchase_floors":[13,20,46],"current_hp_per_floor":[64,64,64,60,60,60,60,49,49,59,54,54,54,46,46,30,68,52,52,52,38,17,17,17,17,17,25,25,34,58,74,74,42,71,65,65,64,36,35,35,25,49,49,73,60,60,60,0,0],"gold":224,"neow_bonus":"THREE_ENEMY_KILL","is_daily":false,"chose_seed":false,"campfire_upgraded":8,"win_rate":0.0,"timestamp":1608038617,"path_taken":["M","?","?","?","?","E","R","?","T","?","?","R","$","M","R","BOSS","M","?","$","M","M","R","?","R","T","?","R","M","R","?","R","BOSS","M","?","?","M","M","R","E","R","T","R","?","$","?","E"],"items_purchased_type":["Relic","Relic","Potion"],"build_version":"2020-12-13","purchased_purges":1,"victory":false,"max_hp_per_floor":[71,71,71,71,71,71,71,71,71,81,81,81,81,81,81,81,81,81,81,81,81,81,81,81,81,81,81,81,81,81,81,81,81,81,81,81,81,81,81,81,81,81,81,81,81,81,81,81,81],"relic_stats":{"Inserter":[18],"counters":[18,79],"Bronze Scales":[163],"obtain_stats":[{"Carrot":26,"Pear":10,"Replay:Frozen Program":13,"Inserter":34,"vexMod:BarristanHead":43,"NeowsBlessing":0,"Bronze Scales":20,"Cracked Core":0,"ReplayTheSpireMod:Lightbulb":6,"Mirror":41,"Meat on the Bone":9,"FrozenCore":17},{"Carrot":9,"Pear":3,"Replay:Frozen Program":4,"Inserter":11,"vexMod:BarristanHead":16,"NeowsBlessing":0,"Bronze Scales":7,"Cracked Core":0,"ReplayTheSpireMod:Lightbulb":3,"Mirror":16,"Meat on the Bone":3,"FrozenCore":6},{"Carrot":30,"Pear":3,"Replay:Frozen Program":6,"Inserter":44,"vexMod:BarristanHead":67,"NeowsBlessing":0,"Bronze Scales":19,"Cracked Core":0,"ReplayTheSpireMod:Lightbulb":3,"Mirror":67,"Meat on the Bone":3,"FrozenCore":15}],"FrozenCore":[18],"Meat on the Bone":108},"card_choices":[{"not_picked":["Reprogram","Stack","Rebound"],"picked":"SKIP","floor":1.0},{"not_picked":["Reinforced Body","Steam Power"],"picked":"Loop","floor":5.0},{"not_picked":["Rebound","Fusion","Steam Power"],"picked":"SKIP","floor":6.0},{"not_picked":["Hologram","Recycle","ReplayGash"],"picked":"SKIP","floor":11.0},{"not_picked":["Panic Button","Hello World"],"picked":"BasicCrystalCard","floor":14.0},{"not_picked":["Meteor Strike","Amplify"],"picked":"ReplayRNGCard","floor":16.0},{"not_picked":["BootSequence","Coolheaded"],"picked":"Cold Snap","floor":18.0},{"not_picked":["ReplayTheSpireMod:GoodbyeWorld","FIFO Queue+1"],"picked":"Defragment","floor":21.0},{"not_picked":["Cold Snap","Beam Cell","Scrape"],"picked":"SKIP","floor":22.0},{"not_picked":["FTL","Conserve Battery+1","Coolheaded"],"picked":"SKIP","floor":29.0},{"not_picked":["Multi-Cast","Thunder Strike"],"picked":"Electrodynamics","floor":33.0},{"not_picked":["Beam Cell+1","Skim"],"picked":"Redo+1","floor":35.0},{"not_picked":["Stack","Turbo","ReplaySort"],"picked":"SKIP","floor":37.0},{"not_picked":["Ball Lightning","Go for the Eyes","Hello World"],"picked":"SKIP","floor":38.0},{"not_picked":["Steam","ReplaySort"],"picked":"Consume","floor":39.0},{"not_picked":["Sunder","Consume+1"],"picked":"Core Surge","floor":41.0},{"not_picked":["BasicCrystalCard","Defragment","Panic Button"],"picked":"SKIP","floor":45.0}],"player_experience":779130,"relics_obtained":[{"floor":6.0,"key":"ReplayTheSpireMod:Lightbulb"},{"floor":9.0,"key":"Meat on the Bone"},{"floor":10.0,"key":"Pear"},{"floor":26.0,"key":"Carrot"},{"floor":41.0,"key":"Mirror"},{"floor":43.0,"key":"vexMod:BarristanHead"}],"event_choices":[{"damage_healed":0.0,"max_hp_gain":0.0,"max_hp_loss":0.0,"gold_gain":50.0,"event_name":"Golden Shrine","player_choice":"Pray","floor":2.0,"gold_loss":0.0,"damage_taken":0.0},{"damage_healed":0.0,"max_hp_gain":0.0,"max_hp_loss":0.0,"gold_gain":0.0,"event_name":"The Woman in Blue","player_choice":"Bought 0 Potions","floor":4.0,"gold_loss":0.0,"damage_taken":0.0},{"damage_healed":0.0,"max_hp_gain":0.0,"max_hp_loss":0.0,"gold_gain":75.0,"event_name":"World of Goop","player_choice":"Gather Gold","floor":8.0,"gold_loss":0.0,"damage_taken":11.0},{"damage_healed":0.0,"max_hp_gain":0.0,"max_hp_loss":0.0,"gold_gain":0.0,"event_name":"The Mausoleum","player_choice":"Ignored","floor":19.0,"gold_loss":0.0,"damage_taken":0.0},{"damage_healed":0.0,"max_hp_gain":0.0,"max_hp_loss":0.0,"gold_gain":0.0,"event_name":"Back to Basics","player_choice":"Simplicity","floor":24.0,"gold_loss":0.0,"damage_taken":0.0,"cards_upgraded":["Strike_B","Strike_B","Strike_B","Strike_B","Defend_B","Defend_B","Defend_B","Defend_B"]},{"damage_healed":16.0,"max_hp_gain":0.0,"max_hp_loss":0.0,"gold_gain":0.0,"event_name":"The Library","player_choice":"Heal","floor":31.0,"gold_loss":0.0,"damage_taken":0.0},{"damage_healed":0.0,"max_hp_gain":0.0,"max_hp_loss":0.0,"gold_gain":0.0,"event_name":"Lab","player_choice":"Got Potions","floor":36.0,"gold_loss":0.0,"damage_taken":0.0},{"damage_healed":0.0,"max_hp_gain":0.0,"max_hp_loss":0.0,"gold_gain":0.0,"event_name":"Tomb of Lord Red Mask","player_choice":"Ignored","floor":47.0,"gold_loss":0.0,"damage_taken":0.0}],"is_beta":false,"boss_relics":[{"not_picked":["Black Star","Ectoplasm"],"picked":"FrozenCore"},{"not_picked":["vexMod:CursedCompass","Runic Dome"],"picked":"Inserter"}],"items_purged_floors":[46],"is_endless":false,"potions_floor_spawned":[1,6,16,22,35,37,39],"killed_by":"Giant Head","ascension_level":19}}