{"host":"i0avyit1s6jb1siw","time":1608046283,"event":{"mods":["BaseMod","DeckTracker","Dota2Spire","Highlight Path","Minty Spire (QoL Compilation)","Quick Restart","Replay The Spire","StSLib","SuperFastMode"],"gold_per_floor":[117,65,85,6,6,6,21,46,46,65,65,75,75,94,94,94,94],"floor_reached":16,"playtime":499,"items_purged":[],"score":204,"play_id":"b7fc89de-1e40-4eae-82bb-ec1d2ac9a906","local_time":"20201215163123","is_ascension_mode":true,"campfire_choices":[{"data":"Acrobatics","floor":6,"key":"SMITH"},{"data":"Tactician","floor":11,"key":"SMITH"},{"data":"Storm of Steel","floor":15,"key":"SMITH"}],"circlet_count":0,"master_deck":["AscendersBane","Strike_G","Strike_G","Strike_G","Strike_G","Strike_G","Defend_G","Defend_G","Defend_G","Defend_G","Defend_G","Survivor","Neutralize","Storm of Steel+1","Eviscerate+1","Acrobatics+1","Blade Dance","Tactician+1","Decay","Acrobatics","Underhanded Strike"],"relics":["Ring of the Snake","Replay:Ringing Soul","Eternal Feather"],"acts_visited":["Exordium"],"potions_floor_usage":[8,10],"damage_taken":[{"damage":4,"enemies":"Jaw Worm","floor":1,"turns":6},{"damage":0,"enemies":"Cultist","floor":3,"turns":3},{"damage":0,"enemies":"2 Louse","floor":7,"turns":5},{"damage":31,"enemies":"Gremlin Nob","floor":8,"turns":4},{"damage":23,"enemies":"Large Slime","floor":10,"turns":7},{"damage":9,"enemies":"Blue Slaver","floor":12,"turns":2},{"damage":0,"enemies":"Looter","floor":14,"turns":1},{"damage":25,"enemies":"The Guardian","floor":16,"turns":7}],"seed_played":"-3290616678019760174","potions_obtained":[{"floor":1,"key":"AttackPotion"},{"floor":3,"key":"DistilledChaos"},{"floor":7,"key":"Adrenaline Potion"},{"floor":14,"key":"Fire Potion"}],"is_trial":false,"path_per_floor":["M","$","M","$","?","R","M","E","T","M","R","M","?","M","R","B"],"character_chosen":"THE_SILENT","items_purchased":["Acrobatics","Tactician"],"campfire_rested":0,"item_purchase_floors":[2,4],"current_hp_per_floor":[55,55,55,55,55,55,55,24,24,4,16,7,7,7,19,0,0],"gold":94,"neow_bonus":"ONE_RANDOM_RARE_CARD","is_daily":false,"chose_seed":false,"campfire_upgraded":3,"win_rate":0.0,"timestamp":1608046283,"path_taken":["M","$","M","$","?","R","?","E","T","M","R","M","?","M","R","BOSS"],"items_purchased_type":["Card","Card"],"build_version":"2020-12-13","purchased_purges":0,"victory":false,"max_hp_per_floor":[66,66,66,66,66,66,66,66,66,69,69,69,69,69,69,69,69],"card_choices":[{"not_picked":["Tactician","Toxin Wave"],"picked":"Eviscerate","floor":1},{"not_picked":["Dagger Throw","Cloak And Dagger"],"picked":"Blade Dance","floor":3},{"not_picked":["Sucker Punch","Noxious Fumes"],"picked":"Acrobatics","floor":7},{"not_picked":["Leg Sweep","Corpse Explosion","Unload"],"picked":"SKIP","floor":8},{"not_picked":["Bouncing Flask","Poisoned Stab"],"picked":"Underhanded Strike","floor":10},{"not_picked":["Deadly Poison","Acrobatics","Choke"],"picked":"SKIP","floor":12},{"not_picked":["Dagger Spray","Slice","Blade Dance"],"picked":"SKIP","floor":14}],"player_experience":2077685,"relics_obtained":[{"floor":8,"key":"Replay:Ringing Soul"},{"floor":9,"key":"Eternal Feather"}],"event_choices":[{"damage_healed":0,"gold_gain":0,"player_choice":"Cursed","damage_taken":0,"max_hp_gain":0,"max_hp_loss":0,"event_name":"Wheel of Change","floor":5,"gold_loss":0,"cards_obtained":["Decay"]},{"damage_healed":0,"gold_gain":0,"player_choice":"Grow","damage_taken":0,"max_hp_gain":0,"max_hp_loss":0,"event_name":"Living Wall","floor":13,"gold_loss":0,"cards_upgraded":["Eviscerate"]}],"is_beta":false,"boss_relics":[],"items_purged_floors":[],"is_endless":false,"potions_floor_spawned":[1,3,7,14],"killed_by":"The Guardian","ascension_level":20}}