{"host":"knjiz4erwy0yt202","time":1606595900,"event":{"mods":["2.2 Compatiblity","Aspiration","BaseMod","Better Altar","Better Match","Better Note","Better Sensory Stone","Better Skull","Better Third Choice","BetterRewards","Colored Powertips","Custom Start","DeckTracker","Energized Spire","Halation","Hubris","Minty Spire (QoL Compilation)","Quick Restart","Replay The Spire","Shop Mod","Spicy Shops","Spikes Relics","StSLib","The Blue Laboratory","Uncapped","Wandering Minibosses"],"gold_per_floor":[127,127,127,161,161,214,214,257,283,314,379,120,120,166,166,295,295,334,385,385,230,393,440,440,477,529,706,750,284,284,348,348,465,465,505,143,176,55,138,138,191,191,271,344,425,493,493,493,554,554,575,575],"floor_reached":51,"playtime":4353,"items_purged":["Strike_B","Defend_B","Strike_B","Defend_B+1"],"score":859,"play_id":"acd7c937-073e-46fe-9aef-7c4f7d04143d","local_time":"20201128123820","is_ascension_mode":true,"campfire_choices":[{"floor":7,"key":"REST"},{"floor":13,"key":"REST"},{"floor":24,"key":"REST"},{"data":"Capacitor","floor":30,"key":"SMITH"},{"floor":32,"key":"REST"},{"data":"hubris:Ukulele","floor":40,"key":"SMITH"},{"data":"Ball Lightning","floor":48,"key":"SMITH"},{"data":"Storm","floor":50,"key":"SMITH"}],"circlet_count":0,"master_deck":["Defend_B+2","Zap+1","Dualcast","Sweeping Beam+1","Gash+1","Compile Driver+1","Leap","Melter+1","hubris:Ukulele+1","Ball Lightning+1","Tempest+1","ReplayGash","Ball Lightning","Capacitor+1","Electrodynamics+1","Ball Lightning","Storm+1"],"relics":["Cracked Core","halation:QuantumPhysicsTextbook","halation:SwordOfLegend","Replay:Bandana","Nunchaku","Unceasing Top","RollingBoulder","Solar Panel","Membership Card","MerchantsRug","halation:Jellyphish","Replay:Bottled Flurry","Centennial Puzzle","halation:PrussianBluePaint","MealTicket","halation:Toothbrush","Letter Opener","halation:Komachan","Sling","Omamori","ReplayTheSpireMod:TigerMarble","Simple Rune","RoseTintedShades","Guide Book","Symbiotic Virus","Emotion Chip","ReplayFunnel","hubris:Towel","ReplayTheSpireMod:Ninjato","Question Card","Akabeko","Regal Pillow","White Beast Statue","Bag of Preparation"],"acts_visited":["Exordium","TheCity","TheBeyond"],"potions_floor_usage":[23,28,31,33,45,46,51,51],"damage_taken":[{"damage":0,"enemies":"Small Slimes","floor":1,"turns":3},{"damage":0,"enemies":"2 Louse","floor":4,"turns":2},{"damage":26,"enemies":"Lagavulin","floor":6,"turns":6},{"damage":5,"enemies":"Replay:BlueRogue","floor":8,"turns":6},{"damage":0,"enemies":"Cultist","floor":10,"turns":2},{"damage":2,"enemies":"Gremlin Nob","floor":11,"turns":3},{"damage":18,"enemies":"Exordium Thugs","floor":14,"turns":3},{"damage":0,"enemies":"Slime Boss","floor":16,"turns":5},{"damage":5,"enemies":"Chosen","floor":18,"turns":3},{"damage":5,"enemies":"3 Byrds","floor":19,"turns":4},{"damage":32,"enemies":"Centurion and Healer","floor":22,"turns":6},{"damage":38,"enemies":"Gremlin Leader","floor":23,"turns":5},{"damage":10,"enemies":"Sentry and Sphere","floor":25,"turns":3},{"damage":30,"enemies":"Shelled Parasite and Fungi","floor":27,"turns":6},{"damage":3,"enemies":"3 Cultists","floor":28,"turns":3},{"damage":19,"enemies":"Replay:Snechameleon","floor":31,"turns":3},{"damage":52,"enemies":"Collector","floor":33,"turns":6},{"damage":22,"enemies":"Orb Walker","floor":35,"turns":3},{"damage":5,"enemies":"3 Shapes","floor":37,"turns":3},{"damage":0,"enemies":"Mind Bloom Boss Battle","floor":39,"turns":3},{"damage":23,"enemies":"R_Hoarder","floor":41,"turns":7},{"damage":14,"enemies":"Giant Head","floor":44,"turns":5},{"damage":40,"enemies":"Nemesis","floor":45,"turns":4},{"damage":26,"enemies":"Giant Head","floor":46,"turns":5},{"damage":51,"enemies":"Nemesis","floor":49,"turns":4},{"damage":32,"enemies":"Replay:Hell Engine","floor":51,"turns":3}],"seed_played":"-7510596964179623469","potions_obtained":[{"floor":4,"key":"blueLaboratory:SystemWipe"},{"floor":10,"key":"blueLaboratory:NullPotion"},{"floor":14,"key":"Energy Potion"},{"floor":16,"key":"FairyPotion"},{"floor":22,"key":"blueLaboratory:FrostheartPotion"},{"floor":27,"key":"Fire Potion"},{"floor":28,"key":"blueLaboratory:AbyssPotion"},{"floor":31,"key":"SteroidPotion"},{"floor":39,"key":"SpeedPotion"},{"floor":41,"key":"Swift Potion"},{"floor":46,"key":"SkillPotion"},{"floor":49,"key":"AttackPotion"}],"is_trial":false,"path_per_floor":["M","?","$","M","?","E","R","E","T","M","E","$","R","M","R","B",null,"M","M","?","$","M","E","R","M","T","M","M","$","R","E","R","B",null,"M","$","M","$","?","R","E","?","T","E","E","E","?","R","E","R","B"],"character_chosen":"DEFECT","items_purchased":["Sweeping Beam","halation:QuantumPhysicsTextbook","Replay:Bandana","Membership Card","MerchantsRug","halation:Jellyphish","ReplayGash","Replay:Bottled Flurry","Capacitor","MealTicket","halation:Toothbrush","Letter Opener","halation:Komachan","Sling","ReplayTheSpireMod:TigerMarble","Simple Rune","RoseTintedShades","Guide Book","Symbiotic Virus"],"campfire_rested":4,"item_purchase_floors":[0,0,0,12,12,21,21,21,29,29,29,29,29,29,36,36,36,36,38],"current_hp_per_floor":[40,40,40,40,40,14,45,40,40,40,38,38,69,55,75,75,75,74,75,75,75,49,17,54,48,48,22,19,25,31,22,49,40,87,77,90,90,90,90,90,85,85,85,85,63,53,53,65,28,31,0,0],"gold":575,"neow_bonus":"","is_daily":false,"chose_seed":false,"campfire_upgraded":4,"win_rate":0.0,"timestamp":1606595900,"path_taken":["M","?","$","M","?","E","R","E","T","M","E","$","R","M","R","BOSS","M","M","?","$","M","E","R","M","T","?","M","$","R","E","R","BOSS","M","$","M","$","?","R","E","?","T","E","E","E","?","R","E","R","BOSS"],"items_purchased_type":["Card","Relic","Relic","Relic","Relic","Relic","Card","Relic","Card","Relic","Relic","Relic","Relic","Relic","Relic","Relic","Relic","Relic","Relic"],"build_version":"2020-12-13","purchased_purges":4,"victory":false,"max_hp_per_floor":[75,75,75,75,75,75,75,75,75,75,75,75,75,75,75,75,75,75,75,75,75,75,75,75,75,75,75,75,81,81,81,81,81,87,87,90,90,90,90,90,90,90,90,90,90,90,90,90,90,90,90,90],"card_choices":[{"not_picked":["Turbo","Compile Driver"],"picked":"Gash","floor":1},{"not_picked":["Compile Driver","BasicCrystalCard","Steam Power"],"picked":"SKIP","floor":4},{"not_picked":["ReplaySort","BasicCrystalCard"],"picked":"Leap","floor":6},{"not_picked":["Go for the Eyes","Force Field"],"picked":"Melter","floor":8},{"not_picked":["ReplaySort","Redo","BasicCrystalCard"],"picked":"SKIP","floor":10},{"not_picked":["Streamline","ReplayTheSpireMod:System Scan"],"picked":"hubris:Ukulele","floor":11},{"not_picked":["Cold Snap","Sweeping Beam"],"picked":"Ball Lightning","floor":14},{"not_picked":["Sweeping Beam","ReplaySolidLightProjector","Reinforced Body"],"picked":"SKIP","floor":18},{"not_picked":["Steam","Turbo"],"picked":"Tempest+1","floor":19},{"not_picked":["Sweeping Beam","Doom and Gloom","Recycle"],"picked":"SKIP","floor":22},{"not_picked":["DiskWipe","Heatsinks","Sweeping Beam"],"picked":"SKIP","floor":23},{"not_picked":["hubris:PowerSurge+1","Barrage"],"picked":"hubris:SpecializedCircuitry","floor":25},{"not_picked":["Beam Cell+1","Rip and Tear+1"],"picked":"Ball Lightning","floor":27},{"not_picked":["Hologram+1","Leap","Rebound"],"picked":"SKIP","floor":28},{"not_picked":["Darkness","Compile Driver+1","Chaos"],"picked":"SKIP","floor":31},{"not_picked":["Core Surge","Echo Form"],"picked":"Electrodynamics","floor":33},{"not_picked":["Hologram","Coolheaded","Stack"],"picked":"SKIP","floor":35},{"not_picked":["Steam","Beam Cell","Coolheaded"],"picked":"SKIP","floor":37},{"not_picked":["Buffer","FIFO Queue+1","Heatsinks+1"],"picked":"SKIP","floor":41},{"not_picked":["Leap","Barrage+1","Reinforced Body+1"],"picked":"SKIP","floor":44},{"not_picked":["Stack","FTL","Rebound","Beam Cell+1"],"picked":"SKIP","floor":45},{"not_picked":["Heatsinks+1","BasicCrystalCard","Streamline+1"],"picked":"Ball Lightning","floor":46},{"not_picked":["Consume","Panic Button","Turbo"],"picked":"Storm","floor":49}],"player_experience":134503,"relics_obtained":[{"floor":6,"key":"Nunchaku"},{"floor":8,"key":"Unceasing Top"},{"floor":9,"key":"RollingBoulder"},{"floor":11,"key":"Solar Panel"},{"floor":23,"key":"Centennial Puzzle"},{"floor":26,"key":"halation:PrussianBluePaint"},{"floor":31,"key":"Omamori"},{"floor":39,"key":"Emotion Chip"},{"floor":41,"key":"ReplayFunnel"},{"floor":43,"key":"ReplayTheSpireMod:Ninjato"},{"floor":44,"key":"Question Card"},{"floor":45,"key":"Akabeko"},{"floor":46,"key":"Regal Pillow"},{"floor":49,"key":"White Beast Statue"}],"event_choices":[{"cards_removed":["Strike_B"],"damage_healed":0,"gold_gain":0,"player_choice":"Purged","damage_taken":0,"max_hp_gain":0,"max_hp_loss":0,"event_name":"Purifier","floor":20,"gold_loss":0},{"damage_healed":0,"gold_gain":0,"player_choice":"Fight","damage_taken":0,"max_hp_gain":0,"max_hp_loss":0,"event_name":"MindBloom","floor":39,"gold_loss":0},{"damage_healed":0,"gold_gain":0,"player_choice":"Ignored","damage_taken":0,"max_hp_gain":0,"max_hp_loss":0,"event_name":"Tomb of Lord Red Mask","floor":47,"gold_loss":0}],"is_beta":false,"boss_relics":[{"not_picked":["hubris:VirtuousBlindfold","Ectoplasm"],"picked":"energizedSpire:CursedPentagram"},{"not_picked":["Busted Crown","Replay:Ancient Bell"],"picked":"Empty Cage"}],"items_purged_floors":[12,29,29,36],"is_endless":false,"potions_floor_spawned":[4,10,14,16,22,27,28,31,39,41,46,49],"killed_by":"Replay:Hell Engine","ascension_level":1}}