{"host":"08z5bj28eube4vug","time":1608063603,"event":{"mods":["2.2 Compatiblity","Abigail Mod","Act Like it!","BaseMod","Beaked The Cultist","Friendly Minions","Gensokyo","GungeonMod","Hallownest","Kiyohime????","Koishi","Lobotomy","Marisa????????","Minty Spire (QoL Compilation)","Prisma Mod","Remilia??????","Replay The Spire","StSLib","Td1madao Mod","The Bug Knight","The Jungle","The Sage","The Senshi","The Servant 0.9.4","Waifu the Spire","WarShipGirlsR/????R mod","Yuri Mod"],"gold_per_floor":[109,129,3,3,23,23,38,38,38,48,0,0,12,39,39,143,143,154,144,401,96,106,106,133,133,133,145,170,185,185,37,37,140,140,160,160,7,7,18,18,37,56,56,73,5,24,38,38,38,38],"floor_reached":51,"playtime":4388,"items_purged":[],"score":789,"play_id":"083f5970-3e0e-41a6-9de3-4e5d440fd045","local_time":"20201215232003","is_ascension_mode":false,"campfire_choices":[{"data":"rmod:chargemoney","floor":6,"key":"SMITH"},{"data":"rmod:openingtorpedo","floor":8,"key":"SMITH"},{"data":"rmod:wolves","floor":15,"key":"SMITH"},{"data":"1","floor":23,"key":"LIFT"},{"data":"2","floor":25,"key":"LIFT"},{"data":"3","floor":32,"key":"LIFT"},{"data":"rmod:basicallowance","floor":40,"key":"SMITH"},{"data":"rmod:steelsupply","floor":49,"key":"SMITH"}],"circlet_count":0,"master_deck":["rmod:strick","rmod:strick","rmod:defend","rmod:defend","rmod:defend","rmod:defend","rmod:basicallowance+1","rmod:maingunfire+1","rmod:fletcherpendant","rmod:wolves+1","rmod:chargemoney+1","rmod:firesupport","Pot Of Greed","Pot Of Greed","rmod:supportescort","rmod:openingtorpedo+1","rmod:tearstotiara","rmod:supportescort","rmod:tearstotiara","rmod:acesubmarine+1","rmod:steelsupply+1","rmod:unsinkable+1","rmod:goodfighter","Pot Of Greed","rmod:diaomin","rmod:intelligenceanalysis+1","rmod:seals+1","rmod:diamondstrike","rmod:gendarmerie","rmod:openingtorpedo+1","rmod:supportescort","rmod:expedition","rmod:selfconfidence","rmod:circuitoustactics","rmod:luckystar+1"],"relics":["Grinning Jar","CaptainsWheel","rmod:mogul","Girya","Replay:Accelerometer","Divine Protection","Mirror","theSenshi:SailorFukuRelic","Painkiller Herb","Guide Book","Eternal Feather"],"acts_visited":["Exordium","Exordium","TheBeyond"],"potions_floor_usage":[16,18,18,22,22,27,28,33,44,46,47,50],"damage_taken":[{"damage":0,"enemies":"Cultist","floor":1,"turns":3},{"damage":0,"enemies":"2 Louse","floor":2,"turns":2},{"damage":1,"enemies":"Small Slimes","floor":5,"turns":3},{"damage":1,"enemies":"2 Fungi Beasts","floor":7,"turns":3},{"damage":3,"enemies":"Looter","floor":10,"turns":2},{"damage":0,"enemies":"Gremlin Gang","floor":13,"turns":3},{"damage":0,"enemies":"Replay:BlueRogue","floor":14,"turns":4},{"damage":0,"enemies":"The Guardian","floor":16,"turns":8},{"damage":10,"enemies":"Hallownest:Flukemon_and_Top","floor":18,"turns":3},{"damage":6,"enemies":"Hallownest:3_Youths","floor":22,"turns":3},{"damage":0,"enemies":"Hallownest:Nosk","floor":24,"turns":6},{"damage":4,"enemies":"Hallownest:2_Flukemon","floor":27,"turns":4},{"damage":0,"enemies":"Hallownest:eliteWatcherKnight","floor":28,"turns":8},{"damage":0,"enemies":"Hallownest:monsterMisterMushroom","floor":29,"turns":4},{"damage":9,"enemies":"Hallownest:BossMantisLord","floor":33,"turns":6},{"damage":0,"enemies":"3 Darklings","floor":35,"turns":2},{"damage":16,"enemies":"3 Shapes","floor":39,"turns":2},{"damage":0,"enemies":"3 Darklings","floor":41,"turns":3},{"damage":2,"enemies":"Jaw Worm Horde","floor":42,"turns":2},{"damage":0,"enemies":"3 Darklings","floor":44,"turns":3},{"damage":0,"enemies":"Transient","floor":46,"turns":5},{"damage":0,"enemies":"Spire Growth","floor":47,"turns":3},{"damage":32,"enemies":"Awakened One","floor":50,"turns":9}],"seed_played":"-5785163801480836401","potions_obtained":[{"floor":1,"key":"Adrenaline Potion"},{"floor":10,"key":"Block Potion"},{"floor":16,"key":"PowerPotion"},{"floor":18,"key":"ColorlessPotion"},{"floor":22,"key":"PowerPotion"},{"floor":27,"key":"Weak Potion"},{"floor":29,"key":"Explosive Potion"},{"floor":39,"key":"Dexterity Potion"},{"floor":41,"key":"Fire Potion"},{"floor":44,"key":"DistilledChaos"},{"floor":46,"key":"Adrenaline Potion"}],"is_trial":false,"path_per_floor":["M","M","$","?","M","R","M","R","T","M","$","?","M","E","R","B",null,"M","?","?","$","M","R","E","R","T","M","E","M","?","$","R","B",null,"?","?","T","?","?","T","?","?","T","?","T","?","?","?","T","B",null],"character_chosen":"PRAEFECT","items_purchased":["rmod:chargemoney","rmod:firesupport","Strength Potion","Girya","theSenshi:SailorFukuRelic","Guide Book","rmod:selfconfidence"],"campfire_rested":0,"item_purchase_floors":[3,3,11,21,31,37,45],"current_hp_per_floor":[75,75,75,68,67,67,66,66,66,63,63,63,63,63,63,63,75,65,65,65,65,59,59,59,59,59,55,55,55,55,55,55,46,75,75,75,75,75,59,59,59,57,57,57,57,57,57,57,75,43],"gold":38,"neow_bonus":"UPGRADE_CARD","is_daily":false,"chose_seed":false,"campfire_upgraded":5,"win_rate":0.0,"timestamp":1608063603,"path_taken":["M","?","$","?","M","R","M","R","T","M","$","?","?","E","R","BOSS","M","?","?","$","M","R","E","R","T","M","E","?","?","$","R","BOSS","?","?","?","?","?","T","?","?","T","?","T","?","?","?","T","BOSS"],"items_purchased_type":["Card","Card","Potion","Relic","Relic","Relic","Card"],"build_version":"2020-12-13","purchased_purges":0,"victory":true,"max_hp_per_floor":[75,75,75,75,75,75,75,75,75,75,75,75,75,75,75,75,75,75,75,75,75,75,75,75,75,75,75,75,75,75,75,75,75,75,75,75,75,75,75,75,75,75,75,75,75,75,75,75,75,75],"card_choices":[{"not_picked":["rmod:fuelsupply","rmod:firesupport"],"picked":"rmod:fletcherpendant","floor":1},{"not_picked":["rmod:steelsupply","rmod:goodsister"],"picked":"rmod:wolves","floor":2},{"not_picked":["rmod:tearstotiara","rmod:steelsupply"],"picked":"rmod:supportescort","floor":5},{"not_picked":["rmod:garrisonisland","rmod:ring"],"picked":"rmod:openingtorpedo","floor":7},{"not_picked":["rmod:goodfighter","rmod:luckystar"],"picked":"rmod:tearstotiara","floor":10},{"not_picked":["rmod:diamondstrike","rmod:wolves"],"picked":"rmod:supportescort","floor":13},{"not_picked":["rmod:luckystar","rmod:fletcher"],"picked":"rmod:tearstotiara","floor":14},{"not_picked":["rmod:stealaluminum","rmod:desperatesituation"],"picked":"rmod:acesubmarine","floor":16},{"not_picked":["rmod:openingtorpedo","rmod:tearstotiara","rmod:aluminumsupply"],"picked":"SKIP","floor":18},{"not_picked":[],"picked":"rmod:steelsupply","floor":19},{"not_picked":["rmod:circuitoustactics","rmod:victimresponsibility"],"picked":"rmod:unsinkable+1","floor":22},{"not_picked":["rmod:expedition","rmod:launchingtorpedo"],"picked":"rmod:goodfighter","floor":24},{"not_picked":["rmod:robin","rmod:smokecover","rmod:victimresponsibility+1"],"picked":"SKIP","floor":27},{"not_picked":["rmod:generalist","rmod:unsinkable"],"picked":"rmod:diaomin","floor":28},{"not_picked":["rmod:generalist+1","rmod:slowdown+1","rmod:smokecover"],"picked":"SKIP","floor":29},{"not_picked":["rmod:supportescort+1","rmod:unsinkable"],"picked":"rmod:intelligenceanalysis+1","floor":30},{"not_picked":["rmod:saltedfish","rmod:secretscript"],"picked":"rmod:seals","floor":33},{"not_picked":["rmod:luckystar","rmod:ring+1"],"picked":"rmod:diamondstrike","floor":35},{"not_picked":["rmod:intelligenceanalysis","rmod:ammunitionsupply","rmod:robin"],"picked":"SKIP","floor":39},{"not_picked":["rmod:ring+1","rmod:intelligenceanalysis"],"picked":"rmod:openingtorpedo+1","floor":41},{"not_picked":["rmod:bulid","rmod:diamondstrike"],"picked":"rmod:supportescort","floor":42},{"not_picked":["rmod:heivgo","rmod:circuitoustactics"],"picked":"rmod:expedition","floor":44},{"not_picked":["rmod:fletcherpendant+1","rmod:mineteam"],"picked":"rmod:circuitoustactics","floor":46},{"not_picked":["rmod:maintain+1","rmod:chargemoney+1"],"picked":"rmod:luckystar+1","floor":47}],"player_experience":684255,"relics_obtained":[{"floor":9,"key":"CaptainsWheel"},{"floor":14,"key":"rmod:extraamm"},{"floor":24,"key":"Replay:Accelerometer"},{"floor":26,"key":"Divine Protection"},{"floor":28,"key":"Mirror"},{"floor":43,"key":"Eternal Feather"}],"event_choices":[{"damage_healed":0,"gold_gain":0,"player_choice":"Success","damage_taken":7,"relics_obtained":["Grinning Jar"],"max_hp_gain":0,"max_hp_loss":0,"event_name":"Scrap Ooze","floor":4,"gold_loss":0},{"damage_healed":0,"gold_gain":0,"cards_transformed":["rmod:strick"],"player_choice":"Transformed","damage_taken":0,"max_hp_gain":0,"max_hp_loss":0,"event_name":"Transmorgrifier","floor":12,"gold_loss":0,"cards_obtained":["rmod:supriseattacks"]},{"damage_healed":0,"gold_gain":0,"cards_transformed":["rmod:supriseattacks"],"player_choice":"Transformed","damage_taken":0,"max_hp_gain":0,"max_hp_loss":0,"event_name":"Transmorgrifier","floor":36,"gold_loss":0,"cards_obtained":["rmod:gendarmerie"]},{"cards_removed":["rmod:strick"],"damage_healed":0,"gold_gain":0,"player_choice":"Purged","damage_taken":0,"max_hp_gain":0,"max_hp_loss":0,"event_name":"Purifier","floor":48,"gold_loss":0}],"is_beta":false,"boss_relics":[{"not_picked":["Replay:Ancient Bell","Ectoplasm"],"picked":"rmod:mogul"},{"not_picked":["Snecko Eye","beaked:MawFillet"],"picked":"Painkiller Herb"}],"items_purged_floors":[],"is_endless":false,"potions_floor_spawned":[1,10,14,16,18,22,27,29,39,41,44,46],"ascension_level":0}}