{"host":"1tl36azeqm6yhdgj","time":1608060885,"event":{"mods":["AchievementEnabler","BaseMod","Minty Spire (QoL Compilation)","StSLib","The IronCluck","everything is the same but u backflip on backflip"],"gold_per_floor":[111,111,127,302,302,335,335,335,335,345,356,369,398,409,409,514,514,529,529,5,34,43,82,132,158,158,167,193,193,202,228,237,237,237],"floor_reached":33,"playtime":1170,"items_purged":["Regret"],"score":515,"play_id":"3a47a17a-5727-4d1b-bc72-72ebdc417905","local_time":"20201215143445","is_ascension_mode":true,"campfire_choices":[{"data":"Shrug It Off","floor":8.0,"key":"SMITH"},{"data":"Seeing Red","floor":15.0,"key":"SMITH"},{"floor":27.0,"key":"REST"},{"floor":29.0,"key":"RECALL"},{"floor":32.0,"key":"REST"}],"circlet_count":0,"master_deck":["AscendersBane","Strike_R","Strike_R","Strike_R","Defend_R","Defend_R","Defend_R","Defend_R","Bash","Clash","Shrug It Off+1","Doubt","Bludgeon","Feed","Warcry","Burning Pact","Seeing Red+1","Rage","Spot Weakness","Juggernaut","Cleave","Ghostly Armor","Bandage Up","Disarm","Inflame","Madness","Clash","Metallicize+1","Decay","Anger","Immolate","Heavy Blade","Blood for Blood","Shockwave+1","Clothesline+1"],"relics":["Burning Blood","NeowsBlessing","Self Forming Clay","TungstenRod","Potion Belt","FossilizedHelix","Ancient Tea Set","CeramicFish","Dream Catcher","Kunai"],"acts_visited":["Exordium","TheCity"],"potions_floor_usage":[33,33],"damage_taken":[{"damage":0.0,"enemies":"Jaw Worm","floor":1.0,"turns":1.0},{"damage":0.0,"enemies":"Small Slimes","floor":3.0,"turns":1.0},{"damage":1.0,"enemies":"3 Sentries","floor":6.0,"turns":2.0},{"damage":2.0,"enemies":"2 Louse","floor":10.0,"turns":3.0},{"damage":15.0,"enemies":"Lots of Slimes","floor":11.0,"turns":9.0},{"damage":6.0,"enemies":"Blue Slaver","floor":12.0,"turns":5.0},{"damage":31.0,"enemies":"Gremlin Nob","floor":13.0,"turns":4.0},{"damage":3.0,"enemies":"2 Fungi Beasts","floor":14.0,"turns":5.0},{"damage":64.0,"enemies":"Slime Boss","floor":16.0,"turns":11.0},{"damage":10.0,"enemies":"2 Thieves","floor":18.0,"turns":4.0},{"damage":19.0,"enemies":"Shell Parasite","floor":21.0,"turns":6.0},{"damage":22.0,"enemies":"Book of Stabbing","floor":23.0,"turns":8.0},{"damage":25.0,"enemies":"Snake Plant","floor":25.0,"turns":7.0},{"damage":33.0,"enemies":"Shelled Parasite and Fungi","floor":31.0,"turns":6.0},{"damage":87,"enemies":"Automaton","floor":33,"turns":10}],"seed_played":"1344948050139685065","potions_obtained":[{"floor":1.0,"key":"FairyPotion"},{"floor":12.0,"key":"AttackPotion"},{"floor":13.0,"key":"Energy Potion"},{"floor":14.0,"key":"EntropicBrew"},{"floor":16.0,"key":"Block Potion"},{"floor":21.0,"key":"SkillPotion"},{"floor":25.0,"key":"EssenceOfSteel"}],"is_trial":false,"path_per_floor":["M","?","M","?","?","E","?","R","T","M","M","M","E","M","R","B",null,"M","?","$","M","?","E","?","M","T","R","T","R","?","M","R","B"],"character_chosen":"IRONCLAD","items_purchased":["CeramicFish","Disarm","Inflame","Madness","Clash","BlessingOfTheForge"],"campfire_rested":2,"item_purchase_floors":[20,20,20,20,20,20],"current_hp_per_floor":[78,78,80,80,68,73,73,73,73,80,74,77,52,58,58,30,79,79,79,79,72,72,60,60,45,45,74,74,74,74,47,76,0,0],"gold":237,"neow_bonus":"THREE_ENEMY_KILL","is_daily":false,"chose_seed":false,"campfire_upgraded":2,"win_rate":0.0,"timestamp":1608060885,"path_taken":["M","?","M","?","?","E","?","R","T","M","M","M","E","M","R","BOSS","M","?","$","?","?","E","?","?","T","R","?","R","?","?","R","BOSS"],"items_purchased_type":["Relic","Card","Card","Card","Card","Potion"],"build_version":"2020-12-13","purchased_purges":1,"victory":false,"max_hp_per_floor":[80,80,80,80,80,80,80,80,80,83,86,89,89,92,92,95,95,99,99,99,99,99,99,99,99,99,99,99,99,99,99,99,99,99],"card_choices":[{"not_picked":["Headbutt","Heavy Blade"],"picked":"Clash","floor":1.0},{"not_picked":["Iron Wave","Armaments"],"picked":"Shrug It Off","floor":3.0},{"not_picked":["Dropkick","Dark Embrace"],"picked":"Bludgeon","floor":6.0},{"not_picked":["Wild Strike","Havoc"],"picked":"Warcry","floor":10.0},{"not_picked":["Intimidate","Shrug It Off"],"picked":"Burning Pact","floor":11.0},{"not_picked":["Clothesline","Heavy Blade"],"picked":"Seeing Red","floor":12.0},{"not_picked":["Sword Boomerang","Shockwave"],"picked":"Rage","floor":13.0},{"not_picked":["Rampage","Perfected Strike"],"picked":"Spot Weakness","floor":14.0},{"not_picked":["Limit Break","Impervious"],"picked":"Juggernaut","floor":16.0},{"not_picked":["Pommel Strike","Body Slam"],"picked":"Cleave","floor":18.0},{"not_picked":["Rupture","Twin Strike"],"picked":"Metallicize+1","floor":21.0},{"not_picked":["Reckless Charge","True Grit"],"picked":"Anger","floor":23.0},{"not_picked":["Feel No Pain","Sword Boomerang"],"picked":"Immolate","floor":25.0},{"not_picked":["Combust","Pommel Strike"],"picked":"Heavy Blade","floor":27.0},{"not_picked":["Iron Wave","Bloodletting"],"picked":"Shockwave+1","floor":31.0},{"not_picked":["Dark Embrace","Pommel Strike"],"picked":"Clothesline+1","floor":32.0}],"player_experience":1941864,"relics_obtained":[{"floor":6.0,"key":"Potion Belt"},{"floor":9.0,"key":"FossilizedHelix"},{"floor":13.0,"key":"Ancient Tea Set"},{"floor":23.0,"key":"Dream Catcher"},{"floor":26.0,"key":"Kunai"}],"event_choices":[{"damage_healed":0.0,"max_hp_gain":0.0,"max_hp_loss":0.0,"gold_gain":0.0,"event_name":"Big Fish","player_choice":"Box","floor":2.0,"gold_loss":0.0,"damage_taken":0.0,"relics_obtained":["Self Forming Clay"],"cards_obtained":["Regret"]},{"damage_healed":0.0,"max_hp_gain":0.0,"max_hp_loss":0.0,"gold_gain":175.0,"event_name":"Liars Game","player_choice":"AGREE","floor":4.0,"gold_loss":0.0,"damage_taken":0.0,"cards_obtained":["Doubt"]},{"damage_healed":0.0,"max_hp_gain":0.0,"max_hp_loss":0.0,"gold_gain":0.0,"event_name":"Scrap Ooze","player_choice":"Success","floor":5.0,"gold_loss":0.0,"damage_taken":12.0,"relics_obtained":["TungstenRod"]},{"damage_healed":0.0,"max_hp_gain":0.0,"max_hp_loss":0.0,"gold_gain":0.0,"cards_transformed":["Strike_R"],"event_name":"Living Wall","player_choice":"Change","floor":7.0,"gold_loss":0.0,"damage_taken":0.0,"cards_obtained":["Feed"]},{"damage_healed":0.0,"max_hp_gain":0.0,"max_hp_loss":0.0,"gold_gain":0.0,"event_name":"Match and Keep!","player_choice":"2 cards matched","floor":19.0,"gold_loss":0.0,"damage_taken":0.0,"cards_obtained":["Ghostly Armor","Bandage Up"]},{"damage_healed":0.0,"max_hp_gain":0.0,"max_hp_loss":0.0,"gold_gain":0.0,"event_name":"Forgotten Altar","player_choice":"Smashed Altar","floor":22.0,"gold_loss":0.0,"damage_taken":0.0,"cards_obtained":["Decay"]},{"damage_healed":0.0,"max_hp_gain":0.0,"max_hp_loss":0.0,"gold_gain":100.0,"event_name":"The Joust","player_choice":"Bet on Murderer","floor":24.0,"gold_loss":50.0,"damage_taken":0.0},{"damage_healed":0.0,"max_hp_gain":0.0,"max_hp_loss":0.0,"gold_gain":0.0,"cards_transformed":["Strike_R"],"event_name":"Transmorgrifier","player_choice":"Transformed","floor":30.0,"gold_loss":0.0,"damage_taken":0.0,"cards_obtained":["Blood for Blood"]}],"is_beta":false,"boss_relics":[{"not_picked":["Runic Pyramid","Cursed Key","Velvet Choker"]}],"items_purged_floors":[20],"is_endless":false,"potions_floor_spawned":[1,12,13,14,16,21,25],"killed_by":"Automaton","ascension_level":11}}