{"host":"4fu49kq4337n20nt","time":1608071699,"event":{"mods":["BaseMod","Better Third Choice","Minty Spire (QoL Compilation)","Relic Stats","StSLib","The Bug Knight","The Cursed","The Servant 0.9.4"],"gold_per_floor":[111,128,53,53,72,22,22,58,109,129,129,167,182,207,207,332,332,346,366,382,397,397,435,21,21,45,83,97,97,97,117,117,117,117],"floor_reached":33,"playtime":2102,"items_purged":["Shame"],"score":505,"play_id":"565d9af6-bdd5-4113-9a67-c0578d112d9e","local_time":"20201215173459","is_ascension_mode":true,"campfire_choices":[{"data":"Adaptation","floor":7,"key":"SMITH"},{"data":"Eruption","floor":11,"key":"SMITH"},{"data":"BattleHymn","floor":15,"key":"SMITH"},{"data":"Adaptation","floor":25,"key":"SMITH"},{"data":"ClearTheMind","floor":29,"key":"SMITH"},{"data":"BattleHymn","floor":32,"key":"SMITH"}],"circlet_count":0,"master_deck":["Strike_P","Strike_P","Strike_P","Strike_P","Defend_P","Defend_P","Defend_P","Eruption+1","Vigilance","BowlingBash","Wallop","Adaptation+1","BattleHymn+1","EmptyFist","ClearTheMind+1","WheelKick","DeusExMachina","CrushJoints","ThirdEye","CutThroughFate","Adaptation+1","BattleHymn+1","Finesse","CutThroughFate","ClearTheMind+1"],"relics":["PureWater","Ice Cream","Golden Idol","Orichalcum","Omamori","Incense Burner","Calling Bell","Lantern","StrikeDummy","Dead Branch","Centennial Puzzle","Matryoshka","Eternal Feather","Bag of Marbles","Juzu Bracelet","CeramicFish"],"acts_visited":["Exordium","TheCity"],"potions_floor_usage":[13,23,27],"damage_taken":[{"damage":0,"enemies":"Small Slimes","floor":1,"turns":3},{"damage":3,"enemies":"Jaw Worm","floor":2,"turns":5},{"damage":0,"enemies":"Cultist","floor":5,"turns":3},{"damage":0,"enemies":"HollowMod:MossKnight","floor":8,"turns":5},{"damage":0,"enemies":"Exordium Wildlife","floor":10,"turns":3},{"damage":3,"enemies":"3 Sentries","floor":12,"turns":4},{"damage":12,"enemies":"Exordium Thugs","floor":13,"turns":3},{"damage":1,"enemies":"Looter","floor":14,"turns":3},{"damage":0,"enemies":"Slime Boss","floor":16,"turns":4},{"damage":0,"enemies":"Spheric Guardian","floor":18,"turns":2},{"damage":0,"enemies":"Chosen","floor":19,"turns":2},{"damage":0,"enemies":"Centurion and Healer","floor":20,"turns":2},{"damage":5,"enemies":"Cultist and Chosen","floor":21,"turns":3},{"damage":23,"enemies":"Slavers","floor":23,"turns":5},{"damage":2,"enemies":"Book of Stabbing","floor":27,"turns":3},{"damage":15,"enemies":"Snake Plant","floor":28,"turns":4},{"damage":16,"enemies":"Sentry and Sphere","floor":31,"turns":4},{"damage":45,"enemies":"Champ","floor":33,"turns":5}],"seed_played":"1805725019461820994","potions_obtained":[{"floor":2,"key":"DistilledChaos"},{"floor":8,"key":"BlessingOfTheForge"},{"floor":10,"key":"BlessingOfTheForge"},{"floor":12,"key":"StancePotion"},{"floor":14,"key":"ColorlessPotion"},{"floor":18,"key":"PowerPotion"}],"is_trial":false,"path_per_floor":["M","M","$","?","M","?","R","E","T","M","R","E","M","M","R","B",null,"M","M","M","M","?","E","$","R","T","E","M","R","?","M","R","B"],"character_chosen":"WATCHER","items_purchased":["Eternal Feather","BattleHymn","Finesse"],"campfire_rested":0,"item_purchase_floors":[24,24,24],"current_hp_per_floor":[65,62,62,44,44,44,44,44,44,44,44,41,29,28,28,28,61,61,61,61,56,56,33,33,45,45,43,28,43,43,27,42,0,0],"gold":117,"neow_bonus":"ONE_RARE_RELIC","is_daily":false,"chose_seed":false,"campfire_upgraded":6,"win_rate":0.0,"timestamp":1608071699,"path_taken":["M","M","$","?","M","?","R","E","T","?","R","E","M","M","R","BOSS","M","M","M","?","?","E","?","R","T","E","M","R","?","M","R","BOSS"],"items_purchased_type":["Relic","Card","Card"],"build_version":"2020-12-13","purchased_purges":1,"victory":false,"max_hp_per_floor":[72,72,72,72,72,72,72,72,72,72,72,72,72,72,72,72,72,72,72,72,72,72,72,72,72,72,72,72,72,72,72,72,72,72],"relic_stats":{"Centennial Puzzle":[16],"counters":[18,63],"Golden Idol":92,"Dead Branch":[62],"CeramicFish":0,"Eternal Feather":42,"Juzu Bracelet":0,"Orichalcum":[36],"obtain_stats":[{"Ice Cream":0,"Lantern":17,"Golden Idol":4,"Dead Branch":17,"CeramicFish":30,"Eternal Feather":24,"Omamori":9,"Incense Burner":12,"Juzu Bracelet":27,"Orichalcum":8,"Calling Bell":17,"Centennial Puzzle":22,"Matryoshka":23,"Bag of Marbles":26,"PureWater":0,"StrikeDummy":17},{"Ice Cream":0,"Lantern":9,"Golden Idol":2,"Dead Branch":9,"CeramicFish":16,"Eternal Feather":14,"Omamori":4,"Incense Burner":6,"Juzu Bracelet":15,"Orichalcum":4,"Calling Bell":9,"Centennial Puzzle":13,"Matryoshka":14,"Bag of Marbles":14,"PureWater":0,"StrikeDummy":9},{"Ice Cream":0,"Lantern":33,"Golden Idol":8,"Dead Branch":33,"CeramicFish":54,"Eternal Feather":47,"Omamori":16,"Incense Burner":23,"Juzu Bracelet":50,"Orichalcum":16,"Calling Bell":33,"Centennial Puzzle":42,"Matryoshka":47,"Bag of Marbles":47,"PureWater":0,"StrikeDummy":33}]},"card_choices":[{"not_picked":["CutThroughFate","Wallop"],"picked":"BowlingBash","floor":1},{"not_picked":["Indignation","Halt"],"picked":"Wallop","floor":2},{"not_picked":["SashWhip","ClearTheMind"],"picked":"Adaptation","floor":5},{"not_picked":["DeceiveReality","EmptyBody"],"picked":"BattleHymn","floor":8},{"not_picked":["Prostrate","LikeWater"],"picked":"EmptyFist","floor":10},{"not_picked":["Halt","PathToVictory","DevaForm"],"picked":"SKIP","floor":12},{"not_picked":["FlyingSleeves","BowlingBash"],"picked":"ClearTheMind","floor":13},{"not_picked":["Pray","Tantrum"],"picked":"WheelKick","floor":14},{"not_picked":["DevaForm","ConjureBlade"],"picked":"DeusExMachina","floor":16},{"not_picked":["SandsOfTime","Pray"],"picked":"CrushJoints","floor":18},{"not_picked":["CrushJoints","JustLucky","InnerPeace"],"picked":"SKIP","floor":19},{"not_picked":["WreathOfFlame","Wireheading+1"],"picked":"ThirdEye","floor":20},{"not_picked":["InnerPeace","CrushJoints"],"picked":"CutThroughFate","floor":21},{"not_picked":["CutThroughFate","JustLucky"],"picked":"Adaptation","floor":23},{"not_picked":["Collect","ConjureBlade"],"picked":"CutThroughFate","floor":27},{"not_picked":["Sanctity","SashWhip"],"picked":"ClearTheMind+1","floor":28},{"not_picked":["JustLucky","FlyingSleeves+1","ThirdEye"],"picked":"SKIP","floor":31}],"player_experience":241936,"relics_obtained":[{"floor":8,"key":"Orichalcum"},{"floor":9,"key":"Omamori"},{"floor":12,"key":"Incense Burner"},{"floor":17,"key":"Lantern"},{"floor":17,"key":"StrikeDummy"},{"floor":17,"key":"Dead Branch"},{"floor":23,"key":"Matryoshka"},{"floor":26,"key":"Bag of Marbles"},{"floor":27,"key":"Juzu Bracelet"}],"event_choices":[{"damage_healed":0,"gold_gain":0,"player_choice":"Take Damage","damage_taken":18,"relics_obtained":["Golden Idol"],"max_hp_gain":0,"max_hp_loss":0,"event_name":"Golden Idol","floor":4,"gold_loss":0},{"cards_removed":["Defend_P"],"damage_healed":0,"gold_gain":0,"player_choice":"Card Removal","damage_taken":0,"max_hp_gain":0,"max_hp_loss":0,"event_name":"The Cleric","floor":6,"gold_loss":50},{"damage_healed":0,"gold_gain":0,"player_choice":"Opened","damage_taken":0,"relics_obtained":["Centennial Puzzle"],"max_hp_gain":0,"max_hp_loss":0,"event_name":"The Mausoleum","floor":22,"gold_loss":0},{"damage_healed":0,"gold_gain":0,"player_choice":"Stole Relic","damage_taken":0,"relics_obtained":["CeramicFish"],"max_hp_gain":0,"max_hp_loss":0,"event_name":"Addict","floor":30,"gold_loss":0,"cards_obtained":["Shame"]}],"is_beta":false,"boss_relics":[{"not_picked":["Empty Cage","Velvet Choker"],"picked":"Calling Bell"}],"items_purged_floors":[3],"is_endless":false,"potions_floor_spawned":[2,8,10,12,14,18,20,21],"killed_by":"Champ","ascension_level":7}}