{"host":"rj1j8apb2x4vafcu","time":1608070650,"event":{"mods":["BaseMod","Minty Spire (QoL Compilation)","StSLib"],"gold_per_floor":[119,119,119,134,149,182,56,56,56,56,82,100,119,133,133,229,229,240,240,240,165,177,189,207,207,207,207,207,227,247,280,280,378,378,388,439,453,467,51,51,62,89,141,153,168,168,0,16,16,16,16],"floor_reached":50,"playtime":5140,"items_purged":["Normality","Strike_G"],"score":583,"play_id":"ef032a26-29b3-4edc-9e8c-86c3ad922f11","local_time":"20201215201730","is_ascension_mode":false,"campfire_choices":[{"data":"Poisoned Stab","floor":10,"key":"SMITH"},{"floor":15,"key":"REST"},{"floor":27,"key":"REST"},{"floor":32,"key":"REST"},{"floor":40,"key":"REST"},{"floor":46,"key":"REST"},{"floor":49,"key":"REST"}],"circlet_count":0,"master_deck":["Strike_G","Strike_G","Strike_G","Strike_G","Defend_G","Defend_G","Defend_G","Defend_G","Defend_G","Survivor+1","Neutralize","Outmaneuver","Riddle With Holes","Underhanded Strike","Escape Plan","Poisoned Stab+1","Bouncing Flask","Flying Knee","Dodge and Roll","Poisoned Stab","Corpse Explosion","Flying Knee","Finisher","Skewer","Blur","Prepared","Acrobatics+1","Bane+1","A Thousand Cuts","Noxious Fumes","Catalyst+1","Noxious Fumes+1","Slice+1","Mayhem","Catalyst+1","Burst","Doubt","Noxious Fumes","Noxious Fumes","Noxious Fumes"],"relics":["Cursed Key","Letter Opener","Kunai","Bag of Marbles","Snake Skull","Sozu","Bronze Scales","MutagenicStrength","Mercury Hourglass","Runic Pyramid","Unceasing Top","Toolbox","Sundial","Nunchaku","Red Mask"],"acts_visited":["Exordium","TheCity","TheBeyond"],"potions_floor_usage":[16,16],"damage_taken":[{"damage":1,"enemies":"2 Louse","floor":1,"turns":2},{"damage":1,"enemies":"Jaw Worm","floor":4,"turns":5},{"damage":6,"enemies":"Cultist","floor":5,"turns":4},{"damage":35,"enemies":"3 Sentries","floor":6,"turns":10},{"damage":22,"enemies":"Lagavulin","floor":11,"turns":6},{"damage":6,"enemies":"Large Slime","floor":12,"turns":4},{"damage":4,"enemies":"Looter","floor":13,"turns":2},{"damage":0,"enemies":"3 Louse","floor":14,"turns":2},{"damage":14,"enemies":"Slime Boss","floor":16,"turns":9},{"damage":0,"enemies":"3 Byrds","floor":18,"turns":4},{"damage":3,"enemies":"Shell Parasite","floor":22,"turns":3},{"damage":14,"enemies":"Cultist and Chosen","floor":23,"turns":5},{"damage":21,"enemies":"Shelled Parasite and Fungi","floor":24,"turns":4},{"damage":1,"enemies":"3 Cultists","floor":29,"turns":3},{"damage":14,"enemies":"Centurion and Healer","floor":30,"turns":5},{"damage":11,"enemies":"Slavers","floor":31,"turns":2},{"damage":43,"enemies":"Automaton","floor":33,"turns":9},{"damage":12,"enemies":"Orb Walker","floor":35,"turns":3},{"damage":32,"enemies":"2 Orb Walkers","floor":36,"turns":3},{"damage":15,"enemies":"3 Shapes","floor":37,"turns":3},{"damage":20,"enemies":"Transient","floor":38,"turns":5},{"damage":5,"enemies":"Maw","floor":41,"turns":5},{"damage":25,"enemies":"Reptomancer","floor":42,"turns":4},{"damage":0,"enemies":"3 Darklings","floor":44,"turns":2},{"damage":0,"enemies":"4 Shapes","floor":45,"turns":1},{"damage":29,"enemies":"Writhing Mass","floor":48,"turns":4},{"damage":35,"enemies":"Donu and Deca","floor":50,"turns":4}],"seed_played":"7081641611190848811","potions_obtained":[{"floor":1,"key":"FairyPotion"},{"floor":12,"key":"SteroidPotion"},{"floor":14,"key":"Poison Potion"}],"is_trial":false,"path_per_floor":["M","?","T","M","M","E","$","?","T","R","E","M","M","M","R","B",null,"M","?","T","?","M","M","M","?","T","R","?","M","M","E","R","B",null,"M","?","M","M","$","R","M","E","T","M","M","R","?","M","R","B"],"character_chosen":"THE_SILENT","items_purchased":["Poisoned Stab","Toolbox","Mayhem"],"campfire_rested":6,"item_purchase_floors":[7,39,39],"current_hp_per_floor":[69,69,69,68,62,27,27,50,50,50,28,22,18,18,39,25,70,70,70,70,70,67,53,32,32,32,53,53,52,38,27,48,5,70,58,26,11,21,21,42,37,12,12,12,12,33,33,4,25,0,0],"gold":16,"neow_bonus":"BOSS_RELIC","is_daily":false,"chose_seed":false,"campfire_upgraded":1,"win_rate":0.0,"timestamp":1608070650,"path_taken":["M","?","?","M","M","E","$","?","T","R","E","M","M","?","R","BOSS","M","?","?","?","M","?","?","?","T","R","?","M","M","E","R","BOSS","M","?","M","M","$","R","M","E","T","M","M","R","?","M","R","BOSS"],"items_purchased_type":["Card","Relic","Card"],"build_version":"2020-12-13","purchased_purges":2,"victory":false,"max_hp_per_floor":[70,70,70,70,70,70,70,70,70,70,70,70,70,70,70,70,70,70,70,70,70,70,70,70,70,70,70,70,70,70,70,70,70,70,70,70,70,70,70,70,70,70,70,70,70,70,70,70,70,70,70],"card_choices":[{"not_picked":["Heel Hook","Prepared"],"picked":"Outmaneuver","floor":1},{"not_picked":["Catalyst","Bane"],"picked":"Riddle With Holes","floor":4},{"not_picked":["Dagger Throw","Acrobatics"],"picked":"Underhanded Strike","floor":5},{"not_picked":["Backflip","Outmaneuver"],"picked":"Escape Plan","floor":6},{"not_picked":["Terror","Acrobatics"],"picked":"Bouncing Flask","floor":11},{"not_picked":["Bane","Backflip"],"picked":"Flying Knee","floor":12},{"not_picked":["Deadly Poison","Venomology"],"picked":"Dodge and Roll","floor":13},{"not_picked":["Deadly Poison","Distraction"],"picked":"Poisoned Stab","floor":14},{"not_picked":["Wraith Form v2","Unload"],"picked":"Corpse Explosion","floor":16},{"not_picked":["Bouncing Flask","Backflip"],"picked":"Flying Knee","floor":18},{"not_picked":["Slice+1","Flying Knee"],"picked":"Finisher","floor":22},{"not_picked":["Caltrops","Acrobatics"],"picked":"Skewer","floor":23},{"not_picked":["Eviscerate","Dodge and Roll"],"picked":"Blur","floor":24},{"not_picked":["Bane","PiercingWail"],"picked":"Prepared","floor":29},{"not_picked":["Endless Agony+1","Corpse Explosion"],"picked":"Acrobatics+1","floor":30},{"not_picked":["Outmaneuver","Skewer"],"picked":"Bane+1","floor":31},{"not_picked":["Phantasmal Killer","Burst"],"picked":"A Thousand Cuts","floor":33},{"not_picked":["Outmaneuver+1","Deflect"],"picked":"Noxious Fumes","floor":35},{"not_picked":["Sucker Punch+1","Finisher"],"picked":"Catalyst+1","floor":36},{"not_picked":["Acrobatics+1","Outmaneuver+1"],"picked":"Noxious Fumes+1","floor":37},{"not_picked":["Underhanded Strike","Heel Hook"],"picked":"Slice+1","floor":38},{"not_picked":["Dagger Spray+1","Flying Knee+1"],"picked":"Catalyst+1","floor":41},{"not_picked":["Poisoned Stab","Slice+1"],"picked":"Burst","floor":42},{"not_picked":["Flechettes+1","Eviscerate"],"picked":"Noxious Fumes","floor":44},{"not_picked":["Dagger Spray","Blur"],"picked":"Noxious Fumes","floor":45},{"not_picked":["Quick Slash","Masterful Stab+1"],"picked":"Noxious Fumes","floor":48}],"player_experience":45686,"relics_obtained":[{"floor":3,"key":"Letter Opener"},{"floor":6,"key":"Kunai"},{"floor":9,"key":"Bag of Marbles"},{"floor":11,"key":"Snake Skull"},{"floor":20,"key":"Bronze Scales"},{"floor":31,"key":"Mercury Hourglass"},{"floor":36,"key":"Unceasing Top"},{"floor":42,"key":"Sundial"},{"floor":43,"key":"Nunchaku"}],"event_choices":[{"damage_healed":0,"gold_gain":0,"player_choice":"Grow","damage_taken":0,"max_hp_gain":0,"max_hp_loss":0,"event_name":"Living Wall","floor":2,"gold_loss":0,"cards_upgraded":["Survivor"]},{"damage_healed":23,"gold_gain":0,"player_choice":"Banana","damage_taken":0,"max_hp_gain":0,"max_hp_loss":0,"event_name":"Big Fish","floor":8,"gold_loss":0},{"cards_removed":["Shame"],"damage_healed":0,"gold_gain":0,"player_choice":"Elegance","damage_taken":0,"max_hp_gain":0,"max_hp_loss":0,"event_name":"Back to Basics","floor":19,"gold_loss":0},{"cards_removed":["Injury"],"damage_healed":0,"gold_gain":0,"player_choice":"Gave Gold","damage_taken":0,"max_hp_gain":0,"max_hp_loss":0,"event_name":"Beggar","floor":21,"gold_loss":75},{"damage_healed":0,"gold_gain":0,"player_choice":"Ignored","damage_taken":0,"max_hp_gain":0,"max_hp_loss":0,"event_name":"Vampires","floor":25,"gold_loss":0},{"damage_healed":0,"gold_gain":0,"player_choice":"Inject Mutagens","damage_taken":0,"relics_obtained":["MutagenicStrength"],"max_hp_gain":0,"max_hp_loss":0,"event_name":"Drug Dealer","floor":28,"gold_loss":0},{"damage_healed":0,"gold_gain":0,"player_choice":"Fight","damage_taken":0,"max_hp_gain":0,"max_hp_loss":0,"event_name":"Mysterious Sphere","floor":36,"gold_loss":0},{"damage_healed":0,"gold_gain":0,"player_choice":"Paid","damage_taken":0,"relics_obtained":["Red Mask"],"max_hp_gain":0,"max_hp_loss":0,"event_name":"Tomb of Lord Red Mask","floor":47,"gold_loss":168}],"is_beta":false,"boss_relics":[{"not_picked":["WristBlade","Busted Crown"],"picked":"Sozu"},{"not_picked":["Snecko Eye","Philosopher\u0027s Stone"],"picked":"Runic Pyramid"}],"items_purged_floors":[7,39],"is_endless":false,"potions_floor_spawned":[1,12,14,23,24,29,30,33,38,41,44,48],"killed_by":"Donu and Deca","ascension_level":0}}