{"host":"kqqjvufdj6ouyvqb","time":1608025952,"event":{"mods":["BaseMod","Colored Powertips","Downfall","HololiveMod","Lobotomy","LobotomyExtend","Minty Spire (QoL Compilation)","Prisma Mod","Quick Restart","Replay The Spire","StSLib","The Alterego","The Construct","The Gatherer","WarShipGirlsR/战舰少女R mod","[IsaacMod]以撒尖塔"],"gold_per_floor":[129,54,44,92,92,188,263,374,421,478,620,620,734,734,734,971,971,1037,1037,118,118,172,269,269,344,344,434,133,247,247,343,343,556,556,622,910,25,47,47],"floor_reached":38,"playtime":1878,"items_purged":["Hololive_Defend","Hololive_Strike","expansioncontent:GoopSpray"],"score":1677,"play_id":"8620da61-72d8-4d7e-8a0e-a2d579b25623","local_time":"20201215175232","daily_mods":["Heirloom","Flight","Binary","Midas"],"is_ascension_mode":true,"campfire_choices":[{"floor":30,"key":"REST"},{"floor":32,"key":"DIG"}],"circlet_count":0,"master_deck":["AscendersBane","Hololive_Defend+1","Hololive_CandyCastle","Hololive_CallHoushouMarine","Hololive_CallMinatoAqua","Hololive_CallRoboco","Hololive_CallOkamiMio","Hololive_CallAkiRosenthal","Hololive_FlyingPonyTail","Hololive_CallUruhaRushia","Hololive_Psychosis","Hololive_IdolExercise","Hololive_StrengthChampion","Hololive_CallRosalyn","Hololive_OvertimeWork","Hololive_DiamondStrike","Hololive_CallYuzukiChoco","Hololive_CallAyundaRisu","Hololive_CallShirakamiFubuki","Hololive_Thief","Hololive_CallTokoyamiTowa","Hololive_Sequa+1","RitualDagger","EpicFetus","Hololive_ILoveYou","Hololive_Spy+1","Ghostly","Ghostly","Hololive_CallShiranuiFlare","Hololive_RevenueBasedLive","Chrysalis","Hololive_CallAmaneKanata+1","Hololive_CallNatsuiroMatsuri","Hololive_Nanodesu","Hololive_CallOzoraSubaru+1","Hololive_CallFriendA","Hololive_CallTsunomakiWatame","Hololive_CallCivia","Hololive_FlareMind"],"relics":["Hololive_TheStar","HushsDoor","YumHeart","PunchingBag","LetterFromLob","ReplayTheSpireMod:Ring of Exchange","Ring of Misfortune","BelialBook","HornCleat","Boot","BloodBag","Akabeko","Void","OrangePellets","GuppysTail","Bronze Scales","Replay:PocketPolymizer","TheBattery","Happy Flower","TungstenRod","Ornamental Fan","PillsDrop","Bag of Marbles","The Courier","SteamSale","GuppysCollar","Bottled Tornado","Mirror","Hololive_FriedShrimpLion","Pen Nib","SalivaCoin","Pet Ghost"],"acts_visited":["Exordium","TheCity","TheBeyond"],"potions_floor_usage":[10,13,22,22,25,27],"damage_taken":[{"damage":0,"enemies":"2 Louse","floor":1,"turns":3},{"damage":0,"enemies":"Small Slimes","floor":4,"turns":3},{"damage":0,"enemies":"3 Sentries","floor":6,"turns":7},{"damage":0,"enemies":"Jaw Worm","floor":7,"turns":3},{"damage":0,"enemies":"Gremlin Nob","floor":8,"turns":3},{"damage":0,"enemies":"Lots of Slimes","floor":10,"turns":6},{"damage":0,"enemies":"Replay:BlueRogue","floor":11,"turns":4},{"damage":0,"enemies":"Gremlin Nob","floor":13,"turns":3},{"damage":0,"enemies":"Fading Forest","floor":16,"turns":13},{"damage":0,"enemies":"Spheric Guardian","floor":18,"turns":3},{"damage":0,"enemies":"2 Thieves","floor":22,"turns":4},{"damage":0,"enemies":"Replay:Snechameleon","floor":23,"turns":6},{"damage":0,"enemies":"Sentry and Sphere","floor":25,"turns":5},{"damage":0,"enemies":"Book of Stabbing","floor":27,"turns":5},{"damage":0,"enemies":"Gremlin Leader","floor":29,"turns":8},{"damage":0,"enemies":"Book of Stabbing","floor":31,"turns":4},{"damage":0,"enemies":"Automaton","floor":33,"turns":7},{"damage":0,"enemies":"Orb Walker","floor":35,"turns":4},{"damage":0,"enemies":"3 Shapes","floor":38,"turns":1}],"seed_played":"-4239253553702712175","potions_obtained":[{"floor":6,"key":"Adrenaline Potion"},{"floor":8,"key":"Dexterity Potion"},{"floor":10,"key":"Energy Potion"},{"floor":16,"key":"Explosive Potion"},{"floor":23,"key":"Explosive Potion"},{"floor":27,"key":"Fruit Juice"},{"floor":33,"key":"DuplicationPotion"}],"is_trial":true,"path_per_floor":["M","$","?","M","?","E","M","E","T","M","E","?","E","?","R","B",null,"M","?","$","?","M","E","?","M","T","E","$","E","R","E","R","B",null,"M","?","$","M"],"character_chosen":"Hololive_HololiveCharacter","items_purchased":["Hololive_CallUruhaRushia","GuppysTail","Hololive_CallTokoyamiTowa","Bronze Scales","Replay:PocketPolymizer","TheBattery","EpicFetus","Chrysalis","GuppysCollar","Bottled Tornado","Mirror","Hololive_FriedShrimpLion","Hololive_FlareMind","Pen Nib","SalivaCoin","Pet Ghost"],"campfire_rested":1,"item_purchase_floors":[2,17,17,20,20,20,20,28,34,37,37,37,37,37,37,37],"current_hp_per_floor":[27,27,27,27,27,27,27,27,27,27,37,22,22,15,26,26,24,24,18,18,18,18,18,12,12,12,17,17,17,17,17,17,17,4,7,6,6,0,0],"gold":47,"neow_bonus":"","is_daily":false,"chose_seed":false,"campfire_upgraded":0,"win_rate":0.0,"timestamp":1608025952,"path_taken":["M","$","?","?","?","E","?","E","T","M","E","?","E","?","R","BOSS","M","?","?","?","?","E","?","M","T","E","$","E","R","E","R","BOSS","M","?","$","?"],"items_purchased_type":["Card","Relic","Card","Relic","Relic","Relic","Card","Card","Relic","Relic","Relic","Relic","Card","Relic","Relic","Relic"],"build_version":"2020-12-13","purchased_purges":3,"victory":false,"max_hp_per_floor":[30,30,30,30,30,30,30,30,30,30,37,37,37,37,37,37,24,24,24,24,24,24,24,12,12,12,17,17,17,17,17,17,17,4,7,7,7,7,7],"card_choices":[{"not_picked":[],"picked":"SuicideKing","floor":0},{"not_picked":["Hololive_CallKiryuuCoco","Hololive_CallTokinoSora"],"picked":"Hololive_FlyingPonyTail","floor":1},{"not_picked":[],"picked":"Hololive_Psychosis","floor":3},{"not_picked":[],"picked":"Hololive_IdolExercise","floor":3},{"not_picked":["Hololive_CallTokinoSora","Hololive_FlyingPonyTail"],"picked":"Hololive_StrengthChampion","floor":4},{"not_picked":["Hololive_Drill","Hololive_DurableLive"],"picked":"Hololive_CallRosalyn","floor":6},{"not_picked":["Hololive_FlyingPonyTail","Hololive_Trident"],"picked":"Hololive_OvertimeWork","floor":7},{"not_picked":["Hololive_LuckPotion","Hololive_CocoNews"],"picked":"Hololive_DiamondStrike","floor":8},{"not_picked":["Bomb","Hololive_Sequa"],"picked":"Hololive_CallYuzukiChoco","floor":10},{"not_picked":["Hololive_CallHimemoriLuna","Hololive_CocoNews"],"picked":"Hololive_CallAyundaRisu","floor":11},{"not_picked":["Hololive_CocoNews","Bomb"],"picked":"Hololive_CallShirakamiFubuki","floor":13},{"not_picked":["Hololive_IdolExercise","Hololive_FlareMind"],"picked":"Hololive_Thief","floor":16},{"not_picked":["Hololive_CocoNews","Hololive_Psychosis"],"picked":"Hololive_Sequa+1","floor":18},{"not_picked":["Hololive_StrengthChampion+1","Hololive_HuntDinosaur"],"picked":"Hololive_ILoveYou","floor":22},{"not_picked":["Hololive_ILoveYou","Hololive_CallOkamiMio"],"picked":"Hololive_Spy+1","floor":23},{"not_picked":["Hololive_CocoNews","Hololive_RevenueBasedLive"],"picked":"Hololive_CallShiranuiFlare","floor":25},{"not_picked":["Hololive_OpenUp","Hololive_Psychosis+1"],"picked":"Hololive_RevenueBasedLive","floor":27},{"not_picked":["Hololive_Sequa","Hololive_ScarfAndHalo"],"picked":"Hololive_CallAmaneKanata+1","floor":29},{"not_picked":["Hololive_CallAkiRosenthal","Hololive_Rebound+1"],"picked":"Hololive_CallNatsuiroMatsuri","floor":31},{"not_picked":["Hololive_MaximGun","Hololive_OpenUp"],"picked":"Hololive_Nanodesu","floor":33},{"not_picked":["Hololive_CallAkaiHaato+1","Hololive_Trident"],"picked":"Hololive_CallOzoraSubaru+1","floor":35},{"not_picked":["Hololive_StrengthChampion","Hololive_BringToTrial"],"picked":"Hololive_CallFriendA","floor":36},{"not_picked":["Hololive_CallAZKi","Hololive_CandyCastle+1"],"picked":"Hololive_CallTsunomakiWatame","floor":36},{"not_picked":["Hololive_Breathe","Hololive_StrengthChampion+1"],"picked":"Hololive_CallCivia","floor":36}],"player_experience":201635,"relics_obtained":[{"floor":1,"key":"LetterFromLob"},{"floor":5,"key":"ReplayTheSpireMod:Ring of Exchange"},{"floor":5,"key":"Ring of Misfortune"},{"floor":6,"key":"BelialBook"},{"floor":8,"key":"HornCleat"},{"floor":9,"key":"Boot"},{"floor":11,"key":"BloodDonationMachine"},{"floor":13,"key":"Void"},{"floor":23,"key":"Happy Flower"},{"floor":26,"key":"TungstenRod"},{"floor":27,"key":"Ornamental Fan"},{"floor":29,"key":"PillsDrop"},{"floor":31,"key":"Bag of Marbles"},{"floor":32,"key":"The Courier"}],"event_choices":[{"cards_removed":["Hololive_Strike"],"damage_healed":0,"gold_gain":0,"player_choice":"Card Removal","damage_taken":7,"max_hp_gain":0,"max_hp_loss":0,"event_name":"Golden Wing","floor":14,"gold_loss":0},{"damage_healed":0,"gold_gain":0,"player_choice":"Joined the Cult","damage_taken":6,"max_hp_gain":0,"max_hp_loss":0,"event_name":"Nest","floor":19,"gold_loss":0,"cards_obtained":["RitualDagger"]},{"damage_healed":0,"gold_gain":0,"player_choice":"Became a Ghost","damage_taken":0,"max_hp_gain":0,"max_hp_loss":12,"event_name":"Ghosts","floor":24,"gold_loss":0,"cards_obtained":["Ghostly","Ghostly","Ghostly"]}],"is_beta":false,"boss_relics":[{"not_picked":["MagicMushroom","ReplayTheSpireMod:DimensionalGlitch"],"picked":"OrangePellets"},{"not_picked":[]},{"not_picked":["Kintsugi","Replay:Ancient Bell"],"picked":"SteamSale"},{"not_picked":[]}],"items_purged_floors":[20,28,37],"is_endless":true,"potions_floor_spawned":[6,8,10,11,16,23,27,33],"killed_by":"3 Shapes","ascension_level":20}}