{"host":"1s2i2u841ofwoqaa","time":1608022235,"event":{"mods":["AchievementEnabler","Aspiration","BaseMod","Better Third Choice","Colored Powertips","Downfall","Hubris","Minty Spire (QoL Compilation)","StSLib","SuperFastMode","The Animator"],"gold_per_floor":[116,116,129,139,156,156,169,197,221,253,253,270,270,335,335,408,408,428,79,91,103,103,103,103],"floor_reached":23,"playtime":34078,"items_purged":["Strike_R"],"score":365,"play_id":"ebb70b65-2012-40e6-9e73-b5891f2f8eb7","local_time":"20201215215035","is_ascension_mode":true,"campfire_choices":[{"data":"Blood for Blood","floor":6,"key":"SMITH"},{"floor":11,"key":"REST"},{"data":"Armaments","floor":13,"key":"SMITH"},{"data":"Inflame","floor":15,"key":"SMITH"}],"circlet_count":0,"master_deck":["AscendersBane","Strike_R","Strike_R","Defend_R","Defend_R","Defend_R","Defend_R","Bash","Dropkick","Inflame+1","Blood for Blood+1","True Grit","Sentinel","Sword Boomerang","Armaments+1","Shrug It Off","Immolate","Iron Wave+1","Feel No Pain"],"relics":["Burning Blood","aspiration:ChemicalBlood","hubris:Icosahedron","Regal Pillow","hubris:PeanutButter","Empty Cage","Paper Frog"],"acts_visited":["Exordium","TheCity"],"potions_floor_usage":[5,8,10,16,16,16,18,21,23],"damage_taken":[{"damage":10,"enemies":"2 Louse","floor":1,"turns":4},{"damage":8,"enemies":"Small Slimes","floor":3,"turns":4},{"damage":1,"enemies":"Cultist","floor":4,"turns":3},{"damage":6,"enemies":"Looter","floor":5,"turns":2},{"damage":4,"enemies":"Blue Slaver","floor":7,"turns":3},{"damage":16,"enemies":"Gremlin Nob","floor":8,"turns":3},{"damage":18,"enemies":"Lagavulin","floor":10,"turns":6},{"damage":7,"enemies":"Lots of Slimes","floor":12,"turns":4},{"damage":22,"enemies":"Gremlin Nob","floor":14,"turns":4},{"damage":23,"enemies":"Hexaghost","floor":16,"turns":9},{"damage":1,"enemies":"Shell Parasite","floor":18,"turns":3},{"damage":17,"enemies":"Spheric Guardian","floor":20,"turns":6},{"damage":5,"enemies":"Cultist and Chosen","floor":21,"turns":6},{"damage":16,"enemies":"Slavers","floor":23,"turns":2}],"seed_played":"7122761995899249105","potions_obtained":[{"floor":4,"key":"ColorlessPotion"},{"floor":10,"key":"AttackPotion"},{"floor":14,"key":"Strength Potion"},{"floor":16,"key":"DistilledChaos"},{"floor":20,"key":"AttackPotion"}],"is_trial":false,"path_per_floor":["M","?","M","M","M","R","M","E","T","E","R","M","R","?","R","B",null,"M","$","M","M","?","E"],"character_chosen":"IRONCLAD","items_purchased":["Paper Frog"],"campfire_rested":1,"item_purchase_floors":[19],"current_hp_per_floor":[64,64,62,67,67,67,69,59,59,47,75,74,74,58,58,41,67,72,72,61,62,62,46,46],"gold":103,"neow_bonus":"RANDOM_COMMON_RELIC","is_daily":false,"chose_seed":false,"campfire_upgraded":3,"win_rate":0.0,"timestamp":1608022235,"path_taken":["M","?","M","M","M","R","M","E","T","E","R","M","R","?","R","BOSS","M","$","M","M","?","E"],"items_purchased_type":["Relic"],"build_version":"2020-12-13","purchased_purges":1,"victory":false,"max_hp_per_floor":[75,75,75,75,75,75,75,75,75,75,75,75,75,75,75,75,75,75,75,75,75,75,75,75],"card_choices":[{"not_picked":["Thunderclap","Rage"],"picked":"Dropkick","floor":1},{"not_picked":["Clash","Havoc"],"picked":"Inflame","floor":3},{"not_picked":["Iron Wave","Rage"],"picked":"Blood for Blood","floor":4},{"not_picked":["Evolve","Seeing Red"],"picked":"True Grit","floor":5},{"not_picked":["Dual Wield","Ghostly Armor"],"picked":"Sentinel","floor":7},{"not_picked":["Twin Strike","Flex","Brutality"],"picked":"SKIP","floor":8},{"not_picked":["Infernal Blade","Warcry"],"picked":"Sword Boomerang","floor":10},{"not_picked":["Body Slam","Power Through"],"picked":"Armaments","floor":12},{"not_picked":["Sever Soul","Burning Pact"],"picked":"Shrug It Off","floor":14},{"not_picked":["Juggernaut","hubris:StunningStrike"],"picked":"Immolate","floor":16},{"not_picked":["True Grit","Perfected Strike"],"picked":"Iron Wave+1","floor":18},{"not_picked":["Armaments","Wild Strike","Havoc"],"picked":"SKIP","floor":20},{"not_picked":["Iron Wave","Wild Strike","Combust"],"picked":"SKIP","floor":21}],"player_experience":413582,"relics_obtained":[{"floor":8,"key":"Regal Pillow"},{"floor":10,"key":"hubris:PeanutButter"}],"event_choices":[{"damage_healed":0,"gold_gain":30,"player_choice":"Searched \u00272\u0027 times","damage_taken":0,"max_hp_gain":0,"max_hp_loss":0,"event_name":"Dead Adventurer","floor":14,"gold_loss":0},{"damage_healed":0,"gold_gain":0,"player_choice":"Read","damage_taken":0,"max_hp_gain":0,"max_hp_loss":0,"event_name":"The Library","floor":22,"gold_loss":0,"cards_obtained":["Feel No Pain"]}],"is_beta":false,"boss_relics":[{"not_picked":["aspiration:WatcherSkillbook","Cursed Key"],"picked":"Empty Cage"}],"items_purged_floors":[19],"is_endless":false,"potions_floor_spawned":[4,10,14,16,20],"killed_by":"Slavers","ascension_level":16}}