{"host":"bvr4vhlu71s3njyz","time":1608062066,"event":{"mods":["2.2 Compatiblity","AchievementEnabler","Aspiration","Astrologer","Bard","BaseMod","Beaked The Cultist","Better Altar","Better Match","Better Note","Better Sensory Stone","Better Skull","Better Third Choice","Conjunction","Downfall","Fiend Mod","Friendly Minions","Gremlin Mod","Hermit","Hubris","Infinite Spire","Jorbs\u0027s Wanderer Trilogy","Mad Scientist","Mimic Mod","Minty Spire (QoL Compilation)","Potionbrewer","Quarter Circle Forward PUNCH!","Replay The Spire","Shade Mod","Shedinja","Slumbering Mod","StSLib","The Blackbeard","The Bladedancer","The Bug Knight","The Clintock","The Construct","The Cursed","The Dragon Tamer","The Exalted","The Forsaken","The Hayseed","The Hierophant","The Judge","The Mystic","The Necromancer","The Poker Player","The Runesmith","The Sage","The Showman","TheArtist","TheFirefly","TheLocksmith","Trackpad","Wandering Minibosses","thorton","vexMod"],"gold_per_floor":[99,109,284,284,209,224,224,224,259,109,19,31,42,55,68,68,68],"floor_reached":16,"playtime":2227,"items_purged":["Doubt"],"score":127,"play_id":"52cfef1a-50c9-44e1-8283-3be5f3e13562","local_time":"20201215145426","is_ascension_mode":false,"campfire_choices":[{"floor":1,"key":"RECALL"},{"data":"champ:BringItOn","floor":5,"key":"SMITH"},{"floor":10,"key":"REST"}],"circlet_count":0,"master_deck":["champ:Strike","champ:Strike","champ:Strike","champ:Strike","champ:Defend","champ:Defend","champ:Defend","champ:Defend","champ:Execute","champ:Taunt+1","champ:BringItOn+1","champ:FalseCounter","champ:IronFortress","champ:TornadoPunch","champ:FaceSlap","champ:FocusedBerserking","champ:DefensiveShout","champ:ArenaPreparation"],"relics":["champ:ChampionCrown","downfall:HeartBlessingRed","hubris:Zylophone","trackpad:Compendium","downfall:HeartBlessingGreen","downfall:HeartBlessingBlue"],"acts_visited":["Exordium"],"potions_floor_usage":[16,16,16],"damage_taken":[{"damage":22,"enemies":"Cultist","floor":2,"turns":6},{"damage":7,"enemies":"2 Louse","floor":6,"turns":5},{"damage":53,"enemies":"3 Sentries","floor":9,"turns":14},{"damage":0,"enemies":"downfall:FleeingMerchant","floor":11,"turns":4},{"damage":5,"enemies":"theSlumbering:NewCultist","floor":12,"turns":3},{"damage":5,"enemies":"Large Slime","floor":13,"turns":6},{"damage":0,"enemies":"Exordium Wildlife","floor":14,"turns":3},{"damage":0,"enemies":"3 Louse","floor":15,"turns":4},{"damage":90,"enemies":"downfall:Defect","floor":16,"turns":8}],"seed_played":"7445544802325702045","potions_obtained":[{"floor":2,"key":"BlessingOfTheForge"},{"floor":13,"key":"SkillPotion"},{"floor":14,"key":"Regen Potion"}],"is_trial":false,"path_per_floor":["R","M","?","?","R","M","T","?","E","R","$","M","M","M","M","B"],"character_chosen":"THE_CHAMP","items_purchased":[],"campfire_rested":1,"item_purchase_floors":[],"current_hp_per_floor":[99,82,82,82,82,80,80,80,32,74,74,74,74,74,74,0,0],"gold":68,"neow_bonus":"TEN_PERCENT_HP_BONUS","is_daily":false,"chose_seed":false,"campfire_upgraded":1,"win_rate":0.0,"timestamp":1608062066,"path_taken":["R","M","?","?","R","?","T","?","E","R","?","M","M","M","M","BOSS"],"items_purchased_type":[],"build_version":"2020-12-13","purchased_purges":1,"victory":false,"max_hp_per_floor":[99,99,99,99,99,99,99,99,99,109,109,109,109,109,109,109,109],"card_choices":[{"not_picked":["champ:BerserkersShout","champ:Backstep"],"picked":"champ:BringItOn","floor":2},{"not_picked":["champ:FanOfKnives","champ:StanceDance"],"picked":"champ:FalseCounter","floor":6},{"not_picked":["champ:Riposte","champ:ShieldThrow"],"picked":"champ:IronFortress","floor":9},{"not_picked":["champ:BladeFlurry","champ:BerserkersShout"],"picked":"champ:TornadoPunch","floor":11},{"not_picked":["champ:IronFortress","champ:FocusedGladiator"],"picked":"champ:FaceSlap","floor":12},{"not_picked":["champ:Encircle","champ:Circumvent"],"picked":"champ:FocusedBerserking","floor":13},{"not_picked":["champ:Encircle","champ:AdrenalArmor"],"picked":"champ:DefensiveShout","floor":14},{"not_picked":["champ:PreciseThrust","champ:AdrenalArmor"],"picked":"champ:ArenaPreparation","floor":15}],"player_experience":1198717,"relics_obtained":[{"floor":9,"key":"trackpad:Compendium"}],"event_choices":[{"damage_healed":0,"gold_gain":0,"player_choice":"Upgraded","damage_taken":0,"max_hp_gain":0,"max_hp_loss":0,"event_name":"Upgrade Shrine","floor":4,"gold_loss":0,"cards_upgraded":["champ:Taunt"]}],"is_beta":false,"boss_relics":[],"items_purged_floors":[11],"is_endless":false,"potions_floor_spawned":[2,13,14,15],"killed_by":"downfall:Defect","ascension_level":0}}