{"host":"iy58fyt9wsbv4cf1","time":1608009309,"event":{"mods":["BaseMod","Better Altar","Better Match","Better Skull","Better Third Choice","BetterRewards","Conspire","Custom Start","Defuse TimeMaze Blight","Hubris","Minty Spire (QoL Compilation)","Permanent Neow","Quick Restart","Spicy Shops","StSLib"],"gold_per_floor":[111,123,73,148,166,166,166,197,246,263,263,263,263,263,263,366,366,386,386,386,386,323,323,333,346,346,183,202,127,127,146,146,251,251,265,265,265,52,70,82,82,98,98,111,141,141,157,183,183,183,183,183,111,137,137],"floor_reached":56,"playtime":1280,"items_purged":["Strike_R","Strike_R","Strike_R","Defend_R","Defend_R","Thunderclap","Defend_R"],"score":1780,"play_id":"48548d87-ea9a-4614-9f2a-f65d05c422b2","local_time":"20201215001509","is_ascension_mode":false,"campfire_choices":[{"data":"Body Slam","floor":6.0,"key":"SMITH"},{"data":"Entrench","floor":7.0,"key":"SMITH"},{"data":"Strike_R","floor":12.0,"key":"PURGE"},{"data":"Strike_R","floor":15.0,"key":"PURGE"},{"data":"Body Slam","floor":23.0,"key":"SMITH"},{"data":"Barricade","floor":30.0,"key":"SMITH"},{"data":"Inflame+1","floor":32.0,"key":"PURGE"},{"data":"Trip","floor":41.0,"key":"SMITH"},{"floor":49.0,"key":"RECALL"},{"data":"Deep Breath","floor":52.0,"key":"SMITH"}],"circlet_count":0,"master_deck":["Defend_R+1","Shrug It Off","Shrug It Off","Body Slam+1","Shrug It Off","Entrench+1","Shrug It Off","Barricade+1","Body Slam+1","Trip+1","Deep Breath+1","Seeing Red+1","Double Tap"],"relics":["Burning Blood","Membership Card","Peace Pipe","WingedGreaves","Magic Flower","Strawberry","InkBottle","PreservedInsect","Bag of Marbles","Regal Pillow","hubris:Towel","hubris:MysteriousPyramids","hubris:VirtuousBlindfold","hubris:Icosahedron","Bloody Idol","Runic Dome","Shuriken","Vajra","Ancient Tea Set","Anchor","Lantern","hubris:PeanutButter"],"acts_visited":["Exordium","TheCity","TheBeyond","TheEnding"],"potions_floor_usage":[],"damage_taken":[{"damage":0.0,"enemies":"Cultist","floor":1.0,"turns":5.0},{"damage":0.0,"enemies":"Small Slimes","floor":2.0,"turns":3.0},{"damage":0.0,"enemies":"conspire:RoseBush","floor":5.0,"turns":4.0},{"damage":22.0,"enemies":"Gremlin Nob","floor":8.0,"turns":5.0},{"damage":1.0,"enemies":"conspire:2 RoseBushes","floor":10.0,"turns":5.0},{"damage":0.0,"enemies":"Hexaghost","floor":16.0,"turns":8.0},{"damage":6.0,"enemies":"Shell Parasite","floor":18.0,"turns":4.0},{"damage":0.0,"enemies":"Chosen","floor":24.0,"turns":1.0},{"damage":0.0,"enemies":"Centurion and Healer","floor":25.0,"turns":3.0},{"damage":0.0,"enemies":"Cultist and Chosen","floor":28.0,"turns":2.0},{"damage":0.0,"enemies":"3 Cultists","floor":31.0,"turns":3.0},{"damage":0.0,"enemies":"Champ","floor":33.0,"turns":5.0},{"damage":2.0,"enemies":"3 Darklings","floor":35.0,"turns":2.0},{"damage":0.0,"enemies":"Orb Walker","floor":39.0,"turns":1.0},{"damage":0.0,"enemies":"3 Darklings","floor":40.0,"turns":3.0},{"damage":0.0,"enemies":"Maw","floor":42.0,"turns":2.0},{"damage":0.0,"enemies":"Writhing Mass","floor":44.0,"turns":2.0},{"damage":0.0,"enemies":"Giant Head","floor":45.0,"turns":3.0},{"damage":0.0,"enemies":"4 Shapes","floor":47.0,"turns":2.0},{"damage":0.0,"enemies":"Nemesis","floor":48.0,"turns":3.0},{"damage":0.0,"enemies":"Awakened One","floor":50.0,"turns":2.0},{"damage":0.0,"enemies":"Shield and Spear","floor":54.0,"turns":1.0},{"damage":0,"enemies":"The Heart","floor":55,"turns":5}],"seed_played":"8829927647227682720","potions_obtained":[{"floor":1.0,"key":"PowerPotion"},{"floor":5.0,"key":"SpeedPotion"},{"floor":18.0,"key":"Fire Potion"},{"floor":47.0,"key":"FairyPotion"}],"is_trial":false,"path_per_floor":["M","M","$","?","M","R","R","E","T","M","?","R","T","?","R","B",null,"M","?","?","?","$","R","M","M","T","$","M","?","R","M","R","B",null,"M","?","?","$","M","M","R","M","T","M","E","?","M","E","R","B",null,"R","$","E","B",null],"character_chosen":"IRONCLAD","items_purchased":["Membership Card","Peace Pipe","WingedGreaves","Magic Flower","Shrug It Off","Inflame","Strawberry","Shrug It Off","InkBottle","PreservedInsect","Body Slam","Shrug It Off","Lantern"],"campfire_rested":0,"item_purchase_floors":[0,0,0,0,0,0,0,0,0,0,0,0,53],"current_hp_per_floor":[48,57,57,46,55,55,55,42,42,50,50,50,50,33,33,42,87,87,87,87,43,43,43,57,71,71,71,85,85,85,87,87,87,87,87,90,80,80,90,90,90,90,90,90,90,90,90,90,90,90,90,90,90,90,90],"gold":137,"neow_bonus":"","is_daily":false,"chose_seed":false,"campfire_upgraded":6,"win_rate":0.0,"timestamp":1608009309,"path_taken":["M","?","$","?","M","R","R","E","T","M","?","R","?","?","R","BOSS","M","?","?","?","$","R","M","M","T","?","?","?","R","M","R","BOSS","M","?","?","$","M","M","R","M","T","M","E","?","?","E","R","BOSS","R","$","E","BOSS"],"items_purchased_type":["Relic","Relic","Relic","Relic","Card","Card","Relic","Card","Relic","Relic","Card","Card","Relic"],"build_version":"2020-12-13","purchased_purges":7,"victory":true,"max_hp_per_floor":[87,87,87,87,87,87,87,87,87,87,87,87,87,87,87,87,87,87,87,87,87,87,87,87,87,87,87,87,87,87,87,87,87,87,87,90,90,90,90,90,90,90,90,90,90,90,90,90,90,90,90,90,90,90,90],"card_choices":[{"not_picked":["True Grit","Pommel Strike","Headbutt"],"picked":"SKIP","floor":1.0},{"not_picked":["Clash","hubris:SharpeningStone","Dark Embrace"],"picked":"SKIP","floor":2.0},{"not_picked":["Clothesline","Iron Wave"],"picked":"Entrench","floor":5.0},{"not_picked":["Clothesline","Carnage","Spot Weakness"],"picked":"SKIP","floor":8.0},{"not_picked":["Rampage","Corruption"],"picked":"Shrug It Off","floor":10.0},{"not_picked":["Fiend Fire","Exhume"],"picked":"Barricade","floor":16.0},{"not_picked":["Headbutt","Wild Strike","Iron Wave"],"picked":"SKIP","floor":18.0},{"not_picked":["Dropkick","Sword Boomerang","Iron Wave"],"picked":"SKIP","floor":24.0},{"not_picked":["Second Wind","Headbutt","Fire Breathing"],"picked":"SKIP","floor":25.0},{"not_picked":["Wild Strike","Warcry+1"],"picked":"Thunderclap","floor":28.0},{"not_picked":["Clash+1","Battle Trance","Cleave"],"picked":"SKIP","floor":31.0},{"not_picked":["Sword Boomerang+1","Clash+1","Flex+1"],"picked":"SKIP","floor":35.0},{"not_picked":["Sadistic Nature","Flash of Steel"],"picked":"Trip","floor":37.0},{"not_picked":["Jack Of All Trades","Swift Strike"],"picked":"Deep Breath","floor":37.0},{"not_picked":["Thunderclap+1","Clash","Feel No Pain+1"],"picked":"SKIP","floor":39.0},{"not_picked":["Anger+1","True Grit","Reckless Charge"],"picked":"SKIP","floor":40.0},{"not_picked":["True Grit+1","Body Slam","Anger+1"],"picked":"SKIP","floor":42.0},{"not_picked":["Havoc+1","Shrug It Off+1","Anger+1"],"picked":"SKIP","floor":44.0},{"not_picked":["Iron Wave","Body Slam","Clothesline"],"picked":"SKIP","floor":45.0},{"not_picked":["Heavy Blade","Iron Wave+1"],"picked":"Seeing Red+1","floor":47.0},{"not_picked":["Thunderclap+1","Headbutt"],"picked":"Double Tap","floor":48.0},{"not_picked":["Inflame","hubris:CleavingFinish","Dark Embrace+1"],"picked":"SKIP","floor":54.0}],"player_experience":74182,"relics_obtained":[{"floor":8.0,"key":"Bag of Marbles"},{"floor":9.0,"key":"Regal Pillow"},{"floor":13.0,"key":"hubris:MysteriousPyramids"},{"floor":43.0,"key":"Shuriken"},{"floor":45.0,"key":"Vajra"},{"floor":46.0,"key":"Ancient Tea Set"},{"floor":48.0,"key":"Anchor"},{"floor":54.0,"key":"hubris:PeanutButter"}],"event_choices":[{"damage_healed":0.0,"max_hp_gain":0.0,"max_hp_loss":0.0,"gold_gain":75.0,"event_name":"betterThird:BetterGoop","player_choice":"Gold","floor":4.0,"gold_loss":0.0,"damage_taken":11.0},{"damage_healed":50.0,"max_hp_gain":0.0,"max_hp_loss":87.0,"gold_gain":0.0,"event_name":"betterThird:BetterShining","player_choice":"Upgrade","floor":14.0,"gold_loss":0.0,"damage_taken":17.0,"cards_upgraded":["Defend_R","Inflame"]},{"damage_healed":0.0,"max_hp_gain":0.0,"max_hp_loss":0.0,"gold_gain":0.0,"event_name":"The Library","player_choice":"Read","floor":19.0,"gold_loss":0.0,"damage_taken":0.0,"cards_obtained":["Body Slam"]},{"damage_healed":0.0,"max_hp_gain":87.0,"max_hp_loss":43.0,"gold_gain":0.0,"event_name":"betterAltar:BetterAltar","player_choice":" Idol ","floor":21.0,"potions_obtained":[],"relics_lost":[],"gold_loss":0.0,"damage_taken":44.0,"relics_obtained":["Bloody Idol"]},{"cards_removed":["Bash"],"damage_healed":0.0,"max_hp_gain":0.0,"max_hp_loss":0.0,"gold_gain":0.0,"event_name":"Beggar","player_choice":"Gave Gold","floor":29.0,"gold_loss":75.0,"damage_taken":0.0},{"damage_healed":0.0,"max_hp_gain":0.0,"max_hp_loss":0.0,"gold_gain":0.0,"event_name":"SensoryStone","player_choice":"Memory 3","floor":37.0,"gold_loss":0.0,"damage_taken":10.0},{"damage_healed":0.0,"max_hp_gain":0.0,"max_hp_loss":0.0,"gold_gain":0.0,"event_name":"Wheel of Change","player_choice":"Relic","floor":46.0,"gold_loss":0.0,"damage_taken":0.0}],"is_beta":false,"boss_relics":[{"not_picked":["hubris:HollowSoul","SlaversCollar"],"picked":"hubris:VirtuousBlindfold"},{"not_picked":["Philosopher\u0027s Stone","hubris:RunicObelisk"],"picked":"Runic Dome"}],"items_purged_floors":[0,3,22,27,27,38,38],"is_endless":false,"potions_floor_spawned":[1,5,18,25,31,33,35,42,44,47,48],"ascension_level":0}}