{"host":"77nx5a0i0k7ns1qu","time":1608022456,"event":{"mods":["2.2 Compatiblity","AchievementEnabler","AlwaysNeverKeys","Ascension Reborn","Ascension Unlocker","Aspiration","BaseMod","Better Note","BetterRewards","Card Filter","Card Forge","Challenge The Spire","Colored Powertips","Colorless Booster Pack","Conspire","Curses Come First","Custom Start","DeckTracker","Defuse TimeMaze Blight","Downfall","Energized Spire","Friendly Minions","GifTheSpireLib","Halation","Hubris","Hyrulean Relics","Infinite Spire","Marisa????????","Marked Mod","Mimic Mod","Minty Spire (QoL Compilation)","MostiFishMod","Prisma Mod","Random Character Mod","Rare Cards Sparkle","RatMod","Relic Stats","Replay The Spire","Reworked Bosses","Small Relic Pack","Spicy Shops","Spikes Relics","StSLib","Strawberry Spire","Stuff the Spire","The Alterego","The Blue Laboratory","The Factory","Trackpad","UnlockEverythingMod","Useless Jewels Mod","vexMod"],"gold_per_floor":[112,5,5,25,25,25,62,62,94,38,69,83,96,96,96,221,221,237,110,110,128,128,148,148,148,148,161,253,295,270,310,328,328,328,454,454,472,494,494,513,530,530,530,542,602,614,651,651,4,17,17,17,17,17,5,39,39],"floor_reached":58,"playtime":4232,"items_purged":[],"score":375,"play_id":"1a0590e6-7adf-49e1-85af-9fc849eca39b","local_time":"20201215035415","is_ascension_mode":true,"campfire_choices":[{"data":"Prostrate","floor":6,"key":"SMITH"},{"data":"PrismaMod:IllyaAssassinRevenge","floor":8,"key":"SMITH"},{"floor":24,"key":"REST"},{"floor":34,"key":"RECALL"},{"floor":42,"key":"REST"},{"data":"MostiFishMod:WinterMarkForm","floor":48,"key":"SMITH"},{"data":"sneckomod:Unknown0Cost","floor":54,"key":"SMITH"}],"circlet_count":0,"master_deck":["PrismaMod:ChloeCommonAttack+1","PrismaMod:ChloeCommonAttack+1","PrismaMod:ChloeCommonAttack+1","PrismaMod:ChloeCommonAttack+1","PrismaMod:ChloeCommonAttack+1","PrismaMod:ChloeCommonDefend+1","PrismaMod:ChloeCommonDefend+1","PrismaMod:ChloeCheapAttack+1","PrismaMod:ChloeCheapDefend+1","PrismaMod:ChloeCheapAttackTwo+1","Prostrate+1","PrismaMod:IllyaAssassinRevenge+1","PrismaMod:IllyaBride","Metallicize","Singularity","champ:EndlessRage+1","Undo","MostiFishMod:StarWish","MostiFishMod:FrostNova+1","MostiFishMod:WinterMarkForm+1","sneckomod:Unknown0Cost+1","PrismaMod:ChloeEyeOfTheEuryale","ReplayTheSpireMod:Chaos Vortex+1","expansioncontent:PrepareCrush+1","champ:StanceDance","PrismaMod:MiyuChristmas","infinitespire:UltimateForm","Guardian:Gem_Cyan","Guardian:SpikerProtocol","Hallucinations","Immolate","MostiFishMod:EE1D","MostiFishMod:EE1D","MostiFishMod:EE1D","PrismaMod:MiyuUberAOEAttack+1","StuffTheSpire:ShieldGenerator+2","hexamod:RainOfEmbers+1","relicPack:TruthCard","Guardian:HyperBeam_Guardian","EscapeVelocity","rat:AtrophicSteroids","PrismaMod:MiyuCheapChannelWeak+1","Deflect","PrismaMod:MiyuCheapDefend1+1","MostiFishMod:WinterMarkForm+1","PrismaMod:ChloeDemonicTutor","champ:EndlessRage","PrismaMod:ChloeCheapDefendTwo","ReplayTheSpireMod:IOU","ReplayTheSpireMod:Exploit Weakness+1"],"relics":["StuffTheSpire:OccultApparatus","Hammer of Thor","Seething Fire","Anvil of the Gods","DaveBox","NeowsBlessing","Question Card","PrismaticShard","ChiLing","Chi","Ling","hubris:Zylophone","infinitespire:PuzzleCube","Gremlin Food","trackpad:SneckoScepter","Dodecahedron","hubris:SlimyHat","halation:PinkSoulGem","infinitespire:Joker Card","ImportantClient","FrostBlade","Ice Cream","Replay:Baseball","halation:PrussianBluePaint","Quantum Egg","Du-Vu Doll","StuffTheSpire:Barrel","vexMod:MemoryStick","Pantograph","Ring of Peace","ReplayTheSpireMod:Ring of Collecting","WizardHat","EE1DDrone","trackpad:BottledShadow","relicPack:EdsArm","hubris:MedicalManual","Ring of Greed","halation:AfternoonTea","The Courier","MealTicket","strawberrySpire:KineticCharger","Bag of Preparation","DollysMirror","conspire:Dentures","trackpad:ByrdBGone","StuffTheSpire:OldFever","strawberrySpire:Fadefruit","Kunai"],"acts_visited":["Exordium","TheCity","TheBeyond","TheEnding"],"potions_floor_usage":[16],"damage_taken":[{"damage":0,"enemies":"2 Louse","floor":1,"turns":1},{"damage":0,"enemies":"Jaw Worm","floor":4,"turns":1},{"damage":1,"enemies":"Lagavulin","floor":7,"turns":1},{"damage":8,"enemies":"strawberrySpire:EnergyPylons","floor":11,"turns":2},{"damage":2,"enemies":"conspire:RoseBush","floor":12,"turns":1},{"damage":2,"enemies":"Large Slime","floor":13,"turns":2},{"damage":6,"enemies":"Hexaghost","floor":16,"turns":4},{"damage":2,"enemies":"Spheric Guardian","floor":18,"turns":2},{"damage":3,"enemies":"Shell Parasite","floor":21,"turns":2},{"damage":1,"enemies":"Snake Plant","floor":23,"turns":2},{"damage":0,"enemies":"Chosen and Byrds","floor":27,"turns":2},{"damage":3,"enemies":"strawberrySpire:AncientClocktower","floor":29,"turns":4},{"damage":3,"enemies":"Nightmare","floor":31,"turns":5},{"damage":0,"enemies":"Snecko","floor":32,"turns":2},{"damage":1,"enemies":"bossMod:newChamp","floor":35,"turns":4},{"damage":0,"enemies":"Orb Walker","floor":37,"turns":2},{"damage":1,"enemies":"3 Darklings","floor":38,"turns":4},{"damage":0,"enemies":"Writhing Mass","floor":40,"turns":3},{"damage":0,"enemies":"Maw","floor":41,"turns":4},{"damage":0,"enemies":"Transient","floor":44,"turns":4},{"damage":0,"enemies":"3 Darklings","floor":46,"turns":1},{"damage":0,"enemies":"R_Hoarder","floor":47,"turns":4},{"damage":0,"enemies":"Jaw Worm Horde","floor":50,"turns":2},{"damage":0,"enemies":"bossMod:newShapes","floor":52,"turns":4},{"damage":0,"enemies":"Shield and Spear","floor":56,"turns":3},{"damage":0,"enemies":"The Heart","floor":57,"turns":5}],"seed_played":"8894532660996433198","potions_obtained":[{"floor":1,"key":"blueLaboratory:CorrosionFlask"},{"floor":4,"key":"Block Potion"},{"floor":7,"key":"blueLaboratory:PhilterOfMotion"},{"floor":11,"key":"PowerPotion"},{"floor":16,"key":"blueLaboratory:HummingbirdPotion"}],"is_trial":false,"path_per_floor":["M","$","?","M","?","R","E","R","T","$","E","M","M","?","R","B",null,"M","$","T","M","?","M","R","PTL","PTL","M","T","E","?","NM","M","?","R","B",null,"M","M","?","M","M","R","?","M","T","M","E","R","$","M","R","B",null,"R","$","E","B",null],"character_chosen":"CHLOE","items_purchased":["ChiLing","trackpad:SneckoScepter","Dodecahedron","Ice Cream","Replay:Baseball","PrismaMod:ChloeEyeOfTheEuryale","Bag of Preparation","DollysMirror","conspire:Dentures","trackpad:ByrdBGone","StuffTheSpire:OldFever","PrismaMod:ChloeDemonicTutor","PrismaMod:ChloeCheapDefendTwo"],"campfire_rested":2,"item_purchase_floors":[2,10,10,19,19,19,49,49,49,49,49,49,55],"current_hp_per_floor":[79,79,79,79,79,79,78,78,78,78,70,68,69,69,69,70,83,81,81,81,78,78,77,83,83,83,83,83,80,80,81,81,81,81,87,87,87,86,86,86,86,87,82,82,82,82,82,82,82,82,82,86,86,86,86,86,90],"gold":39,"neow_bonus":"THREE_ENEMY_KILL","is_daily":false,"chose_seed":false,"campfire_upgraded":4,"win_rate":0.0,"timestamp":1608022455,"path_taken":["M","$","?","M","?","R","E","R","T","?","E","?","M","?","R","BOSS","M","$","?","M","?","M","R","PTL","PTL","M","T","E","?","NM","M","?","R","BOSS","M","M","?","M","M","R","?","M","T","M","E","R","$","M","R","BOSS","R","$","E","BOSS"],"items_purchased_type":["Relic","Relic","Relic","Relic","Relic","Card","Relic","Relic","Relic","Relic","Relic","Card","Card"],"build_version":"2020-12-13","purchased_purges":0,"victory":true,"max_hp_per_floor":[79,79,79,79,79,79,79,79,79,79,79,79,79,79,79,83,83,83,83,83,83,83,83,83,83,83,83,83,83,83,83,83,83,83,87,87,87,87,87,87,87,87,82,82,82,82,82,82,82,82,82,86,86,86,86,86,90],"relic_stats":{"counters":[26,71],"Pantograph":2,"MealTicket":0,"Bag of Preparation":[8],"Kunai":[1],"Question Card":34,"obtain_stats":[{"Ice Cream":19,"StuffTheSpire:Barrel":29,"vexMod:MemoryStick":31,"Chi":2,"Hammer of Thor":0,"trackpad:ByrdBGone":49,"PrismaMod:PrismaTraceOn":0,"trackpad:SneckoScepter":10,"halation:PrussianBluePaint":20,"DollysMirror":49,"MealTicket":45,"Kunai":56,"ImportantClient":16,"conspire:Dentures":49,"Dodecahedron":10,"Question Card":1,"hubris:Zylophone":7,"FrostBlade":17,"Du-Vu Doll":28,"relicPack:EdsArm":43,"Ling":2,"Replay:Baseball":19,"EE1DDrone":36,"Anvil of the Gods":0,"ReplayTheSpireMod:Ring of Collecting":33,"trackpad:BottledShadow":40,"infinitespire:PuzzleCube":9,"StuffTheSpire:OldFever":49,"ChiLing":2,"WizardHat":35,"DaveBox":0,"strawberrySpire:Blandfruit":15,"hubris:SlimyHat":11,"Bag of Preparation":49,"strawberrySpire:Fadefruit":51,"PrismaticShard":1,"StuffTheSpire:OccultApparatus":5,"Pantograph":32,"Ring of Peace":33,"Gremlin Food":9,"NeowsBlessing":0,"Quantum Egg":20,"infinitespire:Joker Card":16,"hubris:MedicalManual":45,"The Courier":45,"Seething Fire":0,"Ring of Greed":45,"strawberrySpire:KineticCharger":47,"halation:AfternoonTea":45,"halation:PinkSoulGem":14},{"Ice Cream":8,"StuffTheSpire:Barrel":12,"vexMod:MemoryStick":13,"Chi":1,"Hammer of Thor":0,"trackpad:ByrdBGone":22,"PrismaMod:PrismaTraceOn":0,"trackpad:SneckoScepter":3,"halation:PrussianBluePaint":8,"DollysMirror":22,"MealTicket":20,"Kunai":25,"ImportantClient":7,"conspire:Dentures":22,"Dodecahedron":3,"Question Card":1,"hubris:Zylophone":3,"FrostBlade":7,"Du-Vu Doll":11,"relicPack:EdsArm":19,"Ling":1,"Replay:Baseball":8,"EE1DDrone":15,"Anvil of the Gods":0,"ReplayTheSpireMod:Ring of Collecting":14,"trackpad:BottledShadow":18,"infinitespire:PuzzleCube":3,"StuffTheSpire:OldFever":22,"ChiLing":1,"WizardHat":15,"DaveBox":0,"strawberrySpire:Blandfruit":6,"hubris:SlimyHat":4,"Bag of Preparation":22,"strawberrySpire:Fadefruit":23,"PrismaticShard":1,"StuffTheSpire:OccultApparatus":2,"Pantograph":14,"Ring of Peace":14,"Gremlin Food":3,"NeowsBlessing":0,"Quantum Egg":8,"infinitespire:Joker Card":7,"hubris:MedicalManual":20,"The Courier":20,"Seething Fire":0,"Ring of Greed":20,"strawberrySpire:KineticCharger":22,"halation:AfternoonTea":20,"halation:PinkSoulGem":6},{"Ice Cream":14,"StuffTheSpire:Barrel":24,"vexMod:MemoryStick":29,"Chi":1,"Hammer of Thor":0,"trackpad:ByrdBGone":57,"PrismaMod:PrismaTraceOn":0,"trackpad:SneckoScepter":3,"halation:PrussianBluePaint":14,"DollysMirror":57,"MealTicket":52,"Kunai":66,"ImportantClient":12,"conspire:Dentures":57,"Dodecahedron":3,"Question Card":1,"hubris:Zylophone":3,"FrostBlade":12,"Du-Vu Doll":20,"relicPack:EdsArm":48,"Ling":1,"Replay:Baseball":14,"EE1DDrone":35,"Anvil of the Gods":0,"ReplayTheSpireMod:Ring of Collecting":31,"trackpad:BottledShadow":44,"infinitespire:PuzzleCube":3,"StuffTheSpire:OldFever":57,"ChiLing":1,"WizardHat":35,"DaveBox":0,"strawberrySpire:Blandfruit":8,"hubris:SlimyHat":5,"Bag of Preparation":57,"strawberrySpire:Fadefruit":59,"PrismaticShard":1,"StuffTheSpire:OccultApparatus":2,"Pantograph":31,"Ring of Peace":31,"Gremlin Food":3,"NeowsBlessing":0,"Quantum Egg":14,"infinitespire:Joker Card":12,"hubris:MedicalManual":52,"The Courier":52,"Seething Fire":0,"Ring of Greed":52,"strawberrySpire:KineticCharger":57,"halation:AfternoonTea":52,"halation:PinkSoulGem":8}]},"card_choices":[{"not_picked":["PrismaMod:ChloeDiscardRecovery","PrismaMod:ChloeGaeBolg"],"picked":"PrismaMod:ChloeCheapAttackTwo+1","floor":1},{"not_picked":["EmptyBody+1","Cloak And Dagger","sneckomod:UnknownClassGREEN"],"picked":"Prostrate","floor":4},{"not_picked":["hubris:Ssssneak","sneckomod:SoulRoll","UnstableBomb"],"picked":"PrismaMod:IllyaAssassinRevenge","floor":7},{"not_picked":["strawberrySpire:DraftPunk","Infernal Blade","Eviscerate"],"picked":"PrismaMod:IllyaBride","floor":7},{"not_picked":["PrismaMod:IllyaBride","Slimebound:Teamwork","expansioncontent:PrepareCrush"],"picked":"Metallicize","floor":11},{"not_picked":["hexamod:ThermalTransfer","PrismaMod:IllyaUberPoisonBlock","champ:TornadoPunch"],"picked":"Singularity","floor":11},{"not_picked":["PrismaMod:MiyuCarnivalAttack","Slimebound:GrowthPunch","Heavy Blade+1"],"picked":"champ:EndlessRage","floor":12},{"not_picked":["PrismaMod:IllyaDetonatingBlow","Guardian:WalkerClaw","PrismaMod:MiyuCarnivalAttack+1"],"picked":"Undo","floor":13},{"not_picked":["PrismaMod:ChloeUnlimitedBladeWorks","Hyperbeam","MostiFishMod:InterfaceCompatibility"],"picked":"MostiFishMod:StarWish","floor":16},{"not_picked":["Sword Boomerang+1","rat:EchoingStrikes+1","PrismaMod:IllyaGrail"],"picked":"sneckomod:Unknown0Cost","floor":18},{"not_picked":["strawberrySpire:GearCrunch","Slimebound:FormOfPuddle","PrismaMod:MiyuUncommonPlate"],"picked":"RefreshScreen","floor":21},{"not_picked":["strawberrySpire:FireDrill","alterego_mod:Maid+1","hubris:CleavingFinish"],"picked":"expansioncontent:PrepareCrush+1","floor":23},{"not_picked":["GrandCross+1","Conserve Battery","PrismaMod:IllyaTestament"],"picked":"champ:StanceDance","floor":27},{"not_picked":["champ:FanOfKnives","Shockwave+1","Bane"],"picked":"PrismaMod:MiyuChristmas","floor":29},{"not_picked":["infinitespire:DeathsTouch","infinitespire:Punishment"],"picked":"infinitespire:UltimateForm","floor":31},{"not_picked":["hexamod:RainOfEmbers","Blasphemy","Body Slam"],"picked":"Guardian:Gem_Cyan","floor":31},{"not_picked":["Guardian:PrismaticBeam+1","Backflip+1","Dagger Spray+1"],"picked":"Guardian:SpikerProtocol","floor":32},{"not_picked":["Burst","BigCrunch","MostiFishMod:SupremeArchaeology"],"picked":"Immolate","floor":35},{"not_picked":["champ:FlashCut","Steam+1","strawberrySpire:Spite+1"],"picked":"PrismaMod:MiyuUberAOEAttack+1","floor":37},{"not_picked":["rat:Exsanguinate","alterego_mod:PerceptionDisorder+1","Steam+1"],"picked":"StuffTheSpire:ShieldGenerator+1","floor":38},{"not_picked":["hexamod:BacktrackSmack+1","Protect+1","Slice+1"],"picked":"alterego_mod:Cycle+1","floor":40},{"not_picked":["PrismaMod:MiyuEvokeBuffDex","rat:SilverDagger+1","Slimebound:SplitMire+1"],"picked":"hexamod:RainOfEmbers+1","floor":41},{"not_picked":["PrismaMod:ChloeRitsuka+1","MostiFishMod:Awakening","Beam Cell"],"picked":"PrismaMod:MiyuCheapChannelWeak+1","floor":44},{"not_picked":["sneckomod:DiceBoulder+1","PrismaMod:IllyaHassanGift+1","StuffTheSpire:MirrorStance+1"],"picked":"Deflect","floor":46},{"not_picked":["Go for the Eyes+1","Robbery","Conserve Battery+1"],"picked":"PrismaMod:MiyuCheapDefend1+1","floor":47},{"not_picked":["hexamod:HeatShield+1","Compile Driver+1","PrismaMod:IllyaUpgradeOrbs+1"],"picked":"champ:EndlessRage","floor":50},{"not_picked":["Guardian:TimeBomb+1","Streamline","StuffTheSpire:Plugnplay"],"picked":"ReplayTheSpireMod:Exploit Weakness+1","floor":56}],"player_experience":657651,"relics_obtained":[{"floor":1,"key":"Question Card"},{"floor":1,"key":"PrismaticShard"},{"floor":7,"key":"hubris:Zylophone"},{"floor":9,"key":"infinitespire:PuzzleCube"},{"floor":9,"key":"Gremlin Food"},{"floor":11,"key":"hubris:SlimyHat"},{"floor":16,"key":"infinitespire:Joker Card"},{"floor":16,"key":"ImportantClient"},{"floor":20,"key":"halation:PrussianBluePaint"},{"floor":20,"key":"Quantum Egg"},{"floor":28,"key":"Du-Vu Doll"},{"floor":29,"key":"StuffTheSpire:Barrel"},{"floor":31,"key":"vexMod:MemoryStick"},{"floor":32,"key":"Pantograph"},{"floor":33,"key":"Ring of Peace"},{"floor":33,"key":"ReplayTheSpireMod:Ring of Collecting"},{"floor":35,"key":"WizardHat"},{"floor":40,"key":"trackpad:BottledShadow"},{"floor":45,"key":"hubris:MedicalManual"},{"floor":45,"key":"Ring of Greed"},{"floor":45,"key":"halation:AfternoonTea"},{"floor":45,"key":"The Courier"},{"floor":45,"key":"MealTicket"},{"floor":47,"key":"strawberrySpire:KineticCharger"},{"floor":51,"key":"strawberrySpire:Fadefruit"},{"floor":56,"key":"Kunai"}],"event_choices":[{"damage_healed":0,"gold_gain":0,"player_choice":"Leave","damage_taken":0,"max_hp_gain":0,"max_hp_loss":0,"event_name":"conspire:Investor","floor":3,"gold_loss":0},{"cards_removed":["MostiFishMod:WinterMarkForm"],"damage_healed":0,"gold_gain":0,"player_choice":"Take \u0026 Give","damage_taken":0,"max_hp_gain":0,"max_hp_loss":0,"event_name":"betterNote:BetterNote","floor":22,"gold_loss":0,"cards_obtained":["ReplayTheSpireMod:Chaos Vortex"]}],"is_beta":false,"boss_relics":[{"not_picked":["conspire:SpecialSausage","aspiration:WatcherSkillbook"],"picked":"FrostBlade"},{"not_picked":["hubris:VirtuousBlindfold","hubris:GrandSneckoEye"],"picked":"EE1DDrone"}],"items_purged_floors":[],"is_endless":false,"potions_floor_spawned":[12,21,23,29,38,47,50],"ascension_level":-20}}