{"host":"9ndbo4kgsfoemf7y","time":1608027098,"event":{"mods":["AchievementEnabler","BaseMod","Colored Map","DeckTracker","Keyboard Shortcuts","Minty Spire (QoL Compilation)","Permanent Neow","Quick Restart","Relic Stats","StSLib","SuperFastMode"],"gold_per_floor":[116,116,41,191,215,215,215,215],"floor_reached":7,"playtime":159,"items_purged":["Strike_G"],"score":70,"play_id":"f408dff6-30d6-47b8-aed7-7e178e3113e3","local_time":"20201215191138","is_ascension_mode":true,"campfire_choices":[{"data":"Neutralize","floor":6,"key":"SMITH"}],"circlet_count":0,"master_deck":["AscendersBane","Strike_G","Strike_G","Strike_G","Strike_G","Defend_G","Defend_G","Defend_G","Defend_G","Defend_G","Survivor","Neutralize+1","Clumsy","Die Die Die","Acrobatics","Doubt","Deadly Poison"],"relics":["Ring of the Snake","Golden Idol"],"acts_visited":["Exordium"],"potions_floor_usage":[],"damage_taken":[{"damage":0,"enemies":"Small Slimes","floor":1,"turns":2},{"damage":4,"enemies":"Jaw Worm","floor":5,"turns":4},{"damage":58,"enemies":"3 Sentries","floor":7,"turns":8}],"seed_played":"5438797023869804468","potions_obtained":[],"is_trial":false,"path_per_floor":["M","?","$","?","M","R","E"],"character_chosen":"THE_SILENT","items_purchased":[],"campfire_rested":0,"item_purchase_floors":[],"current_hp_per_floor":[59,59,59,59,55,55,0,0],"gold":215,"neow_bonus":"THREE_RARE_CARDS","is_daily":false,"chose_seed":false,"campfire_upgraded":1,"win_rate":0.0,"timestamp":1608027098,"path_taken":["M","?","$","?","M","R","E"],"items_purchased_type":[],"build_version":"2020-12-13","purchased_purges":1,"victory":false,"max_hp_per_floor":[66,60,60,60,60,60,60,60],"relic_stats":{"counters":[3,14],"Golden Idol":5,"obtain_stats":[{"Golden Idol":2,"Ring of the Snake":0},{"Golden Idol":1,"Ring of the Snake":0},{"Golden Idol":2,"Ring of the Snake":0}],"Ring of the Snake":[6]},"card_choices":[{"not_picked":["Phantasmal Killer","Envenom"],"picked":"Die Die Die","floor":0},{"not_picked":["PiercingWail","Riddle With Holes"],"picked":"Acrobatics","floor":1},{"not_picked":["Bane","Acrobatics"],"picked":"Deadly Poison","floor":5}],"player_experience":677447,"relics_obtained":[],"event_choices":[{"damage_healed":0,"gold_gain":0,"player_choice":"Lose Max HP","damage_taken":0,"relics_obtained":["Golden Idol"],"max_hp_gain":0,"max_hp_loss":6,"event_name":"Golden Idol","floor":2,"gold_loss":0},{"damage_healed":0,"gold_gain":150,"player_choice":"AGREE","damage_taken":0,"max_hp_gain":0,"max_hp_loss":0,"event_name":"Liars Game","floor":4,"gold_loss":0,"cards_obtained":["Doubt"]}],"is_beta":false,"boss_relics":[],"items_purged_floors":[3],"is_endless":false,"potions_floor_spawned":[],"killed_by":"3 Sentries","ascension_level":16}}