{"host":"f55lpzc7830gmx23","time":1608062846,"event":{"mods":["BaseMod","Better Note","Downfall","Hermit","Minty Spire (QoL Compilation)","StSLib","The Blackbeard","The Cursed","The Necromancer"],"gold_per_floor":[119,119,137,157,157,184,202,202,202,25,25,58,58,73,73,168,168,181,199,219,24,24,58,70,70,70,70],"floor_reached":25,"playtime":1581,"items_purged":[],"score":290,"play_id":"a65b4f3c-faea-43c8-8f90-39aa4eacd26e","local_time":"20201215210726","is_ascension_mode":true,"campfire_choices":[{"floor":8,"key":"REST"},{"floor":15,"key":"REST"}],"circlet_count":0,"master_deck":["blackbeard:BlackbeardStrike","blackbeard:BlackbeardStrike","blackbeard:BlackbeardStrike","blackbeard:BlackbeardStrike","blackbeard:IntimidatingStrike","blackbeard:BlackbeardDefend","blackbeard:BlackbeardDefend","blackbeard:BlackbeardDefend","blackbeard:BlackbeardDefend","blackbeard:Cutlass","blackbeard:JollyRoger","blackbeard:BeatUp+1","blackbeard:GoldenStrike","blackbeard:CloakAndCannonball","blackbeard:RemoveScurvy","blackbeard:DangerousBlow","blackbeard:GoldenStrike","blackbeard:Sword","blackbeard:Salvager","CurseOfTheBell","blackbeard:Scrap+1","blackbeard:GoldenDefense+1","blackbeard:GoldenCannonball+1","blackbeard:Spear+1","blackbeard:GoldenCannonball","blackbeard:GoldenDefense+1"],"relics":["blackbeard:LoadTheCannons","Ginger","Question Card","Happy Flower","Shuriken","blackbeard:CannonballsOfSteel","Calling Bell","Vajra","Toxic Egg 2","Lizard Tail","blackbeard:CrossedSwords"],"acts_visited":["Exordium","TheCity"],"potions_floor_usage":[6,18,18,23,25],"damage_taken":[{"damage":1,"enemies":"Jaw Worm","floor":1,"turns":4},{"damage":2,"enemies":"Cultist","floor":3,"turns":4},{"damage":2,"enemies":"Small Slimes","floor":4,"turns":3},{"damage":28,"enemies":"Gremlin Nob","floor":6,"turns":4},{"damage":6,"enemies":"2 Fungi Beasts","floor":7,"turns":3},{"damage":25,"enemies":"3 Sentries","floor":12,"turns":6},{"damage":16,"enemies":"Lots of Slimes","floor":14,"turns":4},{"damage":10,"enemies":"Slime Boss","floor":16,"turns":8},{"damage":20,"enemies":"2 Thieves","floor":18,"turns":3},{"damage":23,"enemies":"Spheric Guardian","floor":19,"turns":4},{"damage":7,"enemies":"Shelled Parasite and Fungi","floor":20,"turns":4},{"damage":22,"enemies":"Snake Plant","floor":23,"turns":3},{"damage":2,"enemies":"Snecko","floor":24,"turns":4},{"damage":71,"enemies":"Slavers","floor":25,"turns":4}],"seed_played":"-1167302069686747543","potions_obtained":[{"floor":1,"key":"BlessingOfTheForge"},{"floor":6,"key":"champ:CounterPotion"},{"floor":14,"key":"hexamod:EctoCoolerPotion"},{"floor":20,"key":"Slimebound:ThreeZeroPotion"},{"floor":24,"key":"EssenceOfSteel"}],"is_trial":false,"path_per_floor":["M","?","M","M","?","E","M","R","T","$","?","E","?","M","R","B",null,"M","M","M","$","?","M","M","E"],"character_chosen":"BLACKBEARD_CLASS","items_purchased":["blackbeard:DangerousBlow","Happy Flower","blackbeard:CrossedSwords","blackbeard:Spear+1"],"campfire_rested":2,"item_purchase_floors":[10,10,21,21],"current_hp_per_floor":[67,85,83,81,81,53,47,72,72,72,69,49,49,38,63,53,77,57,39,32,32,32,10,13,0,0,0],"gold":70,"neow_bonus":"ONE_RANDOM_RARE_CARD","is_daily":false,"chose_seed":false,"campfire_upgraded":0,"win_rate":0.0,"timestamp":1608062846,"path_taken":["M","?","M","?","?","E","M","R","T","?","?","E","?","M","R","BOSS","M","?","M","$","?","M","M","E"],"items_purchased_type":["Card","Relic","Relic","Card"],"build_version":"2020-12-13","purchased_purges":0,"victory":false,"max_hp_per_floor":[75,85,85,85,85,85,85,85,85,85,85,85,85,85,85,85,85,85,85,85,85,85,85,85,85,85,85],"card_choices":[{"not_picked":["blackbeard:BuriedTreasure","blackbeard:PirateEarring"],"picked":"blackbeard:JollyRoger","floor":1},{"not_picked":["blackbeard:CloakAndCannonball","blackbeard:AgileStrike"],"picked":"blackbeard:BeatUp","floor":3},{"not_picked":["blackbeard:CaptainsCabin","blackbeard:PiratesWill"],"picked":"blackbeard:GoldenStrike","floor":4},{"not_picked":["blackbeard:FishingNets","blackbeard:BlindAttacks"],"picked":"blackbeard:CloakAndCannonball","floor":6},{"not_picked":["blackbeard:HumongousCannonball","blackbeard:DeadlyArsenal"],"picked":"blackbeard:RemoveScurvy","floor":7},{"not_picked":["blackbeard:Spear","blackbeard:TacticalRetreat","blackbeard:DeadlyArsenal"],"picked":"blackbeard:GoldenStrike","floor":12},{"not_picked":["blackbeard:TacticalRetreat","blackbeard:Fencing","blackbeard:PirateHook"],"picked":"blackbeard:Sword","floor":14},{"not_picked":["blackbeard:HumongousCannonball","blackbeard:ReapersScythe","blackbeard:MegaUpgrade"],"picked":"blackbeard:Salvager","floor":16},{"not_picked":["blackbeard:SwordDance+1","blackbeard:WiseDefense+1","blackbeard:Bandana"],"picked":"blackbeard:Scrap+1","floor":18},{"not_picked":["blackbeard:ChaoticDefense+1","blackbeard:Toast+1","blackbeard:GoldenStrike"],"picked":"blackbeard:GoldenDefense+1","floor":19},{"not_picked":["blackbeard:Toast+1","blackbeard:Scrap+1","blackbeard:Sharpening+1"],"picked":"blackbeard:GoldenCannonball+1","floor":20},{"not_picked":["blackbeard:Toast+1","blackbeard:AgileStrike+1","blackbeard:Shrapnel"],"picked":"blackbeard:GoldenCannonball","floor":23},{"not_picked":["blackbeard:Dagger+1","blackbeard:InfiniteBarrage+1","blackbeard:Shrapnel"],"picked":"blackbeard:GoldenDefense+1","floor":24}],"player_experience":410641,"relics_obtained":[{"floor":6,"key":"Ginger"},{"floor":9,"key":"Question Card"},{"floor":12,"key":"blackbeard:CannonballsOfSteel"},{"floor":17,"key":"Vajra"},{"floor":17,"key":"Toxic Egg 2"},{"floor":17,"key":"Lizard Tail"}],"event_choices":[{"cards_removed":["blackbeard:MegaUpgrade"],"damage_healed":8,"gold_gain":0,"player_choice":"Offered Rare","damage_taken":0,"max_hp_gain":10,"max_hp_loss":0,"event_name":"Bonfire Elementals","floor":2,"gold_loss":0},{"damage_healed":0,"gold_gain":0,"player_choice":"Ignored","damage_taken":0,"max_hp_gain":0,"max_hp_loss":0,"event_name":"Golden Wing","floor":5,"gold_loss":0},{"damage_healed":0,"gold_gain":0,"player_choice":"Success","damage_taken":3,"relics_obtained":["Shuriken"],"max_hp_gain":0,"max_hp_loss":0,"event_name":"Scrap Ooze","floor":11,"gold_loss":0},{"damage_healed":0,"gold_gain":0,"player_choice":"Upgraded","damage_taken":0,"max_hp_gain":0,"max_hp_loss":0,"event_name":"Upgrade Shrine","floor":13,"gold_loss":0,"cards_upgraded":["blackbeard:BeatUp"]},{"cards_removed":["blackbeard:BlackbeardStrike"],"damage_healed":0,"gold_gain":0,"player_choice":"Give","damage_taken":0,"max_hp_gain":0,"max_hp_loss":0,"event_name":"betterNote:BetterNote","floor":22,"gold_loss":0,"cards_obtained":["Injury"]}],"is_beta":false,"boss_relics":[{"not_picked":["Fusion Hammer","Sozu"],"picked":"Calling Bell"}],"items_purged_floors":[],"is_endless":false,"potions_floor_spawned":[1,6,14,20,24],"killed_by":"Slavers","ascension_level":7}}