{"host":"1hv1kueuvc4r3rdp","time":1608002654,"event":{"mods":["AchievementEnabler","BaseMod","DeckTracker","Highlight Path","Minty Spire (QoL Compilation)","Permanent Neow","StSLib"],"gold_per_floor":[366,384,156,156,171,171,196,196,196,208,239,239,258,275,275,371,371,384,59,72,82,82,82],"floor_reached":22,"playtime":1013,"items_purged":["Parasite"],"score":248,"play_id":"e95eee36-6cb8-4f6b-80d7-fc932d8dc6e6","local_time":"20201214212414","is_ascension_mode":true,"campfire_choices":[{"data":"Streamline","floor":6,"key":"SMITH"},{"floor":8,"key":"REST"},{"data":"Auto Shields","floor":12,"key":"SMITH"},{"floor":15,"key":"REST"}],"circlet_count":0,"master_deck":["Strike_B","Strike_B","Strike_B","Strike_B","Defend_B","Defend_B","Defend_B","Defend_B","Zap","Dualcast","Streamline+1","Auto Shields+1","Consume","Capacitor+1","Sweeping Beam","Seek","Melter","Reinforced Body+1"],"relics":["Cracked Core","Happy Flower","Letter Opener","TungstenRod","Frozen Egg 2","Mummified Hand","Sozu","Sundial"],"acts_visited":["Exordium","TheCity"],"potions_floor_usage":[21,22],"damage_taken":[{"damage":0,"enemies":"Small Slimes","floor":1,"turns":2},{"damage":10,"enemies":"Cultist","floor":2,"turns":4},{"damage":0,"enemies":"2 Louse","floor":5,"turns":2},{"damage":26,"enemies":"Gremlin Nob","floor":7,"turns":4},{"damage":9,"enemies":"Blue Slaver","floor":10,"turns":3},{"damage":27,"enemies":"3 Sentries","floor":11,"turns":6},{"damage":0,"enemies":"Exordium Wildlife","floor":13,"turns":3},{"damage":0,"enemies":"3 Louse","floor":14,"turns":3},{"damage":24,"enemies":"The Guardian","floor":16,"turns":13},{"damage":17,"enemies":"2 Thieves","floor":18,"turns":4},{"damage":28,"enemies":"Chosen","floor":20,"turns":5},{"damage":12,"enemies":"Shelled Parasite and Fungi","floor":21,"turns":5},{"damage":13,"enemies":"Centurion and Healer","floor":22,"turns":2}],"seed_played":"7649600315722237690","potions_obtained":[{"floor":2,"key":"FocusPotion"},{"floor":5,"key":"SkillPotion"},{"floor":7,"key":"DuplicationPotion"}],"is_trial":false,"path_per_floor":["M","M","$","?","M","R","E","R","T","M","E","R","M","M","R","B",null,"M","$","M","M","M"],"character_chosen":"DEFECT","items_purchased":["Happy Flower","Melter","Sundial"],"campfire_rested":2,"item_purchase_floors":[3,19,19],"current_hp_per_floor":[75,65,65,65,65,65,39,60,60,51,24,24,24,24,45,21,59,42,42,14,2,0,0],"gold":82,"neow_bonus":"TWO_FIFTY_GOLD","is_daily":false,"chose_seed":false,"campfire_upgraded":2,"win_rate":0.0,"timestamp":1608002654,"path_taken":["M","M","$","?","M","R","E","R","T","M","E","R","?","M","R","BOSS","M","$","M","M","M"],"items_purchased_type":["Relic","Card","Relic"],"build_version":"2020-12-13","purchased_purges":1,"victory":false,"max_hp_per_floor":[75,75,72,72,72,72,72,72,72,72,72,72,72,72,72,72,72,72,72,72,72,72,72],"card_choices":[{"not_picked":["Chaos","Leap"],"picked":"Streamline","floor":1},{"not_picked":["Stack","Sunder"],"picked":"Auto Shields","floor":2},{"not_picked":["Conserve Battery","Capacitor","Compile Driver"],"picked":"SKIP","floor":5},{"not_picked":["Scrape","Hello World"],"picked":"Consume","floor":7},{"not_picked":["Rebound","Hologram","Biased Cognition+1"],"picked":"SKIP","floor":10},{"not_picked":["Skim","Compile Driver","Barrage"],"picked":"SKIP","floor":11},{"not_picked":["Heatsinks+1","Conserve Battery"],"picked":"Capacitor+1","floor":13},{"not_picked":["Doom and Gloom","Rebound"],"picked":"Sweeping Beam","floor":14},{"not_picked":["Hyperbeam","All For One"],"picked":"Seek","floor":16},{"not_picked":["Redo","Aggregate","Beam Cell"],"picked":"SKIP","floor":18},{"not_picked":["Compile Driver","Stack","Chaos"],"picked":"SKIP","floor":20},{"not_picked":["Lockon","Barrage"],"picked":"Reinforced Body+1","floor":21}],"player_experience":1011701,"relics_obtained":[{"floor":7,"key":"TungstenRod"},{"floor":9,"key":"Frozen Egg 2"},{"floor":11,"key":"Mummified Hand"}],"event_choices":[{"damage_healed":0,"gold_gain":0,"player_choice":"Gave Potion","damage_taken":0,"relics_obtained":["Letter Opener"],"max_hp_gain":0,"max_hp_loss":0,"event_name":"WeMeetAgain","floor":4,"gold_loss":0}],"is_beta":false,"boss_relics":[{"not_picked":["Snecko Eye","Runic Dome"],"picked":"Sozu"}],"items_purged_floors":[3],"is_endless":false,"potions_floor_spawned":[2,5,7],"killed_by":"Centurion and Healer","ascension_level":5}}