{"host":"g1nobhbyuiiqkluq","time":1608006931,"event":{"mods":["Act Like it!","Aspiration","BaseMod","Better Match","Better Skull","Block Reminder","Conspire","Halation","Hubris","Minty Spire (QoL Compilation)","Quick Restart","Relic Stats","Replay The Spire","Spicy Shops","Spikes Relics","StSLib","SuperFastMode"],"gold_per_floor":[363,363,363,375,158,158,191,207,255,275,300,320,350,223,223,321,321,340,2,21,39,39,39,56,67,67,67,67,30,44,54,54,157,157,176,176,7,7,24,54,71,71,94,123,123,123,148,148,148,148],"floor_reached":51,"playtime":2008,"items_purged":["Strike_R","Strike_R","Strike_R","Bash","Pride"],"score":705,"play_id":"889f3016-5cd4-4494-960a-4ebb38d04427","local_time":"20201214203531","is_ascension_mode":false,"campfire_choices":[{"data":"Shrug It Off","floor":6.0,"key":"SMITH"},{"data":"PlatinumSkin","floor":15.0,"key":"SMITH"},{"data":"Body Slam","floor":23.0,"key":"SMITH"},{"data":"True Grit","floor":28.0,"key":"SMITH"},{"data":"Entrench","floor":42,"key":"SMITH"},{"data":"Barricade","floor":45,"key":"SMITH"},{"data":"Strike_R+1","floor":49,"key":"PURGE"}],"circlet_count":0,"master_deck":["Defend_R","Defend_R","Defend_R","Defend_R+1","Shrug It Off+1","Cleave","Demon Form","True Grit+1","ReplayReversal","PlatinumSkin+1","ReplayTheSpireMod:Private Reserves","Shrug It Off","Barricade+1","Body Slam+1","Body Slam+1","Entrench+1","Panacea","ReplayUltimateDefense+1","Armaments+1","Impervious","Shrug It Off+1"],"relics":["Burning Blood","hubris:Towel","Membership Card","Simple Rune","Blood Vial","PreservedInsect","RollingBoulder","halation:PrussianBluePaint","ReplayTheSpireMod:ShopPack","Replay:Bronze Core","Oddly Smooth Stone","Rawhide","Lantern","Sling","Mark of Pain","Bottled Tornado","Bag of Preparation","halation:Toothbrush","hubris:64BitClover"],"acts_visited":["Exordium","TheCity","TheBeyond"],"potions_floor_usage":[40,47],"damage_taken":[{"damage":0.0,"enemies":"Small Slimes","floor":1.0,"turns":3.0},{"damage":8.0,"enemies":"Jaw Worm","floor":4.0,"turns":5.0},{"damage":10.0,"enemies":"3 Sentries","floor":7.0,"turns":4.0},{"damage":1.0,"enemies":"Cultist","floor":8.0,"turns":4.0},{"damage":2.0,"enemies":"Exordium Wildlife","floor":10.0,"turns":5.0},{"damage":3.0,"enemies":"Gremlin Nob","floor":11.0,"turns":3.0},{"damage":0.0,"enemies":"Gremlin Gang","floor":12.0,"turns":6.0},{"damage":14.0,"enemies":"3 Sentries","floor":13.0,"turns":6.0},{"damage":36.0,"enemies":"Hexaghost","floor":16.0,"turns":10.0},{"damage":0.0,"enemies":"3 Byrds","floor":18.0,"turns":3.0},{"damage":0.0,"enemies":"Shell Parasite","floor":20.0,"turns":7.0},{"damage":0.0,"enemies":"Shelled Parasite and Fungi","floor":21.0,"turns":6.0},{"damage":4.0,"enemies":"Snake Plant","floor":24.0,"turns":5.0},{"damage":10.0,"enemies":"Sentry and Sphere","floor":25.0,"turns":7.0},{"damage":1.0,"enemies":"Shelled Parasite and Fungi","floor":30.0,"turns":4.0},{"damage":0.0,"enemies":"conspire:HollyBat","floor":31.0,"turns":6.0},{"damage":0.0,"enemies":"Champ","floor":33.0,"turns":8.0},{"damage":3.0,"enemies":"3 Darklings","floor":35.0,"turns":11.0},{"damage":0.0,"enemies":"Orb Walker","floor":39.0,"turns":4.0},{"damage":52,"enemies":"Reptomancer","floor":40,"turns":7},{"damage":0,"enemies":"Writhing Mass","floor":41,"turns":6},{"damage":0,"enemies":"Nemesis","floor":44,"turns":5},{"damage":7,"enemies":"Reptomancer","floor":47,"turns":6},{"damage":0,"enemies":"Replay:Hell Engine","floor":50,"turns":9}],"seed_played":"-5408582672579330975","potions_obtained":[{"floor":1.0,"key":"BlessingOfTheForge"},{"floor":4.0,"key":"BlessingOfTheForge"},{"floor":8.0,"key":"Swift Potion"},{"floor":13.0,"key":"LiquidBronze"},{"floor":16.0,"key":"EntropicBrew"},{"floor":18.0,"key":"LiquidBronze"},{"floor":25.0,"key":"Weak Potion"},{"floor":41,"key":"Block Potion"}],"is_trial":false,"path_per_floor":["M","?","?","M","$","R","E","M","T","M","E","M","E","$","R","B",null,"M","$","M","M","?","R","M","M","T","$","R","$","M","M","R","B",null,"M","?","$","?","M","E","M","R","T","E","R","?","E","?","R","B",null],"character_chosen":"IRONCLAD","items_purchased":["Membership Card","Simple Rune","ReplayTheSpireMod:ShopPack","Shrug It Off","Oddly Smooth Stone","Rawhide","Sling","Bottled Tornado","Armaments"],"campfire_rested":0,"item_purchase_floors":[5,5,14,14,19,19,29,37,37],"current_hp_per_floor":[72,72,72,70,70,70,66,72,72,72,72,72,64,64,64,36,72,72,72,72,72,72,72,72,68,68,68,68,68,72,72,72,72,72,72,62,62,62,70,40,48,48,48,56,56,56,57,57,60,68],"gold":148,"neow_bonus":"TWO_FIFTY_GOLD","is_daily":false,"chose_seed":false,"campfire_upgraded":6,"win_rate":0.0,"timestamp":1608006931,"path_taken":["M","?","?","M","$","R","E","?","T","M","E","M","E","$","R","BOSS","M","$","M","M","?","R","M","?","T","$","R","$","M","M","R","BOSS","M","?","$","?","M","E","?","R","T","E","R","?","E","?","R","BOSS"],"items_purchased_type":["Relic","Relic","Relic","Card","Relic","Relic","Relic","Relic","Card"],"build_version":"2020-12-13","purchased_purges":5,"victory":true,"max_hp_per_floor":[72,72,72,72,72,72,72,72,72,72,72,72,72,72,72,72,72,72,72,72,72,72,72,72,72,72,72,72,72,72,72,72,72,72,72,72,72,72,72,72,72,72,72,72,72,72,72,72,75,75],"relic_stats":{"Blood Vial":18,"counters":[24,140],"PreservedInsect":262,"Bag of Preparation":[8],"obtain_stats":[{"Lantern":26,"hubris:64BitClover":47,"Oddly Smooth Stone":19,"Rawhide":19,"PreservedInsect":9,"Bag of Preparation":40,"hubris:Towel":2,"Bottled Tornado":37,"Sling":29,"Burning Blood":0,"Blood Vial":7,"halation:PrussianBluePaint":13,"Replay:Bronze Core":17,"Simple Rune":5,"RollingBoulder":11,"Mark of Pain":34,"halation:Toothbrush":44,"Membership Card":5,"ReplayTheSpireMod:ShopPack":14},{"Lantern":14,"hubris:64BitClover":23,"Oddly Smooth Stone":10,"Rawhide":10,"PreservedInsect":4,"Bag of Preparation":20,"hubris:Towel":1,"Bottled Tornado":18,"Sling":14,"Burning Blood":0,"Blood Vial":3,"halation:PrussianBluePaint":8,"Replay:Bronze Core":9,"Simple Rune":2,"RollingBoulder":6,"Mark of Pain":17,"halation:Toothbrush":22,"Membership Card":2,"ReplayTheSpireMod:ShopPack":8},{"Lantern":74,"hubris:64BitClover":131,"Oddly Smooth Stone":49,"Rawhide":49,"PreservedInsect":16,"Bag of Preparation":114,"hubris:Towel":3,"Bottled Tornado":103,"Sling":74,"Burning Blood":0,"Blood Vial":12,"halation:PrussianBluePaint":36,"Replay:Bronze Core":46,"Simple Rune":8,"RollingBoulder":24,"Mark of Pain":92,"halation:Toothbrush":125,"Membership Card":8,"ReplayTheSpireMod:ShopPack":36}],"Burning Blood":86},"card_choices":[{"not_picked":["ReplayTheSpireMod:Limb From Limb","hubris:ReadiedAction"],"picked":"Shrug It Off","floor":1.0},{"not_picked":["Clothesline","Invigoration"],"picked":"Cleave","floor":4.0},{"not_picked":["Second Wind","conspire:HitWhereItHurts"],"picked":"Demon Form","floor":7.0},{"not_picked":["Metallicize","Run Through"],"picked":"True Grit","floor":8.0},{"not_picked":["ReplayTheSpireMod:Limb From Limb","Pommel Strike"],"picked":"ReplayReversal","floor":10.0},{"not_picked":["Perfected Strike","Pommel Strike","Havoc"],"picked":"SKIP","floor":11.0},{"not_picked":["Havoc","Hemogenesis","Sword Boomerang"],"picked":"SKIP","floor":12.0},{"not_picked":["Abandon","Double Tap","Twin Strike"],"picked":"SKIP","floor":13.0},{"not_picked":["Blind","Impatience"],"picked":"PlatinumSkin","floor":14.0},{"not_picked":["Flash of Steel","ReplayTheSpireMod:Uncanny Aura"],"picked":"ReplayTheSpireMod:Private Reserves","floor":14.0},{"not_picked":["Berserk","Double Tap"],"picked":"Barricade","floor":16.0},{"not_picked":["ReplayTheSpireMod:Strike From Hell","conspire:ExplosiveBarrier+1","True Grit"],"picked":"SKIP","floor":18.0},{"not_picked":["Headbutt","Combust","Reckless Charge"],"picked":"SKIP","floor":20.0},{"not_picked":["Warcry","Armaments"],"picked":"Body Slam","floor":21.0},{"not_picked":["ReplayTheSpireMod:Strike From Hell","Run Through+1"],"picked":"Entrench","floor":24.0},{"not_picked":["Flex","True Grit","Replay:Undeath\u0027s Touch"],"picked":"SKIP","floor":25.0},{"not_picked":["Power Through","Headbutt","ReplayTheSpireMod:Stacked"],"picked":"SKIP","floor":30.0},{"not_picked":["Power Through","Headbutt","ReplayTheSpireMod:Stacked"],"picked":"SKIP","floor":30.0},{"not_picked":["Power Through","Headbutt","ReplayTheSpireMod:Stacked"],"picked":"SKIP","floor":30.0},{"not_picked":["True Grit","Limit Break","Body Slam"],"picked":"SKIP","floor":31.0},{"not_picked":["Power Through","Run Through","hubris:ReadiedAction"],"picked":"SKIP","floor":35.0},{"not_picked":["ReplayTheSpireMod:Private Reserves","Replay:BasicMightCard"],"picked":"Panacea","floor":36.0},{"not_picked":["Survey Options","Discovery"],"picked":"ReplayUltimateDefense","floor":36.0},{"not_picked":["Armaments+1","Clothesline+1","Flame Barrier+1"],"picked":"SKIP","floor":39.0},{"not_picked":["BarbarianYell+1","Infernal Blade","Bludgeon"],"picked":"SKIP","floor":40},{"not_picked":["ReplayTheSpireMod:LeadingStrike","Defy Death","Havoc+1"],"picked":"SKIP","floor":41},{"not_picked":["ReplayTheSpireMod:LeadingStrike","Replay:Undeath\u0027s Touch"],"picked":"Impervious","floor":44},{"not_picked":["ReplayTheSpireMod:LeadingStrike","Massacre+1"],"picked":"Shrug It Off+1","floor":47}],"player_experience":3025647,"relics_obtained":[{"floor":7.0,"key":"Blood Vial"},{"floor":9.0,"key":"PreservedInsect"},{"floor":11.0,"key":"RollingBoulder"},{"floor":13.0,"key":"halation:PrussianBluePaint"},{"floor":26.0,"key":"Lantern"},{"floor":40,"key":"Bag of Preparation"},{"floor":44,"key":"halation:Toothbrush"},{"floor":47,"key":"hubris:64BitClover"}],"event_choices":[{"cards_removed":["Strike_R"],"damage_healed":0.0,"max_hp_gain":0.0,"max_hp_loss":0.0,"gold_gain":0.0,"event_name":"Living Wall","player_choice":"Forget","floor":3.0,"gold_loss":0.0,"damage_taken":0.0},{"damage_healed":0.0,"max_hp_gain":0.0,"max_hp_loss":0.0,"gold_gain":0.0,"event_name":"Duplicator","player_choice":"Copied","floor":22.0,"gold_loss":0.0,"damage_taken":0.0,"cards_obtained":["Body Slam"]},{"damage_healed":0.0,"max_hp_gain":0.0,"max_hp_loss":0.0,"gold_gain":0.0,"event_name":"SensoryStone","player_choice":"Memory 3","floor":36.0,"gold_loss":0.0,"damage_taken":10.0},{"damage_healed":0.0,"max_hp_gain":0.0,"max_hp_loss":0.0,"gold_gain":0.0,"event_name":"Accursed Blacksmith","player_choice":"Forge","floor":38.0,"gold_loss":0.0,"damage_taken":0.0,"cards_upgraded":["Armaments"]}],"is_beta":false,"boss_relics":[{"not_picked":["ChewingGum","halation:Yufonium"],"picked":"Replay:Bronze Core"},{"not_picked":["Ring of Chaos","conspire:SlowCooker"],"picked":"Mark of Pain"}],"items_purged_floors":[5,14,19,19,37],"is_endless":false,"potions_floor_spawned":[1,4,8,13,16,18,25,30,33,41,44],"ascension_level":0}}