{"host":"Ian","time":1608072707,"event":{"mods":["BaseMod","Bestiary","Block Reminder","Colored Map","Highlight Path","Key Reminder","Minty Spire (QoL Compilation)","Relic Stats"],"gold_per_floor":[112,112,131,131,156,187,187,227,227,267,267,267,302,317,317,411,411,426,426,444,465,465,465,505,505,505,505,53,73,73,98,98,98,98],"floor_reached":33,"playtime":1818,"items_purged":[],"score":611,"play_id":"19805b0b-1cb6-4558-a8cd-2e5c2d3c1ca8","local_time":"20201215225147","is_ascension_mode":true,"campfire_choices":[{"data":"Rage","floor":7.0,"key":"SMITH"},{"floor":11.0,"key":"REST"},{"data":"Metallicize","floor":15.0,"key":"SMITH"},{"floor":23.0,"key":"REST"},{"data":"Metallicize","floor":25.0,"key":"SMITH"},{"data":"Impervious","floor":30.0,"key":"SMITH"},{"data":"Battle Trance","floor":32.0,"key":"SMITH"}],"circlet_count":0,"master_deck":["AscendersBane","Defend_R","Defend_R","Defend_R","Defend_R","Bash+1","Pommel Strike","Shrug It Off","Perfected Strike","Rage+1","Battle Trance+1","Thunderclap","Carnage","Metallicize+1","Barricade+1","Metallicize+1","Shrug It Off","Impervious+1","Bite","Bite","Bite","Bite","Bite","Shrug It Off"],"relics":["Burning Blood","Golden Idol","Whetstone","StoneCalendar","Mummified Hand","White Beast Statue","Mercury Hourglass","SacredBark","Anchor","Bronze Scales","PreservedInsect","Letter Opener"],"acts_visited":["Exordium","TheCity"],"potions_floor_usage":[33,33],"damage_taken":[{"damage":13.0,"enemies":"2 Louse","floor":1.0,"turns":3.0},{"damage":9.0,"enemies":"Jaw Worm","floor":3.0,"turns":3.0},{"damage":5.0,"enemies":"Small Slimes","floor":5.0,"turns":4.0},{"damage":4.0,"enemies":"3 Sentries","floor":6.0,"turns":9.0},{"damage":24.0,"enemies":"Gremlin Nob","floor":8.0,"turns":4.0},{"damage":25.0,"enemies":"3 Sentries","floor":10.0,"turns":7.0},{"damage":20.0,"enemies":"Lagavulin","floor":13.0,"turns":7.0},{"damage":16.0,"enemies":"Exordium Thugs","floor":14.0,"turns":4.0},{"damage":13.0,"enemies":"Hexaghost","floor":16.0,"turns":9.0},{"damage":31.0,"enemies":"3 Byrds","floor":18.0,"turns":5.0},{"damage":10.0,"enemies":"Shell Parasite","floor":20.0,"turns":7.0},{"damage":37.0,"enemies":"Shelled Parasite and Fungi","floor":21.0,"turns":4.0},{"damage":3.0,"enemies":"Gremlin Leader","floor":24.0,"turns":8.0},{"damage":24.0,"enemies":"Snake Plant","floor":29.0,"turns":6.0},{"damage":19.0,"enemies":"3 Cultists","floor":31.0,"turns":6.0},{"damage":81,"enemies":"Automaton","floor":33,"turns":16}],"seed_played":"-5880681565894385057","potions_obtained":[{"floor":0.0,"key":"DistilledChaos"},{"floor":0.0,"key":"Ancient Potion"},{"floor":3.0,"key":"Fire Potion"},{"floor":6.0,"key":"LiquidBronze"},{"floor":13.0,"key":"GamblersBrew"},{"floor":16.0,"key":"DuplicationPotion"},{"floor":18.0,"key":"Weak Potion"},{"floor":20.0,"key":"BloodPotion"},{"floor":21.0,"key":"SpeedPotion"},{"floor":24.0,"key":"SkillPotion"},{"floor":29.0,"key":"Block Potion"},{"floor":31.0,"key":"Explosive Potion"}],"is_trial":false,"path_per_floor":["M","?","M","?","M","E","R","E","T","E","R","?","E","M","R","B",null,"M","?","M","M","T","R","E","R","T","?","$","M","R","M","R","B"],"character_chosen":"IRONCLAD","items_purchased":["Letter Opener","Fruit Juice","BlessingOfTheForge"],"campfire_rested":2,"item_purchase_floors":[28,28,28],"current_hp_per_floor":[61,61,58,58,59,61,61,43,43,24,44,66,52,42,42,35,60,35,35,31,27,27,47,50,50,50,47,57,41,41,46,46,0,0],"gold":98,"neow_bonus":"THREE_SMALL_POTIONS","is_daily":false,"chose_seed":false,"campfire_upgraded":5,"win_rate":0.0,"timestamp":1608072707,"path_taken":["M","?","M","?","M","E","R","E","T","E","R","?","E","?","R","BOSS","M","?","?","M","?","R","E","R","T","?","$","M","R","M","R","BOSS"],"items_purchased_type":["Relic","Potion","Potion"],"build_version":"2020-12-07","purchased_purges":0,"victory":false,"max_hp_per_floor":[75,75,75,68,68,68,68,68,68,68,68,68,68,68,68,68,68,68,68,68,68,68,68,68,68,68,47,57,57,57,57,57,57,57],"relic_stats":{"counters":[16,101],"Golden Idol":84,"Mummified Hand":[21],"Bronze Scales":[88],"StoneCalendar":[206],"PreservedInsect":0,"Whetstone":["Strike_R","Strike_R"],"Letter Opener":[25],"obtain_stats":[{"Anchor":22,"Golden Idol":4,"Mummified Hand":9,"SacredBark":17,"Bronze Scales":24,"StoneCalendar":8,"PreservedInsect":26,"Whetstone":6,"Letter Opener":28,"Burning Blood":0,"White Beast Statue":10,"Mercury Hourglass":13},{"Anchor":12,"Golden Idol":2,"Mummified Hand":5,"SacredBark":9,"Bronze Scales":13,"StoneCalendar":5,"PreservedInsect":13,"Whetstone":4,"Letter Opener":13,"Burning Blood":0,"White Beast Statue":6,"Mercury Hourglass":7},{"Anchor":66,"Golden Idol":6,"Mummified Hand":23,"SacredBark":50,"Bronze Scales":74,"StoneCalendar":23,"PreservedInsect":74,"Whetstone":19,"Letter Opener":74,"Burning Blood":0,"White Beast Statue":30,"Mercury Hourglass":37}],"Burning Blood":90,"Mercury Hourglass":[232]},"card_choices":[{"not_picked":["Whirlwind","Flame Barrier"],"picked":"Pommel Strike","floor":1.0},{"not_picked":["Ghostly Armor","True Grit"],"picked":"Shrug It Off","floor":3.0},{"not_picked":["Anger","Dropkick"],"picked":"Perfected Strike","floor":5.0},{"not_picked":["Infernal Blade","Iron Wave"],"picked":"Rage","floor":6.0},{"not_picked":["Rage","Uppercut"],"picked":"Battle Trance","floor":8.0},{"not_picked":["Evolve","Shrug It Off"],"picked":"Thunderclap","floor":10.0},{"not_picked":["Body Slam","Havoc"],"picked":"Carnage","floor":13.0},{"not_picked":["Pommel Strike","Shrug It Off"],"picked":"Metallicize","floor":14.0},{"not_picked":["Berserk","Fiend Fire"],"picked":"Barricade","floor":16.0},{"not_picked":["Clash","Twin Strike+1"],"picked":"Metallicize","floor":18.0},{"not_picked":["Sword Boomerang","Iron Wave","Intimidate"],"picked":"SKIP","floor":20.0},{"not_picked":["Inflame+1","Uppercut"],"picked":"Shrug It Off","floor":21.0},{"not_picked":["Anger","Rupture"],"picked":"Impervious","floor":24.0},{"not_picked":["Wild Strike","Blood for Blood","Clash"],"picked":"SKIP","floor":29.0},{"not_picked":["Pommel Strike","Wild Strike"],"picked":"Shrug It Off","floor":31.0}],"player_experience":2532883,"relics_obtained":[{"floor":6.0,"key":"Whetstone"},{"floor":8.0,"key":"StoneCalendar"},{"floor":9.0,"key":"Mummified Hand"},{"floor":10.0,"key":"White Beast Statue"},{"floor":13.0,"key":"Mercury Hourglass"},{"floor":22.0,"key":"Anchor"},{"floor":24.0,"key":"Bronze Scales"},{"floor":26.0,"key":"PreservedInsect"}],"event_choices":[{"damage_healed":0.0,"max_hp_gain":0.0,"max_hp_loss":0.0,"gold_gain":0.0,"event_name":"Living Wall","player_choice":"Grow","floor":2.0,"gold_loss":0.0,"damage_taken":0.0,"cards_upgraded":["Bash"]},{"damage_healed":0.0,"max_hp_gain":0.0,"max_hp_loss":7.0,"gold_gain":0.0,"event_name":"Golden Idol","player_choice":"Lose Max HP","floor":4.0,"gold_loss":0.0,"damage_taken":0.0,"relics_obtained":["Golden Idol"]},{"damage_healed":22.0,"max_hp_gain":0.0,"max_hp_loss":0.0,"gold_gain":0.0,"event_name":"Big Fish","player_choice":"Banana","floor":12.0,"gold_loss":0.0,"damage_taken":0.0},{"damage_healed":0.0,"max_hp_gain":0.0,"max_hp_loss":0.0,"gold_gain":0.0,"event_name":"Upgrade Shrine","player_choice":"Upgraded","floor":19.0,"gold_loss":0.0,"damage_taken":0.0,"cards_upgraded":["Barricade"]},{"damage_healed":0.0,"max_hp_gain":0.0,"max_hp_loss":21.0,"gold_gain":0.0,"event_name":"Vampires","player_choice":"Became a vampire","floor":27.0,"gold_loss":0.0,"damage_taken":0.0,"cards_obtained":["Bite","Bite","Bite","Bite","Bite"]}],"is_beta":true,"boss_relics":[{"not_picked":["Fusion Hammer","Black Star"],"picked":"SacredBark"}],"items_purged_floors":[],"is_endless":false,"potions_floor_spawned":[3,6,13,14,16,18,20,21,24,29,31],"killed_by":"Automaton","ascension_level":20}}