{"host":"0cm5wy4nhuju7tij","time":1608000396,"event":{"mods":["2.2 Compatiblity","AchievementEnabler","BaseMod","Better Third Choice","BetterRewards","CCEM","Colored Powertips","Custom Start","Displayed Cursed Tome","Downfall","Filter the Spire","Fireblade Mod","Hermit","Highlight Path","Minty Spire (QoL Compilation)","Permanent Neow","Pikachu Mod","Railgun Mod","Shop Mod","Spicy Shops","StSLib","The Bladedancer","The Elementalist","TheWitcher"],"gold_per_floor":[214,34,34,52,72,72,84,84,133,21,55,75,75,89,89,185,185,201,201,215,234,234,234],"floor_reached":22,"playtime":1803,"items_purged":["Pikachu:ThunderShock"],"score":213,"play_id":"90cff5a4-f5db-4482-aa7b-16aec9c525a1","local_time":"20201214214636","is_ascension_mode":false,"campfire_choices":[{"data":"Pikachu:Strength","floor":6,"key":"SMITH"},{"data":"Pikachu:PlayNice","floor":8,"key":"SMITH"},{"floor":13,"key":"REST"},{"data":"Pikachu:Double_Team","floor":15,"key":"SMITH"}],"circlet_count":0,"master_deck":["Pikachu:TailWhip","Pikachu:Growl","Pikachu:ElectroBall","Pikachu:QuickAttack+1","Pikachu:Flash+1","Pikachu:Strength+1","Pikachu:Flash","Pikachu:PlayNice+1","Pikachu:Attract","Pikachu:Spark","Pikachu:Rage","Pikachu:VoltSwitch","Pikachu:Slam","Pikachu:WildCharge","Pikachu:Double_Team+1","Pikachu:Rest","Pikachu:QuickAttack","Pikachu:Double_Team","Pikachu:Flash","Pikachu:Metronome","Pikachu:Discharge+1","expansioncontent:Flail","Pikachu:Flash+1","Pikachu:Strength"],"relics":["Pikachu:LeftoversRelic","CCEMRelics:PorcelainBowl","Art of War","Blood Vial","Pandora\u0027s Box"],"acts_visited":["Exordium","TheCity"],"potions_floor_usage":[],"damage_taken":[{"damage":5,"enemies":"Jaw Worm","floor":1,"turns":4},{"damage":0,"enemies":"Cultist","floor":4,"turns":3},{"damage":0,"enemies":"Small Slimes","floor":5,"turns":2},{"damage":8,"enemies":"Red Slaver","floor":7,"turns":3},{"damage":14,"enemies":"Gremlin Nob","floor":11,"turns":4},{"damage":12,"enemies":"Blue Slaver","floor":12,"turns":3},{"damage":0,"enemies":"2 Fungi Beasts","floor":14,"turns":3},{"damage":23,"enemies":"Hexaghost","floor":16,"turns":10},{"damage":10,"enemies":"Spheric Guardian","floor":18,"turns":6},{"damage":26,"enemies":"Shell Parasite","floor":20,"turns":5},{"damage":13,"enemies":"Shelled Parasite and Fungi","floor":21,"turns":8},{"damage":43,"enemies":"3 Cultists","floor":22,"turns":4}],"seed_played":"-6778734591917405290","potions_obtained":[{"floor":5,"key":"Explosive Potion"},{"floor":7,"key":"AttackPotion"},{"floor":11,"key":"LiquidBronze"},{"floor":20,"key":"DuplicationPotion"}],"is_trial":false,"path_per_floor":["M","$","?","M","M","R","M","R","T","$","E","M","R","M","R","B",null,"M","?","M","M","M"],"character_chosen":"THE_DEFAULT","items_purchased":["Pikachu:Flash","CCEMRelics:PorcelainBowl","Pikachu:Rage","Pikachu:VoltSwitch"],"campfire_rested":1,"item_purchase_floors":[2,2,10,10],"current_hp_per_floor":[65,65,51,53,55,55,49,49,49,49,37,29,50,54,54,35,70,60,60,38,34,0,0],"gold":234,"neow_bonus":"HUNDRED_GOLD","is_daily":false,"chose_seed":false,"campfire_upgraded":3,"win_rate":0.0,"timestamp":1608000396,"path_taken":["M","$","?","M","M","R","M","R","T","$","E","M","R","M","R","BOSS","M","?","?","M","M"],"items_purchased_type":["Card","Relic","Card","Card"],"build_version":"2020-12-13","purchased_purges":1,"victory":false,"max_hp_per_floor":[70,70,70,70,70,70,70,70,70,70,70,70,70,70,70,70,70,70,70,70,70,70,70],"card_choices":[{"not_picked":["Pikachu:Fling","Pikachu:Feint"],"picked":"Pikachu:Strength","floor":1},{"not_picked":["Pikachu:Strength","Pikachu:Mega_Punch"],"picked":"Pikachu:PlayNice","floor":4},{"not_picked":["Pikachu:Secret_Power","Pikachu:BodySlam"],"picked":"Pikachu:Attract","floor":5},{"not_picked":["Pikachu:Slam","Pikachu:Double_Team"],"picked":"Pikachu:Spark","floor":7},{"not_picked":["Pikachu:TakeDown","Pikachu:LightScreen"],"picked":"Pikachu:Slam","floor":11},{"not_picked":["Pikachu:NaturalGift","Pikachu:Iron_Tail"],"picked":"Pikachu:WildCharge","floor":12},{"not_picked":["Pikachu:Fling","Pikachu:QuickAttack"],"picked":"Pikachu:Double_Team","floor":14},{"not_picked":["Pikachu:Dig","Pikachu:Toxic"],"picked":"Pikachu:Rest","floor":16},{"not_picked":["Pikachu:Slam","Pikachu:Swift"],"picked":"Pikachu:Discharge+1","floor":18},{"not_picked":["Pikachu:NaturalGift","Pikachu:QuickAttack"],"picked":"Pikachu:Flash+1","floor":20},{"not_picked":["Pikachu:TakeDown","Pikachu:Mega_Punch"],"picked":"Pikachu:Strength","floor":21}],"player_experience":200480,"relics_obtained":[{"floor":9,"key":"Art of War"},{"floor":11,"key":"Blood Vial"}],"event_choices":[{"damage_healed":65,"gold_gain":0,"player_choice":"Upgrade","damage_taken":14,"max_hp_gain":0,"max_hp_loss":70,"event_name":"betterThird:BetterShining","floor":3,"gold_loss":0,"cards_upgraded":["Pikachu:QuickAttack","Pikachu:Flash"]},{"damage_healed":0,"gold_gain":0,"player_choice":"1 cards matched","damage_taken":0,"max_hp_gain":0,"max_hp_loss":0,"event_name":"Match and Keep!","floor":19,"gold_loss":0,"cards_obtained":["expansioncontent:Flail"]}],"is_beta":false,"boss_relics":[{"not_picked":["Busted Crown","CCEMRelics:TransientCore"],"picked":"Pandora\u0027s Box"}],"items_purged_floors":[2],"is_endless":false,"potions_floor_spawned":[5,7,11,14,16,20,21],"killed_by":"3 Cultists","ascension_level":0}}