{"host":"kntpungskobv1jqb","time":1608043933,"event":{"mods":["BaseMod","Minty Spire (QoL Compilation)","Replay The Spire","StSLib","SuperFastMode"],"gold_per_floor":[117,117,117,137,137,137,154,154,154,7,7,69,87,114,114,189,189,201,201,212,212,122,122,157,157,157,170,185,185,201,214,214,288,288,305,379,404,404,404,404,418,418,447,447,447,447,461,461,480,500,500,500,500],"floor_reached":52,"playtime":1474,"items_purged":[],"score":833,"play_id":"adb1ce65-bc3d-4df6-afb3-3b0ca6986263","local_time":"20201215225213","is_ascension_mode":true,"campfire_choices":[{"data":"Metamorphosis","floor":6,"key":"SMITH"},{"data":"ReplayTheSpireMod:Muscle Training","floor":8,"key":"SMITH"},{"floor":11,"key":"REST"},{"floor":15,"key":"REST"},{"floor":23,"key":"REST"},{"floor":25,"key":"REST"},{"floor":29,"key":"REST"},{"data":"Massacre","floor":32,"key":"SMITH"},{"data":"Inflame","floor":42,"key":"SMITH"},{"data":"Pummel","floor":44,"key":"SMITH"},{"data":"Anger","floor":46,"key":"SMITH"},{"floor":51,"key":"REST"}],"circlet_count":0,"master_deck":["AscendersBane","Strike_R","Strike_R","Strike_R","Defend_R+1","Defend_R+1","Defend_R+1","Metamorphosis+1","Twin Strike","ReplayTheSpireMod:Muscle Training+1","Seeing Red+1","Cleave","Replay:Undeath\u0027s Touch","Feed","Reaper","CurseOfTheBell","Inflame+1","Sword Boomerang+1","Pummel+1","Whirlwind+1","Massacre+1","ReplayTheSpireMod:Limb From Limb","Flex","Heavy Blade","Immolate","Replay:Undeath\u0027s Touch","Anger+1","Infernal Blade+1","Perfected Strike+1","Heavy Blade","Brutality","Heavy Blade","Replay:Undeath\u0027s Touch","Pummel"],"relics":["Black Blood","Sundial","Brimstone","ReplayTheSpireMod:Lightbulb","Anchor","Replay:Grab Bag","Sozu","ChewingGum","Calling Bell","Tiny Chest","Matryoshka","Peace Pipe","Smiling Mask","War Paint","Replay:Bottled Flurry","Prayer Wheel","Replay:Drink Me","Pet Ghost","Toxic Egg 2","StoneCalendar","ReplayTheSpireMod:Ring of Challenge","Ring of Panic","PreservedInsect","Omamori"],"acts_visited":["Exordium","TheCity","TheBeyond"],"potions_floor_usage":[16],"damage_taken":[{"damage":4,"enemies":"2 Louse","floor":1,"turns":3},{"damage":11,"enemies":"Cultist","floor":4,"turns":4},{"damage":15,"enemies":"Jaw Worm","floor":7,"turns":5},{"damage":38,"enemies":"Lagavulin Event","floor":12,"turns":4},{"damage":4,"enemies":"Blue Slaver","floor":13,"turns":2},{"damage":23,"enemies":"Fading Forest","floor":16,"turns":11},{"damage":1,"enemies":"Chosen","floor":18,"turns":4},{"damage":49,"enemies":"3 Byrds","floor":20,"turns":4},{"damage":52,"enemies":"Gremlin Leader","floor":24,"turns":4},{"damage":47,"enemies":"Snake Plant","floor":27,"turns":3},{"damage":16,"enemies":"Centurion and Healer","floor":28,"turns":4},{"damage":12,"enemies":"Snecko","floor":30,"turns":3},{"damage":4,"enemies":"Cultist and Chosen","floor":31,"turns":3},{"damage":24,"enemies":"Champ","floor":33,"turns":6},{"damage":1,"enemies":"Orb Walker","floor":35,"turns":2},{"damage":1,"enemies":"Mind Bloom Boss Battle","floor":37,"turns":3},{"damage":34,"enemies":"3 Shapes","floor":41,"turns":2},{"damage":26,"enemies":"R_Hoarder","floor":43,"turns":5},{"damage":51,"enemies":"Spire Growth","floor":47,"turns":4},{"damage":43,"enemies":"Maw","floor":49,"turns":5},{"damage":10,"enemies":"4 Shapes","floor":50,"turns":2},{"damage":66,"enemies":"Replay:Hell Engine","floor":52,"turns":4}],"seed_played":"644933324118859931","potions_obtained":[{"floor":1,"key":"Elixir"},{"floor":4,"key":"Cursed Concoction"},{"floor":16,"key":"SneckoOil"}],"is_trial":false,"path_per_floor":["M","$","?","M","?","R","M","R","T","$","R","?","M","T","R","B",null,"M","$","M","?","?","R","E","R","T","M","M","R","M","M","R","B",null,"M","T","?","?","PTL","PTL","M","R","E","R","T","R","M","?","M","M","R","B"],"character_chosen":"IRONCLAD","items_purchased":["Brimstone"],"campfire_rested":6,"item_purchase_floors":[10],"current_hp_per_floor":[52,52,52,47,47,47,38,38,38,38,60,28,30,30,52,53,70,75,75,41,41,41,64,39,62,62,30,35,59,62,85,85,87,66,66,66,69,69,69,69,69,69,58,58,58,58,28,66,38,40,60,0,0],"gold":500,"neow_bonus":"RANDOM_COLORLESS_2","is_daily":false,"chose_seed":false,"campfire_upgraded":6,"win_rate":0.0,"timestamp":1608043933,"path_taken":["M","$","?","?","?","R","M","R","T","$","R","?","M","?","R","BOSS","M","$","M","?","?","R","E","R","T","M","M","R","M","?","R","BOSS","M","?","?","?","PTL","PTL","M","R","E","R","T","R","M","?","M","M","R","BOSS"],"items_purchased_type":["Relic"],"build_version":"2020-12-13","purchased_purges":0,"victory":false,"max_hp_per_floor":[75,75,75,75,75,75,75,75,75,75,75,75,75,75,75,75,75,75,75,78,78,78,78,78,78,78,81,81,81,84,87,87,87,66,66,66,69,69,69,69,69,69,72,72,72,72,75,66,69,69,69,69,69],"card_choices":[{"not_picked":["Sadistic Nature","Master of Strategy"],"picked":"Metamorphosis","floor":0},{"not_picked":["Havoc","Sword Boomerang"],"picked":"Twin Strike","floor":1},{"not_picked":["Headbutt","Armaments"],"picked":"ReplayTheSpireMod:Muscle Training","floor":4},{"not_picked":["True Grit","Headbutt"],"picked":"Cleave","floor":7},{"not_picked":["Pommel Strike","Shrug It Off"],"picked":"Replay:Undeath\u0027s Touch","floor":12},{"not_picked":["Twin Strike","ReplayTheSpireMod:LeadingStrike"],"picked":"Feed","floor":13},{"not_picked":["Eclipse","Brutality"],"picked":"Reaper","floor":16},{"not_picked":["Iron Wave","Warcry"],"picked":"Inflame","floor":18},{"not_picked":["Clash","Shrug It Off","True Grit+1"],"picked":"SKIP","floor":20},{"not_picked":["Ghostly Armor","Clash"],"picked":"Sword Boomerang+1","floor":24},{"not_picked":["Iron Wave","Eclipse"],"picked":"Pummel","floor":27},{"not_picked":["ReplayTheSpireMod:Strike From Hell","Body Slam","Armaments"],"picked":"SKIP","floor":27},{"not_picked":["Run Through","Clash"],"picked":"Whirlwind+1","floor":28},{"not_picked":["Ghostly Armor","Headbutt+1","Second Wind"],"picked":"SKIP","floor":28},{"not_picked":["Bloodletting","Wild Strike"],"picked":"Massacre","floor":30},{"not_picked":["ReplayTheSpireMod:Stacked","Body Slam"],"picked":"ReplayTheSpireMod:Limb From Limb","floor":30},{"not_picked":["Wild Strike","ReplayTheSpireMod:LeadingStrike+1"],"picked":"Flex","floor":31},{"not_picked":["Run Through","Disarm"],"picked":"Heavy Blade","floor":31},{"not_picked":["Corruption","Replay:Many Hands"],"picked":"Immolate","floor":33},{"not_picked":["Perfected Strike","Feel No Pain"],"picked":"Replay:Undeath\u0027s Touch","floor":35},{"not_picked":["Feel No Pain","ReplayTheSpireMod:Stacked","Shrug It Off+1"],"picked":"SKIP","floor":35},{"not_picked":["ReplayTheSpireMod:Stacked+1","Hemokinesis"],"picked":"Anger","floor":37},{"not_picked":["Burning Pact+1","Perfected Strike"],"picked":"Infernal Blade+1","floor":41},{"not_picked":["ReplayTheSpireMod:Strike From Hell","Disarm+1","Perfected Strike"],"picked":"SKIP","floor":41},{"not_picked":["Carnage+1","Feel No Pain"],"picked":"Perfected Strike+1","floor":43},{"not_picked":["Seeing Red+1","Bloodletting+1"],"picked":"Heavy Blade","floor":47},{"not_picked":["Dropkick","Anger"],"picked":"Brutality","floor":47},{"not_picked":["Shrug It Off+1","Pommel Strike+1"],"picked":"Heavy Blade","floor":49},{"not_picked":["Power Through+1","Warcry+1"],"picked":"Replay:Undeath\u0027s Touch","floor":49},{"not_picked":["Run Through+1","Defy Death+1"],"picked":"Pummel","floor":50},{"not_picked":["Armaments+1","Headbutt","Wild Strike+1"],"picked":"SKIP","floor":50}],"player_experience":463703,"relics_obtained":[{"floor":9,"key":"Sundial"},{"floor":12,"key":"ReplayTheSpireMod:Lightbulb"},{"floor":14,"key":"Anchor"},{"floor":17,"key":"Tiny Chest"},{"floor":17,"key":"Matryoshka"},{"floor":17,"key":"Peace Pipe"},{"floor":24,"key":"War Paint"},{"floor":26,"key":"Replay:Bottled Flurry"},{"floor":26,"key":"Prayer Wheel"},{"floor":36,"key":"Pet Ghost"},{"floor":36,"key":"Toxic Egg 2"},{"floor":37,"key":"StoneCalendar"},{"floor":38,"key":"ReplayTheSpireMod:Ring of Challenge"},{"floor":38,"key":"Ring of Panic"},{"floor":43,"key":"PreservedInsect"},{"floor":45,"key":"Omamori"}],"event_choices":[{"damage_healed":0,"gold_gain":0,"player_choice":"Bought 0 Potions","damage_taken":0,"max_hp_gain":0,"max_hp_loss":0,"event_name":"The Woman in Blue","floor":3,"gold_loss":0},{"damage_healed":0,"gold_gain":0,"player_choice":"Searched \u00272\u0027 times","damage_taken":0,"max_hp_gain":0,"max_hp_loss":0,"event_name":"Dead Adventurer","floor":12,"gold_loss":0},{"cards_removed":["Writhe"],"damage_healed":0,"gold_gain":0,"player_choice":"Upgrade and Remove","damage_taken":0,"max_hp_gain":0,"max_hp_loss":0,"event_name":"Designer","floor":22,"gold_loss":90,"cards_upgraded":["Defend_R"]},{"damage_healed":0,"gold_gain":0,"player_choice":"Fight","damage_taken":0,"max_hp_gain":0,"max_hp_loss":0,"event_name":"MindBloom","floor":37,"gold_loss":0},{"damage_healed":66,"gold_gain":0,"player_choice":"Heal","damage_taken":0,"max_hp_gain":0,"max_hp_loss":9,"event_name":"The Moai Head","floor":48,"gold_loss":0}],"is_beta":false,"boss_relics":[{"not_picked":["Ring of Chaos","Tiny House"],"picked":"Replay:Grab Bag"},{"not_picked":["Fusion Hammer","Philosopher\u0027s Stone"],"picked":"Sozu"},{"not_picked":["Cursed Key","Busted Crown"],"picked":"ChewingGum"},{"not_picked":["Kintsugi","Pandora\u0027s Box"],"picked":"Calling Bell"},{"not_picked":["Honey Jar","Runic Cube"],"picked":"Black Blood"},{"not_picked":["SlaversCollar","Replay:Bronze Core"],"picked":"Replay:Drink Me"}],"items_purged_floors":[],"is_endless":false,"potions_floor_spawned":[1,4,16,24,27,30,31,35,37,47,50],"killed_by":"Replay:Hell Engine","ascension_level":14}}