{"host":"6qo42zgaknezulyg","time":1608040871,"event":{"mods":["2.2 Compatiblity","BaseMod","Keyboard Shortcuts","Minty Spire (QoL Compilation)","Permanent Neow","Quick Restart","StSLib","SuperFastMode","The Disciple"],"gold_per_floor":[364,374,388,64,83,83,109,119,119,132,132,132,132,132,132,227,227,239,338,338,338,167,197,197,216,216,216,226,62,82,96,96,198,198,231,86,49,130,144,144,104,116,166,166,166,197,197,34,34,34],"floor_reached":51,"playtime":10313,"items_purged":["Strike_Br","Strike_Br","Chronoelasticity+1"],"score":693,"play_id":"43a99b43-d2c1-4492-874d-cd7a38b88fd8","local_time":"20201215230111","is_ascension_mode":false,"campfire_choices":[{"data":"EscortCommand","floor":6.0,"key":"SMITH"},{"data":"LockedTurtyl","floor":11.0,"key":"SMITH"},{"floor":15.0,"key":"REST"},{"data":"Fragmentalize","floor":24.0,"key":"SMITH"},{"data":"Chronoelasticity","floor":27.0,"key":"SMITH"},{"data":"Analog","floor":32.0,"key":"SMITH"},{"data":"LockedAstrolabe","floor":40.0,"key":"SMITH"},{"floor":45.0,"key":"REST"},{"floor":49.0,"key":"REST"}],"circlet_count":0,"master_deck":["Defend_Br","Defend_Br","Defend_Br","Defend_Br","SecondHand","PatternShift","PrimeTime","TiringSlam","Backlash","LockedBlood","EscortCommand+1","Allegro","LockedTurtyl+1","LockedWhetstone","Fragmentalize+1","Stagnate","Analog+1","LockedScales","LockedThread+1","Echoward","ExoVibe+3","LockedMercury","LockedTornado","Echonomics","LockedAstrolabe+1","LockedScales+1","LockedMedicine","TickedOff","LockedPlans","LockedAnchor+1","ResonantCall+1","AlternateTimeline+1","CrunchTime+1"],"relics":["Chronometer","Membership Card","Oddly Smooth Stone","Anchor","Bronze Scales","Tiny Chest","Strawberry","HangingClock","StrikeDummy","Centennial Puzzle","Bottled Lightning","White Beast Statue","Art of War","Philosopher\u0027s Stone","Mummified Hand","Singing Bowl","Dream Catcher","Blood Vial","Pear","Pen Nib"],"acts_visited":["Exordium","TheCity","TheBeyond"],"potions_floor_usage":[50,50,50],"damage_taken":[{"damage":6.0,"enemies":"Cultist","floor":1.0,"turns":5.0},{"damage":0.0,"enemies":"2 Louse","floor":2.0,"turns":3.0},{"damage":1.0,"enemies":"Jaw Worm","floor":3.0,"turns":4.0},{"damage":25.0,"enemies":"Exordium Wildlife","floor":5.0,"turns":7.0},{"damage":19.0,"enemies":"Lagavulin","floor":7.0,"turns":6.0},{"damage":0.0,"enemies":"Looter","floor":8.0,"turns":3.0},{"damage":0.0,"enemies":"3 Louse","floor":10.0,"turns":1.0},{"damage":17.0,"enemies":"The Guardian","floor":16.0,"turns":6.0},{"damage":6.0,"enemies":"Shell Parasite","floor":18.0,"turns":4.0},{"damage":4.0,"enemies":"Slavers","floor":23.0,"turns":1.0},{"damage":12.0,"enemies":"2 Thieves","floor":25.0,"turns":3.0},{"damage":4.0,"enemies":"3 Cultists","floor":28.0,"turns":3.0},{"damage":9.0,"enemies":"Snecko","floor":30.0,"turns":6.0},{"damage":9.0,"enemies":"Chosen and Byrds","floor":31.0,"turns":5.0},{"damage":2.0,"enemies":"Champ","floor":33.0,"turns":4.0},{"damage":4.0,"enemies":"3 Shapes","floor":35.0,"turns":6.0},{"damage":12.0,"enemies":"3 Darklings","floor":39.0,"turns":3.0},{"damage":12.0,"enemies":"Spire Growth","floor":42.0,"turns":4.0},{"damage":23.0,"enemies":"Nemesis","floor":46.0,"turns":5.0},{"damage":17,"enemies":"Donu and Deca","floor":50,"turns":4}],"seed_played":"-8997020472182240838","potions_obtained":[{"floor":3.0,"key":"BlessingOfTheForge"},{"floor":5.0,"key":"SteroidPotion"},{"floor":8.0,"key":"Explosive Potion"},{"floor":10.0,"key":"Fire Potion"},{"floor":25.0,"key":"SkillPotion"},{"floor":28.0,"key":"WardPotion"},{"floor":30.0,"key":"Energy Potion"},{"floor":33.0,"key":"DuplicationPotion"},{"floor":35.0,"key":"BlessingOfTheForge"},{"floor":39.0,"key":"AttackPotion"},{"floor":41.0,"key":"PowerPotion"},{"floor":42.0,"key":"Regen Potion"}],"is_trial":false,"path_per_floor":["M","M","M","$","M","R","E","M","T","M","R","?","?","T","R","B",null,"M","?","T","?","$","E","R","M","T","R","M","$","M","M","R","B",null,"M","$","$","T","M","R","?","M","T","?","R","E","T","$","R","B",null],"character_chosen":"CHRONO_CLASS","items_purchased":["Membership Card","LockedBlood","Oddly Smooth Stone","EscortCommand","Chronoelasticity","Analog","Centennial Puzzle","LockedScales","Art of War","LockedMercury","Mummified Hand","LockedMedicine","TickedOff","Pen Nib","Swift Potion"],"campfire_rested":3,"item_purchase_floors":[4,4,4,4,22,22,22,22,29,29,36,36,37,48,48],"current_hp_per_floor":[53,53,52,52,33,33,20,20,20,20,20,17,10,17,36,19,66,60,60,60,60,60,56,56,46,46,46,44,44,41,38,38,42,66,66,66,66,66,54,54,54,44,44,44,62,45,55,55,73,66],"gold":34,"neow_bonus":"TWO_FIFTY_GOLD","is_daily":false,"chose_seed":false,"campfire_upgraded":6,"win_rate":0.0,"timestamp":1608040871,"path_taken":["M","M","M","$","M","R","E","M","T","M","R","?","?","?","R","BOSS","M","?","?","?","$","E","R","M","T","R","?","$","M","M","R","BOSS","M","?","$","?","M","R","?","?","T","?","R","E","?","$","R","BOSS"],"items_purchased_type":["Relic","Card","Relic","Card","Card","Card","Relic","Card","Relic","Card","Relic","Card","Card","Relic","Potion"],"build_version":"2020-12-13","purchased_purges":3,"victory":true,"max_hp_per_floor":[59,59,59,59,59,59,59,59,59,59,59,59,59,66,66,66,66,66,66,66,66,66,66,66,66,66,66,66,66,66,66,66,66,66,66,66,66,66,66,66,66,66,66,63,63,63,73,73,73,73],"card_choices":[{"not_picked":["AlternateTimeline","Echoward"],"picked":"PrimeTime","floor":1.0},{"not_picked":["BiteCommand","Echoward"],"picked":"TiringSlam","floor":2.0},{"not_picked":["LockedScales","BlueShift"],"picked":"Backlash","floor":3.0},{"not_picked":["Backlash","Accruing"],"picked":"Tempo","floor":5.0},{"not_picked":["CrunchTime","BiteCommand"],"picked":"LockedTurtyl","floor":7.0},{"not_picked":["Parity","LockedMercury"],"picked":"LockedWhetstone","floor":8.0},{"not_picked":["AlternateTimeline","Tempo","PrimeTime"],"picked":"SKIP","floor":10.0},{"not_picked":["RageCommand","LockedCalendar"],"picked":"Fragmentalize","floor":16.0},{"not_picked":["TickedOff","ResonantCall"],"picked":"Stagnate","floor":18.0},{"not_picked":["Accruing","Stagnate"],"picked":"LockedThread+1","floor":23.0},{"not_picked":["BiteCommand+1","WindUp"],"picked":"Echoward","floor":25.0},{"not_picked":["EscortCommand","ReapSow"],"picked":"ExoVibe+1","floor":28.0},{"not_picked":["Stagnate+1","BlueShift"],"picked":"LockedTornado","floor":30.0},{"not_picked":["TiringSlam","HandsUp+1"],"picked":"Echonomics","floor":31.0},{"not_picked":["Fragmentalize","LockedLightning"],"picked":"LockedAstrolabe","floor":33.0},{"not_picked":["LockedTurtyl+1","AlternateTimeline"],"picked":"LockedScales+1","floor":35.0},{"not_picked":["LockedWarPaint","Parity+1"],"picked":"LockedPlans","floor":39.0},{"not_picked":["LockedMedicine","Analog+1"],"picked":"LockedAnchor+1","floor":42.0},{"not_picked":["CrunchTime","HandsUp"],"picked":"ResonantCall+1","floor":45.0},{"not_picked":["HandsUp","Echonomics"],"picked":"AlternateTimeline+1","floor":46.0},{"not_picked":["ExoVibe","LockedBlood"],"picked":"CrunchTime+1","floor":49.0}],"player_experience":729313,"relics_obtained":[{"floor":7.0,"key":"Anchor"},{"floor":9.0,"key":"Bronze Scales"},{"floor":14.0,"key":"Strawberry"},{"floor":20.0,"key":"StrikeDummy"},{"floor":23.0,"key":"Bottled Lightning"},{"floor":26.0,"key":"White Beast Statue"},{"floor":38.0,"key":"Singing Bowl"},{"floor":43.0,"key":"Dream Catcher"},{"floor":46.0,"key":"Blood Vial"},{"floor":47.0,"key":"Pear"}],"event_choices":[{"damage_healed":0.0,"max_hp_gain":0.0,"max_hp_loss":0.0,"gold_gain":0.0,"event_name":"Scrap Ooze","player_choice":"Success","floor":12.0,"gold_loss":0.0,"damage_taken":3.0,"relics_obtained":["Tiny Chest"]},{"cards_removed":["Strike_Br"],"damage_healed":0.0,"max_hp_gain":0.0,"max_hp_loss":0.0,"gold_gain":0.0,"event_name":"Golden Wing","player_choice":"Card Removal","floor":13.0,"gold_loss":0.0,"damage_taken":7.0},{"damage_healed":0.0,"max_hp_gain":0.0,"max_hp_loss":0.0,"gold_gain":99.0,"event_name":"Nest","player_choice":"Stole From Cult","floor":19.0,"gold_loss":0.0,"damage_taken":0.0},{"cards_removed":["Strike_Br"],"damage_healed":0.0,"max_hp_gain":0.0,"max_hp_loss":0.0,"gold_gain":0.0,"event_name":"Bonfire Elementals","player_choice":"Offered Basic","floor":21.0,"gold_loss":0.0,"damage_taken":0.0},{"damage_healed":0.0,"max_hp_gain":0.0,"max_hp_loss":0.0,"gold_gain":0.0,"event_name":"The Woman in Blue","player_choice":"Bought 3 Potions","floor":41.0,"gold_loss":0.0,"damage_taken":0.0},{"damage_healed":0.0,"max_hp_gain":0.0,"max_hp_loss":3.0,"gold_gain":0.0,"event_name":"Winding Halls","player_choice":"Max HP","floor":44.0,"gold_loss":0.0,"damage_taken":0.0}],"is_beta":false,"boss_relics":[{"not_picked":["Busted Crown","Cursed Key"],"picked":"HangingClock"},{"not_picked":["Tiny House","Astrolabe"],"picked":"Philosopher\u0027s Stone"}],"items_purged_floors":[4,29,48],"is_endless":false,"potions_floor_spawned":[3,5,8,10,25,28,30,31,33,35,39,42,46],"ascension_level":0}}