{"host":"k8gerrcpv9xe1nxe","time":1608068808,"event":{"mods":["2.2 Compatiblity","AchievementEnabler","BaseMod","Bestiary","Minty Spire (QoL Compilation)","Relic Stats","StSLib"],"gold_per_floor":[109,87,99,116,9,9,39,39,39,68,78,89,122,141,141,238,238,256,181,32,31,31,31],"floor_reached":22,"playtime":14365,"items_purged":[],"score":289,"play_id":"a55a57ff-0210-4712-a8ef-43fcdd63340c","local_time":"20201215164648","is_ascension_mode":true,"campfire_choices":[{"data":"Wallop","floor":6,"key":"SMITH"},{"data":"EmptyMind","floor":15,"key":"SMITH"}],"circlet_count":0,"master_deck":["Eruption","Vigilance","CutThroughFate","Wallop+1","Protect","ReachHeaven+1","TalkToTheHand+1","EmptyMind+1","EmptyBody+1","Collect","Wireheading+1","LessonLearned+1","Wish","Crescendo","Blasphemy","FearNoEvil+1","DevaForm+1","Adaptation+1","CutThroughFate+1"],"relics":["PureWater","NeowsBlessing","Molten Egg 2","Frozen Egg 2","Gremlin Horn","War Paint","Pen Nib","Pandora\u0027s Box"],"acts_visited":["Exordium","TheCity"],"potions_floor_usage":[10,16,18],"damage_taken":[{"damage":0,"enemies":"Jaw Worm","floor":1,"turns":1},{"damage":0,"enemies":"Cultist","floor":3,"turns":1},{"damage":0,"enemies":"Small Slimes","floor":4,"turns":1},{"damage":0,"enemies":"Gremlin Nob","floor":7,"turns":3},{"damage":15,"enemies":"Lagavulin","floor":10,"turns":5},{"damage":0,"enemies":"2 Fungi Beasts","floor":11,"turns":2},{"damage":6,"enemies":"Large Slime","floor":12,"turns":3},{"damage":2,"enemies":"Gremlin Nob","floor":13,"turns":3},{"damage":0,"enemies":"3 Louse","floor":14,"turns":2},{"damage":23,"enemies":"The Guardian","floor":16,"turns":9},{"damage":20,"enemies":"Shell Parasite","floor":18,"turns":6},{"damage":24,"enemies":"2 Thieves","floor":21,"turns":4},{"damage":20,"enemies":"Shelled Parasite and Fungi","floor":22,"turns":1}],"seed_played":"-8578299743580098283","potions_obtained":[{"floor":1,"key":"EssenceOfSteel"},{"floor":7,"key":"StancePotion"},{"floor":12,"key":"BottledMiracle"},{"floor":18,"key":"Dexterity Potion"}],"is_trial":false,"path_per_floor":["M","$","M","M","?","R","E","$","T","E","M","M","E","M","R","B",null,"M","?","$","M","M"],"character_chosen":"WATCHER","items_purchased":["CutThroughFate","Adaptation+1","AttackPotion","CutThroughFate+1"],"campfire_rested":0,"item_purchase_floors":[2,20,20,20],"current_hp_per_floor":[72,72,72,72,72,72,72,72,72,57,57,51,49,49,49,26,61,41,41,41,17,0,0],"gold":31,"neow_bonus":"THREE_ENEMY_KILL","is_daily":false,"chose_seed":false,"campfire_upgraded":2,"win_rate":0.0,"timestamp":1608068808,"path_taken":["M","$","M","M","?","R","E","$","T","E","M","M","E","?","R","BOSS","M","?","$","M","M"],"items_purchased_type":["Card","Card","Potion","Card"],"build_version":"2020-12-13","purchased_purges":0,"victory":false,"max_hp_per_floor":[72,72,72,72,72,72,72,72,72,72,72,72,72,72,72,72,72,72,72,72,72,72,72],"relic_stats":{"Gremlin Horn":[4,4],"counters":[13,41],"Pandora\u0027s Box":["Collect","Wireheading","LessonLearned","Wish","Crescendo","Blasphemy","FearNoEvil","DevaForm"],"Pen Nib":[3],"War Paint":["Defend_P","Defend_P"],"obtain_stats":[{"NeowsBlessing":0,"Gremlin Horn":9,"Molten Egg 2":5,"Pandora\u0027s Box":17,"Pen Nib":13,"PureWater":0,"Frozen Egg 2":7,"War Paint":10},{"NeowsBlessing":0,"Gremlin Horn":4,"Molten Egg 2":3,"Pandora\u0027s Box":10,"Pen Nib":8,"PureWater":0,"Frozen Egg 2":4,"War Paint":5},{"NeowsBlessing":0,"Gremlin Horn":6,"Molten Egg 2":3,"Pandora\u0027s Box":30,"Pen Nib":19,"PureWater":0,"Frozen Egg 2":6,"War Paint":11}]},"card_choices":[{"not_picked":["Halt","ClearTheMind","Crescendo"],"picked":"SKIP","floor":1},{"not_picked":["Weave","WindmillStrike"],"picked":"Wallop","floor":3},{"not_picked":["JustLucky","Adaptation"],"picked":"Protect","floor":4},{"not_picked":["FollowUp+1","EmptyMind"],"picked":"ReachHeaven+1","floor":7},{"not_picked":["ThirdEye","Tantrum+1"],"picked":"TalkToTheHand+1","floor":10},{"not_picked":["FlurryOfBlows+1","Vengeance"],"picked":"EmptyMind","floor":11},{"not_picked":["Swivel","PathToVictory","BattleHymn+1"],"picked":"SKIP","floor":12},{"not_picked":["WindmillStrike+1","ThirdEye"],"picked":"EmptyBody","floor":13},{"not_picked":["ClearTheMind","PathToVictory","Crescendo"],"picked":"SKIP","floor":14},{"not_picked":["Brilliance+1","Omniscience"],"picked":"DevaForm+1","floor":16},{"not_picked":["FollowUp+1","EmptyBody","ThirdEye"],"picked":"SKIP","floor":18},{"not_picked":["Vengeance+1","Evaluate","JustLucky+1"],"picked":"SKIP","floor":21}],"player_experience":63386,"relics_obtained":[{"floor":7,"key":"Frozen Egg 2"},{"floor":9,"key":"Gremlin Horn"},{"floor":10,"key":"War Paint"},{"floor":13,"key":"Pen Nib"}],"event_choices":[{"damage_healed":0,"gold_gain":0,"player_choice":"Paid Gold","damage_taken":0,"relics_obtained":["Molten Egg 2"],"max_hp_gain":0,"max_hp_loss":0,"event_name":"WeMeetAgain","floor":5,"gold_loss":107},{"cards_removed":["DevaForm"],"damage_healed":0,"gold_gain":0,"player_choice":"Gave Gold","damage_taken":0,"max_hp_gain":0,"max_hp_loss":0,"event_name":"Beggar","floor":19,"gold_loss":75}],"is_beta":false,"boss_relics":[{"not_picked":["Empty Cage","Velvet Choker"],"picked":"Pandora\u0027s Box"}],"items_purged_floors":[],"is_endless":false,"potions_floor_spawned":[1,7,12,18],"killed_by":"Shelled Parasite and Fungi","ascension_level":5}}