{"host":"gmhvrhqrqxog9im1","time":1608072637,"event":{"mods":["2.2 Compatiblity","AchievementEnabler","BaseMod","Better Third Choice","BetterRewards","Colored Map","Conspire","Infinite Spire","Minty Spire (QoL Compilation)","Replay The Spire","Say the Spire","Shop Mod","StSLib","The Jungle"],"gold_per_floor":[113,129,74,74,94,94,113,113,167,184,202,49,49,81,81,81,81],"floor_reached":16,"playtime":375,"items_purged":[],"score":138,"play_id":"48a35e27-40ff-4dbe-af4d-3d7d4773c41e","local_time":"20201216005037","is_ascension_mode":true,"campfire_choices":[{"data":"Riddle With Holes","floor":6.0,"key":"SMITH"},{"data":"ReplayTheSpireMod:The Works","floor":15.0,"key":"SMITH"}],"circlet_count":0,"master_deck":["Strike_G","Strike_G","Strike_G","Strike_G","Strike_G","Defend_G","Defend_G","Defend_G","Defend_G","Survivor","Neutralize","Bane","Flying Knee","Choke","Choke","Riddle With Holes+1","Dodge and Roll","Deadly Poison","Blur","ReplayTheSpireMod:The Works+1"],"relics":["Cracked Core","NeowsBlessing","Replay:Wax Seal","MerchantsRug","infinitespire:Cubic Diamond","Replay:Rubber Ducky"],"acts_visited":["Exordium"],"potions_floor_usage":[16,16,16],"damage_taken":[{"damage":0.0,"enemies":"2 Louse","floor":1.0,"turns":1.0},{"damage":0.0,"enemies":"Cultist","floor":2.0,"turns":1.0},{"damage":0.0,"enemies":"Small Slimes","floor":5.0,"turns":1.0},{"damage":12.0,"enemies":"Gremlin Gang","floor":7.0,"turns":5.0},{"damage":6.0,"enemies":"Exordium Thugs","floor":10.0,"turns":3.0},{"damage":6.0,"enemies":"Blue Slaver","floor":11.0,"turns":3.0},{"damage":24.0,"enemies":"Lagavulin","floor":14.0,"turns":6.0},{"damage":17,"enemies":"Hexaghost","floor":16,"turns":7}],"seed_played":"559227322507099702","potions_obtained":[{"floor":1.0,"key":"Cursed Concoction"},{"floor":4.0,"key":"GhostInAJar"},{"floor":4.0,"key":"Death Potion"}],"is_trial":false,"path_per_floor":["M","M","$","?","M","R","M","?","T","M","M","$","?","E","R","B"],"character_chosen":"THE_SILENT","items_purchased":["Choke","MerchantsRug"],"campfire_rested":0,"item_purchase_floors":[3,12],"current_hp_per_floor":[63,63,63,63,63,63,51,51,51,45,39,39,39,15,15,0,0],"gold":81,"neow_bonus":"THREE_ENEMY_KILL","is_daily":false,"chose_seed":false,"campfire_upgraded":2,"win_rate":0.0,"timestamp":1608072637,"path_taken":["M","M","$","?","?","R","M","?","T","?","M","$","?","E","R","BOSS"],"items_purchased_type":["Card","Relic"],"build_version":"2020-12-13","purchased_purges":0,"victory":false,"max_hp_per_floor":[70,70,70,70,70,70,70,70,70,70,70,70,70,70,70,70,70],"card_choices":[{"not_picked":["Infinite Blades","Dagger Spray"],"picked":"Bane","floor":1.0},{"not_picked":["ReplayTheSpireMod:Tripwire","Hidden Blade"],"picked":"Flying Knee","floor":2.0},{"not_picked":["conspire:PoisonWeapons","Choke"],"picked":"Riddle With Holes","floor":5.0},{"not_picked":["conspire:PoisonWeapons","Draining Mist"],"picked":"Dodge and Roll","floor":7.0},{"not_picked":["Replay:Poison Smokescreen","Blade Dance"],"picked":"Deadly Poison","floor":10.0},{"not_picked":["Dagger Spray","Caltrops"],"picked":"Blur","floor":11.0},{"not_picked":["Dodge and Roll","Grand Finale"],"picked":"ReplayTheSpireMod:The Works","floor":14.0}],"player_experience":595391,"relics_obtained":[{"floor":9.0,"key":"Replay:Wax Seal"},{"floor":14.0,"key":"Replay:Rubber Ducky"}],"event_choices":[{"damage_healed":0.0,"max_hp_gain":0.0,"max_hp_loss":0.0,"gold_gain":0.0,"event_name":"Lab","player_choice":"Got Potions","floor":4.0,"gold_loss":0.0,"damage_taken":0.0},{"cards_removed":["Defend_G"],"damage_healed":0.0,"max_hp_gain":0.0,"max_hp_loss":0.0,"gold_gain":0.0,"event_name":"Wheel of Change","player_choice":"Card Removal","floor":8.0,"gold_loss":0.0,"damage_taken":0.0}],"is_beta":false,"boss_relics":[],"items_purged_floors":[],"is_endless":false,"potions_floor_spawned":[1,5,7,10],"killed_by":"Hexaghost","ascension_level":7}}