{"host":"f55lpzc7830gmx23","time":1608036525,"event":{"mods":["BaseMod","Better Note","Downfall","Hermit","Minty Spire (QoL Compilation)","StSLib","The Blackbeard","The Cursed","The Necromancer"],"gold_per_floor":[115,115,65,65,28,28,28,28,54,3,43,66,130,154,154,303,303,349,15,15,76,111,111,136,136,136],"floor_reached":24,"playtime":749,"items_purged":[],"score":304,"play_id":"a06ce737-6322-43ea-a729-a98ac04b8e18","local_time":"20201215134845","is_ascension_mode":true,"campfire_choices":[{"data":"blackbeard:DoubleCannonball","floor":7.0,"key":"SMITH"},{"data":"blackbeard:InfiniteBarrage","floor":15,"key":"SMITH"},{"floor":23,"key":"REST"}],"circlet_count":0,"master_deck":["blackbeard:BlackbeardStrike","blackbeard:BlackbeardStrike+1","blackbeard:BlackbeardStrike","blackbeard:BlackbeardStrike","blackbeard:IntimidatingStrike+1","blackbeard:BlackbeardDefend","blackbeard:BlackbeardDefend","blackbeard:BlackbeardDefend","blackbeard:Cutlass+1","blackbeard:DoubleCannonball+1","blackbeard:GoldenDefense","blackbeard:Bandana","Injury","blackbeard:CloakAndCannonball","blackbeard:CannonballSupply","blackbeard:BeatUp","blackbeard:DelayedPain","blackbeard:InfiniteBarrage+1","blackbeard:FinalBarrage","blackbeard:GoldenCannonball+1","blackbeard:GoldenStrike","blackbeard:TerrorOfTheSeas","blackbeard:RearmingStrike+1"],"relics":["blackbeard:LoadTheGoldenCannons","NeowsBlessing","Golden Idol","Orichalcum","Pear","Whetstone","Ice Cream","Red Mask"],"acts_visited":["Exordium","TheCity"],"potions_floor_usage":[13,16,16,21],"damage_taken":[{"damage":0.0,"enemies":"2 Louse","floor":1.0,"turns":1.0},{"damage":0.0,"enemies":"Lagavulin","floor":11.0,"turns":1.0},{"damage":0.0,"enemies":"Small Slimes","floor":12.0,"turns":1.0},{"damage":15,"enemies":"Gremlin Nob","floor":13,"turns":3},{"damage":3,"enemies":"Jaw Worm","floor":14,"turns":2},{"damage":26,"enemies":"Hexaghost","floor":16,"turns":9},{"damage":6,"enemies":"Spheric Guardian","floor":18,"turns":3},{"damage":36,"enemies":"Masked Bandits","floor":21,"turns":4},{"damage":2,"enemies":"Chosen","floor":22,"turns":3},{"damage":55,"enemies":"Gremlin Leader","floor":24,"turns":3}],"seed_played":"-6649755422092101710","potions_obtained":[{"floor":1.0,"key":"AttackPotion"},{"floor":11.0,"key":"blackbeard:OrangeJuicePotion"},{"floor":13,"key":"AttackPotion"},{"floor":18,"key":"champ:CounterPotion"},{"floor":22,"key":"blackbeard:UpgradePotion"}],"is_trial":false,"path_per_floor":["M","$","?","?","$","?","R","$","T","$","E","M","E","M","R","B",null,"M","$","?","?","M","R","E"],"character_chosen":"BLACKBEARD_CLASS","items_purchased":["blackbeard:Bandana","blackbeard:CloakAndCannonball","Ice Cream","blackbeard:GoldenStrike"],"campfire_rested":1,"item_purchase_floors":[5,10,19,19],"current_hp_per_floor":[68,68,68,68,68,68,68,68,68,68,78,78,63,60,60,42,74,68,68,68,32,30,55,0,0,0],"gold":136,"neow_bonus":"THREE_ENEMY_KILL","is_daily":false,"chose_seed":false,"campfire_upgraded":2,"win_rate":0.0,"timestamp":1608036525,"path_taken":["M","$","?","?","?","?","R","$","T","?","E","?","E","M","R","BOSS","M","$","?","?","M","R","E"],"items_purchased_type":["Card","Card","Relic","Card"],"build_version":"2020-12-13","purchased_purges":0,"victory":false,"max_hp_per_floor":[75,75,75,75,75,75,75,75,75,75,85,85,85,85,85,85,85,85,85,85,85,85,85,85,85,85],"card_choices":[{"not_picked":["blackbeard:DangerousBlow","blackbeard:Fencing"],"picked":"blackbeard:DoubleCannonball","floor":1.0},{"not_picked":["blackbeard:TheDrunkenSailor","blackbeard:Sharpening"],"picked":"blackbeard:CannonballSupply","floor":11.0},{"not_picked":["blackbeard:CaptainsCabin","blackbeard:Dagger"],"picked":"blackbeard:BeatUp","floor":12.0},{"not_picked":["blackbeard:GhostInTheRum","blackbeard:Toast"],"picked":"blackbeard:DelayedPain","floor":13},{"not_picked":["blackbeard:Spear","blackbeard:BeatUp"],"picked":"blackbeard:InfiniteBarrage","floor":14},{"not_picked":["blackbeard:GoldenRain","blackbeard:Salvager"],"picked":"blackbeard:FinalBarrage","floor":16},{"not_picked":["blackbeard:Spear","blackbeard:BeatUp"],"picked":"blackbeard:GoldenCannonball+1","floor":18},{"not_picked":["blackbeard:Dagger+1","blackbeard:TacticalRetreat"],"picked":"blackbeard:TerrorOfTheSeas","floor":21},{"not_picked":["blackbeard:DeadlyArsenal+1","blackbeard:TerrorOfTheSeas"],"picked":"blackbeard:RearmingStrike+1","floor":22}],"player_experience":406884,"relics_obtained":[{"floor":9.0,"key":"Orichalcum"},{"floor":11.0,"key":"Pear"},{"floor":13,"key":"Whetstone"},{"floor":21,"key":"Red Mask"}],"event_choices":[{"damage_healed":0.0,"max_hp_gain":0.0,"max_hp_loss":0.0,"gold_gain":0.0,"event_name":"blackbeard:GoldsmithEvent","player_choice":"blackbeard:GoldenDefense","floor":3.0,"gold_loss":0.0,"damage_taken":0.0,"cards_obtained":["blackbeard:GoldenDefense"]},{"damage_healed":0.0,"max_hp_gain":0.0,"max_hp_loss":0.0,"gold_gain":0.0,"event_name":"Living Wall","player_choice":"Grow","floor":4.0,"gold_loss":0.0,"damage_taken":0.0,"cards_upgraded":["blackbeard:Cutlass"]},{"damage_healed":0.0,"max_hp_gain":0.0,"max_hp_loss":0.0,"gold_gain":0.0,"event_name":"Golden Idol","player_choice":"Take Wound","floor":6.0,"gold_loss":0.0,"damage_taken":0.0,"relics_obtained":["Golden Idol"],"cards_obtained":["Injury"]},{"cards_removed":["Injury"],"damage_healed":0,"gold_gain":0,"player_choice":"Give","damage_taken":0,"max_hp_gain":0,"max_hp_loss":0,"event_name":"betterNote:BetterNote","floor":20,"gold_loss":0,"cards_obtained":["blackbeard:BlackbeardStrike"]},{"damage_healed":0,"gold_gain":0,"player_choice":"Fought Bandits","damage_taken":0,"max_hp_gain":0,"max_hp_loss":0,"event_name":"Masked Bandits","floor":21,"gold_loss":0}],"is_beta":false,"boss_relics":[{"not_picked":["Velvet Choker","Sozu"],"picked":"blackbeard:LoadTheGoldenCannons"}],"items_purged_floors":[],"is_endless":false,"potions_floor_spawned":[1,11,13,18,22],"killed_by":"Gremlin Leader","ascension_level":7}}