{"host":"0fm1w3v00gid44jl","time":1608067028,"event":{"mods":["AchievementEnabler","BaseMod","Colored Map","Colored Powertips","Displayed Cursed Tome","Downfall","Googly Eyes","Highlight Path","Minty Spire (QoL Compilation)","Permanent Neow","Relic Stats","StSLib","SuperFastMode","slay the spire mod where everything is the same but ironclad has a cowboy hat"],"gold_per_floor":[0,16,16,29,479,490,490,525,525],"floor_reached":8,"playtime":204,"items_purged":[],"score":56,"play_id":"4eab2200-8aee-44eb-83f7-546d6153ff02","local_time":"20201215151708","is_ascension_mode":false,"campfire_choices":[{"data":"champ:Taunt","floor":1,"key":"SMITH"},{"data":"champ:RecklessLeap","floor":3,"key":"SMITH"}],"circlet_count":0,"master_deck":["champ:Strike","champ:Strike","champ:Strike","champ:Strike","champ:Defend","champ:Defend","champ:Defend","champ:Defend","champ:Execute","champ:Taunt+1","champ:ShieldThrow","champ:RecklessLeap+1","champ:FanOfKnives","Slimebound:Icky","Slimebound:Icky","Slimebound:Icky","champ:TornadoPunch"],"relics":["champ:ChampionCrown","Ornamental Fan","Blood Vial"],"acts_visited":["Exordium"],"potions_floor_usage":[],"damage_taken":[{"damage":5,"enemies":"Small Slimes","floor":2,"turns":3},{"damage":20,"enemies":"Jaw Worm","floor":4,"turns":3},{"damage":20,"enemies":"2 Louse","floor":6,"turns":2},{"damage":47,"enemies":"Gremlin Nob","floor":8,"turns":5}],"seed_played":"2908974504784788825","potions_obtained":[{"floor":4,"key":"Slimebound:ThreeZeroPotion"},{"floor":6,"key":"Explosive Potion"}],"is_trial":false,"path_per_floor":["R","M","R","M","?","M","T","E"],"character_chosen":"THE_CHAMP","items_purchased":[],"campfire_rested":0,"item_purchase_floors":[],"current_hp_per_floor":[90,90,90,90,90,90,90,63,63],"gold":525,"neow_bonus":"THREE_RARE_CARDS","is_daily":false,"chose_seed":false,"campfire_upgraded":2,"win_rate":0.0,"timestamp":1608067028,"path_taken":["R","M","R","M","?","M","T","E"],"items_purchased_type":[],"build_version":"2020-12-13","purchased_purges":0,"victory":false,"max_hp_per_floor":[90,90,90,90,90,90,90,90,90],"relic_stats":{"Blood Vial":0,"counters":[4,13],"Ornamental Fan":[0],"obtain_stats":[{"Blood Vial":8,"Ornamental Fan":7,"champ:ChampionCrown":0},{"Blood Vial":4,"Ornamental Fan":3,"champ:ChampionCrown":0},{"Blood Vial":13,"Ornamental Fan":8,"champ:ChampionCrown":0}]},"card_choices":[{"not_picked":["champ:CheapShot","champ:StrikeOfGenius"],"picked":"champ:ShieldThrow","floor":0},{"not_picked":["champ:Circumvent","champ:SkillfulDodge"],"picked":"champ:RecklessLeap","floor":2},{"not_picked":["champ:PerfectedStrike","champ:CrookedStrike"],"picked":"champ:FanOfKnives","floor":4},{"not_picked":["champ:StrikeOfGenius","champ:Circumvent"],"picked":"champ:TornadoPunch","floor":6}],"player_experience":1291301,"relics_obtained":[{"floor":7,"key":"Ornamental Fan"},{"floor":8,"key":"Blood Vial"}],"event_choices":[],"is_beta":false,"boss_relics":[],"items_purged_floors":[],"is_endless":false,"potions_floor_spawned":[4,6],"killed_by":"Gremlin Nob","ascension_level":0}}