{"host":"hjw1ay65n7jm40lc","time":1608040771,"event":{"mods":["AchievementEnabler","BaseMod","Colored Map","Colored Powertips","Googly Eyes","Highlight Path","Minty Spire (QoL Compilation)","Quick Restart","Relic Stats"],"gold_per_floor":[113,113,113,124,137,137,168,168,215,230,230,244,261,86,86,183,183,200,200,200,1,1,1,12,38,87,87,87],"floor_reached":27,"playtime":1386,"items_purged":[],"score":300,"play_id":"bc9c3cb8-b7e4-4295-8e22-bb2e917f79f8","local_time":"20201215085931","is_ascension_mode":true,"campfire_choices":[{"data":"Regret","floor":6.0,"key":"PURGE"},{"floor":8.0,"key":"REST"},{"data":"Caltrops","floor":11.0,"key":"SMITH"},{"data":"Footwork","floor":15,"key":"SMITH"},{"data":"Blade Dance","floor":23,"key":"SMITH"}],"circlet_count":0,"master_deck":["Strike_G","Strike_G","Strike_G","Strike_G","Strike_G","Defend_G","Defend_G","Defend_G","Defend_G","Defend_G","Survivor","Neutralize","CurseOfTheBell","Cloak And Dagger","Dagger Spray","Dagger Throw","Deadly Poison","Caltrops+1","Backflip","Dash","Footwork+1","Blade Dance+1","Dodge and Roll","Envenom","Predator","Footwork","Normality"],"relics":["Calling Bell","Pen Nib","The Courier","Peace Pipe","Juzu Bracelet","Nunchaku","Art of War","Cursed Key","Singing Bowl","Snake Skull","Happy Flower"],"acts_visited":["Exordium","TheCity"],"potions_floor_usage":[16,25,25,25],"damage_taken":[{"damage":11.0,"enemies":"Small Slimes","floor":1.0,"turns":6.0},{"damage":2.0,"enemies":"Jaw Worm","floor":4.0,"turns":5.0},{"damage":8.0,"enemies":"Cultist","floor":5.0,"turns":5.0},{"damage":14.0,"enemies":"Lagavulin","floor":7.0,"turns":6.0},{"damage":3.0,"enemies":"Gremlin Gang","floor":10.0,"turns":4.0},{"damage":26,"enemies":"Exordium Thugs","floor":12,"turns":5},{"damage":0,"enemies":"2 Fungi Beasts","floor":13,"turns":3},{"damage":3,"enemies":"Hexaghost","floor":16,"turns":10},{"damage":5,"enemies":"Shell Parasite","floor":18,"turns":5},{"damage":9,"enemies":"Spheric Guardian","floor":24,"turns":4},{"damage":17,"enemies":"Gremlin Leader","floor":25,"turns":7},{"damage":21,"enemies":"Snake Plant","floor":27,"turns":2}],"seed_played":"5100695941282424062","potions_obtained":[{"floor":5.0,"key":"SteroidPotion"},{"floor":7.0,"key":"AttackPotion"},{"floor":13,"key":"BlessingOfTheForge"},{"floor":20,"key":"DistilledChaos"},{"floor":20,"key":"Dexterity Potion"},{"floor":20,"key":"LiquidMemories"}],"is_trial":false,"path_per_floor":["M","?","?","M","M","R","E","R","T","M","R","M","M","$","R","B",null,"M","?","?","$","?","R","M","E","T","M"],"character_chosen":"THE_SILENT","items_purchased":["Footwork","Blade Dance","FearPotion","Dodge and Roll","Singing Bowl"],"campfire_rested":1,"item_purchase_floors":[14,14,14,14,21],"current_hp_per_floor":[52,52,52,50,42,42,28,49,49,46,46,20,20,20,20,17,57,52,52,52,52,45,45,36,19,19,0,0],"gold":87,"neow_bonus":"BOSS_RELIC","is_daily":false,"chose_seed":false,"campfire_upgraded":3,"win_rate":0.0,"timestamp":1608040771,"path_taken":["M","?","?","M","M","R","E","R","T","M","R","M","M","$","R","BOSS","M","?","?","$","?","R","M","E","T","M"],"items_purchased_type":["Card","Card","Potion","Card","Relic"],"build_version":"2020-12-13","purchased_purges":0,"victory":false,"max_hp_per_floor":[70,70,70,70,70,70,70,70,70,70,70,70,70,70,70,70,70,70,70,70,70,70,70,70,70,70,70,70],"relic_stats":{"Peace Pipe":1,"Nunchaku":[9],"Singing Bowl":0,"Happy Flower":[0],"counters":[12,62],"Pen Nib":[13],"Snake Skull":[0],"Juzu Bracelet":1,"Art of War":[1],"Cursed Key":1,"obtain_stats":[{"Calling Bell":0,"Peace Pipe":0,"Nunchaku":7,"Singing Bowl":21,"Happy Flower":26,"Pen Nib":0,"The Courier":0,"Snake Skull":25,"Juzu Bracelet":2,"Art of War":9,"Cursed Key":17,"Ring of the Snake":0},{"Calling Bell":0,"Peace Pipe":0,"Nunchaku":4,"Singing Bowl":9,"Happy Flower":11,"Pen Nib":0,"The Courier":0,"Snake Skull":11,"Juzu Bracelet":1,"Art of War":4,"Cursed Key":8,"Ring of the Snake":0},{"Calling Bell":0,"Peace Pipe":0,"Nunchaku":22,"Singing Bowl":49,"Happy Flower":60,"Pen Nib":0,"The Courier":0,"Snake Skull":60,"Juzu Bracelet":6,"Art of War":22,"Cursed Key":44,"Ring of the Snake":0}]},"card_choices":[{"not_picked":["Slice","Tactician"],"picked":"Cloak And Dagger","floor":1.0},{"not_picked":["Backflip","PiercingWail"],"picked":"Dagger Spray","floor":4.0},{"not_picked":["Bane","Backflip"],"picked":"Dagger Throw","floor":5.0},{"not_picked":["Deflect","Doppelganger"],"picked":"Deadly Poison","floor":7.0},{"not_picked":["Underhanded Strike","Well Laid Plans"],"picked":"Caltrops","floor":10.0},{"not_picked":["Eviscerate","Setup"],"picked":"Backflip","floor":12},{"not_picked":["PiercingWail","Backflip"],"picked":"Dash","floor":13},{"not_picked":["Venomology","A Thousand Cuts"],"picked":"Envenom","floor":16},{"not_picked":["Sucker Punch","Outmaneuver","Dodge and Roll"],"picked":"SKIP","floor":18},{"not_picked":["Backflip","Underhanded Strike+1"],"picked":"Predator","floor":24},{"not_picked":["All Out Attack","Cloak And Dagger"],"picked":"Footwork","floor":25}],"player_experience":242487,"relics_obtained":[{"floor":0.0,"key":"Pen Nib"},{"floor":0.0,"key":"The Courier"},{"floor":0.0,"key":"Peace Pipe"},{"floor":7.0,"key":"Nunchaku"},{"floor":9.0,"key":"Art of War"},{"floor":25,"key":"Snake Skull"},{"floor":26,"key":"Happy Flower"}],"event_choices":[{"damage_healed":0.0,"max_hp_gain":0.0,"max_hp_loss":0.0,"gold_gain":0.0,"event_name":"Big Fish","player_choice":"Box","floor":2.0,"gold_loss":0.0,"damage_taken":0.0,"relics_obtained":["Juzu Bracelet"],"cards_obtained":["Regret"]},{"damage_healed":0.0,"max_hp_gain":0.0,"max_hp_loss":0.0,"gold_gain":0.0,"event_name":"Liars Game","player_choice":"Ignored","floor":3.0,"gold_loss":0.0,"damage_taken":0.0},{"damage_healed":0,"gold_gain":0,"player_choice":"Ignored","damage_taken":0,"max_hp_gain":0,"max_hp_loss":0,"event_name":"Beggar","floor":19,"gold_loss":0},{"damage_healed":0,"gold_gain":0,"player_choice":"Got Potions","damage_taken":0,"max_hp_gain":0,"max_hp_loss":0,"event_name":"Lab","floor":20,"gold_loss":0},{"damage_healed":0,"gold_gain":0,"player_choice":"Damaged","damage_taken":7,"max_hp_gain":0,"max_hp_loss":0,"event_name":"Wheel of Change","floor":22,"gold_loss":0}],"is_beta":false,"boss_relics":[{"not_picked":["Pandora\u0027s Box","Astrolabe"],"picked":"Cursed Key"}],"items_purged_floors":[],"is_endless":false,"potions_floor_spawned":[5,7,13],"killed_by":"Snake Plant","ascension_level":6}}