{"host":"idmgg8r816nmas40","time":1608053494,"event":{"mods":["AchievementEnabler","BaseMod","BetterRewards","Colored Map","Colored Powertips","DeckTracker","Highlight Path","Minty Spire (QoL Compilation)","Quick Restart","Relic Stats","SuperFastMode","Transform Curses"],"gold_per_floor":[111,286,300,300,319,347,362,53,53,53,122,142,156,190,190,289,289,302,302,57,57,72,72,107,135,135,135,151,177,205,220,220,315,315,325,375,375,394,443,478,495,524,550,550,550,550,560,576,576,576],"floor_reached":51,"playtime":2234,"items_purged":["Regret","Doubt"],"score":900,"play_id":"31c4ea11-24eb-4ce6-a2a7-62d149af2a49","local_time":"20201215103134","is_ascension_mode":false,"campfire_choices":[{"floor":10,"key":"REST"},{"data":"Sadistic Nature","floor":15,"key":"SMITH"},{"floor":23,"key":"REST"},{"floor":27,"key":"REST"},{"floor":32,"key":"REST"},{"floor":46,"key":"REST"},{"floor":49,"key":"REST"}],"circlet_count":0,"master_deck":["Strike_G","Strike_G","Strike_G","Strike_G","Strike_G","Defend_G","Defend_G","Defend_G","Defend_G","Defend_G","Survivor","Neutralize+1","Sadistic Nature+1","Quick Slash+1","Prepared","Blade Dance","Deadly Poison","Poisoned Stab","Dash","Flying Knee","Dagger Spray","Malaise","Crippling Poison","All Out Attack","Flechettes","Envenom+1","Poisoned Stab+1","Caltrops+1","Cloak And Dagger+1","Backstab+1","Outmaneuver+1","Footwork+1","Noxious Fumes","Noxious Fumes+1","Poisoned Stab+1","Caltrops+1","Panache","Footwork+1","Bouncing Flask+1","Crippling Poison+1","Infinite Blades","PiercingWail+1"],"relics":["Ring of the Snake","HandDrill","Whetstone","Torii","Mummified Hand","TungstenRod","Oddly Smooth Stone","Peace Pipe","Bronze Scales","Fusion Hammer","TwistedFunnel","WingedGreaves","Strawberry","Meat on the Bone","Toy Ornithopter","Red Mask","Snecko Eye","Unceasing Top","FossilizedHelix","Toxic Egg 2","Shuriken","Vajra","Paper Crane"],"acts_visited":["Exordium","TheCity","TheBeyond"],"potions_floor_usage":[6,36,39,50],"damage_taken":[{"damage":3,"enemies":"Jaw Worm","floor":1,"turns":4},{"damage":2,"enemies":"Small Slimes","floor":3,"turns":2},{"damage":0,"enemies":"Cultist","floor":5,"turns":2},{"damage":2,"enemies":"3 Sentries","floor":6,"turns":7},{"damage":0,"enemies":"Looter","floor":7,"turns":3},{"damage":5,"enemies":"Blue Slaver","floor":12,"turns":2},{"damage":0,"enemies":"3 Louse","floor":13,"turns":3},{"damage":0,"enemies":"Lagavulin","floor":14,"turns":6},{"damage":20,"enemies":"Hexaghost","floor":16,"turns":8},{"damage":12,"enemies":"2 Thieves","floor":18,"turns":3},{"damage":0,"enemies":"Chosen","floor":22,"turns":3},{"damage":12,"enemies":"Slavers","floor":24,"turns":3},{"damage":0,"enemies":"Gremlin Leader","floor":25,"turns":5},{"damage":10,"enemies":"Centurion and Healer","floor":28,"turns":4},{"damage":10,"enemies":"Book of Stabbing","floor":29,"turns":4},{"damage":0,"enemies":"Masked Bandits","floor":30,"turns":2},{"damage":0,"enemies":"Snake Plant","floor":31,"turns":3},{"damage":28,"enemies":"Collector","floor":33,"turns":7},{"damage":13,"enemies":"3 Darklings","floor":35,"turns":3},{"damage":25,"enemies":"Mind Bloom Boss Battle","floor":36,"turns":4},{"damage":0,"enemies":"3 Shapes","floor":38,"turns":3},{"damage":0,"enemies":"2 Orb Walkers","floor":39,"turns":4},{"damage":0,"enemies":"Giant Head","floor":40,"turns":6},{"damage":0,"enemies":"Maw","floor":41,"turns":5},{"damage":30,"enemies":"Nemesis","floor":42,"turns":7},{"damage":0,"enemies":"Transient","floor":47,"turns":5},{"damage":0,"enemies":"Spire Growth","floor":48,"turns":3},{"damage":24,"enemies":"Time Eater","floor":50,"turns":8}],"seed_played":"-4931446034250355892","potions_obtained":[{"floor":3,"key":"LiquidBronze"},{"floor":7,"key":"Energy Potion"},{"floor":13,"key":"GamblersBrew"},{"floor":16,"key":"LiquidMemories"},{"floor":18,"key":"FairyPotion"},{"floor":38,"key":"Block Potion"},{"floor":40,"key":"Dexterity Potion"},{"floor":42,"key":"EssenceOfSteel"},{"floor":45,"key":"GhostInAJar"}],"is_trial":false,"path_per_floor":["M","?","M","?","M","E","M","$","T","R","?","M","M","E","R","B",null,"M","?","$","?","M","R","E","E","T","R","M","E","?","M","R","B",null,"M","?","?","M","?","E","M","E","T","T","?","R","M","M","R","B",null],"character_chosen":"THE_SILENT","items_purchased":["HandDrill","Sadistic Nature","Quick Slash","Whetstone","Torii","Blade Dance","Oddly Smooth Stone","Malaise","TwistedFunnel"],"campfire_rested":6,"item_purchase_floors":[0,0,0,0,0,0,8,8,20],"current_hp_per_floor":[67,67,65,47,47,45,45,45,45,66,66,61,61,61,61,41,70,58,58,58,58,58,70,58,65,65,77,67,57,57,57,77,49,77,64,44,44,44,49,49,49,31,31,31,31,54,54,54,77,58],"gold":576,"neow_bonus":"","is_daily":false,"chose_seed":false,"campfire_upgraded":1,"win_rate":0.0,"timestamp":1608053494,"path_taken":["M","?","M","?","M","E","M","$","T","R","?","M","M","E","R","BOSS","M","?","$","?","?","R","E","E","T","R","M","E","?","M","R","BOSS","M","?","?","M","?","E","?","E","T","?","?","R","?","M","R","BOSS"],"items_purchased_type":["Relic","Card","Card","Relic","Relic","Card","Relic","Card","Relic"],"build_version":"2020-12-13","purchased_purges":2,"victory":true,"max_hp_per_floor":[70,70,70,70,70,70,70,70,70,70,70,70,70,70,70,70,70,70,70,70,70,70,70,70,77,77,77,77,77,77,77,77,77,77,77,77,77,77,77,77,77,77,77,77,77,77,77,77,77,77],"relic_stats":{"Torii":57,"counters":[107,376],"Whetstone":["Neutralize","Quick Slash"],"Peace Pipe":0,"Mummified Hand":[163],"Shuriken":[11],"Bronze Scales":[266],"Snecko Eye":[86,93,81,97],"HandDrill":[34],"obtain_stats":[{"Ice Cream":28,"TwistedFunnel":20,"Gremlin Horn":31,"CeramicFish":46,"Vajra":23,"Whetstone":22,"Sling":0,"Boot":6,"Centennial Puzzle":9,"DollysMirror":4,"Strawberry":43,"Philosopher\u0027s Stone":34,"MealTicket":43,"Fusion Hammer":34,"HandDrill":0,"Toxic Egg 2":43,"Girya":11,"Pear":48,"Happy Flower":37,"Oddly Smooth Stone":17,"Charon\u0027s Ashes":0,"Pen Nib":6,"War Paint":48,"Paper Crane":44,"Akabeko":0,"OrangePellets":0,"Brimstone":22,"Shuriken":24,"MutagenicStrength":20,"Bronze Scales":3,"Snecko Eye":34,"Molten Egg 2":9,"Pandora\u0027s Box":17,"Mark of Pain":34,"StrikeDummy":0,"Unceasing Top":36,"Meat on the Bone":26,"Lantern":22,"Regal Pillow":9,"Singing Bowl":44,"Torii":0,"Black Blood":17,"Enchiridion":27,"Magic Flower":0,"Mango":28,"Bag of Preparation":5,"Juzu Bracelet":40,"Incense Burner":45,"Burning Blood":0,"Nunchaku":24,"Dream Catcher":27,"Matryoshka":26,"Mummified Hand":8,"Pantograph":6,"WingedGreaves":13,"Red Mask":30,"InkBottle":43,"Red Skull":37,"Self Forming Clay":37,"Thread and Needle":22,"The Courier":17,"Frozen Egg 2":0,"Odd Mushroom":14,"MawBank":44,"White Beast Statue":40,"Mercury Hourglass":0,"Calling Bell":17,"Peace Pipe":9,"CaptainsWheel":39,"Orrery":0,"Bag of Marbles":42,"Art of War":25,"Bottled Lightning":14,"Membership Card":0,"FossilizedHelix":46,"TungstenRod":0,"Toy Ornithopter":37},{"Ice Cream":66,"TwistedFunnel":89,"Gremlin Horn":15,"CeramicFish":46,"Vajra":62,"Whetstone":61,"Sling":26,"Boot":52,"Centennial Puzzle":29,"DollysMirror":2,"Strawberry":22,"Philosopher\u0027s Stone":16,"MealTicket":45,"Fusion Hammer":41,"HandDrill":26,"Toxic Egg 2":75,"Girya":6,"Pear":77,"Happy Flower":72,"Oddly Smooth Stone":33,"Charon\u0027s Ashes":26,"Pen Nib":29,"War Paint":77,"Paper Crane":104,"Akabeko":26,"OrangePellets":48,"Brimstone":10,"Shuriken":11,"MutagenicStrength":10,"Bronze Scales":27,"Snecko Eye":97,"Molten Egg 2":4,"Pandora\u0027s Box":58,"Mark of Pain":70,"StrikeDummy":0,"Unceasing Top":99,"Meat on the Bone":92,"Lantern":10,"Regal Pillow":53,"Singing Bowl":23,"Torii":79,"Black Blood":8,"Enchiridion":39,"Magic Flower":48,"Mango":13,"Bag of Preparation":28,"Juzu Bracelet":45,"Incense Burner":46,"Burning Blood":0,"Nunchaku":38,"Dream Catcher":64,"Matryoshka":11,"Mummified Hand":53,"Pantograph":4,"WingedGreaves":7,"Red Mask":95,"InkBottle":22,"Red Skull":43,"Self Forming Clay":43,"Thread and Needle":61,"The Courier":33,"Frozen Egg 2":0,"Odd Mushroom":57,"MawBank":76,"White Beast Statue":21,"Mercury Hourglass":26,"Calling Bell":33,"Peace Pipe":84,"CaptainsWheel":20,"Orrery":0,"Bag of Marbles":22,"Art of War":63,"Bottled Lightning":32,"Membership Card":48,"FossilizedHelix":24,"TungstenRod":48,"Toy Ornithopter":72},{"Ice Cream":216,"TwistedFunnel":297,"Gremlin Horn":51,"CeramicFish":163,"Vajra":208,"Whetstone":205,"Sling":87,"Boot":185,"Centennial Puzzle":94,"DollysMirror":5,"Strawberry":76,"Philosopher\u0027s Stone":56,"MealTicket":158,"Fusion Hammer":146,"HandDrill":87,"Toxic Egg 2":240,"Girya":20,"Pear":247,"Happy Flower":231,"Oddly Smooth Stone":111,"Charon\u0027s Ashes":87,"Pen Nib":94,"War Paint":247,"Paper Crane":360,"Akabeko":87,"OrangePellets":172,"Brimstone":39,"Shuriken":41,"MutagenicStrength":39,"Bronze Scales":89,"Snecko Eye":328,"Molten Egg 2":14,"Pandora\u0027s Box":197,"Mark of Pain":227,"StrikeDummy":0,"Unceasing Top":335,"Meat on the Bone":308,"Lantern":39,"Regal Pillow":187,"Singing Bowl":79,"Torii":257,"Black Blood":30,"Enchiridion":132,"Magic Flower":172,"Mango":47,"Bag of Preparation":90,"Juzu Bracelet":158,"Incense Burner":163,"Burning Blood":0,"Nunchaku":130,"Dream Catcher":213,"Matryoshka":41,"Mummified Hand":187,"Pantograph":14,"WingedGreaves":24,"Red Mask":318,"InkBottle":76,"Red Skull":150,"Self Forming Clay":150,"Thread and Needle":205,"The Courier":111,"Frozen Egg 2":0,"Odd Mushroom":194,"MawBank":244,"White Beast Statue":73,"Mercury Hourglass":87,"Calling Bell":111,"Peace Pipe":275,"CaptainsWheel":68,"Orrery":0,"Bag of Marbles":76,"Art of War":210,"Bottled Lightning":100,"Membership Card":172,"FossilizedHelix":81,"TungstenRod":172,"Toy Ornithopter":231}],"TungstenRod":46,"Toy Ornithopter":15,"Unceasing Top":[10],"Ring of the Snake":[56],"Meat on the Bone":12},"card_choices":[{"not_picked":["Deflect","Endless Agony"],"picked":"Deadly Poison","floor":1},{"not_picked":["Well Laid Plans","Setup"],"picked":"Poisoned Stab","floor":3},{"not_picked":["Predator","Backflip"],"picked":"Dash","floor":5},{"not_picked":["Outmaneuver","Skewer"],"picked":"Flying Knee","floor":6},{"not_picked":["Blur","Deflect"],"picked":"Dagger Spray","floor":7},{"not_picked":["Choke","Dodge and Roll"],"picked":"Crippling Poison","floor":12},{"not_picked":["Sucker Punch","Deflect"],"picked":"All Out Attack","floor":13},{"not_picked":["Cloak And Dagger","Sucker Punch"],"picked":"Flechettes","floor":14},{"not_picked":["Night Terror","Venomology"],"picked":"Envenom","floor":16},{"not_picked":["Acrobatics","Deadly Poison+1"],"picked":"Poisoned Stab+1","floor":18},{"not_picked":["Deflect+1","Dodge and Roll+1"],"picked":"Caltrops+1","floor":22},{"not_picked":["Deadly Poison","Flying Knee+1"],"picked":"Cloak And Dagger+1","floor":24},{"not_picked":["Storm of Steel","Calculated Gamble"],"picked":"Backstab+1","floor":25},{"not_picked":["Dagger Throw","Slice"],"picked":"Outmaneuver+1","floor":28},{"not_picked":["All Out Attack+1","Crippling Poison"],"picked":"Footwork+1","floor":29},{"not_picked":["Dagger Throw","Caltrops+1"],"picked":"Noxious Fumes","floor":30},{"not_picked":["Slice","Dagger Spray"],"picked":"Noxious Fumes+1","floor":31},{"not_picked":["Dagger Spray+1","Backstab+1"],"picked":"Poisoned Stab+1","floor":35},{"not_picked":["Setup+1","PiercingWail"],"picked":"Caltrops+1","floor":36},{"not_picked":["Magnetism","Trip"],"picked":"Panache","floor":37},{"not_picked":["Leg Sweep","Terror+1"],"picked":"Footwork+1","floor":38},{"not_picked":["Outmaneuver+1","Well Laid Plans+1"],"picked":"Bouncing Flask+1","floor":39},{"not_picked":["Flechettes+1","Skewer"],"picked":"Crippling Poison+1","floor":40},{"not_picked":["Underhanded Strike","Tactician+1","Eviscerate+1"],"picked":"SKIP","floor":41},{"not_picked":["Well Laid Plans+1","Dagger Throw+1"],"picked":"Infinite Blades","floor":42},{"not_picked":["Underhanded Strike","Dagger Throw+1","Flying Knee"],"picked":"SKIP","floor":47},{"not_picked":["Deflect+1","All Out Attack+1"],"picked":"PiercingWail+1","floor":48}],"player_experience":995213,"relics_obtained":[{"floor":6,"key":"TungstenRod"},{"floor":9,"key":"Peace Pipe"},{"floor":14,"key":"Bronze Scales"},{"floor":24,"key":"WingedGreaves"},{"floor":25,"key":"Strawberry"},{"floor":26,"key":"Meat on the Bone"},{"floor":29,"key":"Toy Ornithopter"},{"floor":30,"key":"Red Mask"},{"floor":36,"key":"Unceasing Top"},{"floor":39,"key":"FossilizedHelix"},{"floor":40,"key":"Toxic Egg 2"},{"floor":42,"key":"Shuriken"},{"floor":43,"key":"Vajra"},{"floor":44,"key":"Paper Crane"}],"event_choices":[{"damage_healed":0,"gold_gain":175,"player_choice":"AGREE","damage_taken":0,"max_hp_gain":0,"max_hp_loss":0,"event_name":"Liars Game","floor":2,"gold_loss":0,"cards_obtained":["Doubt"]},{"damage_healed":0,"gold_gain":0,"player_choice":"Success","damage_taken":18,"relics_obtained":["Mummified Hand"],"max_hp_gain":0,"max_hp_loss":0,"event_name":"Scrap Ooze","floor":4,"gold_loss":0},{"damage_healed":0,"gold_gain":69,"player_choice":"Gained Gold","damage_taken":0,"max_hp_gain":0,"max_hp_loss":0,"event_name":"Golden Wing","floor":11,"gold_loss":0},{"damage_healed":0,"gold_gain":0,"player_choice":"Ignored","damage_taken":0,"max_hp_gain":0,"max_hp_loss":0,"event_name":"Ghosts","floor":19,"gold_loss":0},{"damage_healed":0,"gold_gain":0,"player_choice":"Upgraded","damage_taken":0,"max_hp_gain":0,"max_hp_loss":0,"event_name":"Upgrade Shrine","floor":21,"gold_loss":0,"cards_upgraded":["Envenom"]},{"damage_healed":0,"gold_gain":0,"player_choice":"Fought Bandits","damage_taken":0,"max_hp_gain":0,"max_hp_loss":0,"event_name":"Masked Bandits","floor":30,"gold_loss":0},{"damage_healed":0,"gold_gain":0,"player_choice":"Fight","damage_taken":0,"max_hp_gain":0,"max_hp_loss":0,"event_name":"MindBloom","floor":36,"gold_loss":0},{"damage_healed":0,"gold_gain":0,"player_choice":"Memory 1","damage_taken":0,"max_hp_gain":0,"max_hp_loss":0,"event_name":"SensoryStone","floor":37,"gold_loss":0},{"damage_healed":0,"gold_gain":0,"player_choice":"Fight","damage_taken":0,"max_hp_gain":0,"max_hp_loss":0,"event_name":"Mysterious Sphere","floor":39,"gold_loss":0},{"damage_healed":0,"gold_gain":0,"player_choice":"Got Potions","damage_taken":0,"max_hp_gain":0,"max_hp_loss":0,"event_name":"Lab","floor":45,"gold_loss":0}],"is_beta":false,"boss_relics":[{"not_picked":["Runic Pyramid","SacredBark"],"picked":"Fusion Hammer"},{"not_picked":["Sozu","Empty Cage"],"picked":"Snecko Eye"}],"items_purged_floors":[8,20],"is_endless":false,"potions_floor_spawned":[3,7,13,16,18,25,30,35,38,40,42,48],"ascension_level":0}}