{"host":"ks12kfi5c4d9hdxy","time":1608041652,"event":{"mods":["Act Like it!","BaseMod","Conspire","Gensokyo","GifTheSpireLib","Koishi","LagranYue(拉格朗・月)","Marisa（F雨　魔理沙）","Minty Spire (QoL Compilation)","Quick Restart","Reimu（博丽灵梦）","Remilia（蕾米莉亚）","Replay The Spire","RumiaBox-露米娅的神秘盒子","Shop Mod","StSLib","SuperFastMode","The Administrix","The Servant 0.9.4","Youmu（魂魄妖梦）","Yuyuko","【东方二次创作】八云紫mod","【功能Mod】混沌之环修复补丁","【功能Mod】聪明的最终Boss","篝火指南"],"gold_per_floor":[117,117,129,129,54,85,85,114,183,218,248,259,291,317,317,389,389,409,77,93,93,105,136,86,86,86,86,121,121,169,169,169,169],"floor_reached":33,"playtime":11257,"items_purged":["Strike_MRS","UnstableBomb"],"score":774,"play_id":"640519ec-2c05-44bf-b69c-fe6931a61c43","local_time":"20201215221412","is_ascension_mode":true,"campfire_choices":[{"data":"MasterSpark","floor":7.0,"key":"SMITH"},{"floor":15.0,"key":"REST"},{"data":"UltimateShortwave","floor":25.0,"key":"SMITH"},{"floor":29.0,"key":"REST"},{"floor":32.0,"key":"REST"}],"circlet_count":0,"master_deck":["AscendersBane","Strike_MRS","Strike_MRS","Strike_MRS","Defend_MRS","Defend_MRS","Defend_MRS","Defend_MRS","MasterSpark+1","UpSweep+1","EarthLightRay","Parasite","Parasite","MilkyWay","MilkyWay","FairyDestructionRay","MilkyWay","ShootingEcho","UltimateShortwave+1","UnstableBomb+1","Master of Strategy","OortCloud","conspire:SpireCoStock","CommonCold","MachineGunSpark","Normality"],"relics":["MiniHakkero","LagranYue:RandomDrawCardRelic","NeowsBlessing","Gensokyo:PortableGap","ShroomBag","Pear","Tea:ReiMu","Pen Nib","Mastiff:ReiMu","Potion Belt","Tiny Chest","Cursed Key","BargainBundle","Happy Flower","White Beast Statue","Centennial Puzzle","Ancient Tea Set"],"acts_visited":["Exordium","Gensokyo:Gensokyo"],"potions_floor_usage":[],"damage_taken":[{"damage":0.0,"enemies":"Gensokyo:Gryphon","floor":1.0,"turns":1.0},{"damage":0.0,"enemies":"Gensokyo:Python","floor":3.0,"turns":1.0},{"damage":0.0,"enemies":"Gensokyo:Mamizou","floor":6.0,"turns":2.0},{"damage":42.0,"enemies":"Gensokyo:Cirno","floor":8.0,"turns":6.0},{"damage":29.0,"enemies":"Gensokyo:Aya","floor":10.0,"turns":4.0},{"damage":0.0,"enemies":"Gensokyo:Mamizou","floor":11.0,"turns":4.0},{"damage":1.0,"enemies":"Gensokyo:3_Fairies","floor":12.0,"turns":3.0},{"damage":0.0,"enemies":"Gensokyo:Aya","floor":13.0,"turns":2.0},{"damage":11.0,"enemies":"Gensokyo:Aya","floor":14.0,"turns":4.0},{"damage":26.0,"enemies":"Gensokyo:Yukari","floor":16.0,"turns":8.0},{"damage":2.0,"enemies":"Gensokyo:CosmicMonolith","floor":18.0,"turns":4.0},{"damage":3.0,"enemies":"Gensokyo:2_Gloops","floor":20.0,"turns":4.0},{"damage":3.0,"enemies":"Gensokyo:Swordslinger","floor":22.0,"turns":4.0},{"damage":8.0,"enemies":"Gensokyo:Koishi","floor":23.0,"turns":4.0},{"damage":51.0,"enemies":"Gensokyo:Tenshi","floor":28.0,"turns":5.0},{"damage":73,"enemies":"Gensokyo:Eternal_Rivals","floor":33,"turns":4}],"seed_played":"4357273589254996068","potions_obtained":[{"floor":8.0,"key":"Strength Potion"},{"floor":10.0,"key":"SteroidPotion"},{"floor":14.0,"key":"GamblersBrew"},{"floor":16.0,"key":"LiquidMemories"},{"floor":28.0,"key":"LiquidMemories"}],"is_trial":false,"path_per_floor":["M","?","M","?","$","E","R","E","T","E","E","M","?","E","R","B",null,"M","$","M","$","M","E","?","R","T","?","E","R","T","R","B"],"character_chosen":"MARISA","items_purchased":["BargainBundle","UnstableBomb+1","Master of Strategy","AttackPotion","SteroidPotion"],"campfire_rested":3,"item_purchase_floors":[19,19,19,19,19],"current_hp_per_floor":[63,63,63,60,60,60,60,36,36,15,23,30,30,27,47,29,58,64,64,64,64,67,59,59,59,59,59,16,36,36,54,0,0],"gold":169,"neow_bonus":"THREE_ENEMY_KILL","is_daily":false,"chose_seed":false,"campfire_upgraded":2,"win_rate":0.0,"timestamp":1608041652,"path_taken":["M","?","?","?","?","E","R","E","T","E","E","?","?","E","R","BOSS","M","$","M","$","?","E","?","R","T","?","E","R","?","R","BOSS"],"items_purchased_type":["Relic","Card","Card","Potion","Potion"],"build_version":"2020-12-13","purchased_purges":2,"victory":false,"max_hp_per_floor":[70,70,70,60,60,60,60,70,70,67,67,67,67,67,67,67,67,67,67,67,67,67,67,67,67,67,67,67,64,61,61,61,61],"card_choices":[{"not_picked":["LuminesStrike","AsteroidBelt"],"picked":"UnstableBomb","floor":1.0},{"not_picked":["OrrerysSun","DoubleSpark"],"picked":"EarthLightRay","floor":3.0},{"not_picked":["6A","SporeBomb","LuminesStrike"],"picked":"SKIP","floor":6.0},{"not_picked":["GalacticHalo","FairyDestructionRay"],"picked":"MilkyWay","floor":8.0},{"not_picked":["BigCrunch","DragonMeteor"],"picked":"MilkyWay","floor":10.0},{"not_picked":["GravityBeat","NonDirectionalLaser","FairyDestructionRay"],"picked":"SKIP","floor":11.0},{"not_picked":["GravityBeat","NonDirectionalLaser"],"picked":"FairyDestructionRay","floor":11.0},{"not_picked":["WitchLeyline","MagicChant"],"picked":"MilkyWay","floor":12.0},{"not_picked":["GasGiant","OpenUniverse"],"picked":"ShootingEcho","floor":13.0},{"not_picked":["IllusionStar","WitchOfGreed","MagicChant"],"picked":"SKIP","floor":14.0},{"not_picked":["JA","BlazingStar"],"picked":"UltimateShortwave","floor":16.0},{"not_picked":["WitchOfGreed","AsteroidBelt","PowerUp"],"picked":"SKIP","floor":18.0},{"not_picked":["EnergyFlow","UnstableBomb","WitchOfGreed"],"picked":"SKIP","floor":20.0},{"not_picked":["MysteriousBeam","DC"],"picked":"OortCloud","floor":22.0},{"not_picked":["EnergyFlow","GrandCross","AsteroidBelt"],"picked":"SKIP","floor":23.0},{"not_picked":["OneTimeOff","ChargingUp","BlazingStar"],"picked":"SKIP","floor":28.0}],"player_experience":505565,"relics_obtained":[{"floor":6.0,"key":"ShroomBag"},{"floor":8.0,"key":"Pear"},{"floor":9.0,"key":"Tea:ReiMu"},{"floor":10.0,"key":"Pen Nib"},{"floor":11.0,"key":"Mastiff:ReiMu"},{"floor":13.0,"key":"Potion Belt"},{"floor":14.0,"key":"Tiny Chest"},{"floor":23.0,"key":"Happy Flower"},{"floor":26.0,"key":"White Beast Statue"},{"floor":28.0,"key":"Centennial Puzzle"},{"floor":30.0,"key":"Ancient Tea Set"}],"event_choices":[{"damage_healed":0.0,"max_hp_gain":0.0,"max_hp_loss":0.0,"gold_gain":0.0,"event_name":"conspire:Investor","player_choice":"Invest 1","floor":24.0,"gold_loss":0.0,"damage_taken":0.0}],"is_beta":false,"boss_relics":[{"not_picked":["conspire:RoyalGoblet","LagranYue:ContractPerformanceRelic"],"picked":"Cursed Key"}],"items_purged_floors":[5,19],"is_endless":false,"potions_floor_spawned":[8,10,12,14,16,28],"killed_by":"Gensokyo:Eternal_Rivals","ascension_level":18}}