{"host":"usewcu4ohw2wtmxk","time":1608063843,"event":{"mods":["AchievementEnabler","BaseMod","BetterRewards","Colored Powertips","Minty Spire (QoL Compilation)","Permanent Neow","Quick Restart","Relic Sorter","Relic Stats","Shop Mod","StSLib"],"gold_per_floor":[113,113,132,144,144,175,175,190,217,217,232,261,186,217,217,291,291,309,326,326,251,264,264,283,283,310,310,328,344,87,117,117,192,192,210,223,0,10,27,61,61,22,45,45,45,72,28,56,56,56,56,56,56,31,62,62,62],"floor_reached":56,"playtime":1853,"items_purged":["SignatureMove","Alpha","Worship"],"score":2200,"play_id":"df4ed309-be7e-44cb-bc33-a9db9462c34e","local_time":"20201216042403","is_ascension_mode":true,"campfire_choices":[{"data":"WheelKick","floor":7.0,"key":"SMITH"},{"floor":10.0,"key":"REST"},{"data":"Adaptation","floor":15.0,"key":"SMITH"},{"floor":23.0,"key":"REST"},{"data":"Scrawl","floor":27.0,"key":"SMITH"},{"floor":32.0,"key":"RECALL"},{"data":"MasterReality","floor":41.0,"key":"SMITH"},{"data":"TalkToTheHand","floor":49,"key":"SMITH"},{"floor":53,"key":"REST"}],"circlet_count":0,"master_deck":["AscendersBane","Eruption+1","Vigilance+1","WheelKick+1","CutThroughFate+1","Indignation+1","BowlingBash+1","Adaptation+1","ClearTheMind+1","Scrawl+1","LessonLearned+1","DeusExMachina+1","InnerPeace+1","Ghostly+1","Ghostly+1","Ghostly+1","MasterReality+1","TalkToTheHand+1","Adaptation+1","Prostrate"],"relics":["PureWater","Blood Vial","Vajra","Art of War","Oddly Smooth Stone","Pandora\u0027s Box","Akabeko","OrangePellets","Regal Pillow","Runic Pyramid","Membership Card","Gremlin Horn","Centennial Puzzle","White Beast Statue","FossilizedHelix"],"acts_visited":["Exordium","TheCity","TheBeyond","TheEnding"],"potions_floor_usage":[48],"damage_taken":[{"damage":0.0,"enemies":"Jaw Worm","floor":1.0,"turns":4.0},{"damage":0.0,"enemies":"2 Louse","floor":3.0,"turns":2.0},{"damage":0.0,"enemies":"Cultist","floor":4.0,"turns":2.0},{"damage":22.0,"enemies":"3 Sentries","floor":6.0,"turns":6.0},{"damage":20.0,"enemies":"Exordium Wildlife","floor":8.0,"turns":3.0},{"damage":10.0,"enemies":"Lots of Slimes","floor":11.0,"turns":3.0},{"damage":0.0,"enemies":"Gremlin Nob","floor":12.0,"turns":2.0},{"damage":0.0,"enemies":"Lagavulin","floor":14.0,"turns":3.0},{"damage":30.0,"enemies":"The Guardian","floor":16.0,"turns":8.0},{"damage":11.0,"enemies":"Spheric Guardian","floor":18.0,"turns":3.0},{"damage":0.0,"enemies":"Chosen","floor":19.0,"turns":2.0},{"damage":39.0,"enemies":"Snake Plant","floor":22.0,"turns":4.0},{"damage":6.0,"enemies":"Cultist and Chosen","floor":24.0,"turns":3.0},{"damage":2.0,"enemies":"Snecko","floor":28.0,"turns":4.0},{"damage":0.0,"enemies":"Centurion and Healer","floor":29.0,"turns":2.0},{"damage":15.0,"enemies":"Slavers","floor":31.0,"turns":6.0},{"damage":2.0,"enemies":"Collector","floor":33.0,"turns":3.0},{"damage":2.0,"enemies":"3 Shapes","floor":35.0,"turns":3.0},{"damage":1.0,"enemies":"Orb Walker","floor":36.0,"turns":2.0},{"damage":3.0,"enemies":"4 Shapes","floor":38.0,"turns":3.0},{"damage":2.0,"enemies":"Transient","floor":39.0,"turns":6.0},{"damage":1.0,"enemies":"Reptomancer","floor":40.0,"turns":2.0},{"damage":1,"enemies":"Nemesis","floor":46,"turns":3},{"damage":2,"enemies":"Reptomancer","floor":48,"turns":2},{"damage":6,"enemies":"Donu and Deca","floor":50,"turns":4},{"damage":0,"enemies":"Awakened One","floor":51,"turns":4},{"damage":0,"enemies":"Shield and Spear","floor":55,"turns":3},{"damage":0,"enemies":"The Heart","floor":56,"turns":1}],"seed_played":"8063147354426652547","potions_obtained":[{"floor":3.0,"key":"Explosive Potion"},{"floor":4.0,"key":"ColorlessPotion"},{"floor":6.0,"key":"Ancient Potion"},{"floor":11.0,"key":"Energy Potion"},{"floor":24.0,"key":"SneckoOil"},{"floor":28.0,"key":"Strength Potion"},{"floor":33.0,"key":"Energy Potion"},{"floor":55,"key":"Explosive Potion"}],"is_trial":false,"path_per_floor":["M","?","M","M","?","E","R","M","T","R","M","E","?","E","R","B",null,"M","M","?","$","M","R","M","?","T","R","M","M","$","E","R","B",null,"M","M","$","M","M","E","R","$","T","?","?","E","$","E","R","B","B",null,"R","$","E","B"],"character_chosen":"WATCHER","items_purchased":["OrangePellets","Membership Card","TalkToTheHand","Adaptation","Prostrate"],"campfire_rested":3,"item_purchase_floors":[30,37,42,47,54],"current_hp_per_floor":[61,61,61,61,61,39,39,21,21,41,33,35,35,37,37,9,53,44,46,46,46,9,29,25,25,25,25,25,27,27,14,14,14,29,29,30,30,29,29,30,30,30,30,30,30,31,31,31,31,27,29,33,34,34,34,34,34],"gold":62,"neow_bonus":"REMOVE_CARD","is_daily":false,"chose_seed":false,"campfire_upgraded":5,"win_rate":0.0,"timestamp":1608063843,"path_taken":["M","?","M","M","?","E","R","?","T","R","M","E","?","E","R","BOSS","M","M","?","$","?","R","M","?","T","R","M","M","$","E","R","BOSS","M","M","$","M","M","E","R","$","T","?","?","E","$","E","R","BOSS","BOSS","R","$","E","BOSS"],"items_purchased_type":["Relic","Relic","Card","Card","Card"],"build_version":"2020-12-13","purchased_purges":3,"victory":false,"max_hp_per_floor":[68,68,68,68,68,68,68,68,68,68,68,68,68,68,68,68,68,68,68,68,68,68,68,68,34,34,34,34,34,34,34,34,34,34,34,34,34,34,34,34,34,34,34,34,34,34,34,34,34,34,34,34,34,34,34,34,34],"relic_stats":{"Blood Vial":44,"OrangePellets":[1],"Regal Pillow":0,"Centennial Puzzle":[6],"Gremlin Horn":[5,6],"counters":[28,93],"Pandora\u0027s Box":["Alpha","LessonLearned","WaveOfTheHand","SignatureMove","DeusExMachina","Worship"],"Art of War":[6],"obtain_stats":[{"Regal Pillow":31,"Gremlin Horn":40,"Vajra":9,"Oddly Smooth Stone":14,"Akabeko":26,"White Beast Statue":48,"Blood Vial":6,"OrangePellets":30,"Centennial Puzzle":46,"Pandora\u0027s Box":17,"Art of War":12,"Membership Card":37,"PureWater":0,"FossilizedHelix":55,"Runic Pyramid":34},{"Regal Pillow":16,"Gremlin Horn":22,"Vajra":5,"Oddly Smooth Stone":8,"Akabeko":13,"White Beast Statue":24,"Blood Vial":4,"OrangePellets":15,"Centennial Puzzle":23,"Pandora\u0027s Box":9,"Art of War":7,"Membership Card":19,"PureWater":0,"FossilizedHelix":27,"Runic Pyramid":17},{"Regal Pillow":57,"Gremlin Horn":76,"Vajra":17,"Oddly Smooth Stone":25,"Akabeko":45,"White Beast Statue":81,"Blood Vial":14,"OrangePellets":51,"Centennial Puzzle":79,"Pandora\u0027s Box":33,"Art of War":22,"Membership Card":65,"PureWater":0,"FossilizedHelix":92,"Runic Pyramid":60}]},"card_choices":[{"not_picked":["Consecrate","FlyingSleeves"],"picked":"WheelKick","floor":1.0},{"not_picked":["FlyingSleeves","JustLucky"],"picked":"CutThroughFate","floor":3.0},{"not_picked":["CrushJoints","Prostrate"],"picked":"Indignation","floor":4.0},{"not_picked":["SignatureMove","Indignation"],"picked":"BowlingBash","floor":6.0},{"not_picked":["PathToVictory","CutThroughFate"],"picked":"Adaptation","floor":8.0},{"not_picked":["Consecrate","CrushJoints","MasterReality"],"picked":"SKIP","floor":11.0},{"not_picked":["Weave","BowlingBash","ReachHeaven"],"picked":"SKIP","floor":12.0},{"not_picked":["Sanctity","ReachHeaven"],"picked":"ClearTheMind","floor":14.0},{"not_picked":["Omniscience","Establishment"],"picked":"Scrawl","floor":16.0},{"not_picked":["Fasting2","DeceiveReality"],"picked":"InnerPeace","floor":18.0},{"not_picked":["ThirdEye+1","Wireheading","CutThroughFate+1"],"picked":"SKIP","floor":19.0},{"not_picked":["ThirdEye","Study","Evaluate"],"picked":"SKIP","floor":22.0},{"not_picked":["FlyingSleeves","Prostrate","Sanctity"],"picked":"SKIP","floor":24.0},{"not_picked":["Vengeance+1","Swivel","EmptyBody"],"picked":"SKIP","floor":28.0},{"not_picked":["CutThroughFate","CrushJoints","LikeWater"],"picked":"SKIP","floor":29.0},{"not_picked":["WindmillStrike","Consecrate","Nirvana"],"picked":"SKIP","floor":31.0},{"not_picked":["Blasphemy","DeusExMachina"],"picked":"MasterReality","floor":33.0},{"not_picked":["CrushJoints","ThirdEye+1","EmptyFist"],"picked":"SKIP","floor":35.0},{"not_picked":["Weave","InnerPeace","ClearTheMind"],"picked":"SKIP","floor":36.0},{"not_picked":["CrushJoints","FlurryOfBlows+1","Crescendo"],"picked":"SKIP","floor":38.0},{"not_picked":["FlurryOfBlows","InnerPeace","WaveOfTheHand+1"],"picked":"SKIP","floor":39.0},{"not_picked":["CutThroughFate","Pray","EmptyBody"],"picked":"SKIP","floor":40.0},{"not_picked":["Prostrate","SashWhip","Swivel"],"picked":"SKIP","floor":46},{"not_picked":["Halt+1","SashWhip","FlurryOfBlows"],"picked":"SKIP","floor":48},{"not_picked":["FollowUp","Swivel+1","Halt"],"picked":"SKIP","floor":55}],"player_experience":264797,"relics_obtained":[{"floor":6.0,"key":"Blood Vial"},{"floor":9.0,"key":"Vajra"},{"floor":12.0,"key":"Art of War"},{"floor":14.0,"key":"Oddly Smooth Stone"},{"floor":26.0,"key":"Akabeko"},{"floor":31.0,"key":"Regal Pillow"},{"floor":40.0,"key":"Gremlin Horn"},{"floor":46,"key":"Centennial Puzzle"},{"floor":48,"key":"White Beast Statue"},{"floor":55,"key":"FossilizedHelix"}],"event_choices":[{"damage_healed":0.0,"max_hp_gain":0.0,"max_hp_loss":0.0,"gold_gain":0.0,"event_name":"Liars Game","player_choice":"Ignored","floor":2.0,"gold_loss":0.0,"damage_taken":0.0},{"damage_healed":0.0,"max_hp_gain":0.0,"max_hp_loss":0.0,"gold_gain":0.0,"event_name":"Upgrade Shrine","player_choice":"Upgraded","floor":5.0,"gold_loss":0.0,"damage_taken":0.0,"cards_upgraded":["Eruption"]},{"cards_removed":["Defend_P"],"damage_healed":0.0,"max_hp_gain":0.0,"max_hp_loss":0.0,"gold_gain":0.0,"event_name":"The Cleric","player_choice":"Card Removal","floor":13.0,"gold_loss":75.0,"damage_taken":0.0},{"cards_removed":["WaveOfTheHand"],"damage_healed":0.0,"max_hp_gain":0.0,"max_hp_loss":0.0,"gold_gain":0.0,"event_name":"Purifier","player_choice":"Purged","floor":20.0,"gold_loss":0.0,"damage_taken":0.0},{"damage_healed":0.0,"max_hp_gain":0.0,"max_hp_loss":34.0,"gold_gain":0.0,"event_name":"Ghosts","player_choice":"Became a Ghost","floor":25.0,"gold_loss":0.0,"damage_taken":0.0,"cards_obtained":["Ghostly","Ghostly","Ghostly"]},{"damage_healed":0.0,"max_hp_gain":0.0,"max_hp_loss":0.0,"gold_gain":0.0,"event_name":"SensoryStone","player_choice":"Memory 1","floor":44.0,"gold_loss":0.0,"damage_taken":0.0},{"damage_healed":0,"gold_gain":0,"player_choice":"Ignored","damage_taken":0,"max_hp_gain":0,"max_hp_loss":0,"event_name":"Tomb of Lord Red Mask","floor":45,"gold_loss":0}],"is_beta":false,"boss_relics":[{"not_picked":["SacredBark","Fusion Hammer"],"picked":"Pandora\u0027s Box"},{"not_picked":["Snecko Eye","Busted Crown"],"picked":"Runic Pyramid"}],"items_purged_floors":[21,30,37],"is_endless":false,"potions_floor_spawned":[3,4,6,11,24,28,33,38,40,46,55],"killed_by":"The Heart","ascension_level":20}}