{"host":"e0kes70z4atl8xdk","time":1608017362,"event":{"mods":["BaseMod","Colored Map","Colored Powertips","Minty Spire (QoL Compilation)","Rare Cards Sparkle","Relic Stats"],"gold_per_floor":[18,18,34,48,48,48,91,91,118,43,86,102,2,17,17,147,147,171,191,214,238,256,77,77,77,124,158,73,86,86,86,86,205,205,221,554,554,554,334,368,368,393,419,419,454,454,13,13,13,13],"floor_reached":51,"playtime":4001,"items_purged":["Injury","Strike_R","Strike_R"],"score":993,"play_id":"883bc21f-bafc-45d7-87f6-f923e8f93082","local_time":"20201215082922","is_ascension_mode":true,"campfire_choices":[{"data":"Apotheosis","floor":6.0,"key":"SMITH"},{"data":"Feed","floor":8.0,"key":"SMITH"},{"floor":15.0,"key":"REST"},{"floor":25.0,"key":"REST"},{"floor":30.0,"key":"REST"},{"data":"True Grit","floor":32.0,"key":"SMITH"},{"floor":41,"key":"REST"},{"floor":44,"key":"REST"},{"floor":46,"key":"REST"},{"data":"Heavy Blade","floor":49,"key":"SMITH"}],"circlet_count":0,"master_deck":["Defend_R","Defend_R","Defend_R+1","Defend_R","Apotheosis+1","Disarm","Shrug It Off","Flame Barrier","Feed+1","Disarm+1","Flex","Impervious","Demon Form","Heavy Blade+1","Clothesline","Dual Wield","Feed","Intimidate","True Grit+1","Corruption","Pommel Strike+1","Heavy Blade+1","Shrug It Off"],"relics":["Burning Blood","War Paint","Bronze Scales","Mummified Hand","Sozu","Toy Ornithopter","Potion Belt","Bag of Preparation","MutagenicStrength","Empty Cage","Oddly Smooth Stone","Matryoshka","Omamori","Kunai","Art of War","Pear","Strawberry","HandDrill","Boot"],"acts_visited":["Exordium","TheCity","TheBeyond"],"potions_floor_usage":[],"damage_taken":[{"damage":7.0,"enemies":"Jaw Worm","floor":1.0,"turns":4.0},{"damage":8.0,"enemies":"Small Slimes","floor":3.0,"turns":4.0},{"damage":6.0,"enemies":"Cultist","floor":4.0,"turns":5.0},{"damage":7.0,"enemies":"Lagavulin","floor":7.0,"turns":9.0},{"damage":25.0,"enemies":"3 Sentries","floor":11.0,"turns":9.0},{"damage":8.0,"enemies":"Gremlin Gang","floor":12.0,"turns":3.0},{"damage":0.0,"enemies":"Red Slaver","floor":14.0,"turns":5.0},{"damage":20.0,"enemies":"Hexaghost","floor":16.0,"turns":13.0},{"damage":8.0,"enemies":"Spheric Guardian","floor":18.0,"turns":5.0},{"damage":15.0,"enemies":"Shell Parasite","floor":19.0,"turns":5.0},{"damage":11.0,"enemies":"Centurion and Healer","floor":20.0,"turns":5.0},{"damage":25.0,"enemies":"Cultist and Chosen","floor":21.0,"turns":7.0},{"damage":23.0,"enemies":"Snecko","floor":22.0,"turns":6.0},{"damage":37.0,"enemies":"Gremlin Leader","floor":27.0,"turns":8.0},{"damage":0.0,"enemies":"Snake Plant","floor":29.0,"turns":4.0},{"damage":64.0,"enemies":"Collector","floor":33.0,"turns":10.0},{"damage":9.0,"enemies":"Orb Walker","floor":35.0,"turns":6.0},{"damage":39,"enemies":"Giant Head","floor":40,"turns":8},{"damage":41,"enemies":"Nemesis","floor":42,"turns":9},{"damage":29,"enemies":"Reptomancer","floor":45,"turns":8},{"damage":71,"enemies":"Awakened One","floor":50,"turns":13}],"seed_played":"6983977987186456580","potions_obtained":[{"floor":1.0,"key":"ElixirPotion"},{"floor":4.0,"key":"Swift Potion"},{"floor":11.0,"key":"PowerPotion"},{"floor":16.0,"key":"Dexterity Potion"}],"is_trial":false,"path_per_floor":["M","?","M","M","?","R","E","R","T","$","E","M","$","M","R","B",null,"M","M","M","M","M","$","?","R","T","E","?","M","R","?","R","B",null,"M","?","?","?","$","E","R","E","T","R","E","R","$","?","R","B",null],"character_chosen":"IRONCLAD","items_purchased":["True Grit","Heavy Blade","Shrug It Off","Oddly Smooth Stone","Strawberry","HandDrill","Boot"],"campfire_rested":6,"item_purchase_floors":[23,39,39,39,47,47,47],"current_hp_per_floor":[79,79,77,77,77,77,80,80,80,80,65,67,67,73,92,82,93,95,86,85,70,53,53,53,85,85,54,54,60,92,92,92,34,90,91,91,91,91,91,58,91,56,56,89,76,112,119,119,119,54],"gold":13,"neow_bonus":"RANDOM_COLORLESS_2","is_daily":false,"chose_seed":false,"campfire_upgraded":4,"win_rate":0.0,"timestamp":1608017362,"path_taken":["M","?","M","M","?","R","E","R","T","$","E","?","$","M","R","BOSS","M","M","M","M","?","$","?","R","T","E","?","M","R","?","R","BOSS","M","?","?","?","$","E","R","E","T","R","E","R","$","?","R","BOSS"],"items_purchased_type":["Card","Card","Card","Relic","Relic","Relic","Relic"],"build_version":"2020-12-13","purchased_purges":3,"victory":true,"max_hp_per_floor":[80,80,80,80,80,80,84,84,84,84,88,92,92,92,92,96,96,100,100,104,108,108,108,108,108,108,108,108,108,108,108,108,108,108,112,112,112,112,112,112,112,112,112,112,122,122,129,123,123,123],"relic_stats":{"counters":[21,146],"Bag of Preparation":[14],"War Paint":["Defend_R","Disarm"],"Boot":[0],"Burning Blood":126,"Sozu":4,"Mummified Hand":[27],"Bronze Scales":[405],"Art of War":[3],"HandDrill":[0],"Kunai":[3],"obtain_stats":[{"Potion Belt":27,"Pear":45,"Golden Idol":2,"Oddly Smooth Stone":39,"Bag of Preparation":28,"Omamori":42,"War Paint":7,"Empty Cage":34,"Boot":47,"Burning Blood":0,"Sozu":17,"Matryoshka":40,"Mummified Hand":11,"Bronze Scales":9,"MutagenicStrength":31,"Strawberry":47,"Art of War":43,"HandDrill":47,"Kunai":43,"Toy Ornithopter":26},{"Potion Belt":14,"Pear":20,"Golden Idol":1,"Oddly Smooth Stone":17,"Bag of Preparation":14,"Omamori":19,"War Paint":4,"Empty Cage":16,"Boot":20,"Burning Blood":0,"Sozu":8,"Matryoshka":18,"Mummified Hand":5,"Bronze Scales":4,"MutagenicStrength":15,"Strawberry":20,"Art of War":19,"HandDrill":20,"Kunai":19,"Toy Ornithopter":13},{"Potion Belt":88,"Pear":133,"Golden Idol":4,"Oddly Smooth Stone":108,"Bag of Preparation":88,"Omamori":125,"War Paint":22,"Empty Cage":102,"Boot":133,"Burning Blood":0,"Sozu":52,"Matryoshka":116,"Mummified Hand":31,"Bronze Scales":22,"MutagenicStrength":92,"Strawberry":133,"Art of War":125,"HandDrill":133,"Kunai":125,"Toy Ornithopter":80}],"Toy Ornithopter":0},"card_choices":[{"not_picked":["The Bomb","Chrysalis"],"picked":"Apotheosis","floor":0.0},{"not_picked":["Armaments","Iron Wave"],"picked":"Disarm","floor":1.0},{"not_picked":["Flex","Rampage"],"picked":"Shrug It Off","floor":3.0},{"not_picked":["Ghostly Armor","Rampage"],"picked":"Flame Barrier","floor":4.0},{"not_picked":["Iron Wave","Flex","Clash"],"picked":"SKIP","floor":7.0},{"not_picked":["Dual Wield","Warcry","Fire Breathing"],"picked":"SKIP","floor":11.0},{"not_picked":["Clash","Armaments"],"picked":"Impervious","floor":12.0},{"not_picked":["Wild Strike","Dropkick","Armaments"],"picked":"SKIP","floor":14.0},{"not_picked":["Fiend Fire","Offering"],"picked":"Demon Form","floor":16.0},{"not_picked":["Armaments+1","Wild Strike"],"picked":"Heavy Blade+1","floor":18.0},{"not_picked":["Entrench","Armaments"],"picked":"Clothesline","floor":19.0},{"not_picked":["Thunderclap+1","Fire Breathing"],"picked":"Dual Wield","floor":20.0},{"not_picked":["Clash","Clothesline"],"picked":"Feed","floor":21.0},{"not_picked":["Headbutt","Twin Strike"],"picked":"Intimidate","floor":22.0},{"not_picked":["Sword Boomerang","Combust","Rage"],"picked":"SKIP","floor":27.0},{"not_picked":["Entrench","Thunderclap","Carnage"],"picked":"SKIP","floor":29.0},{"not_picked":["Brutality","Reaper"],"picked":"Corruption","floor":33.0},{"not_picked":["Anger","Clothesline+1"],"picked":"Pommel Strike+1","floor":35.0},{"not_picked":["Perfected Strike+1","Rampage","Battle Trance+1"],"picked":"SKIP","floor":40},{"not_picked":["Dark Embrace","Warcry","Armaments"],"picked":"SKIP","floor":42},{"not_picked":["Pummel","Havoc+1","Fire Breathing+1"],"picked":"SKIP","floor":45}],"player_experience":189803,"relics_obtained":[{"floor":7.0,"key":"War Paint"},{"floor":9.0,"key":"Bronze Scales"},{"floor":11.0,"key":"Mummified Hand"},{"floor":26.0,"key":"Toy Ornithopter"},{"floor":27.0,"key":"Potion Belt"},{"floor":40,"key":"Matryoshka"},{"floor":42,"key":"Omamori"},{"floor":43,"key":"Kunai"},{"floor":43,"key":"Art of War"},{"floor":45,"key":"Pear"}],"event_choices":[{"damage_healed":0.0,"max_hp_gain":0.0,"max_hp_loss":0.0,"gold_gain":0.0,"event_name":"Golden Idol","player_choice":"Take Wound","floor":2.0,"gold_loss":0.0,"damage_taken":0.0,"relics_obtained":["Golden Idol"],"cards_obtained":["Injury"]},{"damage_healed":0.0,"max_hp_gain":0.0,"max_hp_loss":0.0,"gold_gain":0.0,"event_name":"Match and Keep!","player_choice":"3 cards matched","floor":5.0,"gold_loss":0.0,"damage_taken":0.0,"cards_obtained":["Feed","Disarm","Flex"]},{"cards_removed":["Strike_R"],"damage_healed":0.0,"max_hp_gain":0.0,"max_hp_loss":0.0,"gold_gain":0.0,"event_name":"Back to Basics","player_choice":"Elegance","floor":24.0,"gold_loss":0.0,"damage_taken":0.0},{"damage_healed":0.0,"max_hp_gain":0.0,"max_hp_loss":0.0,"gold_gain":0.0,"event_name":"Addict","player_choice":"Obtained Relic","floor":28.0,"gold_loss":85.0,"damage_taken":0.0,"relics_obtained":["Bag of Preparation"]},{"damage_healed":0.0,"max_hp_gain":0.0,"max_hp_loss":0.0,"gold_gain":0.0,"event_name":"Drug Dealer","player_choice":"Inject Mutagens","floor":31.0,"gold_loss":0.0,"damage_taken":0.0,"relics_obtained":["MutagenicStrength"]},{"damage_healed":0.0,"max_hp_gain":0.0,"max_hp_loss":0.0,"gold_gain":333.0,"event_name":"The Moai Head","player_choice":"Gave Idol","floor":36.0,"relics_lost":["Golden Idol"],"gold_loss":0.0,"damage_taken":0.0},{"cards_removed":["Bash"],"damage_healed":0.0,"max_hp_gain":0.0,"max_hp_loss":0.0,"gold_gain":0.0,"event_name":"Falling","player_choice":"Removed Attack","floor":37.0,"gold_loss":0.0,"damage_taken":0.0},{"damage_healed":0,"gold_gain":0,"player_choice":"Ignored","damage_taken":0,"max_hp_gain":0,"max_hp_loss":0,"event_name":"Mysterious Sphere","floor":38,"gold_loss":0},{"damage_healed":0,"gold_gain":0,"player_choice":"Max HP","damage_taken":0,"max_hp_gain":0,"max_hp_loss":6,"event_name":"Winding Halls","floor":48,"gold_loss":0}],"is_beta":false,"boss_relics":[{"not_picked":["Pandora\u0027s Box","Busted Crown"],"picked":"Sozu"},{"not_picked":["Velvet Choker","Mark of Pain"],"picked":"Empty Cage"}],"items_purged_floors":[10,13,23],"is_endless":false,"potions_floor_spawned":[1,4,11,16,21,22,27,33,35],"ascension_level":5}}