{"host":"yfjdi361m7pxsbqz","time":1608036731,"event":{"mods":["BaseMod","Minty Spire (QoL Compilation)","StSLib","SuperFastMode","The Hierophant"],"gold_per_floor":[369,169,169,180,9,9,9,9,9,9,19,19,45,45,45,150,150,168,123,123,123,143,168,168,168,192,207,207,82,100,115,115,214,214,234,284,131,131,63,63,94,94,94,94,56,56,56,82,82,82],"floor_reached":51,"playtime":3255,"items_purged":["Strike_G","Strike_G","Defend_G"],"score":927,"play_id":"4f83b889-13f9-4f9d-8291-119b4b52bca9","local_time":"20201215215211","is_ascension_mode":true,"campfire_choices":[{"data":"Underhanded Strike","floor":6.0,"key":"SMITH"},{"data":"Footwork","floor":8.0,"key":"SMITH"},{"data":"After Image","floor":12.0,"key":"SMITH"},{"data":"Footwork","floor":15.0,"key":"SMITH"},{"data":"A Thousand Cuts","floor":24.0,"key":"SMITH"},{"data":"Ghostly","floor":28.0,"key":"SMITH"},{"data":"Ghostly","floor":32.0,"key":"SMITH"},{"data":"Concentrate","floor":40.0,"key":"SMITH"},{"data":"Prepared","floor":42.0,"key":"SMITH"},{"data":"Acrobatics","floor":44.0,"key":"SMITH"},{"data":"Reflex","floor":49,"key":"SMITH"}],"circlet_count":0,"master_deck":["Defend_G","Defend_G","Survivor","Neutralize","Acrobatics+1","Underhanded Strike+1","Escape Plan","Footwork+1","Footwork+1","After Image+1","Adrenaline","A Thousand Cuts+1","Prepared+1","Ghostly+1","Ghostly+1","Ghostly","Ghostly","Ghostly","Adrenaline+1","Venomology+1","Unload+1","Reflex+1","After Image","Concentrate+1","Noxious Fumes","Reflex"],"relics":["Ring of the Snake","Omamori","Ice Cream","Bronze Scales","Runic Pyramid","Snake Skull","Anchor","Astrolabe","Tingsha","Shuriken","Letter Opener","Pen Nib"],"acts_visited":["TheBeyond"],"potions_floor_usage":[48,50,50,50,50],"damage_taken":[{"damage":3.0,"enemies":"Jaw Worm","floor":1.0,"turns":6.0},{"damage":0.0,"enemies":"2 Louse","floor":4.0,"turns":4.0},{"damage":0.0,"enemies":"Cultist","floor":11.0,"turns":4.0},{"damage":5.0,"enemies":"3 Sentries","floor":13.0,"turns":13.0},{"damage":39.0,"enemies":"Slime Boss","floor":16.0,"turns":21.0},{"damage":0.0,"enemies":"3 Byrds","floor":18.0,"turns":4.0},{"damage":2.0,"enemies":"Chosen","floor":22.0,"turns":5.0},{"damage":24.0,"enemies":"Gremlin Leader","floor":23.0,"turns":9.0},{"damage":0.0,"enemies":"Snake Plant","floor":27.0,"turns":5.0},{"damage":0.0,"enemies":"Centurion and Healer","floor":30.0,"turns":7.0},{"damage":0.0,"enemies":"Sentry and Sphere","floor":31.0,"turns":8.0},{"damage":26.0,"enemies":"Automaton","floor":33.0,"turns":14.0},{"damage":0.0,"enemies":"3 Darklings","floor":35.0,"turns":5.0},{"damage":0.0,"enemies":"Mind Bloom Boss Battle","floor":36.0,"turns":6.0},{"damage":0.0,"enemies":"Giant Head","floor":41.0,"turns":9.0},{"damage":0,"enemies":"Reptomancer","floor":48,"turns":5},{"damage":0,"enemies":"Awakened One","floor":50,"turns":7}],"seed_played":"-9029582004875317720","potions_obtained":[{"floor":11.0,"key":"Block Potion"},{"floor":27.0,"key":"BlessingOfTheForge"},{"floor":33.0,"key":"Strength Potion"},{"floor":36.0,"key":"Weak Potion"}],"is_trial":false,"path_per_floor":["M","$","?","M","$","R","?","R","T","?","M","R","E","$","R","B",null,"M","$","$","?","M","E","R","?","T","M","R","$","M","M","R","B",null,"M","?","$","?","$","R","E","R","T","R","$","?","?","E","R","B",null],"character_chosen":"THE_SILENT","items_purchased":["Underhanded Strike","Escape Plan","Footwork","Prepared","After Image","Concentrate","Noxious Fumes"],"campfire_rested":0,"item_purchase_floors":[2,2,5,19,37,39,45],"current_hp_per_floor":[60,60,53,53,53,53,46,46,46,46,46,46,41,41,41,2,63,63,63,63,63,61,37,37,31,31,31,31,31,31,31,31,5,31,31,31,31,31,31,31,31,31,31,31,31,29,29,29,29,29],"gold":82,"neow_bonus":"TWO_FIFTY_GOLD","is_daily":false,"chose_seed":false,"campfire_upgraded":11,"win_rate":0.0,"timestamp":1608036731,"path_taken":["M","$","?","M","$","R","?","R","T","?","M","R","E","$","R","BOSS","M","$","?","?","?","E","R","?","T","M","R","?","?","M","R","BOSS","M","?","$","?","?","R","E","R","T","R","$","?","?","E","R","BOSS"],"items_purchased_type":["Card","Card","Card","Card","Card","Card","Card"],"build_version":"2020-12-13","purchased_purges":3,"victory":true,"max_hp_per_floor":[63,63,63,63,63,63,63,63,63,63,63,63,63,63,63,63,63,63,63,63,63,63,63,63,31,31,31,31,31,31,31,31,31,31,31,31,31,31,31,31,31,31,31,31,31,29,29,29,29,29],"card_choices":[{"not_picked":["PiercingWail","Calculated Gamble"],"picked":"Acrobatics","floor":1.0},{"not_picked":["Dagger Spray","Setup"],"picked":"Footwork","floor":4.0},{"not_picked":["Acrobatics","Quick Slash","Deadly Poison"],"picked":"SKIP","floor":11.0},{"not_picked":["Flechettes","Dagger Throw"],"picked":"Adrenaline","floor":13.0},{"not_picked":["Unload","Wraith Form v2"],"picked":"A Thousand Cuts","floor":16.0},{"not_picked":["Dagger Spray","Deflect","Poisoned Stab+1"],"picked":"SKIP","floor":18.0},{"not_picked":["Acrobatics+1","Flying Knee+1","Outmaneuver"],"picked":"SKIP","floor":22.0},{"not_picked":["Poisoned Stab+1","Deadly Poison+1","Endless Agony"],"picked":"SKIP","floor":23.0},{"not_picked":["Predator","PiercingWail","Masterful Stab+1"],"picked":"SKIP","floor":27.0},{"not_picked":["Escape Plan+1","Setup+1","Blur+1"],"picked":"SKIP","floor":30.0},{"not_picked":["Masterful Stab","Prepared","Footwork"],"picked":"SKIP","floor":31.0},{"not_picked":["Accuracy+1","Sucker Punch","Poisoned Stab"],"picked":"SKIP","floor":35.0},{"not_picked":["Dodge and Roll","Leg Sweep"],"picked":"Reflex","floor":36.0},{"not_picked":["Dagger Spray","Prepared+1","Heel Hook"],"picked":"SKIP","floor":41.0},{"not_picked":["Dagger Throw+1","Prepared+1"],"picked":"Reflex","floor":48}],"player_experience":213803,"relics_obtained":[{"floor":9.0,"key":"Ice Cream"},{"floor":13.0,"key":"Bronze Scales"},{"floor":23.0,"key":"Snake Skull"},{"floor":26.0,"key":"Anchor"},{"floor":36.0,"key":"Tingsha"},{"floor":41.0,"key":"Shuriken"},{"floor":43.0,"key":"Letter Opener"},{"floor":48,"key":"Pen Nib"}],"event_choices":[{"cards_removed":["Defend_G"],"damage_healed":0.0,"max_hp_gain":0.0,"max_hp_loss":0.0,"gold_gain":0.0,"event_name":"Golden Wing","player_choice":"Card Removal","floor":3.0,"gold_loss":0.0,"damage_taken":7.0},{"damage_healed":0.0,"max_hp_gain":0.0,"max_hp_loss":0.0,"gold_gain":0.0,"event_name":"Scrap Ooze","player_choice":"Success","floor":7.0,"gold_loss":0.0,"damage_taken":7.0,"relics_obtained":["Omamori"]},{"damage_healed":0.0,"max_hp_gain":0.0,"max_hp_loss":0.0,"gold_gain":0.0,"event_name":"Match and Keep!","player_choice":"1 cards matched","floor":10.0,"gold_loss":0.0,"damage_taken":0.0,"cards_obtained":["After Image"]},{"damage_healed":0.0,"max_hp_gain":0.0,"max_hp_loss":0.0,"gold_gain":0.0,"event_name":"Duplicator","player_choice":"Ignored","floor":21.0,"gold_loss":0.0,"damage_taken":0.0},{"damage_healed":0.0,"max_hp_gain":0.0,"max_hp_loss":32.0,"gold_gain":0.0,"event_name":"Ghosts","player_choice":"Became a Ghost","floor":25.0,"gold_loss":0.0,"damage_taken":0.0,"cards_obtained":["Ghostly","Ghostly","Ghostly","Ghostly","Ghostly"]},{"damage_healed":0.0,"max_hp_gain":0.0,"max_hp_loss":0.0,"gold_gain":0.0,"event_name":"MindBloom","player_choice":"Fight","floor":36.0,"gold_loss":0.0,"damage_taken":0.0},{"damage_healed":0.0,"max_hp_gain":0.0,"max_hp_loss":0.0,"gold_gain":0.0,"event_name":"Tomb of Lord Red Mask","player_choice":"Ignored","floor":38.0,"gold_loss":0.0,"damage_taken":0.0},{"damage_healed":0.0,"max_hp_gain":0.0,"max_hp_loss":2.0,"gold_gain":0.0,"event_name":"Winding Halls","player_choice":"Max HP","floor":46.0,"gold_loss":0.0,"damage_taken":0.0},{"cards_removed":["Defend_G"],"damage_healed":0.0,"max_hp_gain":0.0,"max_hp_loss":0.0,"gold_gain":0.0,"event_name":"Falling","player_choice":"Removed Skill","floor":47.0,"gold_loss":0.0,"damage_taken":0.0}],"is_beta":false,"boss_relics":[{"not_picked":["Philosopher\u0027s Stone","SlaversCollar"],"picked":"Runic Pyramid"},{"not_picked":["WristBlade","Sozu"],"picked":"Astrolabe"}],"items_purged_floors":[2,5,29],"is_endless":false,"potions_floor_spawned":[11,27,33,36],"ascension_level":3}}