{"host":"e0pckiz4krh0olxz","time":1608003161,"event":{"mods":["BaseMod","Downfall","Filter the Spire","Minty Spire (QoL Compilation)","Relic Stats","StSLib"],"gold_per_floor":[99,117,142,172,184,214,253,285,357,294,317,185,185,170,184,284,284,284,294,310,310,320,320,346,381,381,414,514,527,477,495,513,610,660,660,695,573,573,599,599,599,524,559,484,484,504,504,524,544,544,544,569,12,12,12],"floor_reached":56,"playtime":7741,"items_purged":["Guardian:CurlUp","Regret"],"score":1536,"play_id":"8220946c-e411-488d-ab11-cb5a21e1325e","local_time":"20201214213241","is_ascension_mode":true,"campfire_choices":[{"data":"Guardian:TwinSlam","floor":1.0,"key":"SMITH"},{"data":"Guardian:BronzeArmor","floor":10.0,"key":"SMITH"},{"data":"Guardian:ExploitGems","floor":21.0,"key":"SMITH"},{"data":"Guardian:EvasiveProtocol","floor":23.0,"key":"SMITH"},{"data":"Guardian:ExploitGems","floor":26.0,"key":"SMITH"},{"data":"Guardian:AncientConstruct","floor":35.0,"key":"SMITH"},{"data":"Guardian:Suspension","floor":38.0,"key":"SMITH"},{"floor":40.0,"key":"RECALL"},{"data":"Guardian:RevengeProtocol","floor":42.0,"key":"SMITH"},{"data":"Guardian:PiercingHide","floor":44.0,"key":"SMITH"},{"floor":54.0,"key":"REST"}],"circlet_count":0,"master_deck":["Guardian:TwinSlam+1","Guardian:TemporalStrike+1","Guardian:PiercingHide+1","Guardian:ExploitGems+1","Guardian:DonusPower","Guardian:WalkerClaw+1","Guardian:Suspension+1","Guardian:BronzeArmor+1","Guardian:EvasiveProtocol+1","Guardian:ExploitGems+1","Guardian:CompilePackage+1","Guardian:RevengeProtocol+1","Guardian:RevengeProtocol+1","Guardian:DonusPower","Guardian:TemporalStrike+1","expansioncontent:Collect","Guardian:PiercingHide+1","Guardian:FloatingOrbs+1","Guardian:AncientConstruct+1","Guardian:SentryBeam","Guardian:Repulse+1","Guardian:DonusPower+1","Guardian:EvasiveProtocol+1","Guardian:Gem_Cyan","Guardian:BronzeArmor+1"],"relics":["Pandora\u0027s Box","MawBank","Happy Flower","downfall:HeartBlessingBlue","Guardian:PickAxe","Astrolabe","Boot","Ice Cream","Blood Vial","downfall:GremlinSack","Tiny House","Toxic Egg 2","Anchor","Whetstone","Pantograph","MealTicket","downfall:HeartBlessingRed","Smiling Mask","downfall:HeartBlessingGreen","Pear","Membership Card","TungstenRod","Bird Faced Urn"],"acts_visited":["Exordium","TheCity","TheBeyond","TheEnding"],"potions_floor_usage":[55,55,55],"damage_taken":[{"damage":0.0,"enemies":"2 Louse","floor":2.0,"turns":4.0},{"damage":15.0,"enemies":"Gremlin Nob","floor":3.0,"turns":4.0},{"damage":5.0,"enemies":"Small Slimes","floor":4.0,"turns":3.0},{"damage":12.0,"enemies":"Jaw Worm","floor":6.0,"turns":2.0},{"damage":5.0,"enemies":"Lots of Slimes","floor":8.0,"turns":3.0},{"damage":0.0,"enemies":"Gremlin Nob","floor":9.0,"turns":6.0},{"damage":0.0,"enemies":"3 Louse","floor":11.0,"turns":1.0},{"damage":0.0,"enemies":"downfall:FleeingMerchant","floor":12.0,"turns":4.0},{"damage":0.0,"enemies":"downfall:FleeingMerchant","floor":14.0,"turns":4.0},{"damage":0.0,"enemies":"2 Fungi Beasts","floor":15.0,"turns":3.0},{"damage":0.0,"enemies":"downfall:Watcher","floor":16.0,"turns":6.0},{"damage":0.0,"enemies":"Spheric Guardian","floor":19.0,"turns":3.0},{"damage":31.0,"enemies":"Snecko","floor":20.0,"turns":6.0},{"damage":0.0,"enemies":"Sentry and Sphere","floor":22.0,"turns":5.0},{"damage":12.0,"enemies":"Slavers","floor":25.0,"turns":5.0},{"damage":0.0,"enemies":"Gremlin Leader","floor":27.0,"turns":6.0},{"damage":22.0,"enemies":"Gremlin Leader","floor":28.0,"turns":4.0},{"damage":13.0,"enemies":"Snake Plant","floor":29.0,"turns":3.0},{"damage":8.0,"enemies":"Centurion and Healer","floor":31.0,"turns":4.0},{"damage":9.0,"enemies":"3 Cultists","floor":32.0,"turns":3.0},{"damage":26.0,"enemies":"downfall:Silent","floor":33.0,"turns":6.0},{"damage":6.0,"enemies":"Giant Head","floor":36.0,"turns":5.0},{"damage":1.0,"enemies":"downfall:FleeingMerchant","floor":37.0,"turns":4.0},{"damage":15.0,"enemies":"Reptomancer","floor":39.0,"turns":4.0},{"damage":7.0,"enemies":"Nemesis","floor":43.0,"turns":5.0},{"damage":0.0,"enemies":"3 Darklings","floor":46.0,"turns":4.0},{"damage":10.0,"enemies":"3 Shapes","floor":48.0,"turns":4.0},{"damage":15.0,"enemies":"Sphere and 2 Shapes","floor":49.0,"turns":4.0},{"damage":7.0,"enemies":"downfall:Defect","floor":50.0,"turns":6.0},{"damage":25.0,"enemies":"downfall:CharBossMerchant","floor":52.0,"turns":7.0},{"damage":1,"enemies":"downfall:NeowBoss","floor":55,"turns":12}],"seed_played":"7218127792896596999","potions_obtained":[{"floor":3.0,"key":"SneckoOil"},{"floor":8.0,"key":"Explosive Potion"},{"floor":9.0,"key":"Strength Potion"},{"floor":11.0,"key":"Explosive Potion"},{"floor":28.0,"key":"DuplicationPotion"},{"floor":34.0,"key":"champ:CounterPotion"}],"is_trial":false,"path_per_floor":["R","M","E","M","?","M","T","M","?","R","M","$","?","$","M","B",null,"R","M","M","R","M","R","T","E","R","E","?","M","?","M","M","B",null,"R","E","$","R","E","R","T","R","E","R","?","M","?","M","M","B",null,"E","$","R","B",null],"character_chosen":"GUARDIAN","items_purchased":["Guardian:ShieldCharger","Anchor","Whetstone","SteroidPotion","Membership Card","TungstenRod","Guardian:BronzeArmor+1","Bird Faced Urn","hexamod:EctoCoolerPotion","LiquidMemories"],"campfire_rested":1,"item_purchase_floors":[12,37,37,37,53,53,53,53,53,53],"current_hp_per_floor":[80,80,65,60,60,48,48,43,43,53,53,53,35,35,35,35,90,90,90,59,59,59,59,59,47,47,47,27,16,49,43,36,12,95,95,89,90,90,77,77,77,77,72,72,72,74,74,66,53,73,95,80,95,105,105],"gold":12,"neow_bonus":"BOSS_RELIC","is_daily":false,"chose_seed":false,"campfire_upgraded":9,"win_rate":0.0,"timestamp":1608003161,"path_taken":["R","M","E","M","?","M","T","M","?","R","M","$","?","$","M","BOSS","R","M","M","R","M","R","T","E","R","E","?","?","?","M","M","BOSS","R","E","$","R","E","R","T","R","E","R","?","M","?","M","M","BOSS","E","$","R","BOSS"],"items_purchased_type":["Card","Relic","Relic","Potion","Relic","Relic","Card","Relic","Potion","Potion"],"build_version":"2020-12-13","purchased_purges":2,"victory":true,"max_hp_per_floor":[80,80,80,80,80,80,80,80,80,90,90,90,90,90,90,90,90,90,90,90,90,90,90,90,90,90,90,90,90,90,90,90,90,95,95,95,95,95,95,95,95,95,95,95,95,95,95,95,95,95,95,105,105,105,105],"relic_stats":{"Happy Flower":[39],"counters":[31,140],"Astrolabe":["Guardian:CompilePackage","Guardian:Gem_Blue","Guardian:RevengeProtocol"],"Whetstone":["Guardian:TemporalStrike","Guardian:WalkerClaw"],"MawBank":108,"Boot":[68],"Smiling Mask":0,"Blood Vial":24,"Pantograph":25,"Bird Faced Urn":[1],"Pandora\u0027s Box":["Guardian:TemporalStrike","Guardian:ChargeUp","Guardian:PiercingHide","Guardian:ConstructionForm","Guardian:Gem_Lightblue","Guardian:Gem_Lightblue","Guardian:ExploitGems","Guardian:DonusPower"],"MealTicket":15,"obtain_stats":[{"Ice Cream":25,"Tiny House":34,"Pear":52,"Happy Flower":9,"downfall:HeartBlessingRed":42,"Astrolabe":17,"Guardian:ModeShifter":0,"downfall:HeartBlessingGreen":44,"Whetstone":37,"MawBank":3,"Boot":24,"Smiling Mask":43,"Guardian:PickAxe":13,"Blood Vial":27,"Anchor":37,"downfall:GremlinSack":28,"downfall:HeartBlessingBlue":10,"Pantograph":39,"Bird Faced Urn":53,"Pandora\u0027s Box":0,"MealTicket":41,"Membership Card":53,"Toxic Egg 2":36,"TungstenRod":53},{"Ice Cream":15,"Tiny House":21,"Pear":30,"Happy Flower":6,"downfall:HeartBlessingRed":24,"Astrolabe":11,"Guardian:ModeShifter":0,"downfall:HeartBlessingGreen":25,"Whetstone":23,"MawBank":2,"Boot":14,"Smiling Mask":25,"Guardian:PickAxe":8,"Blood Vial":16,"Anchor":23,"downfall:GremlinSack":17,"downfall:HeartBlessingBlue":6,"Pantograph":24,"Bird Faced Urn":30,"Pandora\u0027s Box":0,"MealTicket":24,"Membership Card":30,"Toxic Egg 2":22,"TungstenRod":30},{"Ice Cream":59,"Tiny House":85,"Pear":128,"Happy Flower":22,"downfall:HeartBlessingRed":98,"Astrolabe":40,"Guardian:ModeShifter":0,"downfall:HeartBlessingGreen":103,"Whetstone":94,"MawBank":8,"Boot":54,"Smiling Mask":103,"Guardian:PickAxe":27,"Blood Vial":65,"Anchor":94,"downfall:GremlinSack":69,"downfall:HeartBlessingBlue":22,"Pantograph":98,"Bird Faced Urn":128,"Pandora\u0027s Box":0,"MealTicket":98,"Membership Card":128,"Toxic Egg 2":90,"TungstenRod":128}],"TungstenRod":1},"card_choices":[{"not_picked":["Guardian:Recover","Guardian:PrismaticBarrier"],"picked":"Guardian:WalkerClaw","floor":2.0},{"not_picked":["Guardian:RollAttack","Guardian:VentSteam"],"picked":"Guardian:BaubleBeam","floor":3.0},{"not_picked":["Guardian:CrystalBeam","Guardian:EvasiveProtocol"],"picked":"Guardian:Suspension","floor":4.0},{"not_picked":["Guardian:SentryBeam","Guardian:Reroute","Guardian:BronzeArmor"],"picked":"SKIP","floor":6.0},{"not_picked":["Guardian:ShieldCharger","Guardian:Repulse"],"picked":"Guardian:BronzeArmor","floor":8.0},{"not_picked":["Guardian:ChargeCore","Guardian:Planning"],"picked":"Guardian:Gem_Yellow","floor":9.0},{"not_picked":["Guardian:PrimingBeam","Guardian:Recover","Guardian:RefractedBeam"],"picked":"SKIP","floor":11.0},{"not_picked":["Guardian:SentryBeam","Guardian:PrimingBeam","Guardian:MultiBeam"],"picked":"SKIP","floor":12.0},{"not_picked":["Guardian:TemporalShield","Guardian:PrimingBeam"],"picked":"Guardian:EvasiveProtocol","floor":14.0},{"not_picked":["Guardian:RefractedBeam","Guardian:VentSteam","Guardian:GemFire"],"picked":"SKIP","floor":15.0},{"not_picked":["Guardian:StasisStrike","Guardian:FierceBash"],"picked":"Guardian:ExploitGems","floor":16.0},{"not_picked":["Guardian:ShieldCharger","Guardian:Preprogram"],"picked":"Guardian:Gem_Red","floor":19.0},{"not_picked":["Guardian:Gem_Lightblue","Guardian:PrimingBeam"],"picked":"Guardian:Gem_Purple","floor":20.0},{"not_picked":["Guardian:RollAttack+1","Guardian:ChargeCore","Guardian:Incinerate"],"picked":"SKIP","floor":22.0},{"not_picked":["Guardian:Incinerate","Guardian:Gem_Yellow","Guardian:RefractedBeam"],"picked":"SKIP","floor":25.0},{"not_picked":["Guardian:RefractedBeam","Guardian:Gem_Lightblue"],"picked":"Guardian:Gem_Fragmented","floor":27.0},{"not_picked":["Guardian:ShieldCharger+1","Guardian:ChargeCore+1"],"picked":"Guardian:PiercingHide+1","floor":29.0},{"not_picked":["Guardian:VentSteam","Guardian:TemporalStrike","Guardian:Planning"],"picked":"SKIP","floor":31.0},{"not_picked":["Guardian:Gem_Yellow","Guardian:Gem_Green"],"picked":"Guardian:FloatingOrbs+1","floor":32.0},{"not_picked":["Guardian:BaubleBeam","Guardian:ExploitGems"],"picked":"Guardian:AncientConstruct","floor":33.0},{"not_picked":["Guardian:Emergency","Guardian:Recover+1"],"picked":"Guardian:SentryBeam","floor":34.0},{"not_picked":["Guardian:Gem_Red","Guardian:Reroute"],"picked":"Guardian:Repulse+1","floor":36.0},{"not_picked":["Guardian:GuardianWhirl+1","Guardian:ShieldCharger+1","Guardian:PrimingBeam"],"picked":"SKIP","floor":37.0},{"not_picked":["Guardian:ShieldCharger+1","Guardian:RollAttack+1","Guardian:Orbwalk"],"picked":"SKIP","floor":39.0},{"not_picked":["Guardian:Orbwalk","Guardian:Recover+1"],"picked":"Guardian:DonusPower+1","floor":43.0},{"not_picked":["Guardian:DonusPower+1","Guardian:CrystalBeam"],"picked":"Guardian:FierceBash","floor":46.0},{"not_picked":["Guardian:RollAttack","Guardian:TemporalStrike"],"picked":"Guardian:EvasiveProtocol+1","floor":48.0},{"not_picked":["Guardian:Gem_Red","Guardian:Gem_Green"],"picked":"Guardian:Gem_Cyan","floor":49.0},{"not_picked":["Guardian:FloatingOrbs+1","Guardian:GemFire","Guardian:ChargeCore+1"],"picked":"SKIP","floor":52.0}],"player_experience":1422680,"relics_obtained":[{"floor":3.0,"key":"MawBank"},{"floor":9.0,"key":"Happy Flower"},{"floor":24.0,"key":"Boot"},{"floor":25.0,"key":"Ice Cream"},{"floor":27.0,"key":"Blood Vial"},{"floor":28.0,"key":"downfall:GremlinSack"},{"floor":36.0,"key":"Toxic Egg 2"},{"floor":39.0,"key":"Pantograph"},{"floor":41.0,"key":"MealTicket"},{"floor":43.0,"key":"Smiling Mask"},{"floor":52.0,"key":"Pear"}],"event_choices":[{"cards_removed":["Guardian:FierceBash"],"damage_healed":0.0,"max_hp_gain":0.0,"max_hp_loss":0.0,"gold_gain":0.0,"event_name":"Falling","player_choice":"Removed Attack","floor":47.0,"gold_loss":0.0,"damage_taken":0.0}],"is_beta":false,"boss_relics":[{"not_picked":["Sozu","Guardian:StasisSlotReductionRelic"],"picked":"Astrolabe"},{"not_picked":["Fusion Hammer","Philosopher\u0027s Stone"],"picked":"Tiny House"}],"items_purged_floors":[12,37],"is_endless":false,"potions_floor_spawned":[3,8,9,11,15,19,20,22,28,43,46,48,49],"ascension_level":3}}