{"host":"uclt3t1usqzz4m5p","time":1608009487,"event":{"mods":["AchievementEnabler","BaseMod","Bestiary","Better Altar","Better Match","Better Sensory Stone","Better Skull","Better Third Choice","Booster Modes","Card Forge","Colored Powertips","Displayed Cursed Tome","Downfall","GifTheSpireLib","Gremlin Skip","Minty Spire (QoL Compilation)","Permanent Neow","Quick Restart","StSLib","SuperFastMode"],"gold_per_floor":[111,127,145,163,183,183,183,194,205,66,85,103,103,129,129,229,229,249,263,38,64,49,81,108,108,108,108,121,19,35,35,53,153,153,153,164,174,174,174,174,193,126,146,165,180,180,180,212,126,126,126],"floor_reached":52,"playtime":4412,"items_purged":[],"score":1250,"play_id":"f4265c36-1e95-4abc-9206-ca08962f3da4","local_time":"20201214211807","is_ascension_mode":false,"campfire_choices":[{"floor":6.0,"key":"RECALL"},{"data":"hexamod:SoulSteal","floor":13.0,"key":"SMITH"},{"floor":15.0,"key":"REST"},{"data":"hexamod:EmpoweredFlame","floor":20,"key":"SMITH"},{"floor":25,"key":"REST"},{"data":"hexamod:SearingWound","floor":27,"key":"SMITH"},{"data":"hexamod:Float","floor":35,"key":"SMITH"},{"data":"hexamod:Again","floor":40,"key":"SMITH"},{"data":"expansioncontent:DonusPower","floor":50,"key":"SMITH"}],"circlet_count":0,"master_deck":["hexamod:Strike","hexamod:Strike","hexamod:Strike","hexamod:Strike","hexamod:Defend","hexamod:Defend","hexamod:Defend","hexamod:Defend","hexamod:Sear","hexamod:Float+1","hexamod:SpectersWail","hexamod:SoulSteal+1","hexamod:BurningTouch","hexamod:NightmareGuise","hexamod:RecurringNightmare","hexamod:NightmareStrike","hexamod:FlamesFromBeyond","hexamod:TimeWarp","hexamod:StepThrough","expansioncontent:Collect","hexamod:FirstSeal","hexamod:GhostShield","hexamod:EmpoweredFlame+1","hexamod:SearingWound+1","hexamod:DynamicBlow","hexamod:Again+1","hexamod:HeatShield","hexamod:FastForward+1","hexamod:WildfireWeapon","hexamod:PowerFromBeyond","hexamod:ShieldOfDarkness","hexamod:HeatMetal","hexamod:HexaLevel","hexamod:WildfireWeapon","hexamod:Hexaguard+1","expansioncontent:DonusPower+1"],"relics":["hexamod:SpiritBrand","Hammer of Thor","Seething Fire","Anvil of the Gods","StoneCalendar","Meat on the Bone","Velvet Choker","downfall:HeartBlessingRed","downfall:HeartBlessingGreen","downfall:HeartBlessingBlue","Vajra","Omamori","Akabeko","WarpedTongs","Sozu","downfall:TeleportStone","Sundial","Medical Kit","Eternal Feather"],"acts_visited":["Exordium","TheCity","TheBeyond","TheEnding"],"potions_floor_usage":[30,30,33],"damage_taken":[{"damage":0.0,"enemies":"2 Louse","floor":1.0,"turns":3.0},{"damage":0.0,"enemies":"Cultist","floor":2.0,"turns":3.0},{"damage":0.0,"enemies":"Small Slimes","floor":3.0,"turns":3.0},{"damage":0.0,"enemies":"Blue Slaver","floor":4.0,"turns":3.0},{"damage":0.0,"enemies":"Exordium Wildlife","floor":5.0,"turns":3.0},{"damage":20.0,"enemies":"Lots of Slimes","floor":8.0,"turns":6.0},{"damage":8.0,"enemies":"3 Louse","floor":9.0,"turns":3.0},{"damage":0.0,"enemies":"downfall:FleeingMerchant","floor":10.0,"turns":4.0},{"damage":1.0,"enemies":"Blue Slaver","floor":11.0,"turns":3.0},{"damage":3.0,"enemies":"Exordium Wildlife","floor":12.0,"turns":3.0},{"damage":21.0,"enemies":"Lagavulin","floor":14.0,"turns":7.0},{"damage":44.0,"enemies":"downfall:Defect","floor":16.0,"turns":7.0},{"damage":0.0,"enemies":"Shell Parasite","floor":18.0,"turns":3.0},{"damage":28,"enemies":"Cultist and Chosen","floor":19,"turns":7},{"damage":22,"enemies":"Gremlin Leader","floor":21,"turns":6},{"damage":3,"enemies":"downfall:FleeingMerchant","floor":22,"turns":4},{"damage":47,"enemies":"Slavers","floor":23,"turns":7},{"damage":11,"enemies":"Snake Plant","floor":28,"turns":3},{"damage":14,"enemies":"downfall:FleeingMerchant","floor":29,"turns":4},{"damage":5,"enemies":"Shelled Parasite and Fungi","floor":30,"turns":5},{"damage":2,"enemies":"Centurion and Healer","floor":32,"turns":6},{"damage":22,"enemies":"downfall:Watcher","floor":33,"turns":7},{"damage":29,"enemies":"3 Darklings","floor":36,"turns":4},{"damage":4,"enemies":"Orb Walker","floor":37,"turns":3},{"damage":0,"enemies":"4 Shapes","floor":41,"turns":1},{"damage":0,"enemies":"downfall:FleeingMerchant","floor":42,"turns":1},{"damage":0,"enemies":"Spire Growth","floor":43,"turns":1},{"damage":0,"enemies":"Maw","floor":44,"turns":1},{"damage":0,"enemies":"Jaw Worm Horde","floor":45,"turns":1},{"damage":34,"enemies":"downfall:Ironclad","floor":46,"turns":10},{"damage":0,"enemies":"downfall:CharBossMerchant","floor":48,"turns":1},{"damage":0,"enemies":"downfall:NeowBoss","floor":51,"turns":7}],"seed_played":"3682849622050254949","potions_obtained":[{"floor":1.0,"key":"Strength Potion"},{"floor":4.0,"key":"champ:CounterPotion"},{"floor":11.0,"key":"Fire Potion"},{"floor":12.0,"key":"FairyPotion"},{"floor":16.0,"key":"Dexterity Potion"},{"floor":23,"key":"Regen Potion"},{"floor":28,"key":"SkillPotion"},{"floor":31,"key":"CultistPotion"},{"floor":32,"key":"Strength Potion"},{"floor":33,"key":"BlessingOfTheForge"}],"is_trial":false,"path_per_floor":["M","M","M","M","M","R","T","M","M","$","M","M","R","E","R","B",null,"M","M","R","E","$","E","T","R","?","R","M","$","M","?","M","B",null,"R","M","M","?","?","R","M","$","M","M","M","B",null,"E","$","R","B",null],"character_chosen":"THE_SPIRIT","items_purchased":["hexamod:StepThrough","expansioncontent:Collect","hexamod:ShieldOfDarkness","hexamod:HeatMetal","Sundial","Medical Kit","expansioncontent:DonusPower"],"campfire_rested":2,"item_purchase_floors":[10,10,29,29,42,42,49],"current_hp_per_floor":[63,63,63,63,63,63,63,43,35,35,34,31,31,17,35,29,63,63,42,52,49,53,25,25,46,46,46,54,47,58,58,63,48,73,73,44,40,40,40,40,47,47,47,47,47,32,73,73,73,73,73],"gold":126,"neow_bonus":"ONE_RARE_RELIC","is_daily":false,"chose_seed":false,"campfire_upgraded":6,"win_rate":0.0,"timestamp":1608009487,"path_taken":["M","M","M","M","M","R","T","M","M","$","M","M","R","E","R","BOSS","M","?","R","E","$","E","T","R","?","R","M","$","?","?","M","BOSS","R","M","M","?","?","R","?","$","M","M","M","BOSS","E","$","R","BOSS"],"items_purchased_type":["Card","Card","Card","Card","Relic","Relic","Card"],"build_version":"2020-12-13","purchased_purges":0,"victory":true,"max_hp_per_floor":[63,63,63,63,63,63,63,63,63,63,63,63,63,63,63,63,63,63,63,73,73,73,73,73,73,73,73,73,73,73,73,73,73,73,73,73,73,73,73,73,73,73,73,73,73,73,73,73,73,73,73],"card_choices":[{"not_picked":["hexamod:SkipABeat","hexamod:NightmareGuise"],"picked":"hexamod:SpectersWail","floor":1.0},{"not_picked":["hexamod:ShieldOfDarkness","hexamod:GhostOfSpirePresent"],"picked":"hexamod:SoulSteal","floor":2.0},{"not_picked":["hexamod:Firestarter","hexamod:DynamicBlow"],"picked":"hexamod:BurningTouch","floor":3.0},{"not_picked":["hexamod:SpectersWail","hexamod:InspiringFlames"],"picked":"hexamod:NightmareGuise","floor":4.0},{"not_picked":["hexamod:Incineration","hexamod:FourthSeal"],"picked":"hexamod:RecurringNightmare","floor":5.0},{"not_picked":["hexamod:HeatShield","hexamod:RadiantFlame"],"picked":"hexamod:NightmareStrike","floor":8.0},{"not_picked":["hexamod:AdvancingGuard","hexamod:SpectersWail"],"picked":"hexamod:FlamesFromBeyond","floor":9.0},{"not_picked":["hexamod:InspiringFlames","hexamod:HauntingEcho"],"picked":"hexamod:TimeWarp","floor":10.0},{"not_picked":["hexamod:InspiringFlames","hexamod:Incineration"],"picked":"hexamod:FirstSeal","floor":11.0},{"not_picked":["hexamod:NightmareGuise","hexamod:RainOfEmbers"],"picked":"hexamod:GhostShield","floor":12.0},{"not_picked":["hexamod:ExtraCrispy","hexamod:GhostShield"],"picked":"hexamod:EmpoweredFlame","floor":14.0},{"not_picked":["hexamod:SixthSeal","hexamod:CrushingStance"],"picked":"hexamod:SearingWound","floor":16.0},{"not_picked":["hexamod:CatchUp+1","hexamod:SpectersWail"],"picked":"hexamod:DynamicBlow","floor":18.0},{"not_picked":["hexamod:FourthSeal","hexamod:CatchUp+1"],"picked":"hexamod:Again","floor":19},{"not_picked":["hexamod:SpectersWail","hexamod:NightmareGuise"],"picked":"hexamod:HeatShield","floor":21},{"not_picked":["hexamod:HauntingEcho","hexamod:ThermalTransfer"],"picked":"hexamod:FastForward+1","floor":22},{"not_picked":["hexamod:HauntingEcho+1","hexamod:Firestarter"],"picked":"hexamod:WildfireWeapon","floor":23},{"not_picked":["hexamod:GhostShield+1","hexamod:RainOfEmbers"],"picked":"hexamod:PowerFromBeyond","floor":28},{"not_picked":["hexamod:Firestarter","hexamod:NightmareStrike+1","hexamod:FourthSeal"],"picked":"SKIP","floor":29},{"not_picked":["hexamod:GhostShield","hexamod:FastForward"],"picked":"hexamod:HexaLevel","floor":30},{"not_picked":["hexamod:SoulSteal","hexamod:Haunt+1","hexamod:NightmareGuise"],"picked":"SKIP","floor":32},{"not_picked":["hexamod:TimeWarp","hexamod:CrushingStance"],"picked":"hexamod:WildfireWeapon","floor":33},{"not_picked":["hexamod:ShieldOfDarkness","hexamod:FastForward"],"picked":"hexamod:Hexaguard+1","floor":36},{"not_picked":["hexamod:BurningTouch","hexamod:SpectersWail","hexamod:Firestarter"],"picked":"SKIP","floor":37},{"not_picked":["hexamod:SpectersWail+1","hexamod:GhostLash+1","hexamod:FirstSeal"],"picked":"SKIP","floor":41},{"not_picked":["hexamod:FastForward+1","hexamod:Incineration","hexamod:ExtraCrispy+1"],"picked":"SKIP","floor":42},{"not_picked":["hexamod:AdvancingGuard+1","hexamod:GhostShield","hexamod:BurningTouch"],"picked":"SKIP","floor":43},{"not_picked":["hexamod:EtherealExpedition","hexamod:ThermalTransfer","hexamod:ThirdSeal"],"picked":"SKIP","floor":44},{"not_picked":["hexamod:ShieldOfDarkness","hexamod:HauntingEcho","hexamod:FastForward+1"],"picked":"SKIP","floor":45},{"not_picked":["hexamod:RecurringNightmare","hexamod:FifthSeal","hexamod:FastForward"],"picked":"SKIP","floor":48}],"player_experience":619297,"relics_obtained":[{"floor":14.0,"key":"Meat on the Bone"},{"floor":21,"key":"Vajra"},{"floor":23,"key":"Omamori"},{"floor":24,"key":"Akabeko"},{"floor":48,"key":"Eternal Feather"}],"event_choices":[{"damage_healed":0,"gold_gain":0,"player_choice":"Rummage","damage_taken":0,"relics_obtained":["WarpedTongs"],"max_hp_gain":0,"max_hp_loss":0,"event_name":"Accursed Blacksmith","floor":26,"gold_loss":0,"cards_obtained":["Pain"]}],"is_beta":false,"boss_relics":[{"not_picked":["Busted Crown","Empty Cage"],"picked":"Velvet Choker"},{"not_picked":["Black Star","Fusion Hammer"],"picked":"Sozu"}],"items_purged_floors":[],"is_endless":false,"potions_floor_spawned":[1,4,11,12,14,16,23,28,32,33,36,43,44],"ascension_level":0}}