{"host":"jgyoyy5iuhtvyvtg","time":1608031840,"event":{"mods":["2.2 Compatiblity","BaseMod","Challenge The Spire","Colored Map","Conspire","Downfall","Hermit","Highlight Path","Infinite Spire","Lobotomy","LobotomyExtend","Minty Spire (QoL Compilation)","Quick Restart","Replay The Spire","Spikes Relics","StSLib","The Construct","The Disciple","The Jungle","Yuri Mod"],"gold_per_floor":[99,114,114,134,134,47,74,74,74,74,85,85,85,185,205,302,302,302,333,333,333,347,364,364,376,394,394,394,65,83,83,94,199,199,199,210,210,210,227,227,276,276,276,276,296,316,316,304,320,320,320],"floor_reached":52,"playtime":2389,"items_purged":["champ:Strike","champ:Strike"],"score":660,"play_id":"e8ccf034-3a91-43f9-962a-b263dd04b43c","local_time":"20201215033040","is_ascension_mode":false,"campfire_choices":[{"data":"champ:Execute","floor":1.0,"key":"SMITH"},{"data":"champ:EndlessRage","floor":3.0,"key":"SMITH"},{"data":"champ:BerserkersShout","floor":5.0,"key":"SMITH"},{"data":"champ:ShieldWall","floor":8.0,"key":"SMITH"},{"floor":10.0,"key":"REST"},{"data":"champ:SwordThrow","floor":18.0,"key":"SMITH"},{"floor":21.0,"key":"REST"},{"data":"champ:Lariat","floor":27.0,"key":"SMITH"},{"data":"champ:Lariat","floor":35.0,"key":"SMITH"},{"data":"champ:BerserkerStyle","floor":38,"key":"SMITH"},{"data":"infinitespire:Execution","floor":40,"key":"SMITH"},{"data":"champ:SwordThrow","floor":42,"key":"SMITH"},{"data":"champ:Duel","floor":44,"key":"SMITH"}],"circlet_count":0,"master_deck":["champ:Defend","champ:Defend","champ:Defend","champ:Execute+1","champ:Taunt+1","champ:EndlessRage+1","champ:BerserkersShout+1","champ:ShieldWall+1","champ:BerserkerStyle+1","champ:AdrenalArmor","champ:Duel+1","champ:SwordThrow+1","champ:Lariat+1","champ:TornadoPunch+1","champ:CrookedStrike+1","infinitespire:Execution+1","champ:Lariat+1","champ:SwordThrow+1","CurseOfTheBell","champ:Lariat+1","champ:FocusedBerserking+1","champ:LastStand","champ:Encircle"],"relics":["champ:ChampionCrown","LetterFromLob","Bag of Preparation","conspire:DeflatedDodgeball","Regal Pillow","CloakClasp","Empty Cage","Replay:Accelerometer","Akabeko","conspire:Boomerang","Eternal Feather","Calling Bell","MiniBlackHole","HornCleat","Du-Vu Doll","Guardian:PocketSentry","OrangePellets","Mercury Hourglass"],"acts_visited":["Exordium","Exordium","TheBeyond"],"potions_floor_usage":[],"damage_taken":[{"damage":5.0,"enemies":"Cultist","floor":2.0,"turns":4.0},{"damage":15.0,"enemies":"Small Slimes","floor":4.0,"turns":4.0},{"damage":23.0,"enemies":"downfall:FleeingMerchant","floor":6.0,"turns":4.0},{"damage":11.0,"enemies":"2 Louse","floor":11.0,"turns":4.0},{"damage":83.0,"enemies":"2 Louse","floor":14.0,"turns":8.0},{"damage":42.0,"enemies":"Large Slime","floor":15.0,"turns":6.0},{"damage":54.0,"enemies":"downfall:Watcher","floor":16.0,"turns":9.0},{"damage":83.0,"enemies":"theJungle:Cassacara","floor":19.0,"turns":8.0},{"damage":36.0,"enemies":"theJungle:MUSHROOMGANG","floor":22.0,"turns":6.0},{"damage":53.0,"enemies":"theJungle:5_Spyders","floor":23.0,"turns":8.0},{"damage":20.0,"enemies":"theJungle:2_Snecko_Cultists","floor":25.0,"turns":4.0},{"damage":41.0,"enemies":"theJungle:Lyon","floor":26.0,"turns":6.0},{"damage":16.0,"enemies":"downfall:FleeingMerchant","floor":29.0,"turns":4.0},{"damage":49.0,"enemies":"theJungle:Snecko_Cultist_And_Trap","floor":30.0,"turns":6.0},{"damage":26.0,"enemies":"theJungle:JungleHuntersEncounter","floor":32.0,"turns":3.0},{"damage":94.0,"enemies":"downfall:Ironclad","floor":33.0,"turns":6.0},{"damage":54.0,"enemies":"3 Darklings","floor":36.0,"turns":6.0},{"damage":33,"enemies":"Orb Walker","floor":39,"turns":5},{"damage":28,"enemies":"Jaw Worm Horde","floor":45,"turns":4},{"damage":42,"enemies":"Sphere and 2 Shapes","floor":46,"turns":5},{"damage":30,"enemies":"downfall:FleeingMerchant","floor":48,"turns":2},{"damage":88,"enemies":"4 Shapes","floor":49,"turns":6},{"damage":68,"enemies":"downfall:Defect","floor":50,"turns":4}],"seed_played":"3226592049806910584","potions_obtained":[{"floor":4.0,"key":"AttackPotion"},{"floor":14.0,"key":"sneckomod:MuddlingPotion"},{"floor":15.0,"key":"SteroidPotion"},{"floor":16.0,"key":"Swift Potion"},{"floor":23.0,"key":"Dexterity Potion"},{"floor":33.0,"key":"EntropicBrew"}],"is_trial":false,"path_per_floor":["R","M","R","M","R","$","T","R","?","R","M","?","?","?","M","B",null,"R","E","?","R","M","M","T","M","M","R","AVR","$","M","?","M","B",null,"R","M","?","R","M","R","T","R","AVR","R","M","M","?","$","M","B",null,null],"character_chosen":"THE_CHAMP","items_purchased":["champ:ShieldWall","Eternal Feather","Mercury Hourglass"],"campfire_rested":2,"item_purchase_floors":[6,29,48],"current_hp_per_floor":[90,90,90,81,81,86,86,86,74,90,90,90,90,70,78,90,90,90,73,38,80,79,90,90,90,74,74,74,79,81,90,89,84,90,90,89,89,90,90,90,90,90,90,90,90,90,90,90,90,90,90],"gold":320,"neow_bonus":"UPGRADE_CARD","is_daily":false,"chose_seed":false,"campfire_upgraded":11,"win_rate":0.0,"timestamp":1608031840,"path_taken":["R","?","R","M","R","$","T","R","?","R","M","?","?","?","M","BOSS","R","E","?","R","M","?","T","M","?","R","AVR","?","M","?","M","BOSS","R","M","?","R","M","R","T","R","AVR","R","M","M","?","?","M","BOSS"],"items_purchased_type":["Card","Relic","Relic"],"build_version":"2020-12-13","purchased_purges":2,"victory":true,"max_hp_per_floor":[90,90,90,90,90,90,90,90,90,90,90,90,90,90,90,90,90,90,90,90,90,90,90,90,90,90,90,90,90,90,90,90,90,90,90,90,90,90,90,90,90,90,90,90,90,90,90,90,90,90,90],"card_choices":[{"not_picked":["champ:GladiatorsShout","champ:Encircle"],"picked":"champ:EndlessRage","floor":2.0},{"not_picked":["champ:RisingSlash","champ:Encircle"],"picked":"champ:BerserkersShout","floor":4.0},{"not_picked":["champ:BerserkersShout","champ:EnGarde","champ:PerfectedStrike"],"picked":"SKIP","floor":6.0},{"not_picked":["champ:CalledShot","champ:GutPunch"],"picked":"champ:BerserkerStyle","floor":11.0},{"not_picked":["champ:BladeFlurry","champ:TornadoPunch"],"picked":"champ:AdrenalArmor","floor":14.0},{"not_picked":["champ:FightOn","champ:DefensiveShout"],"picked":"champ:Duel","floor":15.0},{"not_picked":["champ:ShieldSlam","champ:PerfectForm"],"picked":"champ:SwordThrow","floor":16.0},{"not_picked":["champ:PerfectedStrike","champ:RecklessLeap+1","champ:Devastate"],"picked":"SKIP","floor":19.0},{"not_picked":["champ:FlashCut","champ:Encircle+1"],"picked":"champ:Lariat","floor":22.0},{"not_picked":["champ:FlashCut","champ:StanceDance"],"picked":"champ:TornadoPunch+1","floor":23.0},{"not_picked":["champ:GladiatorsShout","champ:FocusedDefense","champ:BerserkersShout"],"picked":"SKIP","floor":25.0},{"not_picked":["champ:Haymaker+1","champ:AdrenalArmor"],"picked":"champ:CrookedStrike+1","floor":26.0},{"not_picked":["champ:AdrenalArmor","champ:PerfectedStrike+1"],"picked":"champ:Lariat","floor":29.0},{"not_picked":["champ:StanceDance","champ:GutPunch","champ:AdrenalArmor"],"picked":"SKIP","floor":30.0},{"not_picked":["champ:BladeFlurry","champ:Circumvent","champ:TornadoPunch+1"],"picked":"SKIP","floor":32.0},{"not_picked":["champ:ShieldThrow","champ:DancingMaster"],"picked":"champ:SwordThrow","floor":33.0},{"not_picked":["champ:FocusedDefense+1","champ:DefensiveShout+1"],"picked":"champ:Lariat+1","floor":36},{"not_picked":["champ:TornadoPunch+1","champ:RisingSlash","champ:Haymaker"],"picked":"SKIP","floor":39},{"not_picked":["champ:DeathBlow+1","champ:DefensiveShout"],"picked":"champ:FocusedBerserking+1","floor":45},{"not_picked":["champ:PreciseThrust","champ:DefensiveShout+1","champ:BerserkersShout"],"picked":"SKIP","floor":46},{"not_picked":["champ:GladiatorsShout","champ:FocusedBerserking+1"],"picked":"champ:LastStand","floor":48},{"not_picked":["champ:BringItOn+1","champ:AdrenalArmor+1"],"picked":"champ:Encircle","floor":49}],"player_experience":3115817,"relics_obtained":[{"floor":2.0,"key":"LetterFromLob"},{"floor":7.0,"key":"Bag of Preparation"},{"floor":14.0,"key":"CloakClasp"},{"floor":19.0,"key":"Replay:Accelerometer"},{"floor":24.0,"key":"Akabeko"},{"floor":34.0,"key":"MiniBlackHole"},{"floor":34.0,"key":"HornCleat"},{"floor":34.0,"key":"Du-Vu Doll"},{"floor":41,"key":"Guardian:PocketSentry"}],"event_choices":[{"damage_healed":0.0,"max_hp_gain":0.0,"max_hp_loss":0.0,"gold_gain":0.0,"event_name":"Scrap Ooze","player_choice":"Success","floor":9.0,"gold_loss":0.0,"damage_taken":12.0,"relics_obtained":["conspire:DeflatedDodgeball"]},{"damage_healed":0,"gold_gain":0,"player_choice":"Ignored","damage_taken":0,"max_hp_gain":0,"max_hp_loss":0,"event_name":"Mysterious Sphere","floor":37,"gold_loss":0},{"cards_removed":["champ:Defend"],"damage_healed":0,"gold_gain":0,"player_choice":"Removed Skill","damage_taken":0,"max_hp_gain":0,"max_hp_loss":0,"event_name":"Falling","floor":47,"gold_loss":0}],"is_beta":false,"boss_relics":[{"not_picked":["SacredBark","ChewingGum"],"picked":"Empty Cage"},{"not_picked":["Replay:Wanted Poster","ReplayTheSpireMod:SealedPack"],"picked":"Calling Bell"}],"items_purged_floors":[29,48],"is_endless":false,"potions_floor_spawned":[4,14,15,16,22,23,32,33,36,45,49],"ascension_level":0}}