{"host":"yw3b2cv5pp7b01va","time":1608054130,"event":{"mods":["BaseMod","Better Third Choice","Colored Map","Downfall","GifTheSpireLib","Googly Eyes","Minty Spire (QoL Compilation)","StSLib","everything is the same but u backflip on backflip"],"gold_per_floor":[116,127,127,143,143,178,178,178,178,191,27,27,46,62,62,62,62],"floor_reached":16,"playtime":406,"items_purged":[],"score":107,"play_id":"8e50f3e0-1068-4c56-a29a-9eedf4c59153","local_time":"20201215184210","is_ascension_mode":true,"campfire_choices":[{"data":"Distraction","floor":7.0,"key":"SMITH"},{"floor":15.0,"key":"REST"}],"circlet_count":0,"master_deck":["Strike_G","Strike_G","Strike_G","Strike_G","Strike_G","Defend_G","Defend_G","Defend_G","Defend_G","Defend_G","Survivor","Neutralize+1","Distraction+1","Endless Agony","Blade Dance","Dagger Spray","Outmaneuver","Infinite Blades+1","Expertise","Flying Knee","Outmaneuver","Burst"],"relics":["Ring of the Snake","NeowsBlessing","Letter Opener","Frozen Egg 2","Anchor","PreservedInsect"],"acts_visited":[],"potions_floor_usage":[],"damage_taken":[{"damage":0.0,"enemies":"Jaw Worm","floor":1.0,"turns":1.0},{"damage":0.0,"enemies":"2 Louse","floor":2.0,"turns":1.0},{"damage":0.0,"enemies":"Cultist","floor":4.0,"turns":1.0},{"damage":26.0,"enemies":"3 Sentries","floor":6.0,"turns":8.0},{"damage":0.0,"enemies":"Blue Slaver","floor":10.0,"turns":3.0},{"damage":1.0,"enemies":"2 Fungi Beasts","floor":13.0,"turns":3.0},{"damage":0.0,"enemies":"Lots of Slimes","floor":14.0,"turns":1.0},{"damage":0,"enemies":"Hexaghost","floor":16,"turns":1}],"seed_played":"-9108749451751113315","potions_obtained":[{"floor":1.0,"key":"Explosive Potion"},{"floor":2.0,"key":"Swift Potion"},{"floor":10.0,"key":"GamblersBrew"}],"is_trial":false,"path_per_floor":["M","M","?","M","?","E","R","?","T","M","$","?","M","M","R","B"],"character_chosen":"THE_SILENT","items_purchased":["Infinite Blades+1","Expertise","Flying Knee"],"campfire_rested":1,"item_purchase_floors":[11,11,11],"current_hp_per_floor":[70,70,70,70,70,44,44,44,44,44,44,11,10,10,31,31,31],"gold":62,"neow_bonus":"THREE_ENEMY_KILL","is_daily":false,"chose_seed":false,"campfire_upgraded":1,"win_rate":0.0,"timestamp":1608054130,"path_taken":["M","M","?","M","?","E","R","?","T","?","$","?","M","M","R","BOSS"],"items_purchased_type":["Card","Card","Card"],"build_version":"2020-12-13","purchased_purges":0,"victory":false,"max_hp_per_floor":[70,70,70,70,70,70,70,70,70,70,70,70,70,70,70,70,70],"card_choices":[{"not_picked":["All Out Attack","Bane"],"picked":"Distraction","floor":1.0},{"not_picked":["Deflect","Outmaneuver"],"picked":"Endless Agony","floor":2.0},{"not_picked":["Acrobatics","Dagger Throw"],"picked":"Blade Dance","floor":4.0},{"not_picked":["Masterful Stab","Slice"],"picked":"Dagger Spray","floor":6.0},{"not_picked":["Dagger Spray","Sucker Punch"],"picked":"Outmaneuver","floor":10.0},{"not_picked":["Backflip","Bouncing Flask"],"picked":"Outmaneuver","floor":13.0},{"not_picked":["Dagger Throw","Sucker Punch"],"picked":"Burst","floor":14.0}],"player_experience":30955,"relics_obtained":[{"floor":6.0,"key":"Frozen Egg 2"},{"floor":9.0,"key":"Anchor"}],"event_choices":[{"damage_healed":0.0,"max_hp_gain":0.0,"max_hp_loss":0.0,"gold_gain":0.0,"event_name":"Living Wall","player_choice":"Grow","floor":3.0,"gold_loss":0.0,"damage_taken":0.0,"cards_upgraded":["Neutralize"]},{"damage_healed":0.0,"max_hp_gain":0.0,"max_hp_loss":0.0,"gold_gain":0.0,"event_name":"Big Fish","player_choice":"Box","floor":5.0,"gold_loss":0.0,"damage_taken":0.0,"relics_obtained":["Letter Opener"],"cards_obtained":["Regret"]},{"cards_removed":["Regret"],"damage_healed":0.0,"max_hp_gain":0.0,"max_hp_loss":0.0,"gold_gain":0.0,"event_name":"Purifier","player_choice":"Purged","floor":8.0,"gold_loss":0.0,"damage_taken":0.0},{"damage_healed":0.0,"max_hp_gain":0.0,"max_hp_loss":0.0,"gold_gain":0.0,"event_name":"Scrap Ooze","player_choice":"Success","floor":12.0,"gold_loss":0.0,"damage_taken":33.0,"relics_obtained":["PreservedInsect"]}],"is_beta":false,"boss_relics":[],"items_purged_floors":[],"is_endless":false,"potions_floor_spawned":[1,2,10],"killed_by":"Hexaghost","ascension_level":1}}