{"host":"ks12kfi5c4d9hdxy","time":1608020318,"event":{"mods":["BaseMod","Conspire","GifTheSpireLib","Koishi","LagranYue(拉格朗・月)","Marisa（F雨　魔理沙）","Minty Spire (QoL Compilation)","Reimu（博丽灵梦）","Remilia（蕾米莉亚）","Replay The Spire","RumiaBox-露米娅的神秘盒子","StSLib","SuperFastMode","The Administrix","The Servant 0.9.4","Youmu（魂魄妖梦）","Yuyuko","【功能Mod】混沌之环修复补丁","【功能Mod】聪明的最终Boss","篝火指南"],"gold_per_floor":[113,125,125,50,68,101,101,111,111,111,111],"floor_reached":10,"playtime":229,"items_purged":["Defend_MRS"],"score":129,"play_id":"2b24dd8a-1d1e-47e6-9609-93d1b8241626","local_time":"20201215161838","is_ascension_mode":true,"campfire_choices":[{"floor":7,"key":"REST"}],"circlet_count":0,"master_deck":["AscendersBane","Strike_MRS","Strike_MRS","Strike_MRS","Defend_MRS","Defend_MRS","Defend_MRS","MasterSpark","UpSweep","CommonCold","SporeBomb","MachineGunSpark","PowerUp"],"relics":["MiniHakkero","LagranYue:RandomDrawCardRelic","LagranYue:ContractPerformanceRelic","GodSword5","MagicBroom"],"acts_visited":["Exordium"],"potions_floor_usage":[6,6,10],"damage_taken":[{"damage":14.0,"enemies":"Small Slimes","floor":1.0,"turns":3.0},{"damage":1.0,"enemies":"Cultist","floor":2.0,"turns":3.0},{"damage":1.0,"enemies":"2 Louse","floor":5.0,"turns":2.0},{"damage":21,"enemies":"Lagavulin","floor":6,"turns":5},{"damage":13,"enemies":"2 Fungi Beasts","floor":8,"turns":4},{"damage":39,"enemies":"Replay:BlueRogue","floor":10,"turns":3}],"seed_played":"1668025629628198128","potions_obtained":[{"floor":1.0,"key":"SkillPotion"},{"floor":2.0,"key":"PowerPotion"},{"floor":8,"key":"Venom Potion"}],"is_trial":false,"path_per_floor":["M","M","?","$","M","E","R","M","T","E"],"character_chosen":"MARISA","items_purchased":[],"campfire_rested":1,"item_purchase_floors":[],"current_hp_per_floor":[49,48,48,48,47,26,52,39,39,0,0],"gold":111,"neow_bonus":"CURSED_BOSS_RELIC","is_daily":false,"chose_seed":false,"campfire_upgraded":0,"win_rate":0.0,"timestamp":1608020318,"path_taken":["M","M","?","$","M","E","R","?","T","E"],"items_purchased_type":[],"build_version":"2020-12-13","purchased_purges":1,"victory":false,"max_hp_per_floor":[70,70,70,70,70,70,70,70,70,70,70],"card_choices":[{"not_picked":["OrrerysSun","WitchOfGreed","6A"],"picked":"SKIP","floor":1.0},{"not_picked":["NonDirectionalLaser","OrrerysSun"],"picked":"SporeBomb","floor":2.0},{"not_picked":["AlicesGift","GravityBeat"],"picked":"MachineGunSpark","floor":5.0},{"not_picked":["NonDirectionalLaser","BigCrunch","DC"],"picked":"SKIP","floor":6},{"not_picked":["DC","UnstableBomb"],"picked":"PowerUp","floor":8}],"player_experience":499011,"relics_obtained":[{"floor":6,"key":"GodSword5"},{"floor":9,"key":"MagicBroom"}],"event_choices":[{"cards_removed":["Strike_MRS"],"damage_healed":0.0,"max_hp_gain":0.0,"max_hp_loss":0.0,"gold_gain":0.0,"event_name":"Bonfire Elementals","player_choice":"Offered Basic","floor":3.0,"gold_loss":0.0,"damage_taken":0.0}],"is_beta":false,"boss_relics":[],"items_purged_floors":[4],"is_endless":false,"potions_floor_spawned":[1,2,8],"killed_by":"Replay:BlueRogue","ascension_level":18}}