{"host":"yfjdi361m7pxsbqz","time":1608025930,"event":{"mods":["BaseMod","DeckTracker","Lobotomy","Minty Spire (QoL Compilation)","Quick Restart","StSLib","SuperFastMode"],"gold_per_floor":[119,44,44,57,57,96,115,115,163,178,201,214,235,235,235,235,235],"floor_reached":16,"playtime":735,"items_purged":[],"score":228,"play_id":"1591f9d1-7938-41ac-9780-cc9b3a7b0d62","local_time":"20201215185210","is_ascension_mode":true,"campfire_choices":[{"data":"Bash","floor":8,"key":"SMITH"},{"data":"Heavy Blade","floor":15,"key":"SMITH"}],"circlet_count":0,"master_deck":["AscendersBane","Strike_R","Strike_R","Strike_R","Strike_R","Defend_R","Defend_R","Defend_R","Defend_R","Bash+1","OSAHOGD","Shrug It Off","VoidDream","Wild Strike","UniverseFragment","GreedKing","Heavy Blade+1","Seeing Red","MeatLantern"],"relics":["Burning Blood","CogitoBucket","RabbitCall","Golden Idol","MealTicket","Lantern","SkinProphecy"],"acts_visited":["Exordium","TheCity","TheBeyond"],"potions_floor_usage":[11,14,14],"damage_taken":[{"damage":11,"enemies":"Small Slimes","floor":1,"turns":4},{"damage":16,"enemies":"Jaw Worm","floor":4,"turns":5},{"damage":8,"enemies":"Gremlin Nob","floor":6,"turns":3},{"damage":11,"enemies":"2 Louse","floor":7,"turns":4},{"damage":1,"enemies":"2 Fungi Beasts","floor":10,"turns":4},{"damage":39,"enemies":"Exordium Wildlife","floor":11,"turns":12},{"damage":7,"enemies":"Looter","floor":12,"turns":5},{"damage":10,"enemies":"2 Fungi Beasts","floor":13,"turns":10},{"damage":9,"enemies":"Lagavulin","floor":14,"turns":10},{"damage":31,"enemies":"Hexaghost","floor":16,"turns":8}],"seed_played":"-3240214143656952121","potions_obtained":[{"floor":4,"key":"DistilledChaos"},{"floor":7,"key":"SpeedPotion"},{"floor":10,"key":"ColorlessPotion"},{"floor":11,"key":"BlessingOfTheForge"},{"floor":13,"key":"SmokeBomb"}],"is_trial":false,"path_per_floor":["M","?","?","M","?","E","M","R","T","M","M","M","M","E","R","B"],"character_chosen":"IRONCLAD","items_purchased":[],"campfire_rested":0,"item_purchase_floors":[],"current_hp_per_floor":[63,63,68,58,58,56,51,51,51,56,23,18,40,33,33,0,0],"gold":235,"neow_bonus":"","is_daily":false,"chose_seed":false,"campfire_upgraded":2,"win_rate":0.0,"timestamp":1608025930,"path_taken":["M","?","?","M","?","E","M","R","T","M","M","M","M","E","R","BOSS"],"items_purchased_type":[],"build_version":"2020-12-13","purchased_purges":0,"victory":false,"max_hp_per_floor":[75,75,80,80,72,72,72,72,72,72,72,74,76,78,78,80,80],"card_choices":[{"not_picked":["BeautyBeast","CherryBlossoms","LaLuna"],"picked":"Singing Bowl","floor":1},{"not_picked":["SnowQueen","Scorched"],"picked":"OSAHOGD","floor":1},{"not_picked":["True Grit","Carnage","Uppercut"],"picked":"SKIP","floor":1},{"not_picked":["NakedNest","WallGazer","UniverseFragment"],"picked":"Singing Bowl","floor":4},{"not_picked":["Rage","Clash"],"picked":"Shrug It Off","floor":4},{"not_picked":["Laetitia","MHz","FieryBird"],"picked":"Singing Bowl","floor":6},{"not_picked":["PunishingBird","Murderer"],"picked":"VoidDream","floor":6},{"not_picked":["Iron Wave","Anger"],"picked":"Wild Strike","floor":6},{"not_picked":["UniverseFragment","Laetitia","NakedNest"],"picked":"Singing Bowl","floor":7},{"not_picked":["BigBird","ShyLook"],"picked":"UniverseFragment","floor":7},{"not_picked":["Blood for Blood","Exhume","Body Slam"],"picked":"SKIP","floor":7},{"not_picked":["CherryBlossoms","GreedKing","Murderer"],"picked":"Singing Bowl","floor":10},{"not_picked":["Woodsman","Laetitia"],"picked":"GreedKing","floor":10},{"not_picked":["True Grit","Warcry","Flame Barrier"],"picked":"SKIP","floor":10},{"not_picked":["Porccubus","Murderer","LongBird"],"picked":"Singing Bowl","floor":11},{"not_picked":["Clothesline","Warcry"],"picked":"Heavy Blade","floor":11},{"not_picked":["GalaxyChild","SilentOrchestra","WallGazer"],"picked":"Singing Bowl","floor":12},{"not_picked":["WallGazer","Scorched"],"picked":"CherryBlossoms","floor":12},{"not_picked":["Iron Wave","True Grit"],"picked":"Seeing Red","floor":12},{"not_picked":["Scorched","Scarecrow","BeautyBeast"],"picked":"Singing Bowl","floor":13},{"not_picked":["MHz","FairyFestival"],"picked":"MeatLantern","floor":13},{"not_picked":["Searing Blow","Metallicize","Thunderclap"],"picked":"SKIP","floor":13}],"player_experience":1133927,"relics_obtained":[{"floor":6,"key":"MealTicket"},{"floor":9,"key":"Lantern"}],"event_choices":[{"cards_removed":["Strike_R"],"damage_healed":0,"gold_gain":0,"player_choice":"Card Removal","damage_taken":0,"max_hp_gain":0,"max_hp_loss":0,"event_name":"The Cleric","floor":2,"gold_loss":75},{"damage_healed":0,"gold_gain":0,"player_choice":"Donut","damage_taken":0,"max_hp_gain":5,"max_hp_loss":0,"event_name":"Big Fish","floor":3,"gold_loss":0},{"damage_healed":0,"gold_gain":0,"player_choice":"Lose Max HP","damage_taken":0,"relics_obtained":["Golden Idol"],"max_hp_gain":0,"max_hp_loss":8,"event_name":"Golden Idol","floor":5,"gold_loss":0}],"is_beta":false,"boss_relics":[],"items_purged_floors":[],"is_endless":false,"potions_floor_spawned":[4,7,10,11,13],"killed_by":"Hexaghost","ascension_level":20}}