{"host":"bg8va46pgqgvtzim","time":1608034987,"event":{"mods":["BaseMod","Minty Spire (QoL Compilation)","Quick Restart","StSLib","SuperFastMode"],"gold_per_floor":[117,130,140,140,154,154,186,203,203,203,236,236,261,278,278,376,376,386,399,130,143,243,274,274,292,292,292,318,335,345,245,245,344,344,356,376,388,263,263,293,293,325,395,395,412,439,489,186,186,186,186,186,35,63,63],"floor_reached":56,"playtime":1890,"items_purged":["Strike_R","Bash","Strike_R","Strike_R"],"score":1347,"play_id":"16a75bf9-a200-47a2-a68d-4de6ca687b00","local_time":"20201215202307","is_ascension_mode":true,"campfire_choices":[{"data":"Carnage","floor":6.0,"key":"SMITH"},{"data":"Armaments","floor":10.0,"key":"SMITH"},{"data":"Juggernaut","floor":12.0,"key":"SMITH"},{"data":"Fire Breathing","floor":15.0,"key":"SMITH"},{"data":"True Grit","floor":24.0,"key":"SMITH"},{"data":"Feel No Pain","floor":27.0,"key":"SMITH"},{"data":"Dark Embrace","floor":32.0,"key":"SMITH"},{"data":"Seeing Red","floor":41.0,"key":"SMITH"},{"floor":49,"key":"RECALL"},{"data":"Limit Break","floor":52,"key":"SMITH"}],"circlet_count":0,"master_deck":["Strike_R","Strike_R","Defend_R","Defend_R","Defend_R","Defend_R","Dark Embrace+1","Anger","Spot Weakness","Juggernaut+1","Carnage+1","Evolve","Armaments+1","Feel No Pain+1","Fire Breathing+1","Offering","CurseOfTheBell","True Grit+1","Reaper","True Grit+1","Limit Break+1","Seeing Red+1","Metallicize+1","Impatience","Master of Strategy","Madness","Warcry+1","Warcry+1","Havoc+1","Shockwave","Second Wind","Feel No Pain","Reckless Charge+1"],"relics":["Runic Pyramid","Regal Pillow","Kunai","Blue Candle","White Beast Statue","Calling Bell","Omamori","Question Card","Bird Faced Urn","Medical Kit","Vajra","FossilizedHelix","Akabeko","SacredBark","Centennial Puzzle","Shuriken","PreservedInsect","Torii","Orrery","StoneCalendar"],"acts_visited":["Exordium","TheCity","TheBeyond","TheEnding"],"potions_floor_usage":[55,55],"damage_taken":[{"damage":1.0,"enemies":"Jaw Worm","floor":1.0,"turns":7.0},{"damage":1.0,"enemies":"Cultist","floor":2.0,"turns":4.0},{"damage":0.0,"enemies":"Small Slimes","floor":3.0,"turns":3.0},{"damage":11.0,"enemies":"Gremlin Gang","floor":5.0,"turns":7.0},{"damage":31.0,"enemies":"Lagavulin","floor":7.0,"turns":7.0},{"damage":3.0,"enemies":"3 Louse","floor":8.0,"turns":4.0},{"damage":6.0,"enemies":"Gremlin Nob","floor":11.0,"turns":3.0},{"damage":8.0,"enemies":"3 Sentries","floor":13.0,"turns":8.0},{"damage":12.0,"enemies":"Blue Slaver","floor":14.0,"turns":2.0},{"damage":9.0,"enemies":"Hexaghost","floor":16.0,"turns":10.0},{"damage":12.0,"enemies":"3 Byrds","floor":18.0,"turns":4.0},{"damage":22.0,"enemies":"2 Thieves","floor":19.0,"turns":4.0},{"damage":35.0,"enemies":"Snake Plant","floor":21.0,"turns":5.0},{"damage":28.0,"enemies":"Slavers","floor":23.0,"turns":6.0},{"damage":7.0,"enemies":"Cultist and Chosen","floor":25.0,"turns":5.0},{"damage":18.0,"enemies":"Book of Stabbing","floor":28.0,"turns":6.0},{"damage":20.0,"enemies":"Centurion and Healer","floor":29.0,"turns":7.0},{"damage":18.0,"enemies":"Shelled Parasite and Fungi","floor":30.0,"turns":7.0},{"damage":55.0,"enemies":"Collector","floor":33.0,"turns":10.0},{"damage":8.0,"enemies":"Orb Walker","floor":35.0,"turns":6.0},{"damage":10.0,"enemies":"3 Darklings","floor":36.0,"turns":8.0},{"damage":39.0,"enemies":"Sphere and 2 Shapes","floor":37.0,"turns":7.0},{"damage":40.0,"enemies":"Reptomancer","floor":40.0,"turns":7.0},{"damage":16.0,"enemies":"Giant Head","floor":42.0,"turns":8.0},{"damage":14.0,"enemies":"4 Shapes","floor":45.0,"turns":3.0},{"damage":74.0,"enemies":"Reptomancer","floor":46.0,"turns":6.0},{"damage":7,"enemies":"Mind Bloom Boss Battle","floor":47,"turns":6},{"damage":31,"enemies":"Time Eater","floor":50,"turns":9},{"damage":9,"enemies":"Shield and Spear","floor":54,"turns":6},{"damage":10,"enemies":"The Heart","floor":55,"turns":6}],"seed_played":"-8940676470595459010","potions_obtained":[{"floor":1.0,"key":"FearPotion"},{"floor":5.0,"key":"Regen Potion"},{"floor":11.0,"key":"BloodPotion"},{"floor":14.0,"key":"GamblersBrew"},{"floor":16.0,"key":"SkillPotion"},{"floor":18.0,"key":"Explosive Potion"},{"floor":19.0,"key":"Block Potion"},{"floor":21.0,"key":"Strength Potion"},{"floor":23.0,"key":"ColorlessPotion"},{"floor":25.0,"key":"SteroidPotion"},{"floor":28.0,"key":"Weak Potion"},{"floor":29.0,"key":"BlessingOfTheForge"},{"floor":33.0,"key":"Swift Potion"},{"floor":35.0,"key":"DuplicationPotion"},{"floor":40.0,"key":"Weak Potion"},{"floor":45.0,"key":"BloodPotion"},{"floor":46.0,"key":"SmokeBomb"},{"floor":47,"key":"FairyPotion"},{"floor":54,"key":"DuplicationPotion"}],"is_trial":false,"path_per_floor":["M","M","M","?","M","R","E","M","T","R","E","R","E","M","R","B",null,"M","M","$","M","?","E","R","M","T","R","E","M","M","$","R","B",null,"M","M","M","$","?","E","R","E","T","?","M","E","?","$","R","B",null,"R","$","E","B",null],"character_chosen":"IRONCLAD","items_purchased":["Medical Kit","True Grit","Orrery","Second Wind","Feel No Pain"],"campfire_rested":0,"item_purchase_floors":[20,20,48,53,53],"current_hp_per_floor":[79,78,78,78,67,67,36,33,33,33,27,27,19,7,7,13,80,70,66,66,41,41,21,21,22,22,22,12,28,33,33,33,36,80,74,74,65,65,55,53,53,60,60,60,50,36,54,54,54,76,76,76,76,76,75],"gold":63,"neow_bonus":"BOSS_RELIC","is_daily":false,"chose_seed":false,"campfire_upgraded":9,"win_rate":0.0,"timestamp":1608034987,"path_taken":["M","M","M","?","M","R","E","M","T","R","E","R","E","M","R","BOSS","M","M","?","M","?","E","R","?","T","R","E","M","M","$","R","BOSS","M","?","?","$","?","E","R","E","T","?","M","E","?","?","R","BOSS","R","$","E","BOSS"],"items_purchased_type":["Relic","Card","Relic","Card","Card"],"build_version":"2020-12-13","purchased_purges":4,"victory":true,"max_hp_per_floor":[80,80,80,80,80,80,80,80,80,80,80,80,80,80,80,80,80,80,80,80,80,80,80,80,80,80,80,80,80,80,80,80,80,80,80,80,80,80,80,80,80,80,80,76,76,76,76,76,76,76,76,76,76,76,76],"card_choices":[{"not_picked":["Infernal Blade","Sword Boomerang"],"picked":"Dark Embrace","floor":1.0},{"not_picked":["True Grit","Iron Wave"],"picked":"Anger","floor":2.0},{"not_picked":["Heavy Blade","Sword Boomerang"],"picked":"Spot Weakness","floor":3.0},{"not_picked":["Infernal Blade","Bludgeon"],"picked":"Carnage","floor":5.0},{"not_picked":["Havoc","Rage"],"picked":"Evolve","floor":7.0},{"not_picked":["Headbutt","Pommel Strike"],"picked":"Armaments","floor":8.0},{"not_picked":["Iron Wave","Evolve","Shrug It Off"],"picked":"SKIP","floor":11.0},{"not_picked":["Flex","Warcry"],"picked":"Feel No Pain","floor":13.0},{"not_picked":["Combust","Sword Boomerang"],"picked":"Fire Breathing","floor":14.0},{"not_picked":["Bludgeon","Corruption"],"picked":"Offering","floor":16.0},{"not_picked":["Searing Blow","Wild Strike+1","Sword Boomerang","Havoc"],"picked":"SKIP","floor":18.0},{"not_picked":["Clothesline","Cleave","Body Slam","Warcry"],"picked":"SKIP","floor":19.0},{"not_picked":["Rage","Pommel Strike","Warcry","Iron Wave"],"picked":"SKIP","floor":21.0},{"not_picked":["Cleave+1","True Grit","Rage"],"picked":"Reaper","floor":23.0},{"not_picked":["Dual Wield","Clothesline","Flame Barrier","Thunderclap+1"],"picked":"SKIP","floor":25.0},{"not_picked":["Power Through","Flex+1","Warcry","Iron Wave+1"],"picked":"SKIP","floor":28.0},{"not_picked":["Clash","Headbutt","Corruption","Sword Boomerang"],"picked":"SKIP","floor":29.0},{"not_picked":["Flex","Dropkick","Flame Barrier"],"picked":"True Grit+1","floor":30.0},{"not_picked":["Brutality","Demon Form","Impervious"],"picked":"Limit Break","floor":33.0},{"not_picked":["Sword Boomerang","Perfected Strike","Wild Strike","Thunderclap"],"picked":"SKIP","floor":35.0},{"not_picked":["Sword Boomerang+1","Anger+1","Thunderclap+1"],"picked":"Seeing Red","floor":36.0},{"not_picked":["Wild Strike","Twin Strike+1","Cleave+1"],"picked":"Metallicize+1","floor":37.0},{"not_picked":["Good Instincts","Chrysalis","Trip"],"picked":"Impatience","floor":39.0},{"not_picked":["Swift Strike","Blind","Dark Shackles"],"picked":"Master of Strategy","floor":39.0},{"not_picked":["Blind","The Bomb","Mayhem"],"picked":"Madness","floor":39.0},{"not_picked":["Headbutt","Disarm","Shrug It Off+1","Hemokinesis"],"picked":"SKIP","floor":40.0},{"not_picked":["Shrug It Off+1","Evolve+1","Infernal Blade+1","Whirlwind"],"picked":"SKIP","floor":42.0},{"not_picked":["Body Slam","Flame Barrier+1","Clash"],"picked":"Warcry+1","floor":45.0},{"not_picked":["Pommel Strike+1","Iron Wave","Havoc","Blood for Blood+1"],"picked":"SKIP","floor":46.0},{"not_picked":["Headbutt","Carnage+1","Flex"],"picked":"Warcry+1","floor":48},{"not_picked":["Thunderclap+1","Body Slam","Wild Strike+1"],"picked":"Havoc+1","floor":48},{"not_picked":["Sword Boomerang+1","Twin Strike+1","Brutality"],"picked":"Shockwave","floor":48},{"not_picked":["Combust","Inflame","Body Slam"],"picked":"Reckless Charge+1","floor":54}],"player_experience":2102139,"relics_obtained":[{"floor":7.0,"key":"Regal Pillow"},{"floor":9.0,"key":"Kunai"},{"floor":11.0,"key":"Blue Candle"},{"floor":13.0,"key":"White Beast Statue"},{"floor":17.0,"key":"Omamori"},{"floor":17.0,"key":"Question Card"},{"floor":17.0,"key":"Bird Faced Urn"},{"floor":23.0,"key":"Vajra"},{"floor":26.0,"key":"FossilizedHelix"},{"floor":28.0,"key":"Akabeko"},{"floor":40.0,"key":"Centennial Puzzle"},{"floor":42.0,"key":"Shuriken"},{"floor":46.0,"key":"PreservedInsect"},{"floor":47,"key":"Torii"},{"floor":54,"key":"StoneCalendar"}],"event_choices":[{"damage_healed":0.0,"max_hp_gain":0.0,"max_hp_loss":0.0,"gold_gain":0.0,"event_name":"Match and Keep!","player_choice":"1 cards matched","floor":4.0,"gold_loss":0.0,"damage_taken":0.0,"cards_obtained":["Juggernaut"]},{"damage_healed":0.0,"max_hp_gain":0.0,"max_hp_loss":0.0,"gold_gain":100.0,"event_name":"Golden Shrine","player_choice":"Pray","floor":22.0,"gold_loss":0.0,"damage_taken":0.0},{"damage_healed":0.0,"max_hp_gain":0.0,"max_hp_loss":0.0,"gold_gain":0.0,"event_name":"SensoryStone","player_choice":"Memory 3","floor":39.0,"gold_loss":0.0,"damage_taken":10.0},{"damage_healed":0.0,"max_hp_gain":0.0,"max_hp_loss":4.0,"gold_gain":0.0,"event_name":"Winding Halls","player_choice":"Max HP","floor":44.0,"gold_loss":0.0,"damage_taken":0.0},{"damage_healed":0,"gold_gain":0,"player_choice":"Fight","damage_taken":0,"max_hp_gain":0,"max_hp_loss":0,"event_name":"MindBloom","floor":47,"gold_loss":0}],"is_beta":false,"boss_relics":[{"not_picked":["Tiny House","Snecko Eye"],"picked":"Calling Bell"},{"not_picked":["Runic Cube","Mark of Pain"],"picked":"SacredBark"}],"items_purged_floors":[20,31,38,48],"is_endless":false,"potions_floor_spawned":[1,5,11,14,16,18,19,21,23,25,28,29,30,33,35,36,37,40,42,45,46,47,54],"ascension_level":1}}