{"host":"kw4o7b3ro2ktmmbe","time":1608027117,"event":{"mods":["BaseMod","Minty Spire (QoL Compilation)","StSLib","The Death Knight","Treasure Hunter"],"gold_per_floor":[119,119,194,194,206,206,218,218,243,243,262,272,272,286,286,384,384,398,414,73,83,100,125,125,485,485,497,149,176,190,24,24,121,121,139,1138,696,714,733,733,759,759,759,785,443,443,153,169,169,170],"floor_reached":51,"playtime":4200,"items_purged":["Decay","Doubt","Normality","Normality","Decay"],"score":959,"play_id":"b6d23096-548b-4d4a-8783-87ba161197c4","local_time":"20201215231157","is_ascension_mode":true,"campfire_choices":[{"data":"DeathKnight:UnholyAssault","floor":6.0,"key":"SMITH"},{"data":"DeathKnight:Pestilence","floor":8.0,"key":"SMITH"},{"floor":15.0,"key":"REST"},{"data":"DeathKnight:Hysteria","floor":24.0,"key":"SMITH"},{"floor":32.0,"key":"REST"},{"data":"DeathKnight:Hysteria","floor":40,"key":"SMITH"},{"data":"DeathKnight:DancingRuneblade","floor":46,"key":"SMITH"},{"floor":49,"key":"REST"}],"circlet_count":0,"master_deck":["DeathKnight:Strike_DeathKnight+1","DeathKnight:Strike_DeathKnight+1","DeathKnight:Strike_DeathKnight","DeathKnight:Strike_DeathKnight","DeathKnight:Strike_DeathKnight","DeathKnight:Defend_DeathKnight","DeathKnight:Defend_DeathKnight","DeathKnight:Defend_DeathKnight","DeathKnight:Defend_DeathKnight","DeathKnight:Defend_DeathKnight","DeathKnight:RuneTap","DeathKnight:UnholyAssault+1","DeathKnight:Pestilence+1","DeathKnight:IcyTouch","TH:DeckOfManyThings","DeathKnight:DancingRuneblade+1","Jack Of All Trades","DeathKnight:Pestilence","DeathKnight:WraithWalk","TH:Mimic","DeathKnight:UnholyExperiment","DeathKnight:AntiMagicShell","DeathKnight:MutagenicPlague+1","DeathKnight:Contagion","DeathKnight:Hysteria+1","DeathKnight:BloodStrike+1","TH:ArmorSpikes","DeathKnight:PlagueStrike","TH:CursedSword","TH:TreasureMap","DeathKnight:GargoyleSkin+1","DeathKnight:Contagion","DeathKnight:UnholyPresence+1","TH:CursedSword","TH:CopperCoins","Bandage Up","DeathKnight:Hysteria+1","TH:DeckOfManyThings","TH:TreasureMap","TH:EnergyPotion","DeathKnight:FoulBulwark+1"],"relics":["Cursed Key","Dream Catcher","DeathKnight:Shadowmourne","Membership Card","Mercury Hourglass","CaptainsWheel","Du-Vu Doll","HandDrill","DeathKnight:Scourgestone","Pocketwatch","Peace Pipe","Eternal Feather","Busted Crown","Bronze Scales","Pen Nib","TheAbacus","Ornamental Fan","White Beast Statue","HornCleat","Lee\u0027s Waffle","Mummified Hand","Ancient Tea Set","Meat on the Bone","MealTicket"],"acts_visited":["Exordium","TheCity","TheBeyond"],"potions_floor_usage":[35,38,39,41,44,48,50,50,50],"damage_taken":[{"damage":5.0,"enemies":"Jaw Worm","floor":1.0,"turns":3.0},{"damage":0.0,"enemies":"2 Louse","floor":5.0,"turns":3.0},{"damage":2.0,"enemies":"Small Slimes","floor":7.0,"turns":3.0},{"damage":7.0,"enemies":"3 Louse","floor":11.0,"turns":2.0},{"damage":0.0,"enemies":"Exordium Thugs","floor":12.0,"turns":3.0},{"damage":7.0,"enemies":"Looter","floor":14.0,"turns":2.0},{"damage":32.0,"enemies":"Slime Boss","floor":16.0,"turns":10.0},{"damage":10.0,"enemies":"3 Byrds","floor":18.0,"turns":3.0},{"damage":0.0,"enemies":"Chosen","floor":19.0,"turns":4.0},{"damage":0.0,"enemies":"3 Cultists","floor":21.0,"turns":3.0},{"damage":0.0,"enemies":"Chosen and Byrds","floor":22.0,"turns":3.0},{"damage":8.0,"enemies":"Slavers","floor":23.0,"turns":4.0},{"damage":4.0,"enemies":"Sentry and Sphere","floor":27.0,"turns":4.0},{"damage":0.0,"enemies":"Gremlin Leader","floor":29.0,"turns":5.0},{"damage":7.0,"enemies":"Shelled Parasite and Fungi","floor":30.0,"turns":2.0},{"damage":6.0,"enemies":"Automaton","floor":33.0,"turns":6.0},{"damage":15,"enemies":"3 Darklings","floor":35,"turns":4},{"damage":0,"enemies":"3 Shapes","floor":38,"turns":6},{"damage":13,"enemies":"3 Darklings","floor":39,"turns":4},{"damage":0,"enemies":"Giant Head","floor":41,"turns":5},{"damage":37,"enemies":"Reptomancer","floor":44,"turns":3},{"damage":9,"enemies":"Transient","floor":48,"turns":5},{"damage":38,"enemies":"Donu and Deca","floor":50,"turns":6}],"seed_played":"3607526791341151360","potions_obtained":[{"floor":1.0,"key":"Energy Potion"},{"floor":5.0,"key":"Swift Potion"},{"floor":11.0,"key":"Ancient Potion"},{"floor":12.0,"key":"DistilledChaos"},{"floor":18.0,"key":"Block Potion"},{"floor":22.0,"key":"Fire Potion"},{"floor":29.0,"key":"Weak Potion"},{"floor":35,"key":"Explosive Potion"},{"floor":44,"key":"Strength Potion"}],"is_trial":false,"path_per_floor":["M","?","?","?","M","R","M","R","T","?","M","M","?","M","R","B",null,"M","M","$","M","M","E","R","?","T","M","$","E","M","$","R","B",null,"M","?","$","M","M","R","E","?","T","E","$","R","$","M","R","B",null],"character_chosen":"DEATH_KNIGHT","items_purchased":["Membership Card","Mercury Hourglass","DeathKnight:Contagion","HandDrill","DeathKnight:Scourgestone","Pocketwatch","Eternal Feather","DeathKnight:Contagion","Bronze Scales","Pen Nib","TH:CopperCoins","Bandage Up","TheAbacus","Swift Potion","Lee\u0027s Waffle","Mummified Hand","Ancient Tea Set","Meat on the Bone","MealTicket"],"campfire_rested":3,"item_purchase_floors":[20,20,20,28,28,28,31,31,37,37,37,37,37,37,45,45,45,47,47],"current_hp_per_floor":[70,70,59,44,44,44,42,42,42,42,35,35,35,28,50,18,75,65,75,75,75,75,67,67,31,31,27,27,27,20,20,60,54,75,60,60,60,64,55,75,75,75,75,38,82,82,82,74,82,46],"gold":170,"neow_bonus":"BOSS_RELIC","is_daily":false,"chose_seed":false,"campfire_upgraded":5,"win_rate":0.0,"timestamp":1608027117,"path_taken":["M","?","?","?","M","R","M","R","T","?","?","M","?","M","R","BOSS","M","?","$","M","M","E","R","?","T","M","$","E","?","?","R","BOSS","M","?","$","M","M","R","E","?","T","E","$","R","?","M","R","BOSS"],"items_purchased_type":["Relic","Relic","Card","Relic","Relic","Relic","Relic","Card","Relic","Relic","Card","Card","Relic","Potion","Relic","Relic","Relic","Relic","Relic"],"build_version":"2020-12-13","purchased_purges":5,"victory":true,"max_hp_per_floor":[75,75,75,75,75,75,75,75,75,75,75,75,75,75,75,75,75,75,75,75,75,75,75,75,75,75,75,75,75,75,75,75,75,75,75,75,75,75,75,75,75,75,75,75,82,82,82,82,82,82],"card_choices":[{"not_picked":["DeathKnight:DeathsAdvance","DeathKnight:BloodBoil"],"picked":"DeathKnight:UnholyAssault","floor":1.0},{"not_picked":["DeathKnight:BloodTap","DeathKnight:Ossuary"],"picked":"DeathKnight:IcyTouch","floor":5.0},{"not_picked":["DeathKnight:DeathAndDecay","DeathKnight:MutagenicPlague","DeathKnight:Runeguard"],"picked":"SKIP","floor":7.0},{"not_picked":["TH:EnergyPotion"],"picked":"TH:DeckOfManyThings","floor":9.0},{"not_picked":["DeathKnight:IceboundArmor","DeathKnight:RaiseAlly","DeathKnight:ShatteringStrikes"],"picked":"SKIP","floor":11.0},{"not_picked":["DeathKnight:RaiseAlly","DeathKnight:DeathAndDecay"],"picked":"DeathKnight:DancingRuneblade","floor":12.0},{"not_picked":["DeathKnight:BoneSpear","DeathKnight:DeathCoil"],"picked":"DeathKnight:Pestilence","floor":14.0},{"not_picked":["DeathKnight:AntiMagicShell","DeathKnight:Marrowrend"],"picked":"DeathKnight:WraithWalk","floor":15.0},{"not_picked":["TH:PixieDust"],"picked":"TH:Mimic","floor":16.0},{"not_picked":["DeathKnight:BoneStorm","DeathKnight:Razorice"],"picked":"DeathKnight:UnholyExperiment","floor":16.0},{"not_picked":["DeathKnight:ChainsOfIce","DeathKnight:IceboundArmor"],"picked":"DeathKnight:AntiMagicShell","floor":18.0},{"not_picked":["DeathKnight:Hemostasis","DeathKnight:ShatteringStrikes"],"picked":"DeathKnight:MutagenicPlague+1","floor":19.0},{"not_picked":["DeathKnight:MutagenicPlague","DeathKnight:DreadStrike"],"picked":"DeathKnight:Hysteria","floor":21.0},{"not_picked":["DeathKnight:ShatteringStrikes","DeathKnight:HornOfWinter"],"picked":"DeathKnight:BloodStrike+1","floor":22.0},{"not_picked":["TH:PixieDust"],"picked":"TH:ArmorSpikes","floor":23.0},{"not_picked":["DeathKnight:DeathAndDecay+1","DeathKnight:BloodBoil"],"picked":"DeathKnight:PlagueStrike","floor":23.0},{"not_picked":["TH:ElvenBoots"],"picked":"TH:CursedSword","floor":26.0},{"not_picked":["DeathKnight:DeathRune","DeathKnight:ScourgeStrike+1","DeathKnight:BloodEchoes"],"picked":"SKIP","floor":27.0},{"not_picked":["TH:Mimic"],"picked":"TH:TreasureMap","floor":29.0},{"not_picked":["DeathKnight:FesteringStrike","DeathKnight:Obliterate+1"],"picked":"DeathKnight:GargoyleSkin+1","floor":29.0},{"not_picked":["DeathKnight:DreadStrike","DeathKnight:Lichborne","DeathKnight:BloodStrike"],"picked":"SKIP","floor":30.0},{"not_picked":["DeathKnight:HartStrike","DeathKnight:ShatteringStrikes"],"picked":"DeathKnight:UnholyPresence+1","floor":32.0},{"not_picked":["TH:Mimic"],"picked":"TH:CursedSword","floor":33.0},{"not_picked":["DeathKnight:Razorice","DeathKnight:BoneStorm"],"picked":"DeathKnight:ReapingStrike","floor":33.0},{"not_picked":["DeathKnight:BloodStrike"],"picked":"SKIP","floor":35},{"not_picked":[],"picked":"DeathKnight:Hysteria","floor":38},{"not_picked":["DeathKnight:DreadStrike+1"],"picked":"SKIP","floor":39},{"not_picked":[],"picked":"TH:DeckOfManyThings","floor":41},{"not_picked":["DeathKnight:UnholyFrenzy+1"],"picked":"SKIP","floor":41},{"not_picked":[],"picked":"TH:TreasureMap","floor":43},{"not_picked":[],"picked":"TH:EnergyPotion","floor":44},{"not_picked":["DeathKnight:UnholyPresence"],"picked":"SKIP","floor":44},{"not_picked":["DeathKnight:RuneShock+1"],"picked":"SKIP","floor":48},{"not_picked":[],"picked":"DeathKnight:FoulBulwark+1","floor":49}],"player_experience":1795790,"relics_obtained":[{"floor":9.0,"key":"Dream Catcher"},{"floor":23.0,"key":"CaptainsWheel"},{"floor":26.0,"key":"Du-Vu Doll"},{"floor":29.0,"key":"Peace Pipe"},{"floor":41,"key":"Ornamental Fan"},{"floor":43,"key":"White Beast Statue"},{"floor":44,"key":"HornCleat"}],"event_choices":[{"damage_healed":0.0,"max_hp_gain":0.0,"max_hp_loss":0.0,"gold_gain":0.0,"cards_transformed":["DeathKnight:RuneStrike"],"event_name":"Living Wall","player_choice":"Change","floor":2.0,"gold_loss":0.0,"damage_taken":0.0,"cards_obtained":["DeathKnight:Pestilence"]},{"damage_healed":0.0,"max_hp_gain":0.0,"max_hp_loss":0.0,"gold_gain":75.0,"event_name":"World of Goop","player_choice":"Gather Gold","floor":3.0,"gold_loss":0.0,"damage_taken":11.0},{"damage_healed":0.0,"max_hp_gain":0.0,"max_hp_loss":0.0,"gold_gain":0.0,"event_name":"Shining Light","player_choice":"Entered Light","floor":4.0,"gold_loss":0.0,"damage_taken":15.0,"cards_upgraded":["DeathKnight:Strike_DeathKnight","DeathKnight:Strike_DeathKnight"]},{"damage_healed":0.0,"max_hp_gain":0.0,"max_hp_loss":0.0,"gold_gain":0.0,"event_name":"The Woman in Blue","player_choice":"Bought 0 Potions","floor":10.0,"gold_loss":0.0,"damage_taken":0.0},{"damage_healed":0.0,"max_hp_gain":0.0,"max_hp_loss":0.0,"gold_gain":0.0,"event_name":"Match and Keep!","player_choice":"1 cards matched","floor":13.0,"gold_loss":0.0,"damage_taken":0.0,"cards_obtained":["Jack Of All Trades"]},{"damage_healed":0.0,"max_hp_gain":0.0,"max_hp_loss":0.0,"gold_gain":360.0,"event_name":"Knowing Skull","player_choice":"GOLD GOLD GOLD GOLD ","floor":25.0,"potions_obtained":[],"gold_loss":0.0,"damage_taken":36.0,"cards_obtained":[]},{"damage_healed":0,"gold_gain":999,"player_choice":"Gold","damage_taken":0,"max_hp_gain":0,"max_hp_loss":0,"event_name":"MindBloom","floor":36,"gold_loss":0,"cards_obtained":["Normality","Normality"]},{"cards_removed":["DeathKnight:ReapingStrike"],"damage_healed":0,"gold_gain":0,"player_choice":"Removed Attack","damage_taken":0,"max_hp_gain":0,"max_hp_loss":0,"event_name":"Falling","floor":42,"gold_loss":0}],"is_beta":false,"boss_relics":[{"not_picked":["Empty Cage","Philosopher\u0027s Stone"],"picked":"DeathKnight:Shadowmourne"},{"not_picked":["Runic Dome","Velvet Choker"],"picked":"Busted Crown"}],"items_purged_floors":[20,28,37,45,47],"is_endless":false,"potions_floor_spawned":[1,5,11,12,18,21,22,29,35,44,48],"ascension_level":4}}