{"host":"63jn9lre6xij8k68","time":1608042251,"event":{"mods":["AchievementEnabler","BaseMod","Colored Map","DeckTracker","Minty Spire (QoL Compilation)","StSLib","SuperFastMode"],"gold_per_floor":[113,113,133,133,151,184,184,213,213,213,230,230,230,244,244,347,347,357,357,125,139,159,190,190,190,190,228,240,252,284,312,324,336,336],"floor_reached":33,"playtime":586,"items_purged":["Strike_R"],"score":413,"play_id":"22fc7116-2bd1-425e-bc91-35c8800b13e3","local_time":"20201215232411","is_ascension_mode":true,"campfire_choices":[{"data":"Shrug It Off","floor":7,"key":"SMITH"},{"floor":10,"key":"REST"},{"data":"Fiend Fire","floor":15,"key":"SMITH"},{"floor":25,"key":"REST"},{"data":"Uppercut","floor":32,"key":"SMITH"}],"circlet_count":0,"master_deck":["Strike_R","Strike_R","Strike_R","Strike_R","Defend_R","Defend_R","Defend_R+1","Defend_R","Bash+1","Headbutt","Evolve+1","Shrug It Off+1","Fiend Fire+1","Impervious+1","Wild Strike","Immolate","Fire Breathing","Heavy Blade+1","Clothesline+1","Feel No Pain","Fiend Fire","Decay","Uppercut+1"],"relics":["Burning Blood","NeowsBlessing","Akabeko","Lizard Tail","Singing Bowl","Shuriken","Sozu","Membership Card","Matryoshka","MawBank","War Paint","Toy Ornithopter"],"acts_visited":["Exordium","TheCity"],"potions_floor_usage":[16],"damage_taken":[{"damage":0,"enemies":"Cultist","floor":1,"turns":1},{"damage":0,"enemies":"Jaw Worm","floor":3,"turns":1},{"damage":0,"enemies":"2 Louse","floor":5,"turns":1},{"damage":45,"enemies":"Lagavulin","floor":6,"turns":7},{"damage":16,"enemies":"Gremlin Nob","floor":8,"turns":3},{"damage":0,"enemies":"2 Fungi Beasts","floor":11,"turns":5},{"damage":5,"enemies":"Gremlin Gang","floor":14,"turns":4},{"damage":18,"enemies":"Hexaghost","floor":16,"turns":7},{"damage":17,"enemies":"2 Thieves","floor":18,"turns":3},{"damage":0,"enemies":"Spheric Guardian","floor":21,"turns":2},{"damage":16,"enemies":"Snake Plant","floor":22,"turns":4},{"damage":46,"enemies":"Slavers","floor":23,"turns":5},{"damage":44,"enemies":"Book of Stabbing","floor":27,"turns":5},{"damage":13,"enemies":"Chosen and Byrds","floor":30,"turns":5},{"damage":21,"enemies":"Centurion and Healer","floor":31,"turns":5},{"damage":40,"enemies":"Champ","floor":33,"turns":6}],"seed_played":"-8862116835996131628","potions_obtained":[{"floor":1,"key":"LiquidMemories"},{"floor":8,"key":"Explosive Potion"},{"floor":11,"key":"AttackPotion"}],"is_trial":false,"path_per_floor":["M","?","M","?","M","E","R","E","T","R","M","?","?","M","R","B",null,"M","?","$","M","M","E","?","R","T","E","?","?","M","M","R","B"],"character_chosen":"IRONCLAD","items_purchased":["Membership Card","Fire Breathing"],"campfire_rested":2,"item_purchase_floors":[20,20],"current_hp_per_floor":[78,78,80,80,80,41,41,31,31,55,61,61,58,61,61,49,74,65,65,65,71,61,21,21,46,46,8,8,8,50,35,35,0,0],"gold":336,"neow_bonus":"THREE_ENEMY_KILL","is_daily":false,"chose_seed":false,"campfire_upgraded":3,"win_rate":0.0,"timestamp":1608042251,"path_taken":["M","?","?","?","?","E","R","E","T","R","M","?","?","M","R","BOSS","M","?","$","M","?","E","?","R","T","E","?","?","M","?","R","BOSS"],"items_purchased_type":["Relic","Card"],"build_version":"2020-12-13","purchased_purges":1,"victory":false,"max_hp_per_floor":[80,80,80,80,80,80,80,80,80,80,80,80,80,82,82,82,82,84,84,84,84,84,84,84,84,84,84,84,84,86,86,86,86,86],"card_choices":[{"not_picked":["Infernal Blade","Perfected Strike"],"picked":"Headbutt","floor":1},{"not_picked":["Headbutt","Disarm"],"picked":"Evolve","floor":3},{"not_picked":["True Grit","Clash"],"picked":"Shrug It Off","floor":5},{"not_picked":["Rage","Combust"],"picked":"Fiend Fire","floor":6},{"not_picked":["Rampage","Thunderclap"],"picked":"Impervious","floor":8},{"not_picked":["Anger","Dual Wield"],"picked":"Wild Strike","floor":11},{"not_picked":["Wild Strike","Thunderclap","Evolve"],"picked":"Singing Bowl","floor":14},{"not_picked":["Demon Form","Berserk"],"picked":"Immolate","floor":16},{"not_picked":["Havoc","Sword Boomerang","Warcry"],"picked":"Singing Bowl","floor":18},{"not_picked":["Armaments+1","Iron Wave"],"picked":"Heavy Blade+1","floor":21},{"not_picked":["Dual Wield+1","Wild Strike+1"],"picked":"Clothesline+1","floor":22},{"not_picked":["Carnage+1","Flex"],"picked":"Feel No Pain","floor":23},{"not_picked":["Thunderclap+1","Intimidate"],"picked":"Fiend Fire","floor":27},{"not_picked":["Infernal Blade","Pommel Strike","Evolve"],"picked":"Singing Bowl","floor":30},{"not_picked":["Iron Wave","Ghostly Armor"],"picked":"Uppercut","floor":31}],"player_experience":98123,"relics_obtained":[{"floor":6,"key":"Akabeko"},{"floor":8,"key":"Lizard Tail"},{"floor":9,"key":"Singing Bowl"},{"floor":23,"key":"Matryoshka"},{"floor":26,"key":"MawBank"},{"floor":26,"key":"War Paint"},{"floor":27,"key":"Toy Ornithopter"}],"event_choices":[{"damage_healed":0,"gold_gain":0,"player_choice":"Forge","damage_taken":0,"max_hp_gain":0,"max_hp_loss":0,"event_name":"Accursed Blacksmith","floor":2,"gold_loss":0,"cards_upgraded":["Bash"]},{"damage_healed":0,"gold_gain":0,"player_choice":"Upgraded","damage_taken":0,"max_hp_gain":0,"max_hp_loss":0,"event_name":"Upgrade Shrine","floor":4,"gold_loss":0,"cards_upgraded":["Evolve"]},{"damage_healed":0,"gold_gain":0,"player_choice":"Ignored","damage_taken":0,"max_hp_gain":0,"max_hp_loss":0,"event_name":"Liars Game","floor":12,"gold_loss":0},{"damage_healed":0,"gold_gain":0,"player_choice":"Success","damage_taken":3,"relics_obtained":["Shuriken"],"max_hp_gain":0,"max_hp_loss":0,"event_name":"Scrap Ooze","floor":13,"gold_loss":0},{"damage_healed":0,"gold_gain":0,"player_choice":"Got Potions","damage_taken":0,"max_hp_gain":0,"max_hp_loss":0,"event_name":"Lab","floor":19,"gold_loss":0},{"damage_healed":0,"gold_gain":0,"player_choice":"Ignored","damage_taken":0,"max_hp_gain":0,"max_hp_loss":0,"event_name":"Vampires","floor":24,"gold_loss":0},{"damage_healed":0,"gold_gain":0,"player_choice":"Smashed Altar","damage_taken":0,"max_hp_gain":0,"max_hp_loss":0,"event_name":"Forgotten Altar","floor":28,"gold_loss":0,"cards_obtained":["Decay"]},{"damage_healed":0,"gold_gain":0,"player_choice":"Ignored","damage_taken":0,"max_hp_gain":0,"max_hp_loss":0,"event_name":"Ghosts","floor":29,"gold_loss":0}],"is_beta":false,"boss_relics":[{"not_picked":["Runic Pyramid","Snecko Eye"],"picked":"Sozu"}],"items_purged_floors":[20],"is_endless":false,"potions_floor_spawned":[1,8,11,21,27,31],"killed_by":"Champ","ascension_level":8}}