{"host":"cr9rpoy6dx9riis3","time":1608072756,"event":{"mods":["AchievementEnabler","BaseMod","Better Altar","Better Note","Better Sensory Stone","Better Skull","Better Third Choice","Better-Laid Plans","BetterRewards","Block Reminder","Curses Come First","Displayed Cursed Tome","Emptier Cage","Marked Mod","Minty Spire (QoL Compilation)","Permanent Neow","Relic Sorter","StSLib","The Blue Laboratory","Transform Curses"],"gold_per_floor":[117,117,127,51,51,51,81,81,104,104,135,135,150,170,170,273,273,291,291,309,309,328,356,356,382,409,409,419,419,419,419,419],"floor_reached":31,"playtime":1042,"items_purged":[],"score":438,"play_id":"4ef3b6a6-b862-4d5f-95e3-aec4d0622697","local_time":"20201215235236","is_ascension_mode":true,"campfire_choices":[{"data":"Flame Barrier","floor":6,"key":"SMITH"},{"data":"Rage","floor":8,"key":"SMITH"},{"data":"Bash","floor":10,"key":"SMITH"},{"data":"Double Tap","floor":12,"key":"SMITH"},{"floor":15,"key":"RECALL"},{"data":"Flame Barrier","floor":24,"key":"SMITH"},{"data":"Seeing Red","floor":27,"key":"SMITH"},{"data":"Demon Form","floor":29,"key":"SMITH"}],"circlet_count":0,"master_deck":["Strike_R","Strike_R","Strike_R","Strike_R","Defend_R","Defend_R","Defend_R","Defend_R","Bash+1","Rage+1","Flame Barrier+1","Double Tap+1","Bludgeon","Bludgeon+1","Flame Barrier+1","Seeing Red+1","Demon Form+1"],"relics":["Burning Blood","Pantograph","PreservedInsect","SacredBark","Ancient Tea Set","Lantern","Pen Nib"],"acts_visited":["Exordium","TheCity"],"potions_floor_usage":[16,16,23,25,31],"damage_taken":[{"damage":11,"enemies":"Jaw Worm","floor":1,"turns":5},{"damage":0,"enemies":"2 Louse","floor":3,"turns":2},{"damage":30,"enemies":"3 Sentries","floor":7,"turns":13},{"damage":24,"enemies":"Lagavulin","floor":11,"turns":6},{"damage":6,"enemies":"Cultist","floor":13,"turns":4},{"damage":8,"enemies":"Large Slime","floor":14,"turns":6},{"damage":28,"enemies":"The Guardian","floor":16,"turns":15},{"damage":8,"enemies":"Chosen","floor":18,"turns":5},{"damage":41,"enemies":"3 Byrds","floor":20,"turns":6},{"damage":0,"enemies":"Snake Plant","floor":22,"turns":1},{"damage":43,"enemies":"Slavers","floor":23,"turns":8},{"damage":20,"enemies":"Book of Stabbing","floor":25,"turns":4},{"damage":15,"enemies":"Centurion and Healer","floor":28,"turns":7},{"damage":27,"enemies":"Shelled Parasite and Fungi","floor":31,"turns":3}],"seed_played":"-6387957309331661310","potions_obtained":[{"floor":11,"key":"blueLaboratory:StoneskinPotion"},{"floor":14,"key":"Explosive Potion"},{"floor":18,"key":"blueLaboratory:PolymorphPotion"},{"floor":20,"key":"blueLaboratory:TrueEctoplasm"},{"floor":28,"key":"blueLaboratory:AbyssPotion"}],"is_trial":false,"path_per_floor":["M","?","M","$","?","R","E","R","T","R","E","R","M","M","R","B",null,"M","?","M","?","M","E","R","E","T","R","M","R","?","M"],"character_chosen":"IRONCLAD","items_purchased":["Lantern","Flame Barrier"],"campfire_rested":0,"item_purchase_floors":[0,4],"current_hp_per_floor":[75,75,80,80,80,80,56,56,56,56,38,38,38,36,36,39,80,78,78,43,80,80,43,43,29,29,29,20,20,20,0,0],"gold":419,"neow_bonus":"","is_daily":false,"chose_seed":false,"campfire_upgraded":7,"win_rate":0.0,"timestamp":1608072756,"path_taken":["M","?","M","$","?","R","E","R","T","R","E","R","M","M","R","BOSS","M","?","M","?","M","E","R","E","T","R","?","R","?","M"],"items_purchased_type":["Relic","Card"],"build_version":"2020-12-13","purchased_purges":0,"victory":false,"max_hp_per_floor":[80,80,80,80,80,80,80,80,80,80,80,80,80,80,80,80,80,80,80,80,80,80,80,80,80,80,80,80,80,80,80,80],"card_choices":[{"not_picked":["Anger","Cleave","Sword Boomerang"],"picked":"SKIP","floor":1},{"not_picked":["Warcry","Sword Boomerang"],"picked":"Rage","floor":3},{"not_picked":["Clothesline","Second Wind","Headbutt"],"picked":"SKIP","floor":7},{"not_picked":["Perfected Strike","Exhume"],"picked":"Double Tap","floor":11},{"not_picked":["Havoc","Clash","Thunderclap"],"picked":"SKIP","floor":13},{"not_picked":["Sword Boomerang","Pummel","Cleave"],"picked":"SKIP","floor":14},{"not_picked":["Offering","Double Tap"],"picked":"Bludgeon","floor":16},{"not_picked":["Shrug It Off+1","Perfected Strike+1","Clothesline"],"picked":"SKIP","floor":18},{"not_picked":["Body Slam","Whirlwind","Clash"],"picked":"SKIP","floor":20},{"not_picked":["Twin Strike+1","Power Through"],"picked":"Flame Barrier","floor":22},{"not_picked":["Hemokinesis","Body Slam+1","Battle Trance"],"picked":"SKIP","floor":23},{"not_picked":["Dual Wield","Rupture+1"],"picked":"Seeing Red","floor":25},{"not_picked":["Ghostly Armor","Wild Strike"],"picked":"Demon Form","floor":28}],"player_experience":707176,"relics_obtained":[{"floor":7,"key":"Pantograph"},{"floor":9,"key":"PreservedInsect"},{"floor":23,"key":"Ancient Tea Set"},{"floor":26,"key":"Pen Nib"}],"event_choices":[{"cards_removed":["Strike_R"],"damage_healed":0,"gold_gain":0,"player_choice":"Forget","damage_taken":0,"max_hp_gain":0,"max_hp_loss":0,"event_name":"Living Wall","floor":2,"gold_loss":0},{"damage_healed":0,"gold_gain":0,"player_choice":"Ignored","damage_taken":0,"max_hp_gain":0,"max_hp_loss":0,"event_name":"Golden Idol","floor":5,"gold_loss":0},{"cards_removed":["Bludgeon"],"damage_healed":0,"gold_gain":0,"player_choice":"Take \u0026 Give","damage_taken":0,"max_hp_gain":0,"max_hp_loss":0,"event_name":"betterNote:BetterNote","floor":19,"gold_loss":0,"cards_obtained":["Bludgeon"]},{"damage_healed":37,"gold_gain":0,"player_choice":"Full Heal","damage_taken":0,"max_hp_gain":0,"max_hp_loss":0,"event_name":"Wheel of Change","floor":21,"gold_loss":0},{"damage_healed":0,"gold_gain":0,"player_choice":"Bought 0 Potions","damage_taken":0,"max_hp_gain":0,"max_hp_loss":0,"event_name":"The Woman in Blue","floor":30,"gold_loss":0}],"is_beta":false,"boss_relics":[{"not_picked":["Snecko Eye","Pandora\u0027s Box"],"picked":"SacredBark"}],"items_purged_floors":[],"is_endless":false,"potions_floor_spawned":[11,14,18,20,28],"killed_by":"Shelled Parasite and Fungi","ascension_level":3}}