{"host":"i0avyit1s6jb1siw","time":1608037495,"event":{"mods":["BaseMod","DeckTracker","Dota2Spire","Highlight Path","Minty Spire (QoL Compilation)","Quick Restart","Replay The Spire","StSLib","SuperFastMode"],"gold_per_floor":[119,132,132,142,161,161,195,195,195,195,120,134,147,179,179,258,258,270,195,195,61,61,61,86,86,86,117,133,133,165,182,182,256,256,267,317,333,233,244,244,261,289,371,371,371,381,411,36,36,36,36,36,36,36,68,68],"floor_reached":57,"playtime":2055,"items_purged":["Defend_G","Finisher+1","Poison Darts"],"score":2406,"play_id":"9e2d00bc-a048-426c-80e8-8d14c7411142","local_time":"20201215140455","is_ascension_mode":true,"campfire_choices":[{"data":"Noxious Fumes","floor":6.0,"key":"SMITH"},{"data":"Neutralize","floor":8.0,"key":"SMITH"},{"data":"Predator","floor":10.0,"key":"SMITH"},{"data":"Catalyst","floor":15.0,"key":"SMITH"},{"data":"A Thousand Cuts","floor":23.0,"key":"SMITH"},{"floor":29,"key":"REST"},{"data":"Wraith Form v2","floor":32,"key":"SMITH"},{"floor":40,"key":"RECALL"},{"data":"1","floor":44,"key":"LIFT"},{"floor":49,"key":"REST"},{"data":"2","floor":53,"key":"LIFT"}],"circlet_count":0,"master_deck":["AscendersBane","Defend_G","Survivor","Neutralize+1","Hidden Blade","Noxious Fumes+1","Flying Knee","Predator+1","Quick Slash","Concentrate","Catalyst+1","A Thousand Cuts+1","Escape Plan","Footwork+1","PiercingWail+1","Leg Sweep","Well Laid Plans+1","Wraith Form v2+1","Backflip","Poison Darts+1","Catalyst+1","Backflip","Backflip","Adrenaline","PiercingWail"],"relics":["Ring of the Snake","Snake Skull","Matryoshka","Mercury Hourglass","Dota2Spire:Bloodstone","Bag of Marbles","ReplayTheSpireMod:Lightbulb","Dota2Spire:BladeMail","Dota2Spire:PhaseBoots","Dota2Spire:DrumOfEndurance","Iron Hammer","Astrolabe","Girya","White Beast Statue","Replay:Bottled Flurry","Dota2Spire:ShivaGuard","Membership Card","Paper Crane","ReplayFunnel"],"acts_visited":["Exordium","TheCity","TheBeyond","TheEnding"],"potions_floor_usage":[33,46,47,50,55],"damage_taken":[{"damage":2.0,"enemies":"Small Slimes","floor":1.0,"turns":4.0},{"damage":3.0,"enemies":"Jaw Worm","floor":2.0,"turns":4.0},{"damage":1.0,"enemies":"2 Louse","floor":4.0,"turns":3.0},{"damage":9.0,"enemies":"Red Slaver","floor":5.0,"turns":5.0},{"damage":15.0,"enemies":"Lagavulin","floor":7.0,"turns":6.0},{"damage":0.0,"enemies":"Exordium Wildlife","floor":12.0,"turns":3.0},{"damage":3.0,"enemies":"Gremlin Gang","floor":13.0,"turns":5.0},{"damage":0.0,"enemies":"Gremlin Nob","floor":14.0,"turns":2.0},{"damage":32.0,"enemies":"Fading Forest","floor":16.0,"turns":13.0},{"damage":3.0,"enemies":"3 Byrds","floor":18.0,"turns":4.0},{"damage":47.0,"enemies":"Slavers","floor":24.0,"turns":5.0},{"damage":1,"enemies":"Replay:Snechameleon","floor":27,"turns":5},{"damage":0,"enemies":"2 Thieves","floor":28,"turns":3},{"damage":0,"enemies":"Slavers","floor":30,"turns":3},{"damage":0,"enemies":"Centurion and Healer","floor":31,"turns":3},{"damage":2,"enemies":"Champ","floor":33,"turns":6},{"damage":0,"enemies":"3 Darklings","floor":35,"turns":4},{"damage":1,"enemies":"2 Orb Walkers","floor":36,"turns":3},{"damage":0,"enemies":"Orb Walker","floor":37,"turns":1},{"damage":3,"enemies":"Writhing Mass","floor":39,"turns":3},{"damage":0,"enemies":"Maw","floor":41,"turns":5},{"damage":8,"enemies":"Reptomancer","floor":42,"turns":5},{"damage":0,"enemies":"Sphere and 2 Shapes","floor":46,"turns":3},{"damage":6,"enemies":"R_Hoarder","floor":47,"turns":6},{"damage":1,"enemies":"Awakened One","floor":50,"turns":9},{"damage":6,"enemies":"Replay:Hell Engine","floor":51,"turns":5},{"damage":0,"enemies":"Shield and Spear","floor":55,"turns":5},{"damage":17,"enemies":"The Heart","floor":56,"turns":8}],"seed_played":"8491904285122233288","potions_obtained":[{"floor":1.0,"key":"Dota2Spire:HealingSalve"},{"floor":4.0,"key":"GamblersBrew"},{"floor":7.0,"key":"Languid Potion"},{"floor":13.0,"key":"FearPotion"},{"floor":28,"key":"CunningPotion"},{"floor":31,"key":"Strength Potion"},{"floor":36,"key":"Weak Potion"},{"floor":42,"key":"Adrenaline Potion"},{"floor":46,"key":"GamblersBrew"},{"floor":47,"key":"SneckoOil"},{"floor":55,"key":"Adrenaline Potion"}],"is_trial":false,"path_per_floor":["M","M","?","M","M","R","E","R","T","R","?","M","M","E","R","B",null,"M","?","?","$","?","R","E","T","T","E","M","R","E","M","R","B",null,"M","?","M","$","M","R","M","E","T","R","?","M","E","$","R","B","B",null,"R","$","E","B",null],"character_chosen":"THE_SILENT","items_purchased":["Footwork+1","Membership Card","Paper Crane","PiercingWail"],"campfire_rested":2,"item_purchase_floors":[21,48,48,48],"current_hp_per_floor":[57,54,54,53,44,44,29,29,29,29,29,29,26,26,26,12,48,45,45,45,45,45,45,10,10,10,9,9,27,27,27,27,43,56,56,55,55,55,52,52,52,44,44,44,44,44,38,38,56,55,49,57,57,57,57,40],"gold":68,"neow_bonus":"TRANSFORM_TWO_CARDS","is_daily":false,"chose_seed":false,"campfire_upgraded":6,"win_rate":0.0,"timestamp":1608037495,"path_taken":["M","M","?","M","M","R","E","R","T","R","?","?","M","E","R","BOSS","M","?","?","$","?","R","E","?","T","E","M","R","E","M","R","BOSS","M","?","M","$","M","R","M","E","T","R","?","M","E","$","R","BOSS","BOSS","R","$","E","BOSS"],"items_purchased_type":["Card","Relic","Relic","Card"],"build_version":"2020-12-13","purchased_purges":3,"victory":true,"max_hp_per_floor":[60,60,60,60,60,60,60,60,60,60,60,60,60,60,60,60,60,60,60,60,60,60,60,60,60,60,60,60,60,60,60,60,60,60,60,60,60,60,60,60,60,60,60,60,60,60,60,60,60,60,60,60,60,60,60,60],"card_choices":[{"not_picked":["Outmaneuver","Sucker Punch"],"picked":"Noxious Fumes","floor":1.0},{"not_picked":["Slice","Acrobatics"],"picked":"Flying Knee","floor":2.0},{"not_picked":["All Out Attack","Deflect"],"picked":"Predator","floor":4.0},{"not_picked":["Glass Knife","ReplayTheSpireMod:Scrap Shanks"],"picked":"Backstab","floor":5.0},{"not_picked":["Concentrate","Hidden Blade"],"picked":"Quick Slash","floor":7.0},{"not_picked":["Outmaneuver","Poisoned Stab"],"picked":"Concentrate","floor":12.0},{"not_picked":["Fluid Movement","Endless Agony"],"picked":"Catalyst","floor":13.0},{"not_picked":["Quick Slash","Dodge and Roll","Hidden Blade"],"picked":"SKIP","floor":14.0},{"not_picked":["Tools of the Trade","Grand Finale"],"picked":"A Thousand Cuts","floor":16.0},{"not_picked":["Backflip","Well Laid Plans"],"picked":"Escape Plan","floor":18.0},{"not_picked":["Concentrate","Dagger Spray"],"picked":"PiercingWail+1","floor":24.0},{"not_picked":["Dagger Throw","ReplayTheSpireMod:Shiv Toss"],"picked":"Leg Sweep","floor":27},{"not_picked":["PiercingWail","Dodge and Roll"],"picked":"Well Laid Plans+1","floor":28},{"not_picked":["Bane","Outmaneuver"],"picked":"Wraith Form v2","floor":30},{"not_picked":["Crippling Poison","Distraction"],"picked":"Backflip","floor":31},{"not_picked":["Bouncing Flask","Slice+1","Eviscerate"],"picked":"SKIP","floor":35},{"not_picked":["Backstab","Dagger Spray+1","Skewer"],"picked":"SKIP","floor":37},{"not_picked":["Noxious Fumes","Leg Sweep","ReplayTheSpireMod:Speed Training+1"],"picked":"SKIP","floor":39},{"not_picked":["Skewer","Outmaneuver","Terror"],"picked":"SKIP","floor":41},{"not_picked":["ReplayTheSpireMod:Speed Training","Outmaneuver"],"picked":"Backflip","floor":42},{"not_picked":["Dagger Throw+1","Cloak And Dagger"],"picked":"Backflip","floor":46},{"not_picked":["ReplayTheSpireMod:Scrap Shanks","Choke"],"picked":"Adrenaline","floor":47},{"not_picked":["Footwork","Tactician","Draining Mist"],"picked":"SKIP","floor":55}],"player_experience":2075018,"relics_obtained":[{"floor":7.0,"key":"Snake Skull"},{"floor":9.0,"key":"Matryoshka"},{"floor":14.0,"key":"Mercury Hourglass"},{"floor":24.0,"key":"Bag of Marbles"},{"floor":25,"key":"ReplayTheSpireMod:Lightbulb"},{"floor":26,"key":"Dota2Spire:BladeMail"},{"floor":26,"key":"Dota2Spire:PhaseBoots"},{"floor":27,"key":"Dota2Spire:DrumOfEndurance"},{"floor":30,"key":"Iron Hammer"},{"floor":36,"key":"Girya"},{"floor":42,"key":"White Beast Statue"},{"floor":43,"key":"Replay:Bottled Flurry"},{"floor":47,"key":"Dota2Spire:ShivaGuard"},{"floor":55,"key":"ReplayFunnel"}],"event_choices":[{"cards_removed":["Strike_G"],"damage_healed":0.0,"max_hp_gain":0.0,"max_hp_loss":0.0,"gold_gain":0.0,"event_name":"The Cleric","player_choice":"Card Removal","floor":11.0,"gold_loss":75.0,"damage_taken":0.0},{"cards_removed":["Strike_G"],"damage_healed":0.0,"max_hp_gain":0.0,"max_hp_loss":0.0,"gold_gain":0.0,"event_name":"Beggar","player_choice":"Gave Gold","floor":19.0,"gold_loss":75.0,"damage_taken":0.0},{"cards_removed":["Strike_G"],"damage_healed":0.0,"max_hp_gain":0.0,"max_hp_loss":0.0,"gold_gain":0.0,"event_name":"Back to Basics","player_choice":"Elegance","floor":20.0,"gold_loss":0.0,"damage_taken":0.0},{"damage_healed":0,"gold_gain":0,"player_choice":"Fight","damage_taken":0,"max_hp_gain":0,"max_hp_loss":0,"event_name":"Mysterious Sphere","floor":36,"gold_loss":0},{"damage_healed":0,"gold_gain":0,"cards_transformed":["Backstab"],"player_choice":"Transformed","damage_taken":0,"max_hp_gain":0,"max_hp_loss":0,"event_name":"Transmorgrifier","floor":45,"gold_loss":0,"cards_obtained":["Poison Darts"]}],"is_beta":false,"boss_relics":[{"not_picked":["Replay:Drink Me","Replay:Wanted Poster"],"picked":"Dota2Spire:Bloodstone"},{"not_picked":["Ring of Chaos","Snecko Scales"],"picked":"Astrolabe"}],"items_purged_floors":[21,38,48],"is_endless":false,"potions_floor_spawned":[1,4,7,13,28,31,36,37,42,46,47,55],"ascension_level":20}}