{"host":"ks12kfi5c4d9hdxy","time":1608022138,"event":{"mods":["BaseMod","Conspire","GifTheSpireLib","Koishi","LagranYue(拉格朗・月)","Marisa（F雨　魔理沙）","Minty Spire (QoL Compilation)","Reimu（博丽灵梦）","Remilia（蕾米莉亚）","Replay The Spire","RumiaBox-露米娅的神秘盒子","StSLib","SuperFastMode","The Administrix","The Servant 0.9.4","Youmu（魂魄妖梦）","Yuyuko","【功能Mod】混沌之环修复补丁","【功能Mod】聪明的最终Boss","篝火指南"],"gold_per_floor":[113,18,18,18,32,60,60,76,102,115,40,40,40,71,71,144,144,156,156,156],"floor_reached":19,"playtime":368,"items_purged":["Defend_MRS"],"score":380,"play_id":"e77035ab-83f9-4229-b18f-ec93ed322708","local_time":"20201215164858","is_ascension_mode":true,"campfire_choices":[{"data":"MilkyWay","floor":7.0,"key":"SMITH"},{"floor":15.0,"key":"REST"}],"circlet_count":0,"master_deck":["AscendersBane","Strike_MRS","Strike_MRS","Strike_MRS","Defend_MRS","Defend_MRS","MasterSpark","UpSweep","ManaConvection","Good Instincts","MilkyWay+1","UnstableBomb","PowerUp","EscapeVelocity"],"relics":["MiniHakkero","LagranYue:RandomDrawCardRelic","NeowsBlessing","Juzu Bracelet","Regal Pillow","Toy Ornithopter","conspire:RoyalGoblet"],"acts_visited":["Exordium","TheCity"],"potions_floor_usage":[19],"damage_taken":[{"damage":0.0,"enemies":"Cultist","floor":1.0,"turns":1.0},{"damage":0.0,"enemies":"Jaw Worm","floor":5.0,"turns":1.0},{"damage":0.0,"enemies":"Gremlin Nob","floor":6.0,"turns":1.0},{"damage":0.0,"enemies":"Small Slimes","floor":8.0,"turns":3.0},{"damage":12.0,"enemies":"3 Louse","floor":10.0,"turns":4.0},{"damage":27.0,"enemies":"3 Sentries","floor":14.0,"turns":8.0},{"damage":48.0,"enemies":"Slime Boss","floor":16.0,"turns":8.0},{"damage":24.0,"enemies":"Chosen","floor":18.0,"turns":5.0},{"damage":45,"enemies":"3 Byrds","floor":19,"turns":4}],"seed_played":"1101482005049962084","potions_obtained":[{"floor":5.0,"key":"conspire:TimeTravelPotion"},{"floor":6.0,"key":"Adrenaline Potion"},{"floor":18.0,"key":"DuplicationPotion"}],"is_trial":false,"path_per_floor":["M","$","?","$","M","E","R","M","T","M","$","?","?","E","R","B",null,"M","M"],"character_chosen":"MARISA","items_purchased":["Good Instincts"],"campfire_rested":1,"item_purchase_floors":[2],"current_hp_per_floor":[63,63,63,63,63,63,63,63,63,51,51,44,44,17,53,46,64,40,0,0],"gold":156,"neow_bonus":"THREE_ENEMY_KILL","is_daily":false,"chose_seed":false,"campfire_upgraded":1,"win_rate":0.0,"timestamp":1608022138,"path_taken":["M","$","?","?","M","E","R","M","T","M","?","?","?","E","R","BOSS","M","M"],"items_purchased_type":["Card"],"build_version":"2020-12-13","purchased_purges":1,"victory":false,"max_hp_per_floor":[70,70,70,70,70,70,70,70,70,70,70,70,70,70,70,70,70,70,70,70],"card_choices":[{"not_picked":["GrandCross","DC","ManaConvection"],"picked":"SKIP","floor":1.0},{"not_picked":["GrandCross","DC"],"picked":"ManaConvection","floor":1.0},{"not_picked":["AsteroidBelt","MachineGunSpark"],"picked":"MilkyWay","floor":5.0},{"not_picked":["Acceleration","OrrerysSun"],"picked":"UnstableBomb","floor":6.0},{"not_picked":["DragonMeteor","GrandCross","EventHorizon"],"picked":"SKIP","floor":8.0},{"not_picked":["AlicesGift","EnergyRecoil"],"picked":"PowerUp","floor":10.0},{"not_picked":["StarDustReverie","MagicChant","OrrerysSun"],"picked":"SKIP","floor":14.0},{"not_picked":["StarDustReverie","BinaryStars"],"picked":"EscapeVelocity","floor":16.0},{"not_picked":["WitchOfGreed","MeteoricShower","UnstableBomb"],"picked":"SKIP","floor":18.0}],"player_experience":500402,"relics_obtained":[{"floor":6.0,"key":"Juzu Bracelet"},{"floor":9.0,"key":"Regal Pillow"},{"floor":14.0,"key":"Toy Ornithopter"}],"event_choices":[{"cards_removed":["Defend_MRS"],"damage_healed":0.0,"max_hp_gain":0.0,"max_hp_loss":0.0,"gold_gain":0.0,"event_name":"Purifier","player_choice":"Purged","floor":3.0,"gold_loss":0.0,"damage_taken":0.0},{"cards_removed":["Strike_MRS"],"damage_healed":0.0,"max_hp_gain":0.0,"max_hp_loss":0.0,"gold_gain":0.0,"event_name":"Golden Wing","player_choice":"Card Removal","floor":12.0,"gold_loss":0.0,"damage_taken":7.0}],"is_beta":false,"boss_relics":[{"not_picked":["Replay:Drink Me","Snecko Eye"],"picked":"conspire:RoyalGoblet"}],"items_purged_floors":[11],"is_endless":false,"potions_floor_spawned":[5,6,14,18],"killed_by":"3 Byrds","ascension_level":18}}