{"host":"1hv1kueuvc4r3rdp","time":1608055987,"event":{"mods":["AchievementEnabler","BaseMod","DeckTracker","Highlight Path","Minty Spire (QoL Compilation)","Permanent Neow","StSLib"],"gold_per_floor":[119,119,136,155,111,111,141,141,141,159,173,204,224,72,72,171,171,171],"floor_reached":17,"playtime":902,"items_purged":[],"score":217,"play_id":"db185523-6337-40c1-8c90-3bc449af18f5","local_time":"20201215121307","is_ascension_mode":true,"campfire_choices":[{"data":"Dash","floor":6,"key":"SMITH"},{"floor":8,"key":"REST"},{"data":"Envenom","floor":15,"key":"SMITH"}],"circlet_count":0,"master_deck":["Survivor","Neutralize+1","Cloak And Dagger","Dagger Throw","Dash+1","PiercingWail","Envenom+1","Escape Plan","Terror","Venomology","Reflex","Blur","Tactician","Corpse Explosion","Backflip","Wraith Form v2","Expertise","Burst","Night Terror"],"relics":["Ring of the Snake","Calipers","Prayer Wheel","Mango","Whetstone","Pandora\u0027s Box"],"acts_visited":["Exordium","TheCity"],"potions_floor_usage":[],"damage_taken":[{"damage":0,"enemies":"Jaw Worm","floor":1,"turns":5},{"damage":1,"enemies":"Small Slimes","floor":3,"turns":4},{"damage":0,"enemies":"Cultist","floor":4,"turns":3},{"damage":35,"enemies":"Gremlin Nob","floor":7,"turns":5},{"damage":1,"enemies":"3 Louse","floor":10,"turns":3},{"damage":11,"enemies":"Large Slime","floor":11,"turns":7},{"damage":26,"enemies":"Lagavulin","floor":12,"turns":9},{"damage":8,"enemies":"2 Fungi Beasts","floor":13,"turns":6},{"damage":4,"enemies":"The Guardian","floor":16,"turns":14}],"seed_played":"8664907567505982160","potions_obtained":[{"floor":4,"key":"SpeedPotion"},{"floor":10,"key":"Strength Potion"},{"floor":12,"key":"Swift Potion"},{"floor":13,"key":"GhostInAJar"}],"is_trial":false,"path_per_floor":["M","?","M","M","?","R","E","R","T","M","M","E","M","$","R","B",null],"character_chosen":"THE_SILENT","items_purchased":["Whetstone"],"campfire_rested":1,"item_purchase_floors":[14],"current_hp_per_floor":[63,56,55,55,55,55,20,41,41,40,29,17,9,9,9,5,64,64],"gold":171,"neow_bonus":"THREE_CARDS","is_daily":false,"chose_seed":false,"campfire_upgraded":2,"win_rate":0.0,"timestamp":1608055987,"path_taken":["M","?","M","M","?","R","E","R","T","M","M","E","M","?","R","BOSS"],"items_purchased_type":["Relic"],"build_version":"2020-12-13","purchased_purges":0,"victory":false,"max_hp_per_floor":[70,70,70,70,70,70,70,70,70,70,70,84,84,84,84,84,84,84],"card_choices":[{"not_picked":["Backflip","Poisoned Stab"],"picked":"Cloak And Dagger","floor":0},{"not_picked":["Dodge and Roll","Choke"],"picked":"Dagger Throw","floor":1},{"not_picked":["Poisoned Stab","Setup","Prepared"],"picked":"SKIP","floor":3},{"not_picked":["Terror","Backflip"],"picked":"Dash","floor":4},{"not_picked":["Bouncing Flask","Sucker Punch"],"picked":"PiercingWail","floor":7},{"not_picked":["Poisoned Stab","Deadly Poison"],"picked":"Envenom","floor":10},{"not_picked":["Poisoned Stab","Outmaneuver","Deflect"],"picked":"SKIP","floor":10},{"not_picked":["Caltrops","Slice"],"picked":"Escape Plan","floor":11},{"not_picked":["Quick Slash","Poisoned Stab","Burst"],"picked":"SKIP","floor":11},{"not_picked":["Concentrate","Deadly Poison"],"picked":"Terror","floor":12},{"not_picked":["Outmaneuver","Poisoned Stab","Acrobatics"],"picked":"SKIP","floor":13},{"not_picked":["Dodge and Roll","Deflect","Backflip"],"picked":"SKIP","floor":13},{"not_picked":["Phantasmal Killer","Wraith Form v2"],"picked":"Venomology","floor":16}],"player_experience":1014515,"relics_obtained":[{"floor":7,"key":"Calipers"},{"floor":9,"key":"Prayer Wheel"},{"floor":12,"key":"Mango"}],"event_choices":[{"cards_removed":["Defend_G"],"damage_healed":0,"gold_gain":0,"player_choice":"Card Removal","damage_taken":7,"max_hp_gain":0,"max_hp_loss":0,"event_name":"Golden Wing","floor":2,"gold_loss":0},{"damage_healed":0,"gold_gain":0,"player_choice":"Left Gold","damage_taken":0,"max_hp_gain":0,"max_hp_loss":0,"event_name":"World of Goop","floor":5,"gold_loss":44}],"is_beta":false,"boss_relics":[{"not_picked":["Runic Pyramid","Fusion Hammer"],"picked":"Pandora\u0027s Box"}],"items_purged_floors":[],"is_endless":false,"potions_floor_spawned":[4,10,12,13],"ascension_level":6}}