{"host":"684z1xpuwaoqmmh1","time":1608050312,"event":{"mods":["Bard","BaseMod","Downfall","Hermit","Jorbs\u0027s Wanderer Trilogy","Marisa????????","Minty Spire (QoL Compilation)","StSLib","The Hierophant","The Mystic","The Runesmith"],"gold_per_floor":[99,116,41,70,87,121,145,145,145,176,63,79,98,98,113,212,212,212,1,35,48,48,80,80,80,80,114,129,145,35,45,60,164,164,89,119,136,153,53,103,103,28,57,57,77,87,87,101,112,112,112,139,60,60,60],"floor_reached":56,"playtime":4700,"items_purged":["champ:Strike","champ:Strike"],"score":1731,"play_id":"b9c3427c-f519-4478-8d86-82db4812e682","local_time":"20201215183832","is_ascension_mode":true,"campfire_choices":[{"floor":1.0,"key":"RECALL"},{"data":"champ:Taunt","floor":3.0,"key":"SMITH"},{"data":"champ:Execute","floor":9.0,"key":"SMITH"},{"data":"champ:GutPunch","floor":18.0,"key":"SMITH"},{"data":"champ:ShieldThrow","floor":22.0,"key":"SMITH"},{"data":"champ:Backstep","floor":26.0,"key":"SMITH"},{"data":"champ:CheapShot","floor":35.0,"key":"SMITH"},{"data":"champ:SwordThrow","floor":42.0,"key":"SMITH"},{"data":"champ:IgnorePain","floor":44.0,"key":"SMITH"},{"data":"champ:ShieldThrow","floor":54,"key":"SMITH"}],"circlet_count":0,"master_deck":["champ:Strike+1","champ:Strike+1","champ:Defend+1","champ:Defend","champ:Defend","champ:Execute+1","champ:Taunt+1","champ:Aggression","champ:ShieldSlam","champ:CrookedStrike","champ:EndlessRage+1","champ:Balance+1","champ:SwordThrow+1","champ:SwordSigil","champ:GutPunch+1","champ:ShieldThrow+1","champ:CheapShot+1","champ:GladiatorStyle+1","champ:Backstep+1","champ:AdrenalArmor+1","champ:CalledShot+1","champ:Lariat+1","champ:ShieldWall+1","champ:LastStand+1","champ:SkillfulDodge+1","champ:BringItOn","champ:DancingMaster+1","champ:ShieldThrow+1","champ:AdrenalArmor","champ:FocusedBerserking+1","champ:FlashCut+1","champ:IgnorePain+1","champ:IronFortress+1","champ:RecklessLeap+1","Parasite","champ:Backstep+1","champ:MurderStrike","champ:BerserkerStyle+1"],"relics":["champ:ChampionCrown","downfall:HeartBlessingRed","champ:FightingForDummies","Frozen Egg 2","Bag of Marbles","Toy Ornithopter","Philosopher\u0027s Stone","champ:Barbells","Pantograph","Unceasing Top","Akabeko","Gambling Chip","Gremlin Horn","Bronze Scales","SlaversCollar","downfall:HeartBlessingGreen","Ancient Tea Set","Lizard Tail","downfall:HeartBlessingBlue","Darkstone Periapt","StoneCalendar"],"acts_visited":["Exordium","TheCity","TheBeyond","TheEnding"],"potions_floor_usage":[49,55,55],"damage_taken":[{"damage":12.0,"enemies":"Jaw Worm","floor":2.0,"turns":4.0},{"damage":45.0,"enemies":"Gremlin Nob","floor":4.0,"turns":4.0},{"damage":5.0,"enemies":"Cultist","floor":5.0,"turns":3.0},{"damage":5.0,"enemies":"Lagavulin","floor":6.0,"turns":5.0},{"damage":9.0,"enemies":"Gremlin Nob","floor":10.0,"turns":3.0},{"damage":5.0,"enemies":"downfall:FleeingMerchant","floor":11.0,"turns":4.0},{"damage":0.0,"enemies":"2 Louse","floor":12.0,"turns":1.0},{"damage":5.0,"enemies":"Lots of Slimes","floor":13.0,"turns":3.0},{"damage":8.0,"enemies":"Exordium Wildlife","floor":15.0,"turns":3.0},{"damage":46.0,"enemies":"downfall:Watcher","floor":16.0,"turns":8.0},{"damage":13.0,"enemies":"downfall:FleeingMerchant","floor":19.0,"turns":4.0},{"damage":28.0,"enemies":"Book of Stabbing","floor":20.0,"turns":4.0},{"damage":18.0,"enemies":"Shell Parasite","floor":21.0,"turns":4.0},{"damage":55.0,"enemies":"Slavers","floor":23.0,"turns":4.0},{"damage":20.0,"enemies":"Book of Stabbing","floor":27.0,"turns":4.0},{"damage":20.0,"enemies":"Spheric Guardian","floor":28.0,"turns":3.0},{"damage":21.0,"enemies":"Centurion and Healer","floor":29.0,"turns":8.0},{"damage":15.0,"enemies":"downfall:FleeingMerchant","floor":30.0,"turns":5.0},{"damage":24.0,"enemies":"Shelled Parasite and Fungi","floor":31.0,"turns":5.0},{"damage":10.0,"enemies":"Snecko","floor":32.0,"turns":3.0},{"damage":45.0,"enemies":"downfall:Silent","floor":33.0,"turns":8.0},{"damage":50.0,"enemies":"Giant Head","floor":36.0,"turns":8.0},{"damage":18.0,"enemies":"Orb Walker","floor":37.0,"turns":3.0},{"damage":33.0,"enemies":"3 Darklings","floor":38.0,"turns":6.0},{"damage":34.0,"enemies":"Mind Bloom Boss Battle","floor":40.0,"turns":8.0},{"damage":22.0,"enemies":"Nemesis","floor":43.0,"turns":4.0},{"damage":14.0,"enemies":"Sphere and 2 Shapes","floor":45.0,"turns":3.0},{"damage":21.0,"enemies":"Maw","floor":46.0,"turns":7.0},{"damage":52.0,"enemies":"Transient","floor":48.0,"turns":5.0},{"damage":62,"enemies":"Writhing Mass","floor":49,"turns":6},{"damage":46,"enemies":"downfall:Defect","floor":50,"turns":8},{"damage":47,"enemies":"downfall:CharBossMerchant","floor":52,"turns":7},{"damage":236,"enemies":"downfall:NeowBoss","floor":55,"turns":26}],"seed_played":"1064819934683499701","potions_obtained":[{"floor":4.0,"key":"AttackPotion"},{"floor":5.0,"key":"Explosive Potion"},{"floor":12.0,"key":"Regen Potion"},{"floor":13.0,"key":"Energy Potion"},{"floor":16.0,"key":"Slimebound:ThreeZeroPotion"},{"floor":20.0,"key":"SpeedPotion"},{"floor":25.0,"key":"CultistPotion"},{"floor":27.0,"key":"Ancient Potion"},{"floor":31.0,"key":"Dexterity Potion"},{"floor":33.0,"key":"PowerPotion"},{"floor":45.0,"key":"AttackPotion"},{"floor":49,"key":"champ:CounterPotion"},{"floor":52,"key":"SpeedPotion"}],"is_trial":false,"path_per_floor":["R","M","R","E","M","E","T","?","R","E","$","M","M","?","M","B",null,"R","$","E","M","R","E","T","?","R","E","M","M","$","M","M","B",null,"R","E","M","M","$","?","T","R","E","R","M","M","$","M","M","B",null,"E","$","R","B",null],"character_chosen":"THE_CHAMP","items_purchased":["champ:SwordSigil","champ:Barbells","champ:GladiatorStyle+1","Gremlin Horn","Bronze Scales","champ:SkillfulDodge","champ:BerserkerStyle+1"],"campfire_rested":0,"item_purchase_floors":[11,19,19,30,30,30,53],"current_hp_per_floor":[90,83,83,51,51,51,51,51,51,48,54,54,55,55,62,33,83,83,95,77,96,96,67,67,67,67,74,91,109,101,84,88,76,101,101,109,109,108,108,109,109,119,119,119,119,119,119,114,125,125,125,125,125,125,125],"gold":60,"neow_bonus":"TEN_PERCENT_HP_BONUS","is_daily":false,"chose_seed":false,"campfire_upgraded":9,"win_rate":0.0,"timestamp":1608050312,"path_taken":["R","M","R","E","M","E","T","?","R","E","$","M","?","?","M","BOSS","R","?","E","M","R","E","T","?","R","E","M","M","$","M","M","BOSS","R","E","M","M","$","?","T","R","E","R","M","M","$","M","M","BOSS","E","$","R","BOSS"],"items_purchased_type":["Card","Relic","Card","Relic","Relic","Card","Card"],"build_version":"2020-12-13","purchased_purges":2,"victory":true,"max_hp_per_floor":[99,99,99,99,99,99,99,99,99,99,99,99,99,99,99,99,99,99,99,99,99,99,99,99,99,99,99,99,109,109,109,109,109,109,109,109,109,109,109,109,109,119,119,119,119,119,119,119,125,125,125,125,125,125,125],"card_choices":[{"not_picked":["champ:FalseCounter","champ:RecklessLeap"],"picked":"champ:Aggression","floor":2.0},{"not_picked":["champ:BladeFlurry","champ:TornadoPunch"],"picked":"champ:ShieldSlam","floor":4.0},{"not_picked":["champ:FocusedDefense","champ:TornadoPunch"],"picked":"champ:CrookedStrike","floor":5.0},{"not_picked":["champ:BerserkersShout","champ:TornadoPunch"],"picked":"champ:EndlessRage+1","floor":6.0},{"not_picked":["champ:Haymaker","champ:EnragedBash"],"picked":"champ:Balance","floor":10.0},{"not_picked":["champ:PreciseThrust","champ:AdrenalArmor"],"picked":"champ:SwordThrow","floor":11.0},{"not_picked":["champ:Backstep","champ:BringItOn"],"picked":"champ:GutPunch","floor":12.0},{"not_picked":["champ:CrookedStrike","champ:ArenaPreparation"],"picked":"champ:FightOn","floor":13.0},{"not_picked":["champ:SkillfulDodge","champ:PerfectedStrike"],"picked":"champ:FightOn","floor":15.0},{"not_picked":["champ:CrownThrow","champ:IgnorePain"],"picked":"champ:ShieldThrow","floor":16.0},{"not_picked":["champ:Encircle","champ:CrookedStrike"],"picked":"champ:CheapShot","floor":19.0},{"not_picked":["champ:FocusedGladiator+1","champ:FanOfKnives+1"],"picked":"champ:Backstep","floor":20.0},{"not_picked":["champ:ShieldSigil","champ:Duel+1"],"picked":"champ:AdrenalArmor+1","floor":21.0},{"not_picked":["champ:SkillfulDodge+1","champ:BerserkersShout+1"],"picked":"champ:CalledShot+1","floor":23.0},{"not_picked":["champ:BerserkerStyle+1","champ:FanOfKnives"],"picked":"champ:Lariat+1","floor":27.0},{"not_picked":["champ:PreciseThrust+1","champ:SwordSigil+1"],"picked":"champ:ShieldWall+1","floor":28.0},{"not_picked":["champ:ShieldSigil","champ:Haymaker","champ:HeartStrike"],"picked":"SKIP","floor":29.0},{"not_picked":["champ:StanceDance","champ:BringItOn"],"picked":"champ:LastStand+1","floor":30.0},{"not_picked":["champ:GladiatorStyle+1","champ:TornadoPunch"],"picked":"champ:BringItOn","floor":31.0},{"not_picked":["champ:RageSigil","champ:BringItOn","champ:GladiatorsShout"],"picked":"SKIP","floor":32.0},{"not_picked":["champ:CrownThrow","champ:IgnorePain"],"picked":"champ:DancingMaster+1","floor":33.0},{"not_picked":["champ:BladeFlurry+1","champ:GladiatorStyle+1"],"picked":"champ:ShieldThrow","floor":36.0},{"not_picked":["champ:FanOfKnives+1","champ:ShieldSigil"],"picked":"champ:AdrenalArmor","floor":37.0},{"not_picked":["champ:BringItOn+1","champ:BerserkerStyle+1"],"picked":"champ:FocusedBerserking+1","floor":38.0},{"not_picked":["champ:PerfectedStrike","champ:CrookedStrike"],"picked":"champ:FlashCut+1","floor":40.0},{"not_picked":["champ:Haymaker+1","champ:Riposte+1"],"picked":"champ:IgnorePain","floor":43.0},{"not_picked":["champ:Shatter+1","champ:FaceSlap"],"picked":"champ:IronFortress+1","floor":45.0},{"not_picked":["champ:FocusedGladiator","champ:GladiatorsShout"],"picked":"champ:RecklessLeap+1","floor":46.0},{"not_picked":["champ:Circumvent+1","champ:BladeFlurry","champ:DefensiveShout"],"picked":"SKIP","floor":48.0},{"not_picked":["champ:EnragedBash+1","champ:DefensiveShout+1"],"picked":"champ:Backstep","floor":49},{"not_picked":["champ:FalseCounter+1","champ:FocusedDefense"],"picked":"champ:MurderStrike","floor":52}],"player_experience":2313125,"relics_obtained":[{"floor":4.0,"key":"champ:FightingForDummies"},{"floor":6.0,"key":"Frozen Egg 2"},{"floor":7.0,"key":"Bag of Marbles"},{"floor":10.0,"key":"Toy Ornithopter"},{"floor":20.0,"key":"Pantograph"},{"floor":23.0,"key":"Unceasing Top"},{"floor":24.0,"key":"Akabeko"},{"floor":27.0,"key":"Gambling Chip"},{"floor":36.0,"key":"Ancient Tea Set"},{"floor":40.0,"key":"Lizard Tail"},{"floor":43.0,"key":"Darkstone Periapt"},{"floor":52,"key":"StoneCalendar"}],"event_choices":[{"cards_removed":["champ:Defend"],"damage_healed":0.0,"max_hp_gain":0.0,"max_hp_loss":0.0,"gold_gain":0.0,"event_name":"Purifier","player_choice":"Purged","floor":14.0,"gold_loss":0.0,"damage_taken":0.0}],"is_beta":false,"boss_relics":[{"not_picked":["sneckomod:SneckoTalon","champ:PowerArmor"],"picked":"Philosopher\u0027s Stone"},{"not_picked":["Velvet Choker","Cursed Key"],"picked":"SlaversCollar"}],"items_purged_floors":[11,39],"is_endless":false,"potions_floor_spawned":[4,5,12,13,16,20,27,28,31,32,33,37,38,45,46,49,52],"ascension_level":6}}