{"host":"6bsan6hkua32tfq7","time":1608018752,"event":{"mods":["BaseMod","Better Third Choice","Colored Map","Downfall","Highlight Path","Minty Spire (QoL Compilation)","StSLib"],"gold_per_floor":[110,110,128,147,247,247,258,287,310,310,326,326,339,357,357,357,357],"floor_reached":16,"playtime":434,"items_purged":[],"score":208,"play_id":"a1b26b6b-6499-42b5-92e8-c024844cf1b2","local_time":"20201215085232","is_ascension_mode":true,"campfire_choices":[{"data":"Neutralize","floor":6,"key":"SMITH"},{"data":"Bouncing Flask","floor":10,"key":"SMITH"},{"data":"Skewer","floor":12,"key":"SMITH"},{"data":"Crippling Poison","floor":15,"key":"SMITH"}],"circlet_count":0,"master_deck":["AscendersBane","Strike_G","Strike_G","Strike_G","Strike_G","Strike_G","Defend_G","Defend_G","Defend_G","Defend_G","Defend_G","Survivor","Neutralize+1","Quick Slash","Reboot","PiercingWail","Dagger Throw","Bouncing Flask+1","Skewer+1","Crippling Poison","Crippling Poison+1"],"relics":["Sozu","Nunchaku","Pen Nib","Happy Flower"],"acts_visited":["Exordium"],"potions_floor_usage":[],"damage_taken":[{"damage":0,"enemies":"2 Louse","floor":1,"turns":5},{"damage":0,"enemies":"Cultist","floor":3,"turns":3},{"damage":3,"enemies":"Small Slimes","floor":4,"turns":4},{"damage":1,"enemies":"3 Louse","floor":7,"turns":3},{"damage":10,"enemies":"Lagavulin","floor":8,"turns":5},{"damage":1,"enemies":"Large Slime","floor":11,"turns":4},{"damage":0,"enemies":"2 Fungi Beasts","floor":13,"turns":3},{"damage":13,"enemies":"Lots of Slimes","floor":14,"turns":3},{"damage":22,"enemies":"The Guardian","floor":16,"turns":7}],"seed_played":"759617419706732596","potions_obtained":[],"is_trial":false,"path_per_floor":["M","?","M","M","?","R","M","E","T","R","M","R","M","M","R","B"],"character_chosen":"THE_SILENT","items_purchased":[],"campfire_rested":0,"item_purchase_floors":[],"current_hp_per_floor":[59,45,45,42,42,42,41,31,31,31,30,30,30,17,17,0,0],"gold":357,"neow_bonus":"BOSS_RELIC","is_daily":false,"chose_seed":false,"campfire_upgraded":4,"win_rate":0.0,"timestamp":1608018752,"path_taken":["M","?","M","M","?","R","M","E","T","R","M","R","M","M","R","BOSS"],"items_purchased_type":[],"build_version":"2020-12-13","purchased_purges":0,"victory":false,"max_hp_per_floor":[66,66,66,66,66,66,66,66,66,66,66,66,66,66,66,66,66],"card_choices":[{"not_picked":["Cloak And Dagger","Well Laid Plans"],"picked":"Quick Slash","floor":1},{"not_picked":["Blade Dance","Outmaneuver"],"picked":"PiercingWail","floor":3},{"not_picked":["Heel Hook","Grand Finale"],"picked":"Dagger Throw","floor":4},{"not_picked":["PiercingWail","Deadly Poison"],"picked":"Bouncing Flask","floor":7},{"not_picked":["Riddle With Holes","Expertise","Flying Knee"],"picked":"SKIP","floor":8},{"not_picked":["Backflip","Glass Knife"],"picked":"Skewer","floor":11},{"not_picked":["Blur","Sucker Punch"],"picked":"Crippling Poison","floor":13},{"not_picked":["Eviscerate","Prepared"],"picked":"Crippling Poison","floor":14}],"player_experience":5158949,"relics_obtained":[{"floor":8,"key":"Pen Nib"},{"floor":9,"key":"Happy Flower"}],"event_choices":[{"damage_healed":0,"gold_gain":100,"player_choice":"Gold","damage_taken":0,"max_hp_gain":0,"max_hp_loss":0,"event_name":"Wheel of Change","floor":5,"gold_loss":0}],"is_beta":false,"boss_relics":[],"items_purged_floors":[],"is_endless":false,"potions_floor_spawned":[7,8],"killed_by":"The Guardian","ascension_level":20}}