{"host":"0jile2yd1dg679g0","time":1608007443,"event":{"mods":["AchievementEnabler","BaseMod","Better Third Choice","Colored Map","Colored Powertips","Minty Spire (QoL Compilation)","Prisma Mod","Random Character Button","Spicy Shops","StSLib","Transform Curses","Waifu the Spire"],"gold_per_floor":[119,44,44,44,63,89,103,118,118,118,118,118,118,132,132,229,229,243,243,258,258,3,3,3,15,52,64,95,107,136,148,160,276,288,318,347,57,69,69,69,69,69,69,69,87,87,103,119,119,119,119],"floor_reached":50,"playtime":4495,"items_purged":["Defend_P"],"score":617,"play_id":"068bcb34-ad43-4617-93f6-3f3fec610143","local_time":"20201214234403","is_ascension_mode":true,"campfire_choices":[{"floor":11,"key":"REST"},{"data":"ForeignInfluence","floor":13,"key":"SMITH"},{"data":"Hello World","floor":15,"key":"SMITH"},{"data":"DevaForm","floor":23,"key":"SMITH"},{"data":"Ghostly","floor":25,"key":"SMITH"},{"data":"SignatureMove","floor":29,"key":"SMITH"},{"data":"Ghostly","floor":32,"key":"SMITH"},{"data":"Blasphemy","floor":40,"key":"SMITH"},{"data":"Ghostly","floor":42,"key":"SMITH"},{"data":"Ghostly","floor":44,"key":"SMITH"},{"data":"Establishment","floor":49,"key":"SMITH"}],"circlet_count":0,"master_deck":["Eruption+1","Vigilance","SandsOfTime+1","Consecrate","ForeignInfluence+1","EmptyFist","Hello World+1","PathToVictory+1","PathToVictory","DevaForm+1","Perseverance+1","Swivel+1","Ghostly+1","Ghostly+1","Ghostly","Ghostly+1","Ghostly+1","SignatureMove+1","ThirdEye+1","Blasphemy+1","SandsOfTime","CarveReality","Evaluate+1","CrushJoints+1","Enlightenment","ForeignInfluence+1","Establishment+1"],"relics":["HolyWater","Nunchaku","Calipers","Bird Faced Urn","InkBottle","War Paint","MawBank","Tiny Chest","Philosopher\u0027s Stone","Ginger","White Beast Statue","Eternal Feather"],"acts_visited":["Exordium","TheCity","TheBeyond"],"potions_floor_usage":[6,20,38,47,50],"damage_taken":[{"damage":4,"enemies":"Jaw Worm","floor":1,"turns":5},{"damage":0,"enemies":"Cultist","floor":5,"turns":3},{"damage":0,"enemies":"Gremlin Nob","floor":6,"turns":3},{"damage":0,"enemies":"Small Slimes","floor":7,"turns":2},{"damage":9,"enemies":"Red Slaver","floor":8,"turns":3},{"damage":2,"enemies":"Exordium Thugs","floor":14,"turns":4},{"damage":0,"enemies":"Slime Boss","floor":16,"turns":3},{"damage":1,"enemies":"Spheric Guardian","floor":18,"turns":3},{"damage":14,"enemies":"Shell Parasite","floor":20,"turns":3},{"damage":4,"enemies":"Chosen and Byrds","floor":28,"turns":4},{"damage":0,"enemies":"3 Cultists","floor":30,"turns":4},{"damage":2,"enemies":"Collector","floor":33,"turns":7},{"damage":5,"enemies":"3 Darklings","floor":35,"turns":3},{"damage":1,"enemies":"Orb Walker","floor":36,"turns":2},{"damage":0,"enemies":"Maw","floor":38,"turns":6},{"damage":0,"enemies":"Sphere and 2 Shapes","floor":45,"turns":3},{"damage":1,"enemies":"3 Darklings","floor":47,"turns":5},{"damage":1,"enemies":"Transient","floor":48,"turns":5},{"damage":100042,"enemies":"Awakened One","floor":50,"turns":13}],"seed_played":"-8480215831909190026","potions_obtained":[{"floor":5,"key":"Strength Potion"},{"floor":6,"key":"EssenceOfSteel"},{"floor":8,"key":"Regen Potion"},{"floor":14,"key":"BottledMiracle"},{"floor":27,"key":"FearPotion"},{"floor":45,"key":"DistilledChaos"},{"floor":47,"key":"StancePotion"}],"is_trial":false,"path_per_floor":["M","$","?","?","M","E","M","M","T","?","R","?","R","M","R","B",null,"M","?","M","?","$","R","T","R","T","?","M","R","M","?","R","B",null,"M","M","$","M","T","R","?","R","T","R","M","?","M","M","R","B"],"character_chosen":"WATCHER","items_purchased":["War Paint","Energy Potion","Ginger"],"campfire_rested":1,"item_purchase_floors":[22,22,37],"current_hp_per_floor":[68,68,54,54,54,54,54,45,45,36,57,57,57,57,57,59,72,71,71,58,36,36,36,36,36,36,36,32,32,36,36,36,34,36,34,35,35,36,36,36,36,36,36,36,36,36,36,36,36,0,0],"gold":119,"neow_bonus":"RANDOM_COMMON_RELIC","is_daily":false,"chose_seed":false,"campfire_upgraded":10,"win_rate":0.0,"timestamp":1608007443,"path_taken":["M","$","?","?","M","E","M","?","T","?","R","?","R","?","R","BOSS","M","?","M","?","$","R","?","R","T","?","?","R","M","?","R","BOSS","M","M","$","M","?","R","?","R","T","R","M","?","M","M","R","BOSS"],"items_purchased_type":["Relic","Potion","Relic"],"build_version":"2020-12-13","purchased_purges":1,"victory":false,"max_hp_per_floor":[72,72,72,72,72,72,72,72,72,72,72,72,72,72,72,72,72,72,72,72,36,36,36,36,36,36,36,36,36,36,36,36,36,36,36,36,36,36,36,36,36,36,36,36,36,36,36,36,36,36,36],"card_choices":[{"not_picked":["BowlingBash","Halt"],"picked":"SandsOfTime","floor":1},{"not_picked":["JustLucky","Worship"],"picked":"Consecrate","floor":5},{"not_picked":["LikeWater","Crescendo"],"picked":"ForeignInfluence","floor":6},{"not_picked":["Prostrate","Fasting2"],"picked":"EmptyFist","floor":7},{"not_picked":["EmptyBody","Fasting2"],"picked":"Protect","floor":8},{"not_picked":["SashWhip","Study"],"picked":"PathToVictory","floor":14},{"not_picked":["Vault","Alpha"],"picked":"DevaForm","floor":16},{"not_picked":["Prostrate","MentalFortress"],"picked":"Perseverance","floor":18},{"not_picked":["ClearTheMind","FlurryOfBlows+1"],"picked":"Swivel+1","floor":20},{"not_picked":["CrushJoints","ClearTheMind+1"],"picked":"SignatureMove","floor":28},{"not_picked":["EmptyFist","Crescendo"],"picked":"ThirdEye+1","floor":30},{"not_picked":["ConjureBlade","Scrawl"],"picked":"Blasphemy","floor":33},{"not_picked":["Vengeance+1","ThirdEye"],"picked":"SandsOfTime","floor":35},{"not_picked":["LikeWater","Halt"],"picked":"CarveReality","floor":36},{"not_picked":["Protect+1","Crescendo"],"picked":"Evaluate+1","floor":38},{"not_picked":["EmptyBody","TalkToTheHand"],"picked":"CrushJoints+1","floor":45},{"not_picked":["Mind Blast","Forethought"],"picked":"Enlightenment","floor":46},{"not_picked":["WaveOfTheHand","Study"],"picked":"ForeignInfluence+1","floor":47},{"not_picked":["CutThroughFate+1","Consecrate"],"picked":"Establishment","floor":48}],"player_experience":177663,"relics_obtained":[{"floor":6,"key":"Calipers"},{"floor":9,"key":"Bird Faced Urn"},{"floor":24,"key":"MawBank"},{"floor":26,"key":"Tiny Chest"},{"floor":39,"key":"White Beast Statue"},{"floor":43,"key":"Eternal Feather"}],"event_choices":[{"damage_healed":68,"gold_gain":0,"player_choice":"Upgrade","damage_taken":14,"max_hp_gain":0,"max_hp_loss":72,"event_name":"betterThird:BetterShining","floor":3,"gold_loss":0,"cards_upgraded":["Strike_P","SandsOfTime"]},{"damage_healed":0,"gold_gain":0,"player_choice":"Upgraded","damage_taken":0,"max_hp_gain":0,"max_hp_loss":0,"event_name":"Upgrade Shrine","floor":4,"gold_loss":0,"cards_upgraded":["Eruption"]},{"damage_healed":0,"gold_gain":1,"player_choice":"Relic Card ","damage_taken":9,"max_hp_gain":0,"max_hp_loss":0,"event_name":"betterThird:BetterScrap","floor":10,"gold_loss":0,"cards_obtained":["Hello World","Demon Form"]},{"damage_healed":0,"gold_gain":0,"player_choice":"1 cards matched","damage_taken":0,"max_hp_gain":0,"max_hp_loss":0,"event_name":"Match and Keep!","floor":12,"gold_loss":0,"cards_obtained":["PathToVictory"]},{"damage_healed":0,"gold_gain":0,"player_choice":"Materialism","damage_taken":0,"max_hp_gain":0,"max_hp_loss":7,"event_name":"betterThird:BetterWriting","floor":19,"gold_loss":0},{"damage_healed":0,"gold_gain":0,"player_choice":"Became a Ghost","damage_taken":0,"max_hp_gain":0,"max_hp_loss":36,"event_name":"Ghosts","floor":21,"gold_loss":0,"cards_obtained":["Ghostly","Ghostly","Ghostly","Ghostly","Ghostly"]},{"damage_healed":0,"gold_gain":0,"player_choice":"Got Potions","damage_taken":0,"max_hp_gain":0,"max_hp_loss":0,"event_name":"Lab","floor":27,"gold_loss":0},{"cards_removed":["Protect"],"damage_healed":5,"gold_gain":0,"player_choice":"Offered Common","damage_taken":0,"max_hp_gain":0,"max_hp_loss":0,"event_name":"Bonfire Elementals","floor":31,"gold_loss":0},{"cards_removed":["Protect"],"damage_healed":5,"gold_gain":0,"player_choice":"Offered Special","damage_taken":0,"max_hp_gain":0,"max_hp_loss":0,"event_name":"Bonfire Elementals","floor":31,"gold_loss":0},{"damage_healed":0,"gold_gain":0,"player_choice":"Ignored","damage_taken":0,"max_hp_gain":0,"max_hp_loss":0,"event_name":"Mysterious Sphere","floor":41,"gold_loss":0},{"damage_healed":0,"gold_gain":0,"player_choice":"Memory 1","damage_taken":0,"max_hp_gain":0,"max_hp_loss":0,"event_name":"SensoryStone","floor":46,"gold_loss":0}],"is_beta":false,"boss_relics":[{"not_picked":["Coffee Dripper","SlaversCollar"],"picked":"HolyWater"},{"not_picked":["Astrolabe","Empty Cage"],"picked":"Philosopher\u0027s Stone"}],"items_purged_floors":[2],"is_endless":false,"potions_floor_spawned":[5,6,8,14,28,30,33,38,45,47,48],"killed_by":"Awakened One","ascension_level":2}}