{"host":"mi0eibewekhugwl1","time":1608045559,"event":{"mods":["AchievementEnabler","BaseMod","Colored Map","Colored Powertips","DeckTracker","Keyboard Shortcuts","Minty Spire (QoL Compilation)","Quick Restart","Rare Cards Sparkle","Relic Stats","StSLib","SuperFastMode","everything is the same but u backflip on backflip"],"gold_per_floor":[118,132,132,57,57,57,69,80,80,80,80,98,98,111,111,185,185,205,105,117,117,130,130,143,157,157,177,177,177,177],"floor_reached":29,"playtime":604,"items_purged":["Strike_P","Strike_P"],"score":438,"play_id":"8bb2a699-9f13-4ef5-9a76-e35dfa2d7d5e","local_time":"20201216001919","is_ascension_mode":true,"campfire_choices":[{"data":"Eruption","floor":6.0,"key":"SMITH"},{"data":"Study","floor":11.0,"key":"SMITH"},{"data":"1","floor":13.0,"key":"LIFT"},{"data":"Adaptation","floor":15.0,"key":"SMITH"},{"floor":23.0,"key":"REST"},{"floor":28.0,"key":"REST"}],"circlet_count":0,"master_deck":["AscendersBane","Defend_P","Defend_P","Defend_P","Defend_P","Eruption+1","Vigilance","Study+1","FollowUp","Tantrum","EmptyMind","Adaptation+1","Scrawl+1","EmptyFist","DeusExMachina"],"relics":["PureWater","Girya","Sozu","Yang"],"acts_visited":["Exordium","TheCity"],"potions_floor_usage":[],"damage_taken":[{"damage":5.0,"enemies":"2 Louse","floor":1.0,"turns":4.0},{"damage":0.0,"enemies":"Cultist","floor":2.0,"turns":3.0},{"damage":0.0,"enemies":"Jaw Worm","floor":7.0,"turns":4.0},{"damage":19.0,"enemies":"Large Slime","floor":8.0,"turns":4.0},{"damage":0.0,"enemies":"2 Fungi Beasts","floor":12.0,"turns":2.0},{"damage":0.0,"enemies":"Lots of Slimes","floor":14.0,"turns":2.0},{"damage":27.0,"enemies":"Slime Boss","floor":16.0,"turns":8.0},{"damage":18.0,"enemies":"Shell Parasite","floor":18.0,"turns":3.0},{"damage":0.0,"enemies":"Chosen","floor":20.0,"turns":2.0},{"damage":20.0,"enemies":"Centurion and Healer","floor":22.0,"turns":4.0},{"damage":0.0,"enemies":"Cultist and Chosen","floor":24.0,"turns":3.0},{"damage":0.0,"enemies":"Snake Plant","floor":25.0,"turns":2.0},{"damage":2.0,"enemies":"Centurion and Healer","floor":27.0,"turns":3.0},{"damage":58,"enemies":"Cultist and Chosen","floor":29,"turns":3}],"seed_played":"-7077917350784627581","potions_obtained":[{"floor":7.0,"key":"Weak Potion"},{"floor":12.0,"key":"Swift Potion"}],"is_trial":false,"path_per_floor":["M","M","?","$","?","R","M","M","T","?","R","M","R","M","R","B",null,"M","$","M","?","M","R","M","M","T","M","R","M"],"character_chosen":"WATCHER","items_purchased":[],"campfire_rested":2,"item_purchase_floors":[],"current_hp_per_floor":[56,56,45,45,50,50,50,31,31,31,31,31,31,31,31,4,56,38,38,38,38,18,39,39,39,39,37,58,0,0],"gold":177,"neow_bonus":"TRANSFORM_CARD","is_daily":false,"chose_seed":false,"campfire_upgraded":3,"win_rate":0.0,"timestamp":1608045559,"path_taken":["M","M","?","$","?","R","M","M","T","?","R","M","R","?","R","BOSS","M","$","M","?","M","R","M","M","T","M","R","M"],"items_purchased_type":[],"build_version":"2020-12-13","purchased_purges":2,"victory":false,"max_hp_per_floor":[68,68,68,68,73,73,73,73,73,73,73,73,73,73,73,73,73,73,73,73,73,73,73,73,73,73,73,73,73,73],"relic_stats":{"Sozu":4,"counters":[14,47],"Yang":[17],"obtain_stats":[{"Sozu":17,"Girya":3,"Yang":26,"PureWater":0},{"Sozu":7,"Girya":2,"Yang":12,"PureWater":0},{"Sozu":27,"Girya":7,"Yang":41,"PureWater":0}]},"card_choices":[{"not_picked":["ClearTheMind","Protect"],"picked":"FollowUp","floor":1.0},{"not_picked":["EmptyBody","CutThroughFate","DeceiveReality"],"picked":"SKIP","floor":2.0},{"not_picked":["BowlingBash","SashWhip"],"picked":"Tantrum","floor":7.0},{"not_picked":["ForeignInfluence","LikeWater"],"picked":"EmptyMind","floor":8.0},{"not_picked":["CutThroughFate","Study","PathToVictory"],"picked":"SKIP","floor":12.0},{"not_picked":["ClearTheMind","ThirdEye"],"picked":"Adaptation","floor":14.0},{"not_picked":["Ragnarok","Blasphemy"],"picked":"Scrawl","floor":16.0},{"not_picked":["ThirdEye","FollowUp"],"picked":"EmptyFist","floor":18.0},{"not_picked":["ThirdEye","Sanctity+1","FollowUp"],"picked":"SKIP","floor":20.0},{"not_picked":["Collect","Prostrate","SandsOfTime"],"picked":"SKIP","floor":22.0},{"not_picked":["SandsOfTime","WaveOfTheHand"],"picked":"DeusExMachina","floor":24.0},{"not_picked":["Crescendo","Consecrate","WreathOfFlame"],"picked":"SKIP","floor":25.0},{"not_picked":["FlyingSleeves","EmptyFist","Worship"],"picked":"SKIP","floor":27.0},{"not_picked":["FlyingSleeves","EmptyFist","Worship"],"picked":"SKIP","floor":27.0}],"player_experience":1668899,"relics_obtained":[{"floor":26.0,"key":"Yang"}],"event_choices":[{"damage_healed":0.0,"max_hp_gain":0.0,"max_hp_loss":0.0,"gold_gain":0.0,"event_name":"Scrap Ooze","player_choice":"Success","floor":3.0,"gold_loss":0.0,"damage_taken":11.0,"relics_obtained":["Girya"]},{"damage_healed":0.0,"max_hp_gain":5.0,"max_hp_loss":0.0,"gold_gain":0.0,"event_name":"Big Fish","player_choice":"Donut","floor":5.0,"gold_loss":0.0,"damage_taken":0.0},{"cards_removed":["Strike_P"],"damage_healed":0.0,"max_hp_gain":0.0,"max_hp_loss":0.0,"gold_gain":0.0,"event_name":"Bonfire Elementals","player_choice":"Offered Basic","floor":10.0,"gold_loss":0.0,"damage_taken":0.0},{"damage_healed":0.0,"max_hp_gain":0.0,"max_hp_loss":0.0,"gold_gain":0.0,"event_name":"Upgrade Shrine","player_choice":"Upgraded","floor":21.0,"gold_loss":0.0,"damage_taken":0.0,"cards_upgraded":["Scrawl"]}],"is_beta":false,"boss_relics":[{"not_picked":["Black Star","Astrolabe"],"picked":"Sozu"}],"items_purged_floors":[4,19],"is_endless":false,"potions_floor_spawned":[7,12,18,20,25,27],"killed_by":"Cultist and Chosen","ascension_level":20}}