{"host":"2lo6hma6kymb0g9i","time":1608050430,"event":{"mods":["BaseMod","Colored Map","DeckTracker","Minty Spire (QoL Compilation)"],"gold_per_floor":[112,187,287,305,321,353,376,376,376,405,417,417,437,450,450,555,555,572,408,426,426,443,443,458,458,458,458,458],"floor_reached":27,"playtime":2209,"items_purged":["Strike_G"],"score":349,"play_id":"6fe39278-add2-42b3-b0b8-1a1109083b34","local_time":"20201216014030","is_ascension_mode":true,"campfire_choices":[{"floor":8,"key":"REST"},{"data":"Neutralize","floor":12,"key":"SMITH"},{"data":"Predator","floor":15,"key":"SMITH"},{"data":"A Thousand Cuts","floor":23,"key":"SMITH"}],"circlet_count":0,"master_deck":["AscendersBane","Defend_G","Defend_G","Defend_G","Defend_G","Defend_G","Survivor","Neutralize+1","Distraction","Predator+1","Outmaneuver","Tactician","Dagger Throw","Backstab","Prepared","Well Laid Plans","A Thousand Cuts+1","Escape Plan","Underhanded Strike","Bouncing Flask+1","Backflip","Terror+1"],"relics":["Ring of the Snake","Centennial Puzzle","HornCleat","Tiny Chest","Empty Cage","Nloth\u0027s Gift","Orichalcum","Eternal Feather"],"acts_visited":["Exordium","TheCity"],"potions_floor_usage":[6,6,10,16,27],"damage_taken":[{"damage":2,"enemies":"Jaw Worm","floor":1,"turns":4},{"damage":1,"enemies":"Small Slimes","floor":4,"turns":3},{"damage":0,"enemies":"Cultist","floor":5,"turns":5},{"damage":14,"enemies":"3 Sentries","floor":6,"turns":6},{"damage":18,"enemies":"Gremlin Nob","floor":10,"turns":5},{"damage":0,"enemies":"Exordium Thugs","floor":11,"turns":3},{"damage":5,"enemies":"Gremlin Gang","floor":13,"turns":4},{"damage":0,"enemies":"Blue Slaver","floor":14,"turns":4},{"damage":13,"enemies":"The Guardian","floor":16,"turns":14},{"damage":19,"enemies":"2 Thieves","floor":18,"turns":4},{"damage":5,"enemies":"Shell Parasite","floor":20,"turns":4},{"damage":15,"enemies":"Snecko","floor":22,"turns":5},{"damage":13,"enemies":"Sentry and Sphere","floor":24,"turns":4},{"damage":10,"enemies":"Cultist and Chosen","floor":27,"turns":4}],"seed_played":"6467570027885934462","potions_obtained":[{"floor":1,"key":"Fire Potion"},{"floor":5,"key":"ColorlessPotion"},{"floor":6,"key":"Block Potion"},{"floor":13,"key":"Strength Potion"},{"floor":22,"key":"Swift Potion"}],"is_trial":false,"path_per_floor":["M","?","?","M","M","E","T","R","T","E","M","R","M","M","R","B",null,"M","$","M","?","M","R","M","T","T","M"],"character_chosen":"THE_SILENT","items_purchased":["Escape Plan","Underhanded Strike"],"campfire_rested":1,"item_purchase_floors":[19,19],"current_hp_per_floor":[43,32,32,31,31,17,24,47,47,29,29,29,24,24,24,11,61,42,42,37,37,22,22,9,9,9,0,0],"gold":458,"neow_bonus":"TRANSFORM_TWO_CARDS","is_daily":false,"chose_seed":false,"campfire_upgraded":3,"win_rate":0.0,"timestamp":1608050430,"path_taken":["M","?","?","M","?","E","?","R","T","E","M","R","M","?","R","BOSS","M","$","M","?","M","R","?","?","T","?"],"items_purchased_type":["Card","Card"],"build_version":"2020-12-13","purchased_purges":1,"victory":false,"max_hp_per_floor":[70,70,70,70,70,70,77,77,77,77,77,77,77,77,77,77,77,77,77,77,77,77,77,77,77,77,77,77],"card_choices":[{"not_picked":["Poisoned Stab","Blur"],"picked":"Outmaneuver","floor":1},{"not_picked":["Escape Plan","Blade Dance"],"picked":"Tactician","floor":4},{"not_picked":["Outmaneuver","Poisoned Stab"],"picked":"Dagger Throw","floor":5},{"not_picked":["Dash","Poisoned Stab"],"picked":"Backstab","floor":6},{"not_picked":["Venomology","Concentrate"],"picked":"Prepared","floor":10},{"not_picked":["Endless Agony","Sucker Punch"],"picked":"Well Laid Plans","floor":13},{"not_picked":["Blade Dance","Infinite Blades","Slice"],"picked":"SKIP","floor":14},{"not_picked":["Malaise","Burst"],"picked":"A Thousand Cuts","floor":16},{"not_picked":["Dash","Skewer+1","Dagger Spray"],"picked":"SKIP","floor":18},{"not_picked":["Sucker Punch","Blade Dance"],"picked":"Bouncing Flask+1","floor":20},{"not_picked":["Dagger Spray","Heel Hook"],"picked":"Backflip","floor":22},{"not_picked":["Setup","Flechettes"],"picked":"Terror+1","floor":24}],"player_experience":794861,"relics_obtained":[{"floor":6,"key":"Centennial Puzzle"},{"floor":7,"key":"Strawberry"},{"floor":9,"key":"HornCleat"},{"floor":10,"key":"Tiny Chest"},{"floor":25,"key":"Orichalcum"},{"floor":26,"key":"Eternal Feather"}],"event_choices":[{"damage_healed":0,"gold_gain":75,"player_choice":"Gather Gold","damage_taken":11,"max_hp_gain":0,"max_hp_loss":0,"event_name":"World of Goop","floor":2,"gold_loss":0},{"damage_healed":0,"gold_gain":100,"player_choice":"Pray","damage_taken":0,"max_hp_gain":0,"max_hp_loss":0,"event_name":"Golden Shrine","floor":3,"gold_loss":0},{"damage_healed":0,"gold_gain":0,"player_choice":"Traded Relic","damage_taken":0,"relics_obtained":["Nloth\u0027s Gift"],"max_hp_gain":0,"max_hp_loss":0,"event_name":"N\u0027loth","floor":21,"relics_lost":["Strawberry"],"gold_loss":0}],"is_beta":false,"boss_relics":[{"not_picked":["Philosopher\u0027s Stone","SacredBark"],"picked":"Empty Cage"}],"items_purged_floors":[19],"is_endless":false,"potions_floor_spawned":[1,5,6,13,22],"killed_by":"Cultist and Chosen","ascension_level":11}}