{"host":"xz534terrkr331jc","time":1608035357,"event":{"mods":["BaseMod","Better Third Choice","Downfall","Hermit","Jorbs\u0027s Wanderer Trilogy","Marisa????????","Minty Spire (QoL Compilation)","Shade Mod","StSLib","The Cursed","The Hierophant","The Servant 0.9.4","The Wild Card"],"gold_per_floor":[116,133,133,18,18,47,62,137,137,137,137,157,157,188,188,290,290,302,152,164,89,109,109,137,137,137,137,12,42,42,42,42,138,138,158,158,158],"floor_reached":36,"playtime":2999,"items_purged":["stsjorbsmod:Strike_Wanderer","stsjorbsmod:Strike_Wanderer","stsjorbsmod:Strike_Wanderer"],"score":481,"play_id":"36b7c531-0ebb-41c4-ad3a-524f1ecf9a68","local_time":"20201215132917","is_ascension_mode":false,"campfire_choices":[{"data":"stsjorbsmod:MirrorImage","floor":10,"key":"SMITH"},{"data":"1","floor":15,"key":"LIFT"},{"data":"stsjorbsmod:ArcaneWeapon","floor":23,"key":"SMITH"},{"floor":25,"key":"REST"},{"data":"stsjorbsmod:FreshAdventure","floor":27,"key":"SMITH"},{"data":"2","floor":30,"key":"LIFT"},{"data":"stsjorbsmod:Firebolt","floor":32,"key":"SMITH"}],"circlet_count":0,"master_deck":["stsjorbsmod:ForbiddenGrimoire+1","stsjorbsmod:Strike_Wanderer","stsjorbsmod:Defend_Wanderer","stsjorbsmod:FreshAdventure+1","stsjorbsmod:EyeOfTheStorm+1","stsjorbsmod:Materialize","stsjorbsmod:DisguiseSelf","stsjorbsmod:HedgeWizard","stsjorbsmod:MirrorImage+1","stsjorbsmod:MagicMirror","stsjorbsmod:Firebolt+1","stsjorbsmod:MagicMissiles","stsjorbsmod:Rediscovery","CurseOfTheBell","stsjorbsmod:ArcaneWeapon+1","stsjorbsmod:ArcaneForm"],"relics":["stsjorbsmod:GrimoireRelic","NeowsBlessing","MealTicket","Oddly Smooth Stone","Thread and Needle","Girya","Kunai","Bird Faced Urn","Calling Bell","Omamori","Mummified Hand","Mango","Regal Pillow","stsjorbsmod:AlchemistsFireRelic","Toxic Egg 2","Busted Crown"],"acts_visited":["Exordium","TheCity","TheBeyond"],"potions_floor_usage":[],"damage_taken":[{"damage":0,"enemies":"Cultist","floor":1,"turns":1},{"damage":0,"enemies":"Small Slimes","floor":2,"turns":1},{"damage":0,"enemies":"Gremlin Nob","floor":6,"turns":1},{"damage":0,"enemies":"2 Louse","floor":7,"turns":3},{"damage":0,"enemies":"2 Fungi Beasts","floor":12,"turns":6},{"damage":7,"enemies":"Lagavulin","floor":14,"turns":8},{"damage":8,"enemies":"Slime Boss","floor":16,"turns":13},{"damage":0,"enemies":"Chosen","floor":18,"turns":7},{"damage":11,"enemies":"Spheric Guardian","floor":20,"turns":5},{"damage":8,"enemies":"Snecko","floor":22,"turns":5},{"damage":24,"enemies":"Gremlin Leader","floor":24,"turns":9},{"damage":9,"enemies":"Slavers","floor":29,"turns":6},{"damage":49,"enemies":"Automaton","floor":33,"turns":11},{"damage":0,"enemies":"3 Darklings","floor":35,"turns":4},{"damage":0,"enemies":"3 Shapes","floor":36,"turns":3}],"seed_played":"4728066504321490696","potions_obtained":[{"floor":1,"key":"GamblersBrew"},{"floor":7,"key":"BlessingOfTheForge"},{"floor":14,"key":"FearPotion"},{"floor":18,"key":"SpeedPotion"}],"is_trial":false,"path_per_floor":["M","M","T","$","?","E","M","?","T","R","?","M","?","E","R","B",null,"M","$","M","?","M","R","E","R","T","R","$","E","R","?","R","B",null,"M","M"],"character_chosen":"WANDERER","items_purchased":["stsjorbsmod:HedgeWizard","stsjorbsmod:ArcaneWeapon"],"campfire_rested":1,"item_purchase_floors":[4,19],"current_hp_per_floor":[68,68,68,68,65,65,66,55,55,55,55,58,58,51,51,49,82,82,82,74,74,74,74,56,82,82,82,82,75,75,75,75,32,82,82,82,82],"gold":158,"neow_bonus":"THREE_ENEMY_KILL","is_daily":false,"chose_seed":false,"campfire_upgraded":4,"win_rate":0.0,"timestamp":1608035357,"path_taken":["M","?","?","$","?","E","M","?","T","R","?","?","?","E","R","BOSS","M","$","M","?","M","R","E","R","T","R","$","E","R","?","R","BOSS","M","?"],"items_purchased_type":["Card","Card"],"build_version":"2020-12-13","purchased_purges":3,"victory":false,"max_hp_per_floor":[68,68,68,68,68,68,68,68,68,68,68,68,68,68,68,68,82,82,82,82,82,82,82,82,82,82,82,82,82,82,82,82,82,82,82,82,82],"card_choices":[{"not_picked":["stsjorbsmod:LoseGrip","stsjorbsmod:ParryingBlow"],"picked":"stsjorbsmod:Materialize","floor":1},{"not_picked":["stsjorbsmod:ChatteringStrike","stsjorbsmod:Firebolt"],"picked":"stsjorbsmod:DisguiseSelf","floor":2},{"not_picked":["stsjorbsmod:FranticSearch","stsjorbsmod:UnseenServant"],"picked":"stsjorbsmod:MirrorImage","floor":6},{"not_picked":["stsjorbsmod:Inferno","stsjorbsmod:DoubleCheck"],"picked":"stsjorbsmod:MagicMirror","floor":7},{"not_picked":["stsjorbsmod:RayOfFrost","stsjorbsmod:DoubleCheck"],"picked":"stsjorbsmod:Firebolt","floor":12},{"not_picked":["stsjorbsmod:UnseenServant","stsjorbsmod:ParryingBlow"],"picked":"stsjorbsmod:MagicMissiles","floor":14},{"not_picked":["stsjorbsmod:HoldMonster","stsjorbsmod:ThirstingSword"],"picked":"stsjorbsmod:Rediscovery","floor":16},{"not_picked":["stsjorbsmod:DisguiseSelf","stsjorbsmod:WeightOfMemory","stsjorbsmod:Hurt"],"picked":"SKIP","floor":18},{"not_picked":["stsjorbsmod:HedgeWizard","stsjorbsmod:DoubleCheck","stsjorbsmod:BlackTentacles"],"picked":"SKIP","floor":20},{"not_picked":["stsjorbsmod:Entangle","stsjorbsmod:Materialize","stsjorbsmod:Counterspell+1"],"picked":"SKIP","floor":22},{"not_picked":["stsjorbsmod:Hurt","stsjorbsmod:Channel+1","stsjorbsmod:DisguiseSelf"],"picked":"SKIP","floor":24},{"not_picked":["stsjorbsmod:ArcaneWeapon","stsjorbsmod:PurgeMind"],"picked":"stsjorbsmod:Patron","floor":29},{"not_picked":["stsjorbsmod:ThirstingSword","stsjorbsmod:HoldMonster+1"],"picked":"stsjorbsmod:ArcaneForm","floor":33},{"not_picked":["stsjorbsmod:Hurt"],"picked":"SKIP","floor":35}],"player_experience":518951,"relics_obtained":[{"floor":3,"key":"MealTicket"},{"floor":6,"key":"Thread and Needle"},{"floor":9,"key":"Girya"},{"floor":14,"key":"Bird Faced Urn"},{"floor":17,"key":"Omamori"},{"floor":17,"key":"Mummified Hand"},{"floor":17,"key":"Mango"},{"floor":24,"key":"Regal Pillow"},{"floor":26,"key":"stsjorbsmod:AlchemistsFireRelic"},{"floor":29,"key":"Toxic Egg 2"}],"event_choices":[{"damage_healed":0,"gold_gain":0,"player_choice":"Relic ","damage_taken":3,"max_hp_gain":0,"max_hp_loss":0,"event_name":"betterThird:BetterScrap","floor":5,"gold_loss":0,"cards_obtained":["Eviscerate"]},{"damage_healed":0,"gold_gain":75,"player_choice":"Gold","damage_taken":11,"max_hp_gain":0,"max_hp_loss":0,"event_name":"betterThird:BetterGoop","floor":8,"gold_loss":0},{"cards_removed":["stsjorbsmod:Defend_Wanderer"],"damage_healed":0,"gold_gain":0,"player_choice":"Purged","damage_taken":0,"max_hp_gain":0,"max_hp_loss":0,"event_name":"Purifier","floor":11,"gold_loss":0},{"damage_healed":0,"gold_gain":0,"player_choice":"Gave Potion","damage_taken":0,"relics_obtained":["Kunai"],"max_hp_gain":0,"max_hp_loss":0,"event_name":"WeMeetAgain","floor":13,"gold_loss":0},{"cards_removed":["stsjorbsmod:Defend_Wanderer"],"damage_healed":0,"gold_gain":0,"player_choice":"Gave Gold","damage_taken":0,"max_hp_gain":0,"max_hp_loss":0,"event_name":"Beggar","floor":21,"gold_loss":75},{"cards_removed":["stsjorbsmod:Defend_Wanderer"],"damage_healed":0,"gold_gain":0,"player_choice":"Offered Basic","damage_taken":0,"max_hp_gain":0,"max_hp_loss":0,"event_name":"Bonfire Elementals","floor":31,"gold_loss":0}],"is_beta":false,"boss_relics":[{"not_picked":["Runic Dome","Runic Pyramid"],"picked":"Calling Bell"},{"not_picked":["Pandora\u0027s Box","Black Star"],"picked":"Busted Crown"}],"items_purged_floors":[4,19,28],"is_endless":false,"potions_floor_spawned":[1,7,14,18,22],"killed_by":"3 Shapes","ascension_level":0}}