{"host":"l85rtarfuh0ld3b1","time":1608044554,"event":{"mods":["Act Like it!","BaseMod","BetterRewards","CapriCore","Chen","Decade(王小明)","Gensokyo","KinomotoSakuraMod(木之本樱)","Koishi","Marisa（F雨　魔理沙）","Minty Spire (QoL Compilation)","Nova Terra(诺娃・泰拉)","Permanent Neow","Reimu（博丽灵梦）","Remilia（蕾米莉亚）","Shop Mod","StSLib","TestMod","The Administrix","The Immortal","The Servant 0.9.4","【东方二次创作】八云紫mod"],"gold_per_floor":[124,82,82,3932,3772,3797,3797,3829,3829,3767,3775,3800,3824,3833,3833,3933,3933,3947,92,92,561,561,561,893,893,916,1115,1115,1083,1083,1117,1117,1218,1218,1231,1245,1471,1516,1542,1574,1590,1590,1590,1590,1620,1638,1663,1676,1676,1676,1676,1676,1738,1768,1768],"floor_reached":56,"playtime":2933,"items_purged":["Strike_MRS","Strike_MRS","Strike_MRS","Defend_MRS","Strike_MRS","Defend_MRS","Defend_MRS","Envy_TH","Wrath_TH","Sloth_TH","MasterSpark","Defend_MRS","UpSweep","ManaConvection","AlicesGift+1"],"score":3046,"play_id":"35f9acb1-545f-4a85-a1f5-61e329d9b439","local_time":"20201215230234","is_ascension_mode":true,"campfire_choices":[{"floor":15,"key":"RECALL"},{"data":"SatelliteIllusion","floor":23,"key":"SMITH"},{"data":"1","floor":25,"key":"LIFT"},{"data":"2","floor":28,"key":"LIFT"},{"data":"ZunPunch:ReiMu","floor":30,"key":"SMITH"},{"data":"3","floor":32,"key":"LIFT"},{"floor":42,"key":"DIG"},{"floor":44,"key":"REST"},{"floor":49,"key":"REST"},{"floor":52,"key":"REST"}],"circlet_count":7,"master_deck":["AscendersBane","StarlightTyphoon+1","Orbital+1","Parasite","Parasite","WitchLeyline+1","ManaRampage+1","Orbital+1","ShootTheMoon+1","Panache+1","Adrenaline+1","Contraction+1","ManaConvection+1","EscapeVelocity+1","HeartBreak+1","Finesse+1","SatelliteIllusion+1","ZunPunch:ReiMu+1","Madness","Madness"],"relics":["MiniHakkero","testmod-TestBox","testmod-CardMagician","MerchantsRug","Mummified Hand","Mastiff:ReiMu","Blue Candle","Singing Bowl","testmod-Nyarlathotep","Sling","Membership Card","testmod-Laevatain","Darkstone Periapt","Chemical X","testmod-Charity","ShroomBag","Shovel","ClockworkSouvenir","SimpleLauncher","AntiCross","Toy Ornithopter","Medical Kit","WingedGreaves","Question Card","AmplifyWand","Dream Catcher","Tiny Chest","testmod-CrystalShield","testmod-Acrobat","testmod-IndustrialRevolution","Juzu Bracelet","CeramicFish","HandmadeGrimoire","White Beast Statue","Gungnir","Gensokyo:Mercy","testmod-AssaultLearning","Necronomicon","The Courier","Prayer Wheel","Bag of Marbles","Lantern","Bottled Flame","Turnip","testmod-CyclicPeriapt","Unceasing Top","Ice Cream","Ginger","testmod-Alchemist","testmod-Déjàvu","Girya","testmod-BouquetWithThorns","Incense Burner","testmod-Maize","PureWhite:ReiMu","testmod-ObsoleteBoomerang","testmod-ConstraintPeriapt","FossilizedHelix","StoneCalendar","testmod-EqualTreatment","Du-Vu Doll","testmod-RealStoneCalender","Thread and Needle","Busted Crown","SproutingBranch","TentaclePot:ReiMu","testmod-CasingShield","CatCart","Circlet","PrismaticShard"],"acts_visited":["Gensokyo:Gensokyo","TheCity","TheBeyond","TheEnding"],"potions_floor_usage":[0,0,0,0,0,0,18],"damage_taken":[{"damage":0,"enemies":"Gensokyo:3_Fairies","floor":1,"turns":2},{"damage":2,"enemies":"Gensokyo:Cirno","floor":6,"turns":4},{"damage":2,"enemies":"Gensokyo:Mamizou","floor":8,"turns":1},{"damage":0,"enemies":"Gensokyo:Aya","floor":12,"turns":1},{"damage":3,"enemies":"Gensokyo:Cirno","floor":13,"turns":4},{"damage":2,"enemies":"Gensokyo:Gryphon","floor":14,"turns":1},{"damage":2,"enemies":"Gensokyo:Kokoro","floor":16,"turns":1},{"damage":0,"enemies":"Spheric Guardian","floor":18,"turns":1},{"damage":1,"enemies":"Book of Stabbing","floor":24,"turns":1},{"damage":0,"enemies":"Slavers","floor":31,"turns":1},{"damage":7,"enemies":"Automaton","floor":33,"turns":2},{"damage":0,"enemies":"3 Darklings","floor":35,"turns":1},{"damage":0,"enemies":"Orb Walker","floor":36,"turns":1},{"damage":2,"enemies":"Orin","floor":38,"turns":2},{"damage":1,"enemies":"Giant Head","floor":40,"turns":2},{"damage":1,"enemies":"Nemesis","floor":45,"turns":1},{"damage":0,"enemies":"3 Darklings","floor":46,"turns":1},{"damage":0,"enemies":"Reptomancer","floor":47,"turns":1},{"damage":0,"enemies":"Jaw Worm Horde","floor":48,"turns":1},{"damage":5,"enemies":"Awakened One","floor":50,"turns":2},{"damage":0,"enemies":"Shield and Spear","floor":54,"turns":1},{"damage":0,"enemies":"The Heart","floor":55,"turns":2}],"seed_played":"1138668784704156337","potions_obtained":[{"floor":0,"key":"ZuzhouPotion:ReiMu"},{"floor":0,"key":"DuplicationPotion"},{"floor":0,"key":"DuplicationPotion"},{"floor":0,"key":"StarNLove"},{"floor":0,"key":"SteroidPotion"},{"floor":0,"key":"ZuzhouPotion:ReiMu"},{"floor":0,"key":"DuplicationPotion"},{"floor":0,"key":"DuplicationPotion"},{"floor":0,"key":"StarNLove"},{"floor":0,"key":"SteroidPotion"},{"floor":1,"key":"BlessingOfTheForge"},{"floor":6,"key":"Strength Potion"},{"floor":8,"key":"SteroidPotion"},{"floor":12,"key":"AttackPotion"},{"floor":13,"key":"BottledSpark"},{"floor":14,"key":"BottledSpark"},{"floor":16,"key":"AttackPotion"},{"floor":18,"key":"ColorlessPotion"},{"floor":24,"key":"Fire Potion"},{"floor":31,"key":"EssenceOfSteel"},{"floor":33,"key":"FearPotion"},{"floor":35,"key":"ColorlessPotion"},{"floor":36,"key":"SkillPotion"},{"floor":38,"key":"SkillPotion"},{"floor":40,"key":"Block Potion"},{"floor":45,"key":"Regen Potion"},{"floor":46,"key":"Dexterity Potion"},{"floor":47,"key":"BlessingOfTheForge"},{"floor":48,"key":"SpeedPotion"},{"floor":54,"key":"SpeedPotion"}],"is_trial":false,"path_per_floor":["M","?","?","$","?","E","T","E","T","$","?","?","E","M","R","B",null,"M","$","?","$","T","R","E","R","T","?","R","?","R","E","R","B",null,"M","M","$","?","T","E","?","R","T","R","E","M","E","M","R","B",null,"R","$","E","B",null],"character_chosen":"MARISA","items_purchased":["MerchantsRug","Lee\u0027s Waffle","testmod-Hope","Mummified Hand","Pantograph","Pen Nib","TheAbacus","StarlightTyphoon","Strawberry","Mastiff:ReiMu","Blue Candle","Bag of Marbles","testmod-Register","Singing Bowl","Boot","Toolbox","testmod-BlackFramedGlasses","testmod-Nyarlathotep","Gremlin Horn","Sling","Membership Card","testmod-Laevatain","testmod-ThousandKnives","Oddly Smooth Stone","Darkstone Periapt","Chemical X","Orbital","testmod-Charity","ShroomBag","Shovel","WitchLeyline","Lantern","Art of War","testmod-MagicalMallet","Bag of Preparation","Vajra","ClockworkSouvenir","ManaRampage","testmod-SpacePotion","testmod-TurbochargingSystem","Orichalcum","DollysMirror","Matryoshka","Meat on the Bone","SimpleLauncher","ShootTheMoon","Panache","Sundial","testmod-OneHitWonder","testmod-Faith","PureWhite:ReiMu","testmod-Antiphasic","testmod-IWantAll","Pear","AntiCross","Strange Spoon","Letter Opener","Toy Ornithopter","HandDrill","ManaConvection","Frozen Egg 2","Happy Flower","PrismaticShard","War Paint","Medical Kit","testmod-HeartOfDaVinci","WingedGreaves","Question Card","Potion Belt","RuthlessExorcism:ReiMu","AdministrixMod:GoldenChickadee","Toxic Egg 2","testmod-LifeArmor","OrangePellets","Cauldron","Bottled Lightning","AmplifyWand","Regal Pillow","MealTicket","TwistedFunnel","Blood Vial","Omamori","testmod-ArcanaOfDestiny","Pan","testmod-SpacePotion","Dream Catcher","Orrery","Frozen Eye","CrazyTorch:ReiMu","Mercury Hourglass","Tiny Chest","Whetstone","Shuriken","testmod-Justice","Fruit Juice","Kunai","testmod-CrystalShield","Eternal Feather","testmod-Acrobat","testmod-Fortitude","testmod-DragonStarHat","Molten Egg 2","HornCleat","ManaConvection+1","testmod-IndustrialRevolution","Juzu Bracelet","Lizard Tail","CeramicFish","HandmadeGrimoire","Bottled Tornado","Champion Belt","Centennial Puzzle","testmod-SpacePotion","Paper Crane","testmod-TheFather","Akabeko","Ancient Tea Set","Paper Frog","Anchor","Bronze Scales","PreservedInsect","Snake Skull","RedBat","Ornamental Fan","testmod-InjuryResistance","testmod-Motorcycle","InkBottle","testmod-SpacePotion","ScarletDevilRocket","White Beast Statue","Bird Faced Urn","EscapeVelocity+1","testmod-SpacePotion","Gungnir","testmod-AssaultLearning","Sundial","Fruit Juice","Lee\u0027s Waffle","Orichalcum","Strawberry","Bag of Marbles","Lantern","Meat on the Bone","Boot","Nunchaku","Frozen Egg 2","Vajra","testmod-Antiphasic","Art of War","Letter Opener","Pantograph","BreadOfAWashokuLover","Bottled Flame","testmod-OneHitWonder","Tea:ReiMu","Turnip","TungstenRod","testmod-InfectionSource","testmod-CyclicPeriapt","Unceasing Top","Ice Cream","Ginger","testmod-Muramasa","testmod-BlackFramedGlasses","testmod-Alchemist","testmod-Déjàvu","Girya","testmod-BouquetWithThorns","Incense Burner","testmod-Maize","testmod-FatalChain","PureWhite:ReiMu","testmod-ObsoleteBoomerang","testmod-ThousandKnives","testmod-ConstraintPeriapt","FossilizedHelix","StoneCalendar","testmod-EqualTreatment","Du-Vu Doll","testmod-RealStoneCalender","Mango","SproutingBranch","TentaclePot:ReiMu","testmod-CasingShield","PrismaticShard"],"campfire_rested":3,"item_purchase_floors":[0,0,0,0,0,0,0,0,0,0,0,0,0,0,0,0,0,0,0,0,0,0,0,0,0,0,0,0,0,0,0,0,0,0,0,0,0,0,0,0,0,0,0,0,0,0,0,0,0,0,0,0,0,0,0,0,0,0,0,0,0,0,0,0,0,0,0,0,0,0,0,0,0,0,0,0,0,0,0,0,0,0,0,0,0,0,0,0,0,0,0,0,0,0,0,0,0,0,0,0,0,0,0,0,0,0,0,0,0,0,0,0,0,0,0,0,0,0,0,0,0,0,0,0,0,0,0,0,0,0,0,0,0,0,4,10,10,19,19,19,19,19,19,19,19,19,19,19,19,19,19,19,19,19,19,19,19,19,19,19,19,19,19,19,19,19,19,19,19,19,19,19,19,19,19,21,21,21,21,21,37,37,37,37,53],"current_hp_per_floor":[155,156,156,241,241,261,271,277,277,282,283,287,312,322,322,334,335,345,365,365,386,386,386,393,393,394,395,395,396,396,401,401,410,411,420,441,472,485,486,496,436,436,436,500,505,510,517,525,527,541,542,544,551,558,566],"gold":1768,"neow_bonus":"","is_daily":false,"chose_seed":false,"campfire_upgraded":2,"win_rate":0.0,"timestamp":1608044554,"path_taken":["M","?","?","$","?","E","?","E","T","$","?","?","E","M","R","BOSS","M","$","?","$","?","R","E","R","T","?","R","?","R","E","R","BOSS","M","M","$","?","?","E","?","R","T","R","E","M","E","M","R","BOSS","R","$","E","BOSS"],"items_purchased_type":["Relic","Relic","Relic","Relic","Relic","Relic","Relic","Card","Relic","Relic","Relic","Relic","Relic","Relic","Relic","Relic","Relic","Relic","Relic","Relic","Relic","Relic","Relic","Relic","Relic","Relic","Card","Relic","Relic","Relic","Card","Relic","Relic","Relic","Relic","Relic","Relic","Card","Potion","Relic","Relic","Relic","Relic","Relic","Relic","Card","Card","Relic","Relic","Relic","Relic","Relic","Relic","Relic","Relic","Relic","Relic","Relic","Relic","Card","Relic","Relic","Relic","Relic","Relic","Relic","Relic","Relic","Relic","Relic","Relic","Relic","Relic","Relic","Relic","Relic","Relic","Relic","Relic","Relic","Relic","Relic","Relic","Relic","Potion","Relic","Relic","Relic","Relic","Relic","Relic","Relic","Relic","Relic","Potion","Relic","Relic","Relic","Relic","Relic","Relic","Relic","Relic","Card","Relic","Relic","Relic","Relic","Relic","Relic","Relic","Relic","Potion","Relic","Relic","Relic","Relic","Relic","Relic","Relic","Relic","Relic","Relic","Relic","Relic","Relic","Relic","Potion","Relic","Relic","Relic","Card","Potion","Relic","Relic","Relic","Potion","Relic","Relic","Relic","Relic","Relic","Relic","Relic","Relic","Relic","Relic","Relic","Relic","Relic","Relic","Relic","Relic","Relic","Relic","Relic","Relic","Relic","Relic","Relic","Relic","Relic","Relic","Relic","Relic","Relic","Relic","Relic","Relic","Relic","Relic","Relic","Relic","Relic","Relic","Relic","Relic","Relic","Relic","Relic","Relic","Relic","Relic","Relic","Relic"],"build_version":"2020-12-13","purchased_purges":15,"victory":true,"max_hp_per_floor":[155,156,156,241,241,261,271,278,278,283,284,288,312,323,323,335,335,345,365,365,386,386,386,393,393,394,395,395,396,396,401,401,411,411,420,441,472,485,486,496,498,498,498,500,506,511,517,525,527,542,542,544,551,558,566],"card_choices":[{"not_picked":["MokouMod:Singe","Cold Snap","EmptyBody+1","NovaMod:MultilayerArmor+1"],"picked":"Singing Bowl","floor":0},{"not_picked":["ClowCardTheRain+1","YinYangSange:ReiMu+1","CareerPray:ReiMu+1","Stigmanizer"],"picked":"Singing Bowl","floor":0},{"not_picked":["Violence+1","ClowCardTheSand","SpreadBorder2:ReiMu+1","MokouMod:CrimsonFlare"],"picked":"Singing Bowl","floor":0},{"not_picked":["Chen:Sneak+1","ScarletGensokyo+1","NovaMod:RaidArtillery","Warcry+1"],"picked":"Singing Bowl","floor":0},{"not_picked":["MokouMod:AdaptivePyromancy","CharismaGuard+1","ClowCardTheMirror+1","DragClaw"],"picked":"Singing Bowl","floor":0},{"not_picked":["Koishi:DreadfulBlow+1","Boundary_DreamRealityDamnation_purple+1","BlasphemousPunishment+1"],"picked":"Finesse+1","floor":1},{"not_picked":["NonDirectionalLaser","MysteriousBeam","WitchLeyline","LuminesStrike"],"picked":"Singing Bowl","floor":6},{"not_picked":["OneTimeOff","PulseMagic","StarlightTyphoon"],"picked":"SatelliteIllusion","floor":8},{"not_picked":["DeepEcoloBomb","IllusionStar","WitchOfGreed","MagicChant"],"picked":"Singing Bowl","floor":12},{"not_picked":["Occultation","Acceleration","UltimateShortwave","ManaConvection"],"picked":"Singing Bowl","floor":13},{"not_picked":["OrrerysSun","PropBag","AlicesGift","Acceleration"],"picked":"Singing Bowl","floor":14},{"not_picked":["BlazingStar","BinaryStars","AbsoluteMagnitude","ManaRampage"],"picked":"Singing Bowl","floor":16},{"not_picked":["IllusionStar","UnstableBomb","MilkyWay","Robbery"],"picked":"Singing Bowl","floor":18},{"not_picked":["GravityBeat","WitchOfGreed","SporeBomb+1","Robbery"],"picked":"Singing Bowl","floor":18},{"not_picked":["DoubleSpark","SatelliteIllusion+1","MysteriousBeam","GalacticHalo"],"picked":"Singing Bowl","floor":24},{"not_picked":["SprinkleStarSeal","ShootingEcho","SuperPerseids+1","PowerUp"],"picked":"Singing Bowl","floor":31},{"not_picked":["SuperNova+1","ManaRampage","MillisecondPulsars+1","UltimateShortwave"],"picked":"Singing Bowl","floor":33},{"not_picked":["6A","WitchOfGreed+1"],"picked":"Singing Bowl","floor":35},{"not_picked":["OneTimeOff","EnergyFlow+1"],"picked":"Singing Bowl","floor":35},{"not_picked":["EnergyFlow+1","GasGiant"],"picked":"Singing Bowl","floor":36},{"not_picked":["EnergyFlow+1","LuminesStrike"],"picked":"Singing Bowl","floor":36},{"not_picked":["WitchLeyline","DC+1"],"picked":"Singing Bowl","floor":38},{"not_picked":["ShootTheMoon+1","IllusionStar"],"picked":"Singing Bowl","floor":40},{"not_picked":["MagicAbsorber","StarDustReverie"],"picked":"Singing Bowl","floor":44},{"not_picked":["MilkyWay","ChargingUp"],"picked":"Singing Bowl","floor":45},{"not_picked":["DragonMeteor","OortCloud+1"],"picked":"Singing Bowl","floor":46},{"not_picked":["GrandCross+1","6A+1"],"picked":"Singing Bowl","floor":46},{"not_picked":["LuminesStrike","MagicChant"],"picked":"Singing Bowl","floor":47},{"not_picked":["GravityBeat+1","FinalSpark"],"picked":"Singing Bowl","floor":48},{"not_picked":["UnstableBomb","ShootingEcho+1"],"picked":"Singing Bowl","floor":48},{"not_picked":["PowerUp+1","OneTimeOff"],"picked":"Singing Bowl","floor":49},{"not_picked":["ChargingUp+1","Acceleration+1"],"picked":"Singing Bowl","floor":52},{"not_picked":["SpringWay:ReiMu+1","BestPractice"],"picked":"Singing Bowl","floor":54}],"player_experience":580994,"relics_obtained":[{"floor":6,"key":"Oddly Smooth Stone"},{"floor":7,"key":"testmod-TurbochargingSystem"},{"floor":7,"key":"Pear"},{"floor":8,"key":"War Paint"},{"floor":9,"key":"Bag of Preparation"},{"floor":9,"key":"Gremlin Horn"},{"floor":12,"key":"Pen Nib"},{"floor":13,"key":"testmod-Hope"},{"floor":17,"key":"Happy Flower"},{"floor":17,"key":"The Courier"},{"floor":17,"key":"Prayer Wheel"},{"floor":24,"key":"Old Coin"},{"floor":26,"key":"Thread and Needle"},{"floor":31,"key":"CaptainsWheel"},{"floor":38,"key":"CatCart"},{"floor":39,"key":"Circlet"},{"floor":40,"key":"Circlet"},{"floor":42,"key":"Circlet"},{"floor":43,"key":"Circlet"},{"floor":45,"key":"Circlet"},{"floor":47,"key":"Circlet"},{"floor":54,"key":"Circlet"}],"event_choices":[{"cards_removed":["Gensokyo:BlessingOfFortitude"],"damage_healed":0,"gold_gain":0,"player_choice":"Elegance","damage_taken":0,"max_hp_gain":0,"max_hp_loss":0,"event_name":"Back to Basics","floor":20,"gold_loss":0},{"damage_healed":0,"gold_gain":200,"player_choice":"Gold","damage_taken":0,"max_hp_gain":0,"max_hp_loss":0,"event_name":"Wheel of Change","floor":27,"gold_loss":0},{"damage_healed":0,"gold_gain":0,"player_choice":"交出神酒","damage_taken":0,"max_hp_gain":0,"max_hp_loss":0,"event_name":"ZunEvent","floor":29,"relics_lost":["ZunR:ReiMu"],"gold_loss":0,"cards_obtained":["ZunPunch:ReiMu"]},{"damage_healed":0,"gold_gain":0,"player_choice":"Fight","damage_taken":0,"max_hp_gain":0,"max_hp_loss":0,"event_name":"OrinTheCat","floor":38,"gold_loss":0},{"damage_healed":0,"gold_gain":0,"player_choice":"Embrace Madness","damage_taken":62,"max_hp_gain":0,"max_hp_loss":0,"event_name":"Winding Halls","floor":41,"gold_loss":0,"cards_obtained":["Madness","Madness"]}],"is_beta":false,"boss_relics":[{"not_picked":["RampagingMagicTools","testmod-Recursion"],"picked":"Calling Bell"},{"not_picked":["testmod-BatchProcessingSystem","Fusion Hammer"],"picked":"Busted Crown"}],"items_purged_floors":[0,0,0,0,0,0,0,0,0,0,0,0,0,0,19],"is_endless":false,"potions_floor_spawned":[1,6,8,12,13,14,16,18,24,31,33,35,36,38,40,45,46,47,48,54],"ascension_level":11}}