{"host":"msfr2axb1w9025n0","time":1608043177,"event":{"mods":["BaseMod","Colored Map","DeckTracker","Minty Spire (QoL Compilation)"],"gold_per_floor":[119,119,119,133,146,146,221,42,124,151,78,88,88,120,120,225,225,245,245,273,155,155,155,155,155],"floor_reached":24,"playtime":704,"items_purged":["Pain"],"score":413,"play_id":"8522af1c-204a-4bb2-a606-2dd82d26a9fb","local_time":"20201215213937","is_ascension_mode":true,"campfire_choices":[{"floor":6.0,"key":"DIG"},{"data":"Defragment","floor":13.0,"key":"SMITH"},{"floor":15.0,"key":"DIG"},{"floor":23,"key":"REST"}],"circlet_count":0,"master_deck":["AscendersBane","Strike_B","Strike_B","Defend_B","Defend_B","Defend_B","Defend_B","Zap","Dualcast","Chaos","Ball Lightning","Defragment+1","Undo","Loop","Conserve Battery","Loop","Lockon","Fission","Defragment+1","Glacier","Cold Snap","Defragment","Lockon"],"relics":["Cracked Core","Shovel","WarpedTongs","MealTicket","Question Card","Cables","Gremlin Horn","Ginger","Empty Cage","Red Mask","Bottled Lightning"],"acts_visited":["Exordium","TheCity"],"potions_floor_usage":[20,20,20,20,24],"damage_taken":[{"damage":0.0,"enemies":"2 Louse","floor":1.0,"turns":2.0},{"damage":3.0,"enemies":"Small Slimes","floor":4.0,"turns":3.0},{"damage":6.0,"enemies":"Cultist","floor":5.0,"turns":3.0},{"damage":8.0,"enemies":"Lagavulin","floor":10.0,"turns":7.0},{"damage":1.0,"enemies":"Blue Slaver","floor":12.0,"turns":3.0},{"damage":16.0,"enemies":"Gremlin Nob","floor":14.0,"turns":4.0},{"damage":0.0,"enemies":"Slime Boss","floor":16.0,"turns":6.0},{"damage":31.0,"enemies":"3 Byrds","floor":18.0,"turns":5.0},{"damage":20,"enemies":"Masked Bandits","floor":20,"turns":4},{"damage":71,"enemies":"Gremlin Leader","floor":24,"turns":10}],"seed_played":"-8053556414089555075","potions_obtained":[{"floor":1.0,"key":"Block Potion"},{"floor":10.0,"key":"PowerPotion"},{"floor":14.0,"key":"EntropicBrew"},{"floor":16.0,"key":"BlessingOfTheForge"}],"is_trial":false,"path_per_floor":["M","?","?","M","M","R","?","$","T","E","$","M","R","E","R","B",null,"M","?","?","$","T","R","E"],"character_chosen":"DEFECT","items_purchased":["Undo","Loop","Loop","Defragment","Lockon"],"campfire_rested":1,"item_purchase_floors":[8,8,11,21,21],"current_hp_per_floor":[50,75,75,72,66,66,55,70,70,62,75,74,74,58,58,58,71,40,40,20,35,35,57,0,0],"gold":155,"neow_bonus":"ONE_RARE_RELIC","is_daily":false,"chose_seed":false,"campfire_upgraded":1,"win_rate":0.0,"timestamp":1608043177,"path_taken":["M","?","?","M","?","R","?","$","T","E","?","M","R","E","R","BOSS","M","?","?","$","?","R","E"],"items_purchased_type":["Card","Card","Card","Card","Card"],"build_version":"2020-12-13","purchased_purges":1,"victory":false,"max_hp_per_floor":[75,75,75,75,75,75,75,75,75,75,75,75,75,75,75,75,75,75,75,75,75,75,75,75,75],"card_choices":[{"not_picked":["Stack","Turbo"],"picked":"Chaos","floor":1.0},{"not_picked":["Turbo","Double Energy"],"picked":"Ball Lightning","floor":4.0},{"not_picked":["Coolheaded","Steam"],"picked":"Defragment","floor":5.0},{"not_picked":["Leap","Storm","Rebound"],"picked":"Conserve Battery","floor":10.0},{"not_picked":["Doom and Gloom","Aggregate","Gash","Compile Driver"],"picked":"SKIP","floor":12.0},{"not_picked":["BootSequence","Aggregate","Fusion"],"picked":"Lockon","floor":14.0},{"not_picked":["Rainbow","Thunder Strike","Core Surge"],"picked":"Fission","floor":16.0},{"not_picked":["Loop+1","Sweeping Beam+1","Compile Driver+1"],"picked":"Defragment+1","floor":18.0},{"not_picked":["Ball Lightning","Heatsinks","Redo"],"picked":"Cold Snap","floor":20}],"player_experience":245483,"relics_obtained":[{"floor":6.0,"key":"MealTicket"},{"floor":9.0,"key":"Question Card"},{"floor":10.0,"key":"Cables"},{"floor":14.0,"key":"Gremlin Horn"},{"floor":15.0,"key":"Ginger"},{"floor":20,"key":"Red Mask"},{"floor":22,"key":"Bottled Lightning"}],"event_choices":[{"damage_healed":25.0,"max_hp_gain":0.0,"max_hp_loss":0.0,"gold_gain":0.0,"event_name":"Big Fish","player_choice":"Banana","floor":2.0,"gold_loss":0.0,"damage_taken":0.0},{"damage_healed":0.0,"max_hp_gain":0.0,"max_hp_loss":0.0,"gold_gain":0.0,"event_name":"Accursed Blacksmith","player_choice":"Rummage","floor":3.0,"gold_loss":0.0,"damage_taken":0.0,"relics_obtained":["WarpedTongs"],"cards_obtained":["Pain"]},{"damage_healed":0.0,"max_hp_gain":0.0,"max_hp_loss":0.0,"gold_gain":75.0,"event_name":"World of Goop","player_choice":"Gather Gold","floor":7.0,"gold_loss":0.0,"damage_taken":11.0},{"damage_healed":0.0,"max_hp_gain":0.0,"max_hp_loss":0.0,"gold_gain":0.0,"event_name":"The Library","player_choice":"Read","floor":19.0,"gold_loss":0.0,"damage_taken":0.0,"cards_obtained":["Glacier"]},{"damage_healed":0,"gold_gain":0,"player_choice":"Fought Bandits","damage_taken":0,"max_hp_gain":0,"max_hp_loss":0,"event_name":"Masked Bandits","floor":20,"gold_loss":0}],"is_beta":false,"boss_relics":[{"not_picked":["Pandora\u0027s Box","Fusion Hammer"],"picked":"Empty Cage"}],"items_purged_floors":[8],"is_endless":false,"potions_floor_spawned":[1,10,14,16],"killed_by":"Gremlin Leader","ascension_level":10}}