{"host":"newqdrzxfhh2im9e","time":1608072740,"event":{"mods":["AchievementEnabler","BaseMod","BetterRewards","Block Reminder","Colored Map","Jorbs\u0027s Wanderer Trilogy","Minty Spire (QoL Compilation)","Rare Cards Sparkle","Shop Mod","StSLib"],"gold_per_floor":[119,136,147,4,179,179,206,220,220,220,295,295,306,326,326,425,425,425,425],"floor_reached":18,"playtime":784,"items_purged":[],"score":203,"play_id":"05fde212-0e3c-48e1-ad1d-cf77870fc406","local_time":"20201215145220","is_ascension_mode":true,"campfire_choices":[{"data":"Burst","floor":6,"key":"SMITH"},{"floor":10,"key":"REST"},{"floor":15,"key":"REST"}],"circlet_count":0,"master_deck":["Strike_G","Strike_G","Strike_G","Strike_G","Strike_G","Defend_G","Defend_G","Defend_G","Defend_G","Defend_G","Survivor","Neutralize","Prepared","Burst+1","Heel Hook","Distraction+1","Accuracy","Doubt","Calculated Gamble","PiercingWail","Backstab","Calculated Gamble","Storm of Steel"],"relics":["Ring of the Snake","NeowsBlessing","Unceasing Top","InkBottle","SlaversCollar"],"acts_visited":["Exordium","TheCity"],"potions_floor_usage":[8,8,16,16,16],"damage_taken":[{"damage":0,"enemies":"Jaw Worm","floor":1,"turns":1},{"damage":0,"enemies":"2 Louse","floor":2,"turns":1},{"damage":0,"enemies":"Cultist","floor":3,"turns":1},{"damage":45,"enemies":"Lagavulin","floor":7,"turns":9},{"damage":0,"enemies":"Exordium Wildlife","floor":8,"turns":2},{"damage":0,"enemies":"2 Fungi Beasts","floor":13,"turns":4},{"damage":1,"enemies":"Looter","floor":14,"turns":4},{"damage":54,"enemies":"The Guardian","floor":16,"turns":19},{"damage":53,"enemies":"3 Byrds","floor":18,"turns":8}],"seed_played":"8471424063032173754","potions_obtained":[{"floor":7,"key":"EntropicBrew"},{"floor":14,"key":"PowerPotion"},{"floor":16,"key":"GamblersBrew"}],"is_trial":false,"path_per_floor":["M","M","M","$","?","R","E","M","T","R","?","?","M","M","R","B",null,"M"],"character_chosen":"THE_SILENT","items_purchased":["Distraction","Accuracy"],"campfire_rested":2,"item_purchase_floors":[4,4],"current_hp_per_floor":[70,70,70,70,70,70,25,25,25,46,35,35,35,34,55,1,53,0,0],"gold":425,"neow_bonus":"THREE_ENEMY_KILL","is_daily":false,"chose_seed":false,"campfire_upgraded":1,"win_rate":0.0,"timestamp":1608072740,"path_taken":["M","M","M","$","?","R","E","M","T","R","?","?","?","M","R","BOSS","M"],"items_purchased_type":["Card","Card"],"build_version":"2020-12-13","purchased_purges":0,"victory":false,"max_hp_per_floor":[70,70,70,70,70,70,70,70,70,70,70,70,70,70,70,70,70,70,70],"card_choices":[{"not_picked":["Acrobatics","Deadly Poison"],"picked":"Prepared","floor":1},{"not_picked":["Cloak And Dagger","Deadly Poison"],"picked":"Burst","floor":2},{"not_picked":["Bane","Deflect"],"picked":"Heel Hook","floor":3},{"not_picked":["Deflect","Heel Hook"],"picked":"Calculated Gamble","floor":7},{"not_picked":["Deflect","Backflip"],"picked":"PiercingWail","floor":8},{"not_picked":["Accuracy","Predator"],"picked":"Backstab","floor":13},{"not_picked":["Backflip","Distraction"],"picked":"Calculated Gamble","floor":14},{"not_picked":["Envenom","Doppelganger"],"picked":"Storm of Steel","floor":16}],"player_experience":602328,"relics_obtained":[{"floor":7,"key":"Unceasing Top"},{"floor":9,"key":"InkBottle"}],"event_choices":[{"damage_healed":0,"gold_gain":175,"player_choice":"AGREE","damage_taken":0,"max_hp_gain":0,"max_hp_loss":0,"event_name":"Liars Game","floor":5,"gold_loss":0,"cards_obtained":["Doubt"]},{"damage_healed":0,"gold_gain":75,"player_choice":"Gather Gold","damage_taken":11,"max_hp_gain":0,"max_hp_loss":0,"event_name":"World of Goop","floor":11,"gold_loss":0},{"damage_healed":0,"gold_gain":0,"player_choice":"Forge","damage_taken":0,"max_hp_gain":0,"max_hp_loss":0,"event_name":"Accursed Blacksmith","floor":12,"gold_loss":0,"cards_upgraded":["Distraction"]}],"is_beta":false,"boss_relics":[{"not_picked":["Snecko Eye","Tiny House"],"picked":"SlaversCollar"}],"items_purged_floors":[],"is_endless":false,"potions_floor_spawned":[7,14,16],"killed_by":"3 Byrds","ascension_level":5}}