{"host":"ja297la2wpvv1dvv","time":1608053392,"event":{"mods":["AchievementEnabler","BaseMod","Colored Map","Minty Spire (QoL Compilation)"],"gold_per_floor":[117,189,205,225,244,244,274,274,274,289,289,299,330,23,23,119,119,135,153,153,165,18,47,47,61,61,61,77,93,107,2,2,107,107,123,123,134,134,154,182,182,198,198,8,8,8],"floor_reached":45,"playtime":5384,"items_purged":["Defend_P"],"score":529,"play_id":"25e4058f-953f-4cd3-a789-1b1d8ef1aedf","local_time":"20201215112952","is_ascension_mode":false,"campfire_choices":[{"data":"Eruption","floor":6,"key":"SMITH"},{"floor":8,"key":"REST"},{"data":"Conclude","floor":11,"key":"SMITH"},{"data":"Judgement","floor":15,"key":"SMITH"},{"floor":24,"key":"REST"},{"floor":27,"key":"REST"},{"floor":32,"key":"REST"},{"floor":41,"key":"REST"}],"circlet_count":0,"master_deck":["Strike_P","Strike_P","Defend_P","Defend_P","Eruption+1","Vigilance","Conclude+1","ThirdEye","Prostrate","CutThroughFate","EmptyBody","Collect","Tantrum","Judgement+1","Swivel","Halt","BattleHymn+1","Nirvana","Meditate","ThirdEye","Swivel","Adaptation","Vengeance","Devotion","FlyingSleeves+1","EmptyBody+1","LikeWater+1","FollowUp+1","Weave","Trip","JustLucky","Ragnarok","PathToVictory+1","TalkToTheHand","Protect"],"relics":["PureWater","Eternal Feather","Pen Nib","Matryoshka","Centennial Puzzle","CaptainsWheel","Fusion Hammer","Akabeko","Ancient Tea Set","MealTicket","Kunai","Astrolabe","Shuriken","Bird Faced Urn","Bottled Lightning"],"acts_visited":["Exordium","TheCity","TheBeyond"],"potions_floor_usage":[23,33,33,33,40,40],"damage_taken":[{"damage":1,"enemies":"Cultist","floor":1,"turns":4},{"damage":0,"enemies":"2 Louse","floor":3,"turns":1},{"damage":1,"enemies":"Jaw Worm","floor":4,"turns":4},{"damage":4,"enemies":"2 Fungi Beasts","floor":5,"turns":2},{"damage":50,"enemies":"3 Sentries","floor":7,"turns":10},{"damage":4,"enemies":"Exordium Wildlife","floor":10,"turns":3},{"damage":5,"enemies":"Looter","floor":12,"turns":4},{"damage":6,"enemies":"Gremlin Nob","floor":13,"turns":3},{"damage":38,"enemies":"The Guardian","floor":16,"turns":9},{"damage":0,"enemies":"3 Byrds","floor":18,"turns":3},{"damage":5,"enemies":"Chosen","floor":19,"turns":3},{"damage":3,"enemies":"Snecko","floor":21,"turns":4},{"damage":23,"enemies":"Slavers","floor":23,"turns":3},{"damage":3,"enemies":"Centurion and Healer","floor":25,"turns":4},{"damage":0,"enemies":"Cultist and Chosen","floor":28,"turns":4},{"damage":3,"enemies":"Chosen and Byrds","floor":29,"turns":4},{"damage":0,"enemies":"Snake Plant","floor":30,"turns":2},{"damage":29,"enemies":"Automaton","floor":33,"turns":6},{"damage":0,"enemies":"Orb Walker","floor":35,"turns":4},{"damage":6,"enemies":"3 Shapes","floor":37,"turns":3},{"damage":18,"enemies":"Sphere and 2 Shapes","floor":39,"turns":3},{"damage":43,"enemies":"Nemesis","floor":40,"turns":5},{"damage":15,"enemies":"4 Shapes","floor":42,"turns":3},{"damage":75,"enemies":"Reptomancer","floor":45,"turns":2}],"seed_played":"8290600580407675735","potions_obtained":[{"floor":1,"key":"CultistPotion"},{"floor":7,"key":"DuplicationPotion"},{"floor":13,"key":"SpeedPotion"},{"floor":18,"key":"BlessingOfTheForge"},{"floor":25,"key":"Swift Potion"},{"floor":29,"key":"BlessingOfTheForge"},{"floor":33,"key":"DuplicationPotion"},{"floor":35,"key":"DuplicationPotion"},{"floor":39,"key":"FearPotion"},{"floor":40,"key":"EssenceOfSteel"}],"is_trial":false,"path_per_floor":["M","T","M","M","M","R","E","R","T","M","R","M","E","$","R","B",null,"M","M","?","M","$","E","R","M","T","R","M","M","M","$","R","B",null,"M","?","M","?","M","E","R","M","T","$","E"],"character_chosen":"WATCHER","items_purchased":["CaptainsWheel","Akabeko","Adaptation","Vengeance","TalkToTheHand","Protect"],"campfire_rested":5,"item_purchase_floors":[14,22,31,31,44,44],"current_hp_per_floor":[78,78,78,77,73,79,29,61,61,57,66,61,55,55,64,26,79,79,74,89,86,86,63,89,86,86,89,89,86,86,89,89,60,89,89,89,83,83,65,22,66,51,51,66,0,0],"gold":8,"neow_bonus":"TEN_PERCENT_HP_BONUS","is_daily":false,"chose_seed":false,"campfire_upgraded":3,"win_rate":0.0,"timestamp":1608053392,"path_taken":["M","?","M","M","M","R","E","R","T","M","R","M","E","$","R","BOSS","M","M","?","M","$","E","R","?","T","R","M","M","M","$","R","BOSS","M","?","M","?","M","E","R","M","T","$","E"],"items_purchased_type":["Relic","Relic","Card","Card","Card","Card"],"build_version":"2020-12-13","purchased_purges":1,"victory":false,"max_hp_per_floor":[79,79,79,79,79,79,79,79,79,79,79,79,79,79,79,79,79,79,79,89,89,89,89,89,89,89,89,89,89,89,89,89,89,89,89,89,89,89,89,89,89,89,89,89,89,89],"card_choices":[{"not_picked":["Tantrum","FollowUp"],"picked":"Conclude","floor":1},{"not_picked":["InnerPeace","BowlingBash"],"picked":"ThirdEye","floor":3},{"not_picked":["ClearTheMind","Crescendo"],"picked":"Prostrate","floor":4},{"not_picked":["BowlingBash","Prostrate"],"picked":"CutThroughFate","floor":5},{"not_picked":["ClearTheMind","Weave"],"picked":"EmptyBody","floor":7},{"not_picked":["MasterReality","WaveOfTheHand"],"picked":"Collect","floor":10},{"not_picked":["PathToVictory","ThirdEye"],"picked":"Tantrum","floor":12},{"not_picked":["Blasphemy","SignatureMove"],"picked":"Judgement","floor":13},{"not_picked":["LessonLearned","ConjureBlade"],"picked":"Brilliance","floor":16},{"not_picked":["SashWhip","PathToVictory+1"],"picked":"Swivel","floor":18},{"not_picked":["Conclude","SashWhip"],"picked":"Halt","floor":19},{"not_picked":["Consecrate+1","Protect"],"picked":"BattleHymn+1","floor":21},{"not_picked":["Perseverance","EmptyBody+1"],"picked":"Nirvana","floor":23},{"not_picked":["SashWhip","WreathOfFlame"],"picked":"Meditate","floor":25},{"not_picked":["Worship","Conclude"],"picked":"ThirdEye","floor":28},{"not_picked":["Crescendo","Consecrate+1"],"picked":"EmptyMind+1","floor":29},{"not_picked":["Collect","Blasphemy"],"picked":"Swivel","floor":30},{"not_picked":["LessonLearned","Scrawl"],"picked":"Devotion","floor":33},{"not_picked":["EmptyBody+1","CutThroughFate"],"picked":"FollowUp+1","floor":35},{"not_picked":["ThirdEye+1","WaveOfTheHand+1"],"picked":"Weave","floor":37},{"not_picked":["Purity","Secret Technique"],"picked":"Trip","floor":38},{"not_picked":["Indignation","EmptyBody+1"],"picked":"JustLucky","floor":39},{"not_picked":["Evaluate+1","DeceiveReality+1"],"picked":"Ragnarok","floor":40},{"not_picked":["Collect+1","Perseverance"],"picked":"PathToVictory+1","floor":42}],"player_experience":144294,"relics_obtained":[{"floor":2,"key":"Eternal Feather"},{"floor":7,"key":"Pen Nib"},{"floor":9,"key":"Matryoshka"},{"floor":13,"key":"Centennial Puzzle"},{"floor":23,"key":"Ancient Tea Set"},{"floor":26,"key":"MealTicket"},{"floor":26,"key":"Kunai"},{"floor":40,"key":"Shuriken"},{"floor":43,"key":"Bird Faced Urn"},{"floor":43,"key":"Bottled Lightning"}],"event_choices":[{"cards_removed":["Brilliance"],"damage_healed":5,"gold_gain":0,"player_choice":"Offered Rare","damage_taken":0,"max_hp_gain":10,"max_hp_loss":0,"event_name":"Bonfire Elementals","floor":20,"gold_loss":0},{"cards_removed":["EmptyMind"],"damage_healed":0,"gold_gain":0,"player_choice":"Removed Skill","damage_taken":0,"max_hp_gain":0,"max_hp_loss":0,"event_name":"Falling","floor":36,"gold_loss":0},{"damage_healed":0,"gold_gain":0,"player_choice":"Memory 1","damage_taken":0,"max_hp_gain":0,"max_hp_loss":0,"event_name":"SensoryStone","floor":38,"gold_loss":0}],"is_beta":false,"boss_relics":[{"not_picked":["SacredBark","Coffee Dripper"],"picked":"Fusion Hammer"},{"not_picked":["Runic Dome","Runic Pyramid"],"picked":"Astrolabe"}],"items_purged_floors":[44],"is_endless":false,"potions_floor_spawned":[1,7,13,18,25,29,30,33,35,39,40],"killed_by":"Reptomancer","ascension_level":0}}