{"host":"is2s59edl8twrhoj","time":1608036269,"event":{"mods":["BaseMod","Colored Map","Colored Powertips","DeckTracker","Minty Spire (QoL Compilation)","StSLib"],"gold_per_floor":[366,366,377,392,412,412,296,307,307,317,317,349,361,393,405,491,503,489,379,379,395,395,395,395],"floor_reached":23,"playtime":1010,"items_purged":["Strike_G","Defend_G"],"score":407,"play_id":"43938c06-3491-4045-8d03-02de84dd15a3","local_time":"20201215124429","is_ascension_mode":true,"campfire_choices":[{"data":"Venomology","floor":6.0,"key":"SMITH"},{"data":"Neutralize","floor":11,"key":"SMITH"},{"floor":13,"key":"REST"},{"data":"Phantasmal Killer","floor":15,"key":"SMITH"}],"circlet_count":0,"master_deck":["AscendersBane","Defend_G","Defend_G","Defend_G","Defend_G","Survivor","Neutralize+1","Poisoned Stab","All Out Attack","Venomology+1","Footwork","Backflip","Phantasmal Killer+1","Bite","Bite","Bite","Bite","Bite"],"relics":["Ring of the Snake","FaceOfCleric","Question Card","MawBank","Coffee Dripper"],"acts_visited":["Exordium","TheCity"],"potions_floor_usage":[10,10,12,12,14,14,16,18,21,23,23,23],"damage_taken":[{"damage":13.0,"enemies":"Small Slimes","floor":1.0,"turns":5.0},{"damage":1.0,"enemies":"Cultist","floor":3.0,"turns":4.0},{"damage":0.0,"enemies":"2 Louse","floor":4.0,"turns":2.0},{"damage":20.0,"enemies":"Large Slime","floor":5.0,"turns":4.0},{"damage":2.0,"enemies":"2 Fungi Beasts","floor":8.0,"turns":4.0},{"damage":1,"enemies":"Exordium Thugs","floor":10,"turns":7},{"damage":0,"enemies":"3 Sentries","floor":12,"turns":2},{"damage":0,"enemies":"Large Slime","floor":14,"turns":6},{"damage":37,"enemies":"The Guardian","floor":16,"turns":19},{"damage":3,"enemies":"2 Thieves","floor":18,"turns":5},{"damage":3,"enemies":"Chosen","floor":21,"turns":5},{"damage":52,"enemies":"Slavers","floor":23,"turns":6}],"seed_played":"-1435715986771519189","potions_obtained":[{"floor":8.0,"key":"DuplicationPotion"},{"floor":10,"key":"SkillPotion"},{"floor":12,"key":"BlessingOfTheForge"},{"floor":16,"key":"GamblersBrew"},{"floor":21,"key":"GhostInAJar"}],"is_trial":false,"path_per_floor":["M","?","M","M","M","R","$","M","T","M","R","E","R","M","R","B",null,"M","$","?","M","?","E"],"character_chosen":"THE_SILENT","items_purchased":["Footwork","Deadly Poison"],"campfire_rested":1,"item_purchase_floors":[7,19],"current_hp_per_floor":[46,46,46,47,28,28,28,27,27,27,27,28,47,63,63,27,58,56,56,48,46,46,0,0],"gold":395,"neow_bonus":"TWO_FIFTY_GOLD","is_daily":false,"chose_seed":false,"campfire_upgraded":3,"win_rate":0.0,"timestamp":1608036269,"path_taken":["M","?","M","M","?","R","$","M","T","M","R","E","R","M","R","BOSS","M","$","?","M","?","E"],"items_purchased_type":["Card","Card"],"build_version":"2020-12-13","purchased_purges":2,"victory":false,"max_hp_per_floor":[60,60,61,62,63,63,63,64,64,65,65,66,66,67,67,68,68,69,69,48,49,49,49,49],"card_choices":[{"not_picked":["Dodge and Roll","Dagger Throw"],"picked":"Poisoned Stab","floor":1.0},{"not_picked":["Distraction","Dagger Throw"],"picked":"All Out Attack","floor":3.0},{"not_picked":["Underhanded Strike","Flying Knee"],"picked":"Venomology","floor":4.0},{"not_picked":["Choke","Underhanded Strike","Dagger Throw"],"picked":"SKIP","floor":5.0},{"not_picked":["Dagger Spray","Finisher","Dodge and Roll"],"picked":"SKIP","floor":8.0},{"not_picked":["Blade Dance","Dodge and Roll","Dash","Finisher"],"picked":"SKIP","floor":10},{"not_picked":["Acrobatics","Bouncing Flask","Dagger Throw"],"picked":"Backflip","floor":12},{"not_picked":["Acrobatics","Backflip","Riddle With Holes"],"picked":"Phantasmal Killer","floor":14},{"not_picked":["All Out Attack","PiercingWail","Distraction","Leg Sweep+1"],"picked":"SKIP","floor":18},{"not_picked":["Cloak And Dagger","Deflect+1","Sucker Punch","Backflip"],"picked":"SKIP","floor":21}],"player_experience":621358,"relics_obtained":[{"floor":9.0,"key":"Question Card"},{"floor":12,"key":"MawBank"}],"event_choices":[{"damage_healed":0.0,"max_hp_gain":0.0,"max_hp_loss":0.0,"gold_gain":0.0,"event_name":"FaceTrader","player_choice":"Trade","floor":2.0,"gold_loss":0.0,"damage_taken":0.0,"relics_obtained":["FaceOfCleric"]},{"damage_healed":0,"gold_gain":0,"player_choice":"Became a vampire","damage_taken":0,"max_hp_gain":0,"max_hp_loss":21,"event_name":"Vampires","floor":20,"gold_loss":0,"cards_obtained":["Bite","Bite","Bite","Bite","Bite"]},{"cards_removed":["Deadly Poison"],"damage_healed":0,"gold_gain":0,"player_choice":"Elegance","damage_taken":0,"max_hp_gain":0,"max_hp_loss":0,"event_name":"Back to Basics","floor":22,"gold_loss":0}],"is_beta":false,"boss_relics":[{"not_picked":["Runic Dome","HoveringKite"],"picked":"Coffee Dripper"}],"items_purged_floors":[7,19],"is_endless":false,"potions_floor_spawned":[8,10,12,16,18,21],"killed_by":"Slavers","ascension_level":15}}