{"host":"i9wanet4r0ff4t9y","time":1608051232,"event":{"mods":["2.2 Compatiblity","Act Like it!","BaseMod","Bestiary","Better Altar","Better Match","Better Note","Better Sensory Stone","Better Skull","Better Third Choice","Better Vampires","BetterRewards","CapriCore","Downfall","Minty Spire (QoL Compilation)","READ ME - Guardian Mod","READ ME - Snecko Mod","Relic Stats","Replay The Spire","Say the Spire","Spicy Shops","StSLib","The Disciple","Waifu the Spire"],"gold_per_floor":[116,116,133,133,133,133,166,166,166,0,0,0,18,39,39,163,163,177,202,3,17,30,30,69,88,113,113,151,151,171,210,210,338,338,353,17,17,31,56,100,124,124,124,147,147,191,211,544,544,544],"floor_reached":51,"playtime":1905,"items_purged":[],"score":1438,"play_id":"27f2431f-e804-420c-92db-5a8c43d37637","local_time":"20201215175352","is_ascension_mode":true,"campfire_choices":[{"floor":6,"key":"REST"},{"floor":11,"key":"REST"},{"floor":15,"key":"REST"},{"data":"Distraction","floor":23,"key":"SMITH"},{"data":"Replay:SS_fish_1","floor":42,"key":"SMITH"},{"data":"Bullet Time","floor":49,"key":"SMITH"}],"circlet_count":0,"master_deck":["AscendersBane","Strike_G","Strike_G","Strike_G","Strike_G","Strike_G","Defend_G","Defend_G","Defend_G","Defend_G","Survivor","Neutralize","Backstab","Slice","Replay:SS_fish_1+1","Dagger Spray","Sucker Punch","Riddle With Holes","Distraction+1","Crippling Poison","Bullet Time+1","Hidden Blade","Backflip","Bouncing Flask","Leg Sweep","Distraction","Dagger Throw+1","PiercingWail","Flechettes","Outmaneuver+1","Heel Hook","Quick Slash","Accuracy","Cloak And Dagger","Underhanded Strike+1","Quick Slash+1","Hidden Blade","Dash","Deflect+1","Deadly Poison","Hidden Blade+1","Slice","PiercingWail","Sucker Punch+1","Crippling Poison"],"relics":["Ring of the Serpent","Ninja Scroll","Omamori","Bag of Preparation","Chemical X","Pondfish Scales","betterThird:SlimedRelic","Art of War","Mummified Hand","Membership Card","Ginger","Replay:Grab Bag","Sozu","Busted Crown","WristBlade","Kunai","ReplayFunnel","The Courier","Orichalcum","Letter Opener","Toy Ornithopter","MealTicket","Replay:Ancient Bell","Snake Skull","Snack Pack","Prayer Wheel","TwistedFunnel","Juzu Bracelet","Vajra","Pear","Replay:Ringing Soul","Replay:Accelerometer","StoneCalendar"],"acts_visited":["Exordium","TheCity","TheBeyond"],"potions_floor_usage":[7,28,31],"damage_taken":[{"damage":0,"enemies":"Jaw Worm","floor":1,"turns":2},{"damage":0,"enemies":"Small Slimes","floor":3,"turns":3},{"damage":38,"enemies":"Replay:BlueRogue","floor":7,"turns":5},{"damage":0,"enemies":"2 Louse","floor":13,"turns":2},{"damage":0,"enemies":"Looter","floor":14,"turns":1},{"damage":0,"enemies":"Fading Forest","floor":16,"turns":1},{"damage":0,"enemies":"Spheric Guardian","floor":18,"turns":1},{"damage":1,"enemies":"3 Byrds","floor":19,"turns":4},{"damage":0,"enemies":"Snake Plant","floor":21,"turns":5},{"damage":0,"enemies":"Cultist and Chosen","floor":22,"turns":4},{"damage":4,"enemies":"Book of Stabbing","floor":24,"turns":5},{"damage":0,"enemies":"Centurion and Healer","floor":25,"turns":3},{"damage":2,"enemies":"Slavers","floor":28,"turns":4},{"damage":0,"enemies":"Snecko","floor":30,"turns":4},{"damage":12,"enemies":"Replay:Snechameleon","floor":31,"turns":2},{"damage":21,"enemies":"Automaton","floor":33,"turns":11},{"damage":0,"enemies":"Orb Walker","floor":35,"turns":2},{"damage":0,"enemies":"3 Darklings","floor":38,"turns":2},{"damage":27,"enemies":"Transient","floor":39,"turns":5},{"damage":0,"enemies":"Nemesis","floor":40,"turns":7},{"damage":0,"enemies":"Sphere and 2 Shapes","floor":41,"turns":3},{"damage":0,"enemies":"Jaw Worm Horde","floor":44,"turns":4},{"damage":0,"enemies":"Reptomancer","floor":46,"turns":5},{"damage":4,"enemies":"4 Shapes","floor":47,"turns":2},{"damage":47,"enemies":"Donu and Deca","floor":50,"turns":10}],"seed_played":"8561278689834384877","potions_obtained":[{"floor":3,"key":"LiquidBronze"},{"floor":13,"key":"Death Potion"},{"floor":14,"key":"GamblersBrew"}],"is_trial":false,"path_per_floor":["M","?","M","?","?","R","E","?","T","$","R","$","M","M","R","B",null,"M","M","$","M","M","R","E","M","T","T","E","?","M","E","R","B",null,"M","$","?","M","M","E","M","R","T","M","?","E","M","?","R","B",null],"character_chosen":"THE_SILENT","items_purchased":["Ninja Scroll","Omamori","Bag of Preparation","Chemical X","Backstab","Membership Card","Riddle With Holes","Ginger","Kunai","ReplayFunnel","TwistedFunnel","Juzu Bracelet","Vajra","Pear","Accuracy","Cloak And Dagger"],"campfire_rested":3,"item_purchase_floors":[0,0,0,0,0,10,10,12,20,20,36,36,36,36,36,36],"current_hp_per_floor":[31,31,31,20,20,41,3,20,20,20,41,41,41,41,62,62,68,68,67,67,67,67,67,63,63,63,63,61,61,61,54,70,49,65,69,80,77,77,56,67,80,80,80,86,86,89,92,92,92,53],"gold":544,"neow_bonus":"","is_daily":false,"chose_seed":false,"campfire_upgraded":3,"win_rate":0.0,"timestamp":1608051232,"path_taken":["M","?","M","?","?","R","E","?","T","?","R","$","M","M","R","BOSS","M","?","?","M","M","R","E","M","T","?","E","?","M","E","R","BOSS","M","$","?","M","M","E","M","R","T","M","?","E","M","?","R","BOSS"],"items_purchased_type":["Relic","Relic","Relic","Relic","Card","Relic","Card","Relic","Relic","Relic","Relic","Relic","Relic","Relic","Card","Card"],"build_version":"2020-12-13","purchased_purges":0,"victory":true,"max_hp_per_floor":[70,70,70,70,70,70,70,70,70,70,70,70,70,70,70,70,70,70,70,70,70,70,70,70,70,70,70,70,70,70,70,70,70,70,70,80,77,77,77,80,83,83,83,86,86,89,92,92,92,92],"relic_stats":{"counters":[264,1013],"StoneCalendar":[58],"Snake Skull":[51],"Bag of Preparation":[21],"Juzu Bracelet":1,"Ginger":[5],"Letter Opener":[166],"Orichalcum":[0],"Sozu":10,"Busted Crown":56,"Mummified Hand":[7],"MealTicket":1,"Prayer Wheel":6,"Art of War":[7],"Chemical X":[2],"Kunai":[60],"obtain_stats":[{"TwistedFunnel":0,"Replay:Accelerometer":42,"Vampiric Spirits":0,"Whetstone":24,"Ginger":12,"Sling":0,"Boot":23,"Replay:Wanted Poster":17,"Replay:Ringing Soul":40,"Sundial":43,"Replay:Bronze Core":17,"MealTicket":7,"Replay:Bottled Flurry":27,"HandDrill":30,"Kunai":0,"Replay:Bottled Steam":7,"Pear":44,"ReplayTheSpireMod:Ring of Addiction":46,"Counterbalance":47,"Pen Nib":37,"Replay:Ancient Bell":34,"Paper Crane":0,"Akabeko":13,"ReplayTheSpireMod:Ring of Collecting":2,"Ring of the Serpent":17,"Regal Pillow":24,"Singing Bowl":9,"Torii":34,"Painkiller Herb":34,"StoneCalendar":53,"Blue Doll":25,"Bag of Preparation":6,"Replay:Multitool":27,"Ancient Tea Set":25,"Cursed Key":34,"Smiling Mask":45,"Pet Ghost":9,"Replay:Rubber Ducky":41,"BranchBurnRelic":15,"Ring of Fangs":46,"Matryoshka":27,"WristBlade":17,"Ninja Scroll":21,"Chemical X":37,"Ring of Panic":5,"Replay:Bottled Eggs":26,"InkBottle":44,"Ring of the Snake":0,"Lee\u0027s Waffle":0,"NeowsBlessing":0,"Golden Idol":5,"Circlet":0,"Thread and Needle":26,"betterThird:NestCultRelic":21,"The Courier":45,"PreservedInsect":0,"Omamori":9,"Frozen Egg 2":26,"MawBank":2,"Busted Crown":17,"Ornamental Fan":36,"betterThird:SlimedRelic":2,"Turnip":7,"Art of War":26,"Garlic":29,"Bottled Lightning":43,"ReplayTheSpireMod:Onyx Gauntlets":17,"ReplayTheSpireMod:Ring of Challenge":3,"Toy Ornithopter":46,"Ice Cream":0,"Divine Protection":9,"Tiny House":34,"Gremlin Horn":6,"CeramicFish":8,"Vajra":22,"Sozu":17,"Centennial Puzzle":43,"Lizard Tail":47,"Strawberry":37,"Honey Jar":34,"Philosopher\u0027s Stone":17,"Prayer Wheel":0,"Toxic Egg 2":26,"Happy Flower":43,"Ring of Hypnosis":9,"ReplayTheSpireMod:CursedCoin":24,"Dead Branch":0,"Replay:Grab Bag":17,"Oddly Smooth Stone":20,"Ring of Chaos":34,"Replay:Kaleidoscope":0,"Letter Opener":27,"War Paint":26,"WarpedTongs":29,"Replay:Baseball":11,"Bottled Flame":30,"ReplayTheSpireMod:Shallot":11,"Shuriken":9,"Onion Ring":40,"Simple Rune":24,"Black Star":17,"ReplayTheSpireMod:TigerMarble":0,"Grinning Jar":6,"Pocketwatch":44,"Meat on the Bone":7,"Darkstone Periapt":0,"ReplayFunnel":20,"ReplayTheSpireMod:Ring of Exchange":2,"Replay:PocketPolymizer":17,"SacredBark":46,"Snake Skull":25,"Juzu Bracelet":0,"Incense Burner":28,"ClockworkSouvenir":25,"Nunchaku":9,"Replay:Bandana":43,"Tough Bandages":0,"Dream Catcher":8,"Chameleon Ring":0,"Mummified Hand":37,"Pantograph":37,"Gambling Chip":36,"Tiny Chest":0,"Red Mask":19,"Replay:Drink Me":17,"Gremlin Food":30,"BargainBundle":53,"ReplayTheSpireMod:Ninjato":7,"Guide Book":37,"Quantum Egg":30,"Replay:WaspNest":37,"Orichalcum":5,"Odd Mushroom":10,"Medical Kit":47,"White Beast Statue":0,"Calling Bell":17,"Anchor":23,"CaptainsWheel":37,"Pondfish Scales":54,"Ring of Fury":26,"Bag of Marbles":44,"Snack Pack":34,"Membership Card":0,"ReplayTheSpireMod:ShopPack":0},{"TwistedFunnel":76,"Replay:Accelerometer":122,"Vampiric Spirits":170,"Whetstone":61,"Ginger":242,"Sling":26,"Boot":113,"Replay:Wanted Poster":84,"Replay:Ringing Soul":259,"Sundial":70,"Replay:Bronze Core":34,"MealTicket":53,"Replay:Bottled Flurry":39,"HandDrill":41,"Kunai":185,"Replay:Bottled Steam":175,"Pear":71,"ReplayTheSpireMod:Ring of Addiction":48,"Counterbalance":150,"Pen Nib":66,"Replay:Ancient Bell":255,"Paper Crane":211,"Akabeko":7,"ReplayTheSpireMod:Ring of Collecting":186,"Ring of the Serpent":132,"Regal Pillow":209,"Singing Bowl":128,"Torii":226,"Painkiller Herb":140,"StoneCalendar":152,"Blue Doll":166,"Bag of Preparation":3,"Replay:Multitool":39,"Ancient Tea Set":15,"Cursed Key":18,"Smiling Mask":97,"Pet Ghost":105,"Replay:Rubber Ducky":228,"BranchBurnRelic":33,"Ring of Fangs":48,"Matryoshka":89,"WristBlade":58,"Ninja Scroll":59,"Chemical X":66,"Ring of Panic":104,"Replay:Bottled Eggs":223,"InkBottle":71,"Ring of the Snake":0,"Lee\u0027s Waffle":49,"NeowsBlessing":0,"Golden Idol":241,"Circlet":0,"Thread and Needle":37,"betterThird:NestCultRelic":36,"The Courier":48,"PreservedInsect":154,"Omamori":4,"Frozen Egg 2":88,"MawBank":1,"Busted Crown":245,"Ornamental Fan":93,"betterThird:SlimedRelic":102,"Turnip":128,"Art of War":15,"Garlic":137,"Bottled Lightning":229,"ReplayTheSpireMod:Onyx Gauntlets":58,"ReplayTheSpireMod:Ring of Challenge":213,"Toy Ornithopter":48,"Ice Cream":188,"Divine Protection":159,"Tiny House":43,"Gremlin Horn":158,"CeramicFish":80,"Vajra":12,"Sozu":245,"Centennial Puzzle":22,"Lizard Tail":24,"Strawberry":45,"Honey Jar":117,"Philosopher\u0027s Stone":9,"Prayer Wheel":49,"Toxic Egg 2":113,"Happy Flower":122,"Ring of Hypnosis":216,"ReplayTheSpireMod:CursedCoin":113,"Dead Branch":26,"Replay:Grab Bag":58,"Oddly Smooth Stone":110,"Ring of Chaos":92,"Replay:Kaleidoscope":26,"Letter Opener":251,"War Paint":135,"WarpedTongs":62,"Replay:Baseball":31,"Bottled Flame":90,"ReplayTheSpireMod:Shallot":31,"Shuriken":80,"Onion Ring":69,"Simple Rune":165,"Black Star":58,"ReplayTheSpireMod:TigerMarble":101,"Grinning Jar":201,"Pocketwatch":23,"Meat on the Bone":215,"Darkstone Periapt":49,"ReplayFunnel":247,"ReplayTheSpireMod:Ring of Exchange":186,"Replay:PocketPolymizer":162,"SacredBark":48,"Snake Skull":37,"Juzu Bracelet":26,"Incense Burner":40,"ClockworkSouvenir":37,"Nunchaku":30,"Replay:Bandana":97,"Tough Bandages":126,"Dream Catcher":159,"Chameleon Ring":76,"Mummified Hand":66,"Pantograph":66,"Gambling Chip":119,"Tiny Chest":76,"Red Mask":11,"Replay:Drink Me":219,"Gremlin Food":41,"BargainBundle":75,"ReplayTheSpireMod:Ninjato":80,"Guide Book":45,"Quantum Egg":63,"Replay:WaspNest":119,"Orichalcum":28,"Odd Mushroom":31,"Medical Kit":150,"White Beast Statue":211,"Calling Bell":162,"Anchor":13,"CaptainsWheel":20,"Pondfish Scales":76,"Ring of Fury":223,"Bag of Marbles":148,"Snack Pack":255,"Membership Card":26,"ReplayTheSpireMod:ShopPack":101},{"TwistedFunnel":283,"Replay:Accelerometer":422,"Vampiric Spirits":616,"Whetstone":237,"Ginger":927,"Sling":101,"Boot":394,"Replay:Wanted Poster":313,"Replay:Ringing Soul":989,"Sundial":265,"Replay:Bronze Core":127,"MealTicket":209,"Replay:Bottled Flurry":144,"HandDrill":153,"Kunai":680,"Replay:Bottled Steam":635,"Pear":268,"ReplayTheSpireMod:Ring of Addiction":186,"Counterbalance":534,"Pen Nib":253,"Replay:Ancient Bell":973,"Paper Crane":788,"Akabeko":19,"ReplayTheSpireMod:Ring of Collecting":684,"Ring of the Serpent":465,"Regal Pillow":780,"Singing Bowl":446,"Torii":862,"Painkiller Herb":500,"StoneCalendar":544,"Blue Doll":600,"Bag of Preparation":3,"Replay:Multitool":144,"Ancient Tea Set":54,"Cursed Key":66,"Smiling Mask":346,"Pet Ghost":367,"Replay:Rubber Ducky":870,"BranchBurnRelic":118,"Ring of Fangs":186,"Matryoshka":324,"WristBlade":230,"Ninja Scroll":232,"Chemical X":253,"Ring of Panic":365,"Replay:Bottled Eggs":843,"InkBottle":268,"Ring of the Snake":0,"Lee\u0027s Waffle":194,"NeowsBlessing":0,"Golden Idol":922,"Circlet":0,"Thread and Needle":137,"betterThird:NestCultRelic":133,"The Courier":186,"PreservedInsect":556,"Omamori":7,"Frozen Egg 2":320,"MawBank":1,"Busted Crown":931,"Ornamental Fan":335,"betterThird:SlimedRelic":361,"Turnip":446,"Art of War":54,"Garlic":486,"Bottled Lightning":873,"ReplayTheSpireMod:Onyx Gauntlets":230,"ReplayTheSpireMod:Ring of Challenge":796,"Toy Ornithopter":186,"Ice Cream":699,"Divine Protection":573,"Tiny House":164,"Gremlin Horn":570,"CeramicFish":298,"Vajra":42,"Sozu":931,"Centennial Puzzle":78,"Lizard Tail":88,"Strawberry":173,"Honey Jar":408,"Philosopher\u0027s Stone":30,"Prayer Wheel":194,"Toxic Egg 2":394,"Happy Flower":422,"Ring of Hypnosis":808,"ReplayTheSpireMod:CursedCoin":394,"Dead Branch":101,"Replay:Grab Bag":230,"Oddly Smooth Stone":381,"Ring of Chaos":332,"Replay:Kaleidoscope":101,"Letter Opener":953,"War Paint":477,"WarpedTongs":240,"Replay:Baseball":114,"Bottled Flame":326,"ReplayTheSpireMod:Shallot":114,"Shuriken":298,"Onion Ring":262,"Simple Rune":598,"Black Star":230,"ReplayTheSpireMod:TigerMarble":360,"Grinning Jar":747,"Pocketwatch":83,"Meat on the Bone":805,"Darkstone Periapt":194,"ReplayFunnel":936,"ReplayTheSpireMod:Ring of Exchange":684,"Replay:PocketPolymizer":589,"SacredBark":186,"Snake Skull":137,"Juzu Bracelet":101,"Incense Burner":148,"ClockworkSouvenir":137,"Nunchaku":111,"Replay:Bandana":346,"Tough Bandages":437,"Dream Catcher":573,"Chameleon Ring":283,"Mummified Hand":253,"Pantograph":253,"Gambling Chip":415,"Tiny Chest":283,"Red Mask":38,"Replay:Drink Me":829,"Gremlin Food":153,"BargainBundle":280,"ReplayTheSpireMod:Ninjato":298,"Guide Book":173,"Quantum Egg":243,"Replay:WaspNest":415,"Orichalcum":106,"Odd Mushroom":114,"Medical Kit":534,"White Beast Statue":788,"Calling Bell":589,"Anchor":46,"CaptainsWheel":72,"Pondfish Scales":283,"Ring of Fury":843,"Bag of Marbles":526,"Snack Pack":973,"Membership Card":101,"ReplayTheSpireMod:ShopPack":360}],"Toy Ornithopter":59},"card_choices":[{"not_picked":["Well Laid Plans","Dodge and Roll"],"picked":"Slice","floor":1},{"not_picked":["Blind","expansioncontent:Torchfire"],"picked":"Replay:SS_fish_1","floor":2},{"not_picked":["Dodge and Roll","ReplayTheSpireMod:Shiv Toss"],"picked":"Dagger Spray","floor":3},{"not_picked":["Reflex","Deadly Poison"],"picked":"Sucker Punch","floor":7},{"not_picked":["Deadly Poison","Dodge and Roll"],"picked":"Distraction","floor":13},{"not_picked":["Bane","PiercingWail"],"picked":"Crippling Poison","floor":14},{"not_picked":["Storm of Steel","Poison Darts"],"picked":"Bullet Time","floor":16},{"not_picked":[],"picked":"Hidden Blade","floor":18},{"not_picked":[],"picked":"Backflip","floor":19},{"not_picked":[],"picked":"Bouncing Flask","floor":21},{"not_picked":[],"picked":"Leg Sweep","floor":22},{"not_picked":[],"picked":"Distraction","floor":24},{"not_picked":[],"picked":"Dagger Throw+1","floor":25},{"not_picked":[],"picked":"PiercingWail","floor":28},{"not_picked":[],"picked":"Flechettes","floor":30},{"not_picked":[],"picked":"Outmaneuver","floor":31},{"not_picked":[],"picked":"Voices","floor":34},{"not_picked":[],"picked":"ReplayTheSpireMod:Splinters","floor":34},{"not_picked":[],"picked":"SwitchConfidence","floor":34},{"not_picked":[],"picked":"Heel Hook","floor":35},{"not_picked":[],"picked":"Quick Slash","floor":35},{"not_picked":[],"picked":"Underhanded Strike+1","floor":38},{"not_picked":[],"picked":"Quick Slash+1","floor":38},{"not_picked":[],"picked":"Hidden Blade","floor":39},{"not_picked":[],"picked":"Dash","floor":39},{"not_picked":[],"picked":"Deflect+1","floor":40},{"not_picked":[],"picked":"Deadly Poison","floor":41},{"not_picked":[],"picked":"Hidden Blade+1","floor":41},{"not_picked":[],"picked":"Slice","floor":44},{"not_picked":[],"picked":"PiercingWail","floor":44},{"not_picked":[],"picked":"Sucker Punch+1","floor":46},{"not_picked":[],"picked":"Crippling Poison","floor":47},{"not_picked":["Masterful Stab+1"],"picked":"SKIP","floor":47}],"player_experience":355903,"relics_obtained":[{"floor":7,"key":"Art of War"},{"floor":9,"key":"Mummified Hand"},{"floor":24,"key":"The Courier"},{"floor":26,"key":"Orichalcum"},{"floor":27,"key":"Letter Opener"},{"floor":28,"key":"Toy Ornithopter"},{"floor":31,"key":"MealTicket"},{"floor":40,"key":"Replay:Ringing Soul"},{"floor":43,"key":"Replay:Accelerometer"},{"floor":46,"key":"StoneCalendar"}],"event_choices":[{"damage_healed":0,"gold_gain":1,"player_choice":"1","damage_taken":0,"max_hp_gain":0,"max_hp_loss":0,"event_name":"betterStone:BetterStone","floor":2,"gold_loss":0},{"damage_healed":0,"gold_gain":0,"player_choice":"Slimed","damage_taken":11,"max_hp_gain":1,"max_hp_loss":0,"event_name":"betterThird:BetterGoop","floor":4,"gold_loss":0},{"damage_healed":0,"gold_gain":0,"player_choice":"Take Wound","damage_taken":0,"relics_obtained":["Golden Idol"],"max_hp_gain":0,"max_hp_loss":0,"event_name":"Golden Idol","floor":5,"gold_loss":0,"cards_obtained":["Injury"]},{"damage_healed":17,"gold_gain":0,"player_choice":"Healed and dodged fight","damage_taken":0,"max_hp_gain":0,"max_hp_loss":0,"event_name":"Mushrooms","floor":8,"gold_loss":0,"cards_obtained":["Parasite"]},{"damage_healed":0,"gold_gain":0,"player_choice":"Got Potions","damage_taken":0,"max_hp_gain":0,"max_hp_loss":0,"event_name":"Lab","floor":29,"gold_loss":0},{"cards_removed":["SwitchConfidence","ReplayTheSpireMod:Splinters","Voices","Parasite"],"damage_healed":0,"gold_gain":0,"player_choice":"Removed Curses","damage_taken":0,"max_hp_gain":0,"max_hp_loss":0,"event_name":"Fountain of Cleansing","floor":37,"gold_loss":0},{"cards_removed":["Defend_G"],"damage_healed":0,"gold_gain":0,"player_choice":"Removed Skill","damage_taken":0,"max_hp_gain":0,"max_hp_loss":0,"event_name":"Falling","floor":45,"gold_loss":0},{"damage_healed":0,"gold_gain":333,"player_choice":"Gave Idol","damage_taken":0,"max_hp_gain":0,"max_hp_loss":0,"event_name":"The Moai Head","floor":48,"relics_lost":["Golden Idol"],"gold_loss":0}],"is_beta":false,"boss_relics":[{"not_picked":["Kintsugi","Philosopher\u0027s Stone"],"picked":"Replay:Grab Bag"},{"not_picked":["ChewingGum","Velvet Choker"],"picked":"Sozu"},{"not_picked":["Ectoplasm","ReplayTheSpireMod:DimensionalGlitch"],"picked":"Busted Crown"},{"not_picked":["SlaversCollar","Pandora\u0027s Box"],"picked":"Ring of the Serpent"},{"not_picked":["Black Star","Replay:Drink Me"],"picked":"WristBlade"},{"not_picked":["Coffee Dripper","Fusion Hammer"],"picked":"Replay:Ancient Bell"},{"not_picked":["CeramicFish","Simple Rune"],"picked":"Snake Skull"},{"not_picked":["Frozen Egg 2","Gremlin Horn"],"picked":"Snack Pack"},{"not_picked":["Girya","Old Coin"],"picked":"Prayer Wheel"}],"items_purged_floors":[],"is_endless":false,"potions_floor_spawned":[3,13,14,18,21,28,30,31,39,40,44,47],"ascension_level":10}}