{"host":"rwzz6mk6bpmb57ql","time":1608022559,"event":{"mods":["BaseMod","BetterRewards","Colored Map","Highlight Path","Hubris","Minty Spire (QoL Compilation)","Replay The Spire","StSLib"],"gold_per_floor":[5110,5110,5121,5133,5152,5152,5181,5181,5181,5194,4311,4311,4337,4337,4337,4440,4440,4452,3839,3853,3853,3853,3853,3865,3885,3966,3995,4028,4045,4075,4088,4088,4187,4187,4204,4224,4224,4247,4261,4291,3811,3811,3837,3854,2934,2985,3004,3226,3226,3226,3226,3226,2129,2155,2155],"floor_reached":56,"playtime":2534,"items_purged":["Strike_R","Strike_R"],"score":1957,"play_id":"b7f2bf06-3fab-4c81-a6d4-2884bbf80163","local_time":"20201215025559","is_ascension_mode":true,"campfire_choices":[{"floor":6,"key":"RECALL"},{"data":"Ghostly Armor","floor":8,"key":"SMITH"},{"data":"Corruption","floor":15,"key":"SMITH"},{"data":"Chrysalis","floor":23,"key":"SMITH"},{"data":"Flex","floor":32,"key":"SMITH"},{"data":"Dark Shackles","floor":42,"key":"SMITH"},{"data":"Defend_R+1","floor":52,"key":"SMITH"}],"circlet_count":0,"master_deck":["Strike_R+2","Strike_R+1","Defend_R+2","Defend_R+2","Defend_R+1","Defend_R+1","Bash+1","Sentinel+1","Dual Wield+1","Shrug It Off+1","Ghostly Armor+1","Dark Embrace+1","hubris:StunningStrike+1","Panache+1","Shrug It Off+1","Shrug It Off+1","Shrug It Off+1","Corruption+1","hubris:ReadiedAction+1","Berserk+1","hubris:ReadiedAction+1","Impervious+1","Impervious+1","Ghostly Armor+1","Chrysalis+1","Rupture+1","Massacre+1","Wild Strike+1","Havoc+1","Sentinel+1","Perfected Strike+1","Dropkick+1","Barricade+1","Flex+1","Berserk+1","CurseOfTheBell","Shrug It Off+1","Vault+1","Vault+1","Berserk+1","Berserk+1","hubris:StunningStrike+1","Panache+1","Dark Shackles+1","ConjureBlade+1","Sadistic Nature+1","Dramatic Entrance+1","hubris:CleavingFinish+1","Clash+1","Abandon+1","Abandon+1","Defy Death+1","Evolve+1","ReplayTheSpireMod:Limb From Limb+1","hubris:StunningStrike+1","Dark Embrace+1","Replay:Many Hands","Warcry","Pummel","Pummel","ReplayTheSpireMod:Limb From Limb","Dramatic Entrance","ReplayTheSpireMod:Necrogeddon","Perseverance"],"relics":["Burning Blood","NeowsBlessing","Dead Branch","Blue Doll","hubris:FunFungus","Medical Kit","Simple Rune","hubris:BlackHole","hubris:SlimyHat","Happy Flower","Eternal Feather","hubris:DisguiseKit","Red Mask","Blue Candle","Kunai","Calling Bell","Replay:Rubber Ducky","hubris:DeckOfHolding","Gambling Chip","hubris:Towel","Omamori","Bag of Marbles","Juzu Bracelet","hubris:ToyBattleship","Replay:Wax Seal","BargainBundle","Question Card","Mark of the Bloom","hubris:IronBody","Vajra","HandDrill","Replay:Baseball"],"acts_visited":["Exordium","TheCity","TheBeyond","TheEnding"],"potions_floor_usage":[7,7,28,28,28,33,47],"damage_taken":[{"damage":0,"enemies":"Cultist","floor":1,"turns":1},{"damage":0,"enemies":"2 Louse","floor":3,"turns":1},{"damage":0,"enemies":"Jaw Worm","floor":4,"turns":1},{"damage":16,"enemies":"Exordium Wildlife","floor":5,"turns":5},{"damage":36,"enemies":"Lagavulin","floor":7,"turns":8},{"damage":81,"enemies":"Exordium Thugs","floor":10,"turns":10},{"damage":41,"enemies":"3 Sentries","floor":13,"turns":7},{"damage":35,"enemies":"Fading Forest","floor":16,"turns":11},{"damage":0,"enemies":"Spheric Guardian","floor":18,"turns":1},{"damage":1,"enemies":"Shell Parasite","floor":20,"turns":1},{"damage":0,"enemies":"Snake Plant","floor":24,"turns":1},{"damage":6,"enemies":"Cultist and Chosen","floor":25,"turns":1},{"damage":0,"enemies":"Masked Bandits","floor":27,"turns":1},{"damage":0,"enemies":"Book of Stabbing","floor":28,"turns":1},{"damage":5,"enemies":"Shelled Parasite and Fungi","floor":29,"turns":1},{"damage":6,"enemies":"Slavers","floor":30,"turns":1},{"damage":0,"enemies":"Snecko","floor":31,"turns":1},{"damage":0,"enemies":"Champ","floor":33,"turns":1},{"damage":1,"enemies":"Orb Walker","floor":35,"turns":1},{"damage":1,"enemies":"3 Shapes","floor":36,"turns":1},{"damage":0,"enemies":"Jaw Worm Horde","floor":39,"turns":1},{"damage":6,"enemies":"R_Hoarder","floor":40,"turns":2},{"damage":12,"enemies":"4 Shapes","floor":44,"turns":1},{"damage":3,"enemies":"Maw","floor":47,"turns":2},{"damage":1,"enemies":"Donu and Deca","floor":50,"turns":1},{"damage":0,"enemies":"Shield and Spear","floor":54,"turns":2},{"damage":26,"enemies":"The Heart","floor":55,"turns":5}],"seed_played":"-533899177456380558","potions_obtained":[{"floor":1,"key":"Flashbang"},{"floor":5,"key":"CultistPotion"},{"floor":10,"key":"SteroidPotion"},{"floor":13,"key":"FearPotion"},{"floor":24,"key":"Explosive Potion"},{"floor":28,"key":"Block Potion"},{"floor":29,"key":"CultistPotion"},{"floor":31,"key":"Reflective Coating"},{"floor":36,"key":"DuplicationPotion"},{"floor":47,"key":"ColorlessPotion"}],"is_trial":false,"path_per_floor":["M","?","M","M","M","R","E","R","T","M","$","?","E","?","R","B",null,"M","$","M","?","T","R","M","M","T","?","E","M","E","M","R","B",null,"M","M","?","T","M","E","$","R","T","M","$","?","M","?","R_BF","B",null,"R","$","E","B",null],"character_chosen":"IRONCLAD","items_purchased":["hubris:StunningStrike","Panache","hubris:FunFungus","Medical Kit","Shrug It Off","Impervious","Ghostly Armor","Chrysalis","hubris:SlimyHat","Happy Flower","Rupture","Berserk","hubris:StunningStrike","Panache+1","Dark Shackles","Sadistic Nature","Dramatic Entrance","hubris:CleavingFinish","Clash+1","Abandon","Defy Death","Evolve","hubris:ToyBattleship","Replay:Wax Seal","BargainBundle","Weak Potion","SneckoOil","DistilledChaos","Dark Embrace+1","Replay:Many Hands","Warcry","Pummel","ReplayTheSpireMod:Limb From Limb","Dramatic Entrance","ReplayTheSpireMod:Necrogeddon","hubris:IronBody","Vajra","HandDrill"],"campfire_rested":0,"item_purchase_floors":[11,11,11,11,11,19,19,19,19,19,19,41,41,41,41,45,45,45,45,45,45,45,45,45,45,45,45,45,53,53,53,53,53,53,53,53,53,53],"current_hp_per_floor":[160,153,159,160,150,150,120,120,120,120,120,120,85,85,85,74,160,160,160,160,160,160,160,160,160,160,160,160,160,160,160,160,160,160,160,160,160,160,160,160,160,160,160,154,154,154,157,157,160,159,159,159,159,159,133],"gold":2155,"neow_bonus":"THREE_ENEMY_KILL","is_daily":false,"chose_seed":false,"campfire_upgraded":6,"win_rate":0.0,"timestamp":1608022559,"path_taken":["M","?","M","M","M","R","E","R","T","M","$","?","E","?","R","BOSS","M","$","M","?","?","R","M","?","T","?","E","M","E","M","R","BOSS","M","M","?","?","M","E","?","R","T","M","$","?","M","?","R_BF","BOSS","R","$","E","BOSS"],"items_purchased_type":["Card","Card","Relic","Relic","Card","Card","Card","Card","Relic","Relic","Card","Card","Card","Card","Card","Card","Card","Card","Card","Card","Card","Card","Relic","Relic","Relic","Potion","Potion","Potion","Card","Card","Card","Card","Card","Card","Card","Relic","Relic","Relic"],"build_version":"2020-12-13","purchased_purges":2,"victory":true,"max_hp_per_floor":[160,160,160,160,160,160,160,160,160,160,160,160,160,160,160,160,160,160,160,160,160,160,160,160,160,160,160,160,160,160,160,160,160,160,160,160,160,160,160,160,160,160,160,160,160,160,160,160,160,160,160,160,160,160,160],"card_choices":[{"not_picked":["Thunderclap","Dropkick"],"picked":"Sentinel","floor":1},{"not_picked":["Cleave","hubris:ReadiedAction"],"picked":"Dual Wield","floor":3},{"not_picked":["Sever Soul","Run Through"],"picked":"Shrug It Off","floor":4},{"not_picked":["Clash","Second Wind"],"picked":"Ghostly Armor","floor":5},{"not_picked":["ReplayTheSpireMod:Stacked","Exhume"],"picked":"Dark Embrace","floor":7},{"not_picked":["Clothesline","ReplayTheSpireMod:Strike From Hell","Twin Strike"],"picked":"SKIP","floor":10},{"not_picked":["Heavy Blade","Uppercut"],"picked":"hubris:ReadiedAction","floor":13},{"not_picked":["Replay:Many Hands","Bludgeon"],"picked":"Berserk","floor":16},{"not_picked":["Armaments","Searing Blow"],"picked":"hubris:ReadiedAction","floor":18},{"not_picked":["Perfected Strike+1","Heavy Blade"],"picked":"Massacre","floor":20},{"not_picked":["Rupture","Metallicize"],"picked":"Wild Strike+1","floor":24},{"not_picked":["Headbutt","Thunderclap"],"picked":"Havoc+1","floor":25},{"not_picked":["Flex+1","ReplayReversal","Halt"],"picked":"Sentinel","floor":27},{"not_picked":["Wild Strike","Iron Wave+1","Replay:Battleflow"],"picked":"Perfected Strike+1","floor":28},{"not_picked":["Reckless Charge+1","Clothesline","Meditate"],"picked":"Dropkick","floor":29},{"not_picked":["Armaments","True Grit+1","WreathOfFlame"],"picked":"Barricade","floor":30},{"not_picked":["Clash","ReplayTheSpireMod:Strike From Hell","PathToVictory"],"picked":"Flex","floor":31},{"not_picked":["Fiend Fire","Offering","Scrawl"],"picked":"Berserk","floor":33},{"not_picked":["Bloodletting","ReplayTheSpireMod:LeadingStrike+1","Uppercut","SignatureMove"],"picked":"SKIP","floor":35},{"not_picked":["Headbutt","Inflame","Study"],"picked":"Shrug It Off+1","floor":36},{"not_picked":["Shrug It Off+1","Flame Barrier+1","Pommel Strike+1"],"picked":"Vault","floor":39},{"not_picked":["Blood for Blood","hubris:CleavingFinish","Ghostly Armor+1"],"picked":"Vault","floor":40},{"not_picked":["Armaments+1","Replay:Undeath\u0027s Touch+1","Wild Strike"],"picked":"ConjureBlade","floor":44},{"not_picked":["Impervious","Anger","ThirdEye"],"picked":"ReplayTheSpireMod:Limb From Limb","floor":46},{"not_picked":["Run Through","ReplayTheSpireMod:Strike From Hell+1","Perfected Strike+1","BowlingBash"],"picked":"hubris:StunningStrike","floor":47},{"not_picked":["Seeing Red","Evolve","Anger","Warcry+1"],"picked":"Perseverance","floor":54}],"player_experience":27473,"relics_obtained":[{"floor":7,"key":"Blue Doll"},{"floor":13,"key":"Simple Rune"},{"floor":22,"key":"Eternal Feather"},{"floor":26,"key":"hubris:DisguiseKit"},{"floor":27,"key":"Red Mask"},{"floor":28,"key":"Blue Candle"},{"floor":30,"key":"Kunai"},{"floor":34,"key":"Replay:Rubber Ducky"},{"floor":34,"key":"hubris:DeckOfHolding"},{"floor":34,"key":"Gambling Chip"},{"floor":38,"key":"Omamori"},{"floor":40,"key":"Bag of Marbles"},{"floor":43,"key":"Juzu Bracelet"},{"floor":46,"key":"Question Card"},{"floor":54,"key":"Replay:Baseball"}],"event_choices":[{"cards_removed":["Strike_R"],"damage_healed":0,"gold_gain":0,"player_choice":"Card Removal","damage_taken":7,"max_hp_gain":0,"max_hp_loss":0,"event_name":"Golden Wing","floor":2,"gold_loss":0},{"damage_healed":0,"gold_gain":0,"player_choice":"Ignored","damage_taken":0,"max_hp_gain":0,"max_hp_loss":0,"event_name":"Liars Game","floor":14,"gold_loss":0},{"damage_healed":0,"gold_gain":0,"player_choice":"Ignored","damage_taken":0,"max_hp_gain":0,"max_hp_loss":0,"event_name":"Beggar","floor":21,"gold_loss":0},{"damage_healed":0,"gold_gain":0,"player_choice":"Fought Bandits","damage_taken":0,"max_hp_gain":0,"max_hp_loss":0,"event_name":"Masked Bandits","floor":27,"gold_loss":0},{"damage_healed":0,"gold_gain":222,"player_choice":"Wore Mask","damage_taken":0,"max_hp_gain":0,"max_hp_loss":0,"event_name":"Tomb of Lord Red Mask","floor":48,"gold_loss":0},{"damage_healed":0,"gold_gain":0,"player_choice":"Upgrade","damage_taken":0,"relics_obtained":["Mark of the Bloom"],"max_hp_gain":0,"max_hp_loss":0,"event_name":"MindBloom","floor":49,"gold_loss":0,"cards_upgraded":["Strike_R","Strike_R","Defend_R","Defend_R","Defend_R","Defend_R","Bash","Sentinel","Dual Wield","Shrug It Off","Dark Embrace","hubris:StunningStrike","Panache","Shrug It Off","Shrug It Off","Shrug It Off","hubris:ReadiedAction","Berserk","hubris:ReadiedAction","Impervious","Impervious","Ghostly Armor","Rupture","Massacre","Sentinel","Dropkick","Barricade","Berserk","Vault","Vault","Berserk","Berserk","hubris:StunningStrike","ConjureBlade","Sadistic Nature","Dramatic Entrance","hubris:CleavingFinish","Abandon","Abandon","Defy Death","Evolve","ReplayTheSpireMod:Limb From Limb","hubris:StunningStrike"]}],"is_beta":false,"boss_relics":[{"not_picked":["Empty Cage","Ectoplasm"],"picked":"hubris:BlackHole"},{"not_picked":["hubris:Stopwatch","hubris:CrackedHourglass"],"picked":"Calling Bell"}],"items_purged_floors":[11,45],"is_endless":false,"potions_floor_spawned":[1,5,10,13,24,27,28,29,31,36,44,47],"ascension_level":4}}