{"host":"4u4xibnmtqpdl4qa","time":1608041870,"event":{"mods":["AchievementEnabler","BaseMod","Colored Map","Colored Powertips","DeckTracker","Downfall","Highlight Path","Minty Spire (QoL Compilation)","Quick Restart","Relic Stats","Shop Mod","StSLib","The Florist","The Senshi","The Vixen","Waifu the Spire"],"gold_per_floor":[119,119,132,145,155,187,187,204,231,231,231,244,244,271,271,366,366,380,200,200,215,242,267,182,193,193,221,245,345,345,136,136,240,240,256,154,170,270,270,270,317,343,343,356,385,385,385,385,385,385],"floor_reached":51,"playtime":5290,"items_purged":[],"score":913,"play_id":"4a5bb1dd-93b8-47e0-be29-3223ae16838c","local_time":"20201215151750","is_ascension_mode":true,"campfire_choices":[{"data":"Fasting2","floor":7.0,"key":"SMITH"},{"data":"BowlingBash","floor":10.0,"key":"SMITH"},{"floor":13.0,"key":"REST"},{"floor":15.0,"key":"REST"},{"data":"WaveOfTheHand","floor":30.0,"key":"SMITH"},{"floor":32.0,"key":"REST"},{"data":"Scrawl","floor":40,"key":"SMITH"},{"floor":47,"key":"REST"},{"data":"WindmillStrike","floor":49,"key":"SMITH"}],"circlet_count":0,"master_deck":["Defend_P","Defend_P","Defend_P","Defend_P","Eruption","Vigilance","Brilliance","Halt","Fasting2+1","BowlingBash+1","SandsOfTime","Crescendo","EmptyFist","Evaluate","WaveOfTheHand+1","MasterReality","CurseOfTheBell","Prostrate","CarveReality","Judgement","Wallop","ClearTheMind+1","DeceiveReality","SandsOfTime+1","ThirdEye+1","Protect","Scrawl+1","SandsOfTime","WindmillStrike+1","Nirvana","Blasphemy+1"],"relics":["PureWater","Regal Pillow","Art of War","Centennial Puzzle","Calling Bell","Bag of Marbles","Singing Bowl","GoldenEye","Tiny Chest","Red Mask","Boot","Gremlin Horn","Pear","Vajra","Orichalcum","Calipers","Blue Candle","ClockworkSouvenir","Busted Crown","Bottled Lightning","Torii","Bronze Scales","Letter Opener","theSenshi:FeatherClipsRelic","Mercury Hourglass"],"acts_visited":[],"potions_floor_usage":[37,42,45],"damage_taken":[{"damage":0.0,"enemies":"Cultist","floor":1.0,"turns":2.0},{"damage":0.0,"enemies":"Small Slimes","floor":3.0,"turns":2.0},{"damage":0.0,"enemies":"2 Louse","floor":4.0,"turns":2.0},{"damage":6.0,"enemies":"Exordium Wildlife","floor":5.0,"turns":3.0},{"damage":32.0,"enemies":"Gremlin Nob","floor":6.0,"turns":3.0},{"damage":3.0,"enemies":"Looter","floor":8.0,"turns":2.0},{"damage":10.0,"enemies":"3 Louse","floor":12.0,"turns":3.0},{"damage":20.0,"enemies":"3 Sentries","floor":14.0,"turns":7.0},{"damage":0.0,"enemies":"Slime Boss","floor":16.0,"turns":7.0},{"damage":2.0,"enemies":"Chosen","floor":18.0,"turns":4.0},{"damage":0.0,"enemies":"Spheric Guardian","floor":21.0,"turns":3.0},{"damage":4.0,"enemies":"Masked Bandits","floor":22.0,"turns":3.0},{"damage":35.0,"enemies":"Gremlin Leader","floor":23.0,"turns":9.0},{"damage":2.0,"enemies":"Snecko","floor":25.0,"turns":3.0},{"damage":0.0,"enemies":"Book of Stabbing","floor":27.0,"turns":4.0},{"damage":0.0,"enemies":"Colosseum Slavers","floor":29.0,"turns":5.0},{"damage":10.0,"enemies":"Colosseum Nobs","floor":29.0,"turns":4.0},{"damage":18.0,"enemies":"Automaton","floor":33.0,"turns":8.0},{"damage":0.0,"enemies":"3 Shapes","floor":35.0,"turns":5.0},{"damage":5,"enemies":"3 Darklings","floor":37,"turns":3},{"damage":20,"enemies":"2 Orb Walkers","floor":41,"turns":4},{"damage":2,"enemies":"Nemesis","floor":42,"turns":5},{"damage":1,"enemies":"Maw","floor":44,"turns":7},{"damage":41,"enemies":"Giant Head","floor":45,"turns":7},{"damage":19,"enemies":"Donu and Deca","floor":50,"turns":9}],"seed_played":"-6535667213502674767","potions_obtained":[{"floor":1.0,"key":"Swift Potion"},{"floor":5.0,"key":"SteroidPotion"},{"floor":8.0,"key":"Dexterity Potion"},{"floor":12.0,"key":"GamblersBrew"},{"floor":16.0,"key":"SpeedPotion"},{"floor":22.0,"key":"LiquidBronze"},{"floor":23.0,"key":"Block Potion"},{"floor":25.0,"key":"EssenceOfSteel"},{"floor":33.0,"key":"Swift Potion"},{"floor":41,"key":"BlessingOfTheForge"},{"floor":44,"key":"SpeedPotion"},{"floor":45,"key":"BottledMiracle"}],"is_trial":false,"path_per_floor":["M","?","M","M","M","E","R","M","T","R","?","M","R","E","R","B",null,"M","$","?","M","?","E","?","M","T","E","T","?","R","$","R","B",null,"M","$","M","?","T","R","?","E","T","M","E","?","R","T","R","B",null],"character_chosen":"WATCHER","items_purchased":["Tiny Chest","CarveReality","ClockworkSouvenir","Protect","Block Potion","Dexterity Potion"],"campfire_rested":4,"item_purchase_floors":[19,19,31,31,36,36],"current_hp_per_floor":[72,72,72,72,66,34,34,31,31,31,31,21,57,37,72,72,72,70,70,70,70,66,33,33,33,43,43,43,33,33,33,73,55,86,86,86,83,83,83,83,63,63,63,62,21,21,63,63,63,50],"gold":385,"neow_bonus":"ONE_RANDOM_RARE_CARD","is_daily":false,"chose_seed":false,"campfire_upgraded":5,"win_rate":0.0,"timestamp":1608041870,"path_taken":["M","?","M","?","?","E","R","M","T","R","?","M","R","E","R","BOSS","M","$","?","M","?","E","?","M","T","E","?","?","R","?","R","BOSS","M","$","M","?","?","R","?","E","T","?","E","?","R","?","R","BOSS"],"items_purchased_type":["Relic","Card","Relic","Card","Potion","Potion"],"build_version":"2020-12-13","purchased_purges":0,"victory":true,"max_hp_per_floor":[72,72,72,72,72,72,72,72,72,72,72,72,72,72,72,72,72,72,72,72,72,72,74,74,76,86,86,86,86,86,86,86,86,86,86,86,88,88,88,88,88,90,90,90,90,90,90,90,90,90],"relic_stats":{"Regal Pillow":59,"Singing Bowl":8,"Gremlin Horn":[10,10],"Torii":4,"counters":[25,114],"Blue Candle":[5],"Letter Opener":[54],"Orichalcum":[18],"GoldenEye":[14],"Boot":[0],"Mercury Hourglass":[24],"Centennial Puzzle":[34],"Busted Crown":12,"Bronze Scales":[54],"Tiny Chest":3,"Art of War":[24],"obtain_stats":[{"Regal Pillow":6,"Calipers":29,"Singing Bowl":17,"Gremlin Horn":24,"Torii":41,"Vajra":27,"theSenshi:FeatherClipsRelic":45,"Boot":23,"ClockworkSouvenir":31,"Centennial Puzzle":14,"Tiny Chest":19,"Red Mask":22,"Pear":26,"Blue Candle":29,"Letter Opener":43,"Orichalcum":28,"GoldenEye":17,"Mercury Hourglass":48,"Calling Bell":17,"Busted Crown":34,"Bronze Scales":42,"Art of War":9,"Bag of Marbles":17,"Bottled Lightning":39,"PureWater":0},{"Regal Pillow":5,"Calipers":17,"Singing Bowl":9,"Gremlin Horn":13,"Torii":21,"Vajra":15,"theSenshi:FeatherClipsRelic":24,"Boot":13,"ClockworkSouvenir":17,"Centennial Puzzle":8,"Tiny Chest":10,"Red Mask":12,"Pear":14,"Blue Candle":17,"Letter Opener":22,"Orichalcum":15,"GoldenEye":9,"Mercury Hourglass":24,"Calling Bell":9,"Busted Crown":18,"Bronze Scales":22,"Art of War":6,"Bag of Marbles":9,"Bottled Lightning":20,"PureWater":0},{"Regal Pillow":12,"Calipers":66,"Singing Bowl":31,"Gremlin Horn":50,"Torii":86,"Vajra":57,"theSenshi:FeatherClipsRelic":105,"Boot":50,"ClockworkSouvenir":66,"Centennial Puzzle":24,"Tiny Chest":35,"Red Mask":41,"Pear":53,"Blue Candle":66,"Letter Opener":91,"Orichalcum":57,"GoldenEye":31,"Mercury Hourglass":105,"Calling Bell":31,"Busted Crown":74,"Bronze Scales":91,"Art of War":14,"Bag of Marbles":31,"Bottled Lightning":82,"PureWater":0}]},"card_choices":[{"not_picked":["Collect","Fasting2"],"picked":"Halt","floor":1.0},{"not_picked":["EmptyBody","CrushJoints"],"picked":"Fasting2","floor":3.0},{"not_picked":["Indignation","Adaptation"],"picked":"BowlingBash","floor":4.0},{"not_picked":["InnerPeace","EmptyMind","BowlingBash"],"picked":"SKIP","floor":5.0},{"not_picked":["FlyingSleeves","Conclude"],"picked":"SandsOfTime","floor":6.0},{"not_picked":["JustLucky","SandsOfTime"],"picked":"Crescendo","floor":8.0},{"not_picked":["BowlingBash","Consecrate"],"picked":"Evaluate","floor":12.0},{"not_picked":["Nirvana","InnerPeace"],"picked":"WaveOfTheHand","floor":14.0},{"not_picked":["Judgement","Ragnarok"],"picked":"MasterReality","floor":16.0},{"not_picked":["WindmillStrike","EmptyFist"],"picked":"Prostrate","floor":18.0},{"not_picked":["LikeWater","EmptyBody"],"picked":"ClearTheMind+1","floor":21.0},{"not_picked":["FollowUp","Consecrate"],"picked":"DeceiveReality","floor":22.0},{"not_picked":["SashWhip+1","JustLucky","FlyingSleeves"],"picked":"Singing Bowl","floor":23.0},{"not_picked":["FlurryOfBlows","WaveOfTheHand","FlyingSleeves+1"],"picked":"Singing Bowl","floor":25.0},{"not_picked":["Wallop","Halt"],"picked":"SandsOfTime+1","floor":27.0},{"not_picked":["FlurryOfBlows","Indignation+1"],"picked":"ThirdEye+1","floor":29.0},{"not_picked":["Ragnarok","MasterReality"],"picked":"Scrawl","floor":33.0},{"not_picked":[],"picked":"SandsOfTime","floor":35.0},{"not_picked":["Consecrate"],"picked":"Singing Bowl","floor":37},{"not_picked":[],"picked":"WindmillStrike","floor":41},{"not_picked":["Vault"],"picked":"Singing Bowl","floor":42},{"not_picked":[],"picked":"Nirvana","floor":44},{"not_picked":[],"picked":"Blasphemy","floor":45}],"player_experience":159073,"relics_obtained":[{"floor":6.0,"key":"Regal Pillow"},{"floor":9.0,"key":"Art of War"},{"floor":14.0,"key":"Centennial Puzzle"},{"floor":17.0,"key":"Bag of Marbles"},{"floor":17.0,"key":"Singing Bowl"},{"floor":17.0,"key":"GoldenEye"},{"floor":22.0,"key":"Red Mask"},{"floor":23.0,"key":"Boot"},{"floor":26.0,"key":"Pear"},{"floor":27.0,"key":"Vajra"},{"floor":28.0,"key":"Orichalcum"},{"floor":29.0,"key":"Calipers"},{"floor":29.0,"key":"Blue Candle"},{"floor":39,"key":"Bottled Lightning"},{"floor":41,"key":"Torii"},{"floor":42,"key":"Bronze Scales"},{"floor":43,"key":"Letter Opener"},{"floor":45,"key":"theSenshi:FeatherClipsRelic"},{"floor":48,"key":"Mercury Hourglass"}],"event_choices":[{"cards_removed":["Strike_P"],"damage_healed":0.0,"max_hp_gain":0.0,"max_hp_loss":0.0,"gold_gain":0.0,"event_name":"Purifier","player_choice":"Purged","floor":2.0,"gold_loss":0.0,"damage_taken":0.0},{"damage_healed":0.0,"max_hp_gain":0.0,"max_hp_loss":0.0,"gold_gain":0.0,"cards_transformed":["Strike_P"],"event_name":"Living Wall","player_choice":"Change","floor":11.0,"gold_loss":0.0,"damage_taken":0.0,"cards_obtained":["EmptyFist"]},{"damage_healed":0.0,"max_hp_gain":0.0,"max_hp_loss":0.0,"gold_gain":0.0,"cards_transformed":["Strike_P","Strike_P"],"event_name":"Drug Dealer","player_choice":"Became Test Subject","floor":20.0,"gold_loss":0.0,"damage_taken":0.0,"cards_obtained":["Judgement","Wallop"]},{"damage_healed":0.0,"max_hp_gain":0.0,"max_hp_loss":0.0,"gold_gain":0.0,"event_name":"Masked Bandits","player_choice":"Fought Bandits","floor":22.0,"gold_loss":0.0,"damage_taken":0.0},{"damage_healed":0.0,"max_hp_gain":0.0,"max_hp_loss":0.0,"gold_gain":0.0,"event_name":"Addict","player_choice":"Obtained Relic","floor":24.0,"gold_loss":85.0,"damage_taken":0.0,"relics_obtained":["Gremlin Horn"]},{"damage_healed":0.0,"max_hp_gain":0.0,"max_hp_loss":0.0,"gold_gain":0.0,"event_name":"Colosseum","player_choice":"Fight","floor":29.0,"gold_loss":0.0,"damage_taken":0.0},{"damage_healed":0.0,"max_hp_gain":0.0,"max_hp_loss":0.0,"gold_gain":0.0,"event_name":"Colosseum","player_choice":"Fought Nobs","floor":29.0,"gold_loss":0.0,"damage_taken":0.0},{"damage_healed":0,"gold_gain":100,"player_choice":"Pray","damage_taken":0,"max_hp_gain":0,"max_hp_loss":0,"event_name":"Golden Shrine","floor":38,"gold_loss":0},{"damage_healed":0,"gold_gain":0,"player_choice":"Fight","damage_taken":0,"max_hp_gain":0,"max_hp_loss":0,"event_name":"Mysterious Sphere","floor":41,"gold_loss":0},{"damage_healed":0,"gold_gain":0,"player_choice":"Upgraded","damage_taken":0,"max_hp_gain":0,"max_hp_loss":0,"event_name":"Upgrade Shrine","floor":46,"gold_loss":0,"cards_upgraded":["Blasphemy"]}],"is_beta":false,"boss_relics":[{"not_picked":["VioletLotus","Runic Dome"],"picked":"Calling Bell"},{"not_picked":["Runic Pyramid","Empty Cage"],"picked":"Busted Crown"}],"items_purged_floors":[],"is_endless":false,"potions_floor_spawned":[1,5,8,12,16,22,23,25,33,41,44,45],"ascension_level":1}}