{"host":"6qohxdms6n72zb21","time":1608027047,"event":{"mods":["2.2 Compatiblity","Act Like it!","Ascension Reborn","BaseMod","Better Synergies","Downfall","Energized Spire","Hubris","Minty Spire (QoL Compilation)","Quick Restart","Replay The Spire","Spicy Shops","StSLib"],"gold_per_floor":[115,115,127,193,213,213,213,213,213,230,243,270,270,270,270,270,270],"floor_reached":16,"playtime":491,"items_purged":[],"score":100,"play_id":"a9a46e63-14b6-481d-83a9-8a80d0bc0080","local_time":"20201215051047","is_ascension_mode":true,"campfire_choices":[{"data":"Twin Strike","floor":7,"key":"SMITH"},{"floor":15,"key":"REST"}],"circlet_count":0,"master_deck":["Strike_R","Strike_R","Strike_R","Strike_R","Strike_R","Defend_R","Defend_R","Defend_R","Defend_R","Bash","hexamod:Defend","Strike_P","Twin Strike+1","Clothesline","Replay:Undeath\u0027s Touch","Infernal Blade","Pummel","Dropkick","Rage"],"relics":["Burning Blood","Magic Flower","hubris:ToyBattleship","Red Skull","Happy Flower","Unceasing Top"],"acts_visited":["Exordium"],"potions_floor_usage":[16],"damage_taken":[{"damage":10,"enemies":"Jaw Worm","floor":1,"turns":4},{"damage":0,"enemies":"2 Louse","floor":3,"turns":3},{"damage":7,"enemies":"Small Slimes","floor":5,"turns":3},{"damage":28,"enemies":"Exordium Wildlife","floor":10,"turns":4},{"damage":9,"enemies":"2 Fungi Beasts","floor":11,"turns":2},{"damage":37,"enemies":"Replay:BlueRogue","floor":12,"turns":6},{"damage":49,"enemies":"The Guardian","floor":16,"turns":10}],"seed_played":"-1784976635004390734","potions_obtained":[{"floor":3,"key":"Dexterity Potion"},{"floor":12,"key":"GamblersBrew"}],"is_trial":false,"path_per_floor":["M","$","M","?","M","?","R","?","T","M","M","E","?","T","R","B"],"character_chosen":"IRONCLAD","items_purchased":[],"campfire_rested":1,"item_purchase_floors":[],"current_hp_per_floor":[79,79,80,80,80,80,80,80,80,61,61,33,21,21,45,0,0],"gold":270,"neow_bonus":"ONE_RARE_RELIC","is_daily":false,"chose_seed":false,"campfire_upgraded":1,"win_rate":0.0,"timestamp":1608027047,"path_taken":["M","$","M","?","M","?","R","?","T","?","M","E","?","?","R","BOSS"],"items_purchased_type":[],"build_version":"2020-12-13","purchased_purges":0,"victory":false,"max_hp_per_floor":[80,80,80,80,80,80,80,80,80,80,80,80,80,80,80,80,80],"card_choices":[{"not_picked":["Pommel Strike","Thunderclap"],"picked":"Twin Strike","floor":1},{"not_picked":["True Grit","ReplayTheSpireMod:Stacked"],"picked":"Clothesline","floor":3},{"not_picked":["Run Through","Havoc"],"picked":"Replay:Undeath\u0027s Touch","floor":5},{"not_picked":["Shrug It Off","Feel No Pain"],"picked":"Pummel","floor":10},{"not_picked":["Warcry","Flame Barrier"],"picked":"Dropkick","floor":11},{"not_picked":["Bludgeon","Replay:Undeath\u0027s Touch"],"picked":"Rage","floor":12}],"player_experience":165072,"relics_obtained":[{"floor":9,"key":"hubris:ToyBattleship"},{"floor":12,"key":"Red Skull"},{"floor":14,"key":"Unceasing Top"}],"event_choices":[{"damage_healed":0,"gold_gain":66,"player_choice":"Gained Gold","damage_taken":0,"max_hp_gain":0,"max_hp_loss":0,"event_name":"Golden Wing","floor":4,"gold_loss":0},{"damage_healed":0,"gold_gain":0,"player_choice":"Leave","damage_taken":0,"max_hp_gain":0,"max_hp_loss":0,"event_name":"The Cleric","floor":6,"gold_loss":0},{"damage_healed":0,"gold_gain":0,"player_choice":"Success","damage_taken":12,"relics_obtained":["Happy Flower"],"max_hp_gain":0,"max_hp_loss":0,"event_name":"Scrap Ooze","floor":13,"gold_loss":0}],"is_beta":false,"boss_relics":[],"items_purged_floors":[],"is_endless":false,"potions_floor_spawned":[3,12],"killed_by":"The Guardian","ascension_level":0}}