{"host":"rylkjufw9dlhr07b","time":1608035573,"event":{"mods":["AchievementEnabler","BaseMod","Better Note","BetterRewards","Hubris","Minty Spire (QoL Compilation)","Quick Restart","Replay The Spire","StSLib"],"gold_per_floor":[114,114,114,124,28,61,77,96,143,155,166,42,62,62,98,172,172,182,201,201,476,492,492,511,524,524,524,539,552,570,581,581,656,656,668,668,668,681,692,692,692,692],"floor_reached":41,"playtime":6088,"items_purged":[],"score":1110,"play_id":"0bd545eb-a078-47b3-bb17-e062245c0836","local_time":"20201215133253","is_ascension_mode":true,"campfire_choices":[{"floor":23,"key":"REST"},{"data":"Apotheosis","floor":32,"key":"SMITH"},{"floor":40,"key":"REST"}],"circlet_count":0,"master_deck":["AscendersBane","Strike_R","Strike_R","Strike_R","Strike_R","Defend_R","Defend_R","Defend_R","Defend_R","Bash","Apotheosis+1","Feel No Pain","True Grit","ReplayTheSpireMod:Stacked","Carnage","Replay:Undeath\u0027s Touch","hubris:StunningStrike+1","Replay:Undeath\u0027s Touch+1","Metallicize","Clothesline+1","Run Through+1","Feel No Pain","Wild Strike+1","Iron Wave+1","Carnage+1","Carnage+1","Barricade","Cleave+1","Life Link","Regret","True Grit","Infernal Blade","Flex","Backflip+1","Wild Strike+1","Thunderclap+1","Replay:Undeath\u0027s Touch+1","True Grit","Feed+1","Wild Strike+1"],"relics":["Burning Blood","Blood Vial","Ice Cream","Red Skull","Pantograph","Molten Egg 2","hubris:OldNail","hubris:Icosahedron","hubris:MysteriousPyramids","Ooze Armor","ReplayTheSpireMod:Ninjato"],"acts_visited":["Exordium","TheCity","TheBeyond"],"potions_floor_usage":[30,30,33,38],"damage_taken":[{"damage":7.0,"enemies":"Small Slimes","floor":1.0,"turns":4.0},{"damage":10.0,"enemies":"Cultist","floor":4.0,"turns":4.0},{"damage":23.0,"enemies":"3 Sentries","floor":6.0,"turns":11.0},{"damage":0.0,"enemies":"Jaw Worm","floor":7.0,"turns":3.0},{"damage":6.0,"enemies":"2 Fungi Beasts","floor":8.0,"turns":5.0},{"damage":11.0,"enemies":"Exordium Thugs","floor":10.0,"turns":8.0},{"damage":0.0,"enemies":"Exordium Wildlife","floor":11.0,"turns":5.0},{"damage":2.0,"enemies":"Red Slaver","floor":13.0,"turns":4.0},{"damage":46.0,"enemies":"The Guardian","floor":16.0,"turns":9.0},{"damage":21.0,"enemies":"3 Byrds","floor":18.0,"turns":7.0},{"damage":14.0,"enemies":"Shell Parasite","floor":19.0,"turns":3.0},{"damage":16,"enemies":"Snake Plant","floor":22,"turns":3},{"damage":1,"enemies":"Centurion and Healer","floor":24,"turns":6},{"damage":11,"enemies":"Snecko","floor":25,"turns":4},{"damage":2,"enemies":"Shelled Parasite and Fungi","floor":28,"turns":5},{"damage":2,"enemies":"Centurion and Healer","floor":29,"turns":4},{"damage":23,"enemies":"Snake Plant","floor":30,"turns":5},{"damage":3,"enemies":"Snecko","floor":31,"turns":5},{"damage":3,"enemies":"Collector","floor":33,"turns":9},{"damage":30,"enemies":"Orb Walker","floor":35,"turns":4},{"damage":6,"enemies":"3 Shapes","floor":38,"turns":3},{"damage":50,"enemies":"Transient","floor":39,"turns":5},{"damage":48,"enemies":"Giant Head","floor":41,"turns":7}],"seed_played":"8721418205958033474","potions_obtained":[{"floor":7.0,"key":"Dexterity Potion"},{"floor":8.0,"key":"Elixir"},{"floor":10.0,"key":"Toxic Potion"},{"floor":24,"key":"Energy Potion"},{"floor":25,"key":"Reflective Coating"},{"floor":29,"key":"Swift Potion"},{"floor":31,"key":"SkillPotion"},{"floor":33,"key":"FearPotion"},{"floor":35,"key":"Milkshake"}],"is_trial":false,"path_per_floor":["M","?","?","M","$","E","M","M","T","M","M","$","M","?","R","B",null,"M","M","?","?","M","R","M","M","T","?","M","M","M","M","R","B",null,"M","?","?","M","M","R","E"],"character_chosen":"IRONCLAD","items_purchased":["Apotheosis","Blood Vial","Ice Cream","Red Skull","Feel No Pain","Pantograph","True Grit","Carnage","Replay:Undeath\u0027s Touch","Feel No Pain","Wild Strike+1"],"campfire_rested":2,"item_purchase_floors":[0,0,0,0,0,0,0,5,5,12,12],"current_hp_per_floor":[22,27,80,76,76,61,69,71,71,68,76,76,80,80,54,40,70,57,51,51,51,43,67,74,71,71,71,77,80,63,68,68,80,80,56,59,54,60,18,44,0,0],"gold":692,"neow_bonus":"","is_daily":false,"chose_seed":false,"campfire_upgraded":1,"win_rate":0.0,"timestamp":1608035573,"path_taken":["M","?","?","M","$","E","M","M","T","?","M","$","M","?","R","BOSS","M","M","?","?","M","R","M","M","T","?","M","?","M","M","R","BOSS","M","?","?","M","?","R","E"],"items_purchased_type":["Card","Relic","Relic","Relic","Card","Relic","Card","Card","Card","Card","Card"],"build_version":"2020-12-13","purchased_purges":0,"victory":false,"max_hp_per_floor":[75,80,80,80,80,80,80,80,80,80,80,80,80,80,80,80,80,80,80,80,80,80,80,80,80,80,80,80,80,80,80,80,80,80,80,83,83,87,87,87,87,87],"card_choices":[{"not_picked":["Run Through","Shrug It Off"],"picked":"Infernal Blade","floor":1.0},{"not_picked":["Run Through","Body Slam"],"picked":"ReplayTheSpireMod:Stacked","floor":4.0},{"not_picked":["Perfected Strike+1","hubris:ReadiedAction"],"picked":"hubris:StunningStrike+1","floor":6.0},{"not_picked":["Rampage+1","Shockwave"],"picked":"Replay:Undeath\u0027s Touch+1","floor":7.0},{"not_picked":["Blood for Blood+1","Havoc"],"picked":"Metallicize","floor":8.0},{"not_picked":["Sword Boomerang+1","Seeing Red"],"picked":"Clothesline+1","floor":10.0},{"not_picked":["True Grit","Anger+1"],"picked":"Run Through+1","floor":11.0},{"not_picked":["Clothesline+1","Anger+1"],"picked":"Iron Wave+1","floor":13.0},{"not_picked":["Demonic Infusion","Wild Strike+1"],"picked":"Carnage+1","floor":15.0},{"not_picked":["Heavy Blade+1","ReplayTheSpireMod:Corrosion Curse"],"picked":"Carnage+1","floor":15.0},{"not_picked":["Reaper+1","Demonic Infusion"],"picked":"Barricade","floor":16.0},{"not_picked":["Combust","Clothesline+1"],"picked":"Cleave+1","floor":18.0},{"not_picked":["Anger+1","hubris:ReadiedAction"],"picked":"Life Link","floor":19.0},{"not_picked":["Warcry","Armaments"],"picked":"True Grit","floor":22},{"not_picked":["Pommel Strike+1","Combust"],"picked":"Infernal Blade","floor":24},{"not_picked":["Armaments","Heavy Blade+1"],"picked":"Flex","floor":25},{"not_picked":["Entrench","Burning Pact"],"picked":"Wild Strike+1","floor":28},{"not_picked":["Rage","Anger+1"],"picked":"Thunderclap+1","floor":29},{"not_picked":["Hemogenesis+1","Clothesline+1"],"picked":"Replay:Undeath\u0027s Touch+1","floor":30},{"not_picked":["Body Slam+1","Wild Strike+1"],"picked":"True Grit","floor":31},{"not_picked":["Impervious","Immolate+1"],"picked":"Feed+1","floor":33},{"not_picked":["Replay:Undeath\u0027s Touch+1","ReplayTheSpireMod:Corrosion Curse"],"picked":"Wild Strike+1","floor":35},{"not_picked":["Run Through+1","Headbutt+1","Battle Trance"],"picked":"SKIP","floor":38},{"not_picked":["Replay:Undeath\u0027s Touch+1","hubris:ReadiedAction","Clothesline+1"],"picked":"SKIP","floor":39}],"player_experience":490685,"relics_obtained":[{"floor":6.0,"key":"Molten Egg 2"},{"floor":9.0,"key":"hubris:OldNail"},{"floor":15.0,"key":"hubris:MysteriousPyramids"},{"floor":26,"key":"ReplayTheSpireMod:Ninjato"}],"event_choices":[{"damage_healed":0.0,"max_hp_gain":5.0,"max_hp_loss":0.0,"gold_gain":0.0,"event_name":"Big Fish","player_choice":"Donut","floor":2.0,"gold_loss":0.0,"damage_taken":0.0},{"cards_removed":["Infernal Blade"],"damage_healed":53.0,"max_hp_gain":0.0,"max_hp_loss":0.0,"gold_gain":0.0,"event_name":"Bonfire Elementals","player_choice":"Offered Uncommon","floor":3.0,"gold_loss":0.0,"damage_taken":0.0},{"cards_removed":["Strike_R"],"damage_healed":0.0,"max_hp_gain":0.0,"max_hp_loss":0.0,"gold_gain":0.0,"event_name":"Wheel of Change","player_choice":"Card Removal","floor":20.0,"gold_loss":0.0,"damage_taken":0.0},{"damage_healed":0.0,"max_hp_gain":0.0,"max_hp_loss":0.0,"gold_gain":275.0,"event_name":"Golden Shrine","player_choice":"Desecrate","floor":21.0,"gold_loss":0.0,"damage_taken":0.0,"cards_obtained":["Regret"]},{"cards_removed":["hubris:StunningStrike"],"damage_healed":0,"gold_gain":0,"player_choice":"Take \u0026 Give","damage_taken":0,"max_hp_gain":0,"max_hp_loss":0,"event_name":"betterNote:BetterNote","floor":27,"gold_loss":0,"cards_obtained":["Backflip"]},{"damage_healed":0,"gold_gain":0,"player_choice":"Bought 0 Potions","damage_taken":0,"max_hp_gain":0,"max_hp_loss":0,"event_name":"The Woman in Blue","floor":37,"gold_loss":0}],"is_beta":false,"boss_relics":[{"not_picked":["SacredBark","Black Blood"],"picked":"Ooze Armor"},{"not_picked":["Pandora\u0027s Box","ReplayTheSpireMod:DimensionalGlitch","hubris:GrandSneckoEye"]}],"items_purged_floors":[],"is_endless":false,"potions_floor_spawned":[7,8,10,24,25,29,31,33,35],"killed_by":"Giant Head","ascension_level":16}}