{"host":"emzksreay9b8489z","time":1608015463,"event":{"mods":["Act Like it!","BaseMod","Gensokyo","GifTheSpireLib","HololiveMod","Minty Spire (QoL Compilation)","Say the Spire","StSLib","The Servant 0.9.4"],"gold_per_floor":[76,88,98,98,21,48,61,74,99,115,115,127,127,162,162,259,259,271,284,284],"floor_reached":19,"playtime":1132,"items_purged":[],"score":283,"play_id":"3aa36e85-efdc-476d-b9f2-fcbe890f7173","local_time":"20201215145743","is_ascension_mode":false,"campfire_choices":[{"floor":13.0,"key":"RECALL"},{"data":"Hololive_StarCraft","floor":15.0,"key":"SMITH"}],"circlet_count":1,"master_deck":["Hololive_Strike","Hololive_Strike","Hololive_Defend","Hololive_Defend","Hololive_Rebound","Hololive_CallShirakamiFubuki","Hololive_CallRoboco","Hololive_CallAkiRosenthal","Hololive_CallAZKi","Hololive_CallTsunomakiWatame","Hololive_DevilCharm","Hololive_CallUsadaPekora","Hololive_Trident","Hololive_Teleport","Hololive_CallUruhaRushia","Hololive_Rebirth","Hololive_CallHoshimachiSuisei","Hololive_StarCraft+1","Hololive_Thief","Hololive_BringToTrial"],"relics":["Hololive_TheStar","Circlet","Runic Dome"],"acts_visited":[],"potions_floor_usage":[],"damage_taken":[{"damage":0.0,"enemies":"2 Louse","floor":1.0,"turns":2.0},{"damage":0.0,"enemies":"Cultist","floor":2.0,"turns":3.0},{"damage":0.0,"enemies":"Small Slimes","floor":3.0,"turns":5.0},{"damage":0.0,"enemies":"Lagavulin","floor":6.0,"turns":6.0},{"damage":0.0,"enemies":"Exordium Wildlife","floor":7.0,"turns":4.0},{"damage":0.0,"enemies":"Exordium Thugs","floor":8.0,"turns":4.0},{"damage":0.0,"enemies":"3 Louse","floor":10.0,"turns":4.0},{"damage":0.0,"enemies":"Blue Slaver","floor":12.0,"turns":4.0},{"damage":0.0,"enemies":"Replay:BlueRogue","floor":14.0,"turns":3.0},{"damage":0.0,"enemies":"The Guardian","floor":16.0,"turns":8.0},{"damage":6.0,"enemies":"2 Thieves","floor":18.0,"turns":3.0},{"damage":0.0,"enemies":"Spheric Guardian","floor":19.0,"turns":3.0}],"seed_played":"-4403010881456619596","potions_obtained":[{"floor":6.0,"key":"Fruit Juice"},{"floor":8.0,"key":"ColorlessPotion"},{"floor":10.0,"key":"Block Potion"},{"floor":12.0,"key":"Doom Potion"}],"is_trial":false,"path_per_floor":["M","M","M","?","$","E","M","M","T","M","?","M","R","E","R","B",null,"M","M"],"character_chosen":"Hololive_HololiveCharacter","items_purchased":["Hololive_Teleport"],"campfire_rested":0,"item_purchase_floors":[5],"current_hp_per_floor":[38,38,38,38,38,43,43,43,43,43,43,43,43,43,43,43,43,37,37,37],"gold":284,"neow_bonus":"TEN_PERCENT_HP_BONUS","is_daily":false,"chose_seed":false,"campfire_upgraded":1,"win_rate":0.0,"timestamp":1608015463,"path_taken":["M","M","M","?","$","E","M","M","T","M","?","M","R","E","R","BOSS","M","M"],"items_purchased_type":["Card"],"build_version":"2020-12-13","purchased_purges":0,"victory":false,"max_hp_per_floor":[38,38,38,38,38,43,43,43,43,43,43,43,43,43,43,43,43,43,43,43],"card_choices":[{"not_picked":["Hololive_HuntDinosaur","Hololive_FlyingPonyTail","Hololive_LuckPotion"],"picked":"Hololive_DevilCharm","floor":1.0},{"not_picked":["Hololive_Sequa","Hololive_Trident","Hololive_CocoNews"],"picked":"Hololive_CallUsadaPekora","floor":2.0},{"not_picked":["Hololive_LuckPotion","Hololive_HuntDinosaur","Hololive_Psychosis"],"picked":"Hololive_Trident","floor":3.0},{"not_picked":["Hololive_StrengthChampion","Hololive_OvertimeWork","Hololive_CandyCastle"],"picked":"Hololive_CallUruhaRushia","floor":6.0},{"not_picked":["Hololive_OpenUp","Hololive_CocoNews","Hololive_Drill","Hololive_Breathe"],"picked":"SKIP","floor":7.0},{"not_picked":["Hololive_Drill","Hololive_ILoveYou","Hololive_Psychosis","Hololive_Trident"],"picked":"SKIP","floor":8.0},{"not_picked":["Hololive_StrengthChampion","Hololive_CallHimemoriLuna","Hololive_Trident"],"picked":"Hololive_Rebirth","floor":10.0},{"not_picked":["Hololive_HuntDinosaur","Hololive_CallOkamiMio","Hololive_Rebound"],"picked":"Hololive_CallHoshimachiSuisei","floor":12.0},{"not_picked":["Hololive_FlyingPonyTail","Hololive_Psychosis","Hololive_Yoholoon"],"picked":"Hololive_StarCraft","floor":14.0},{"not_picked":["Hololive_AWSL","Hololive_Rebirth","Hololive_ASMR"],"picked":"Hololive_Thief","floor":16.0},{"not_picked":["Hololive_StrengthChampion","Hololive_Breathe","Hololive_Trident"],"picked":"Hololive_BringToTrial","floor":18.0}],"player_experience":7398,"relics_obtained":[{"floor":6.0,"key":"Replay:Wax Seal"},{"floor":14.0,"key":"Blue Doll"}],"event_choices":[{"damage_healed":0.0,"max_hp_gain":0.0,"max_hp_loss":0.0,"gold_gain":0.0,"event_name":"The Woman in Blue","player_choice":"Bought 0 Potions","floor":4.0,"gold_loss":0.0,"damage_taken":0.0},{"damage_healed":0.0,"max_hp_gain":0.0,"max_hp_loss":0.0,"gold_gain":0.0,"event_name":"Golden Wing","player_choice":"Ignored","floor":11.0,"gold_loss":0.0,"damage_taken":0.0}],"is_beta":false,"boss_relics":[{"not_picked":["Replay:Bronze Core","Hololive_TopUpMoneyS"],"picked":"Runic Dome"}],"items_purged_floors":[],"is_endless":false,"potions_floor_spawned":[6,8,10,12,19],"killed_by":"Spheric Guardian","ascension_level":0}}