{"host":"99ad87xtd5ypi7ii","time":1608004713,"event":{"mods":["BaseMod","Hermit","Highlight Path","Marisa????????","Minty Spire (QoL Compilation)","Robot Space Explorer","StSLib","The Bladedancer","The Construct","The Cursed","The Disciple","The Elementalist","The Gatherer","The Hierophant","The Runesmith","The Servant 0.9.4","TheVacant"],"gold_per_floor":[118,193,210,210,210,210,239,239,266,266,279,24,44,60,60,164,164,178,178,195,205,53,86,86,117,117,117,117,216,216,227,227,323,323,333,29,49,49,96,131,131,159,159,159,192,192,40,60,60,60],"floor_reached":51,"playtime":3415,"items_purged":["RobotSpaceExplorer:Strike","RobotSpaceExplorer:Strike"],"score":1147,"play_id":"91d4728e-f4b5-401e-902c-1459fde9a018","local_time":"20201215045833","is_ascension_mode":true,"campfire_choices":[{"data":"RobotSpaceExplorer:StarLightning","floor":6,"key":"SMITH"},{"data":"RobotSpaceExplorer:Pulsar","floor":10,"key":"SMITH"},{"floor":15,"key":"REST"},{"data":"RobotSpaceExplorer:Comet","floor":24,"key":"SMITH"},{"data":"RobotSpaceExplorer:Fix","floor":27,"key":"SMITH"},{"data":"RobotSpaceExplorer:MiniLasers","floor":32,"key":"SMITH"},{"data":"Madness","floor":41,"key":"SMITH"},{"floor":44,"key":"REST"},{"floor":49,"key":"REST"}],"circlet_count":0,"master_deck":["RobotSpaceExplorer:Defend","RobotSpaceExplorer:Defend","RobotSpaceExplorer:Defend","RobotSpaceExplorer:Defend","RobotSpaceExplorer:Scan","RobotSpaceExplorer:MiniLasers+1","RobotSpaceExplorer:ScrapMissile","RobotSpaceExplorer:StarLightning+1","RobotSpaceExplorer:Pulsar+1","RobotSpaceExplorer:ScrapMissile","RobotSpaceExplorer:ScrapToss","RobotSpaceExplorer:Fix+1","RobotSpaceExplorer:Comet+1","CurseOfTheBell","RobotSpaceExplorer:StarLightning+1","RobotSpaceExplorer:Jetpack+1","RobotSpaceExplorer:ChargingLaser+1","Necronomicurse","RobotSpaceExplorer:JunkDive","RobotSpaceExplorer:Accelerator","RobotSpaceExplorer:ScrapMissile+1","Madness+1","Madness","RobotSpaceExplorer:Jetpack","RobotSpaceExplorer:StarLightning+1","RobotSpaceExplorer:DroneSwarm"],"relics":["RobotSpaceExplorer:RoboCore","NeowsBlessing","elementalistmod:GreenCirclet","TungstenRod","Nunchaku","Sling","Calling Bell","Dream Catcher","Molten Egg 2","Mango","Lee\u0027s Waffle","Unceasing Top","PreservedInsect","Necronomicon","RobotSpaceExplorer:SearchSpecs","Calipers","FossilizedHelix","RobotSpaceExplorer:PlasmaHourglass","Happy Flower","Sundial","Strawberry"],"acts_visited":["Exordium","TheCity","TheBeyond"],"potions_floor_usage":[16,16,20,23,39,39,42,45,50],"damage_taken":[{"damage":0,"enemies":"Jaw Worm","floor":1,"turns":1},{"damage":0,"enemies":"2 Louse","floor":3,"turns":1},{"damage":0,"enemies":"3 Sentries","floor":7,"turns":1},{"damage":0,"enemies":"Small Slimes","floor":11,"turns":2},{"damage":0,"enemies":"Looter","floor":13,"turns":2},{"damage":0,"enemies":"2 Fungi Beasts","floor":14,"turns":3},{"damage":11,"enemies":"Hexaghost","floor":16,"turns":7},{"damage":12,"enemies":"Shell Parasite","floor":18,"turns":5},{"damage":9,"enemies":"2 Thieves","floor":20,"turns":3},{"damage":0,"enemies":"Centurion and Healer","floor":21,"turns":7},{"damage":8,"enemies":"Slavers","floor":23,"turns":5},{"damage":15,"enemies":"Book of Stabbing","floor":25,"turns":4},{"damage":0,"enemies":"Cultist and Chosen","floor":31,"turns":5},{"damage":42,"enemies":"Automaton","floor":33,"turns":8},{"damage":0,"enemies":"3 Shapes","floor":35,"turns":1},{"damage":0,"enemies":"Orb Walker","floor":37,"turns":3},{"damage":33,"enemies":"2 Orb Walkers","floor":39,"turns":4},{"damage":0,"enemies":"Giant Head","floor":40,"turns":5},{"damage":50,"enemies":"Reptomancer","floor":42,"turns":6},{"damage":0,"enemies":"Nemesis","floor":45,"turns":5},{"damage":0,"enemies":"Maw","floor":48,"turns":6},{"damage":23,"enemies":"Time Eater","floor":50,"turns":9}],"seed_played":"3222725384659272978","potions_obtained":[{"floor":3,"key":"Swift Potion"},{"floor":13,"key":"Swift Potion"},{"floor":16,"key":"Fire Potion"},{"floor":18,"key":"SkillPotion"},{"floor":20,"key":"Swift Potion"},{"floor":31,"key":"SmokeBomb"},{"floor":35,"key":"RobotSpaceExplorer:RecyclePotion"},{"floor":39,"key":"Fire Potion"},{"floor":42,"key":"RobotSpaceExplorer:RecyclePotion"}],"is_trial":false,"path_per_floor":["M","?","M","?","?","R","E","?","T","R","M","$","M","M","R","B",null,"M","?","M","M","$","E","R","E","T","R","?","?","?","M","R","B",null,"M","$","M","?","?","E","R","E","T","R","E","?","$","M","R","B",null],"character_chosen":"RobotSpaceExplorer","items_purchased":["RobotSpaceExplorer:ScrapToss","Sling","Lee\u0027s Waffle","Calipers","Swift Potion"],"campfire_rested":3,"item_purchase_floors":[12,12,22,36,47],"current_hp_per_floor":[68,57,57,62,62,62,62,56,56,56,56,56,56,56,80,73,92,82,82,77,81,101,93,93,82,82,82,70,70,70,76,76,40,86,86,86,92,80,53,59,59,15,15,45,58,58,58,64,96,79],"gold":60,"neow_bonus":"THREE_ENEMY_KILL","is_daily":false,"chose_seed":false,"campfire_upgraded":6,"win_rate":0.0,"timestamp":1608004713,"path_taken":["M","?","M","?","?","R","E","?","T","R","M","$","?","M","R","BOSS","M","?","M","M","$","E","R","E","T","R","?","?","?","M","R","BOSS","M","$","M","?","?","E","R","E","T","R","E","?","$","M","R","BOSS"],"items_purchased_type":["Card","Relic","Relic","Relic","Potion"],"build_version":"2020-12-13","purchased_purges":2,"victory":true,"max_hp_per_floor":[75,75,75,80,80,80,80,80,80,80,80,80,80,80,80,80,94,94,94,94,94,101,101,101,101,101,101,101,101,101,101,101,101,101,101,101,101,101,101,101,101,101,101,101,108,108,108,108,108,108],"card_choices":[{"not_picked":["RobotSpaceExplorer:SwiftStep","RobotSpaceExplorer:ShockKick"],"picked":"RobotSpaceExplorer:ScrapMissile","floor":1},{"not_picked":["RobotSpaceExplorer:Electroshield","RobotSpaceExplorer:ToxicBomb"],"picked":"RobotSpaceExplorer:StarLightning","floor":3},{"not_picked":["RobotSpaceExplorer:SlimeMissile","RobotSpaceExplorer:ScrapMissile"],"picked":"RobotSpaceExplorer:Pulsar","floor":7},{"not_picked":["RobotSpaceExplorer:MiniDrones","RobotSpaceExplorer:GlueShot"],"picked":"RobotSpaceExplorer:ScrapMissile","floor":11},{"not_picked":["RobotSpaceExplorer:Electropulse","RobotSpaceExplorer:Probe","RobotSpaceExplorer:ImprovisedAttack"],"picked":"SKIP","floor":13},{"not_picked":["RobotSpaceExplorer:Calculate","RobotSpaceExplorer:ScrapMissile"],"picked":"RobotSpaceExplorer:Fix","floor":14},{"not_picked":["RobotSpaceExplorer:Accelerator","RobotSpaceExplorer:Exploration"],"picked":"RobotSpaceExplorer:Comet","floor":16},{"not_picked":["RobotSpaceExplorer:SlimeMissile+1","RobotSpaceExplorer:Electropulse+1"],"picked":"RobotSpaceExplorer:StarLightning+1","floor":18},{"not_picked":["RobotSpaceExplorer:FrostMissile+1","RobotSpaceExplorer:StunGrenade+1"],"picked":"RobotSpaceExplorer:Jetpack+1","floor":20},{"not_picked":["RobotSpaceExplorer:Electropulse+1","RobotSpaceExplorer:SwiftStep","RobotSpaceExplorer:SurgingStrike+1"],"picked":"SKIP","floor":21},{"not_picked":["RobotSpaceExplorer:PowerGlove","RobotSpaceExplorer:FranticSearch"],"picked":"RobotSpaceExplorer:ChargingLaser+1","floor":23},{"not_picked":["RobotSpaceExplorer:SurgingStrike+1","RobotSpaceExplorer:ShockKick+1","RobotSpaceExplorer:FranticSearch"],"picked":"SKIP","floor":25},{"not_picked":["RobotSpaceExplorer:SurgingStrike+1","RobotSpaceExplorer:SurgingShield+1","RobotSpaceExplorer:FreezingShield"],"picked":"SKIP","floor":31},{"not_picked":["RobotSpaceExplorer:Explosion+1","RobotSpaceExplorer:Asteroid+1"],"picked":"RobotSpaceExplorer:Accelerator","floor":33},{"not_picked":["RobotSpaceExplorer:Smokescreen","RobotSpaceExplorer:SurgingShield"],"picked":"RobotSpaceExplorer:ScrapMissile+1","floor":35},{"not_picked":["RobotSpaceExplorer:FranticSearch+1","RobotSpaceExplorer:ExhaustFan","RobotSpaceExplorer:MakeshiftVolley+1"],"picked":"SKIP","floor":37},{"not_picked":["RobotSpaceExplorer:Discharger","RobotSpaceExplorer:FranticSearch"],"picked":"RobotSpaceExplorer:Jetpack","floor":40},{"not_picked":["RobotSpaceExplorer:Calculate+1","RobotSpaceExplorer:ScrapMissile+1"],"picked":"RobotSpaceExplorer:StarLightning+1","floor":42},{"not_picked":["RobotSpaceExplorer:SwiftStep+1","RobotSpaceExplorer:Multitool","RobotSpaceExplorer:StunGrenade+1"],"picked":"SKIP","floor":45},{"not_picked":["RobotSpaceExplorer:Smokescreen+1","RobotSpaceExplorer:FrostMissile+1","RobotSpaceExplorer:SurgingShield"],"picked":"SKIP","floor":48},{"not_picked":["RobotSpaceExplorer:SurgingShield+1","RobotSpaceExplorer:SurgingStrike+1"],"picked":"RobotSpaceExplorer:DroneSwarm","floor":49}],"player_experience":741279,"relics_obtained":[{"floor":7,"key":"TungstenRod"},{"floor":9,"key":"Nunchaku"},{"floor":17,"key":"Dream Catcher"},{"floor":17,"key":"Molten Egg 2"},{"floor":17,"key":"Mango"},{"floor":23,"key":"Unceasing Top"},{"floor":25,"key":"PreservedInsect"},{"floor":28,"key":"Necronomicon"},{"floor":39,"key":"FossilizedHelix"},{"floor":40,"key":"RobotSpaceExplorer:PlasmaHourglass"},{"floor":42,"key":"Happy Flower"},{"floor":43,"key":"Sundial"},{"floor":45,"key":"Strawberry"}],"event_choices":[{"damage_healed":0,"gold_gain":75,"player_choice":"Gather Gold","damage_taken":11,"max_hp_gain":0,"max_hp_loss":0,"event_name":"World of Goop","floor":2,"gold_loss":0},{"damage_healed":0,"gold_gain":0,"player_choice":"Donut","damage_taken":0,"max_hp_gain":5,"max_hp_loss":0,"event_name":"Big Fish","floor":4,"gold_loss":0},{"cards_removed":["RobotSpaceExplorer:Strike"],"damage_healed":0,"gold_gain":0,"player_choice":"Card Removal","damage_taken":7,"max_hp_gain":0,"max_hp_loss":0,"event_name":"Golden Wing","floor":8,"gold_loss":0},{"cards_removed":["RobotSpaceExplorer:Strike"],"damage_healed":0,"gold_gain":0,"player_choice":"Elegance","damage_taken":0,"max_hp_gain":0,"max_hp_loss":0,"event_name":"Back to Basics","floor":19,"gold_loss":0},{"damage_healed":0,"gold_gain":0,"player_choice":"Obtained Book","damage_taken":16,"max_hp_gain":0,"max_hp_loss":0,"event_name":"Cursed Tome","floor":28,"gold_loss":0},{"damage_healed":0,"gold_gain":99,"player_choice":"Stole From Cult","damage_taken":0,"max_hp_gain":0,"max_hp_loss":0,"event_name":"Nest","floor":29,"gold_loss":0},{"damage_healed":0,"gold_gain":0,"player_choice":"Read","damage_taken":0,"max_hp_gain":0,"max_hp_loss":0,"event_name":"The Library","floor":30,"gold_loss":0,"cards_obtained":["RobotSpaceExplorer:JunkDive"]},{"damage_healed":0,"gold_gain":0,"player_choice":"Embrace Madness","damage_taken":13,"max_hp_gain":0,"max_hp_loss":0,"event_name":"Winding Halls","floor":38,"gold_loss":0,"cards_obtained":["Madness","Madness"]},{"damage_healed":0,"gold_gain":0,"player_choice":"Fight","damage_taken":0,"max_hp_gain":0,"max_hp_loss":0,"event_name":"Mysterious Sphere","floor":39,"gold_loss":0},{"damage_healed":0,"gold_gain":0,"player_choice":"Ignored","damage_taken":0,"max_hp_gain":0,"max_hp_loss":0,"event_name":"SecretPortal","floor":46,"gold_loss":0}],"is_beta":false,"boss_relics":[{"not_picked":["Busted Crown","RobotSpaceExplorer:Reprocessor"],"picked":"Calling Bell"},{"not_picked":["Velvet Choker","Pandora\u0027s Box"],"picked":"RobotSpaceExplorer:SearchSpecs"}],"items_purged_floors":[12,47],"is_endless":false,"potions_floor_spawned":[3,13,16,18,20,31,35,39,42],"ascension_level":7}}