{"host":"1tl36azeqm6yhdgj","time":1608058819,"event":{"mods":["AchievementEnabler","BaseMod","Minty Spire (QoL Compilation)","StSLib","The IronCluck","everything is the same but u backflip on backflip"],"gold_per_floor":[118,132,307,324,324,324,349,368,438,465,40,40,3,3,3,122,122,142,166,166,166,182,182,182,203,257,257,272,291,1,45,45,170,170,190,204,27,90,90,90,123,144,144,207,240,240,264,40,40,40,40],"floor_reached":50,"playtime":2773,"items_purged":["Pain"],"score":977,"play_id":"3110a41e-2826-44d9-afba-609569e960ca","local_time":"20201215140019","is_ascension_mode":true,"campfire_choices":[{"data":"Rampage","floor":6.0,"key":"SMITH"},{"floor":15.0,"key":"REST"},{"data":"Magnetism","floor":23.0,"key":"SMITH"},{"floor":27.0,"key":"RECALL"},{"floor":32.0,"key":"REST"},{"floor":40.0,"key":"REST"},{"floor":49.0,"key":"DIG"}],"circlet_count":0,"master_deck":["AscendersBane","Strike_R+1","Strike_R+1","Strike_R","Defend_R","Defend_R","Defend_R","Defend_R","Bash","Whirlwind","Rampage+1","Feel No Pain","Dropkick","Blood for Blood","Clash","Ghostly Armor","Magnetism+1","Bandage Up","Flame Barrier","Corruption","Anger","Carnage","Sentinel","Uppercut","Feel No Pain+1","Reckless Charge","Evolve","Limit Break","Sever Soul+1","Anger+1","Rage","Pommel Strike+1","Madness","Madness","Infernal Blade","Havoc+1","Iron Wave+1","Limit Break","Sadistic Nature+1","The Bomb","Deep Breath","True Grit+1"],"relics":["Burning Blood","NeowsBlessing","CaptainsWheel","Matryoshka","Whetstone","Orichalcum","Golden Idol","SacredBark","WarpedTongs","Vajra","MealTicket","Gremlin Horn","PreservedInsect","Runic Cube","Toy Ornithopter","Shovel","Dream Catcher","Darkstone Periapt","Magic Flower","Frozen Egg 2","Ancient Tea Set","Pear"],"acts_visited":["Exordium","TheCity","TheBeyond"],"potions_floor_usage":[],"damage_taken":[{"damage":0.0,"enemies":"Jaw Worm","floor":1.0,"turns":1.0},{"damage":0.0,"enemies":"Cultist","floor":2.0,"turns":1.0},{"damage":0.0,"enemies":"2 Louse","floor":4.0,"turns":1.0},{"damage":52.0,"enemies":"Lagavulin","floor":7.0,"turns":8.0},{"damage":10.0,"enemies":"2 Fungi Beasts","floor":8.0,"turns":3.0},{"damage":24.0,"enemies":"3 Sentries","floor":10.0,"turns":8.0},{"damage":0.0,"enemies":"Slime Boss","floor":16.0,"turns":10.0},{"damage":14.0,"enemies":"Shell Parasite","floor":18.0,"turns":8.0},{"damage":10.0,"enemies":"3 Byrds","floor":19.0,"turns":5.0},{"damage":18.0,"enemies":"Cultist and Chosen","floor":22.0,"turns":8.0},{"damage":0.0,"enemies":"Gremlin Leader","floor":24.0,"turns":1.0},{"damage":22.0,"enemies":"Sentry and Sphere","floor":25.0,"turns":8.0},{"damage":25.0,"enemies":"3 Cultists","floor":28.0,"turns":7.0},{"damage":19.0,"enemies":"Centurion and Healer","floor":29.0,"turns":7.0},{"damage":20.0,"enemies":"Slavers","floor":31.0,"turns":6.0},{"damage":45.0,"enemies":"Champ","floor":33.0,"turns":14.0},{"damage":6.0,"enemies":"Orb Walker","floor":35.0,"turns":4.0},{"damage":34.0,"enemies":"3 Darklings","floor":36.0,"turns":5.0},{"damage":37.0,"enemies":"2 Orb Walkers","floor":38.0,"turns":6.0},{"damage":19.0,"enemies":"Nemesis","floor":41.0,"turns":7.0},{"damage":19.0,"enemies":"4 Shapes","floor":42.0,"turns":4.0},{"damage":30.0,"enemies":"Mind Bloom Boss Battle","floor":44.0,"turns":8.0},{"damage":59.0,"enemies":"Reptomancer","floor":45.0,"turns":7.0},{"damage":26.0,"enemies":"Spire Growth","floor":47.0,"turns":5.0},{"damage":87,"enemies":"Time Eater","floor":50,"turns":7}],"seed_played":"-8336581398287849316","potions_obtained":[{"floor":4.0,"key":"GamblersBrew"},{"floor":7.0,"key":"EssenceOfSteel"},{"floor":8.0,"key":"ElixirPotion"},{"floor":16.0,"key":"SmokeBomb"},{"floor":19.0,"key":"DuplicationPotion"},{"floor":22.0,"key":"Block Potion"},{"floor":28.0,"key":"Strength Potion"},{"floor":31.0,"key":"Ancient Potion"},{"floor":33.0,"key":"Energy Potion"},{"floor":38.0,"key":"BloodPotion"},{"floor":41.0,"key":"FairyPotion"},{"floor":44.0,"key":"Block Potion"},{"floor":47.0,"key":"SteroidPotion"}],"is_trial":false,"path_per_floor":["M","M","?","M","?","R","E","M","T","E","$","?","$","?","R","B",null,"M","M","?","?","M","R","E","M","T","R","M","M","$","E","R","B",null,"M","M","$","?","?","R","E","M","T","?","E","?","M","$","R","B"],"character_chosen":"IRONCLAD","items_purchased":["Orichalcum","Magnetism","Bandage Up","Flame Barrier","Gremlin Horn","Reckless Charge","Toy Ornithopter","Rage","Ancient Tea Set"],"campfire_rested":3,"item_purchase_floors":[11,11,11,13,30,30,37,37,48],"current_hp_per_floor":[78,80,80,80,80,80,34,30,30,12,12,12,12,12,34,44,67,63,63,63,63,57,57,63,51,51,51,38,29,44,34,56,21,61,61,37,52,27,18,40,65,56,56,38,74,64,53,68,78,0,0],"gold":40,"neow_bonus":"THREE_ENEMY_KILL","is_daily":false,"chose_seed":false,"campfire_upgraded":2,"win_rate":0.0,"timestamp":1608058819,"path_taken":["M","M","?","M","?","R","E","?","T","E","$","?","$","?","R","BOSS","M","M","?","?","?","R","E","M","T","R","M","M","$","E","R","BOSS","M","M","$","?","?","R","E","M","T","?","E","?","M","?","R","BOSS"],"items_purchased_type":["Relic","Card","Card","Card","Relic","Card","Relic","Card","Relic"],"build_version":"2020-12-13","purchased_purges":1,"victory":false,"max_hp_per_floor":[80,80,80,80,80,80,80,80,80,80,80,74,74,74,74,74,74,74,74,74,74,74,74,74,74,74,74,74,74,74,74,74,74,74,74,74,74,74,74,74,74,74,74,74,74,74,74,74,84,84,84],"card_choices":[{"not_picked":["Wild Strike","Second Wind"],"picked":"Whirlwind","floor":1.0},{"not_picked":["Battle Trance","Clash"],"picked":"Rampage","floor":2.0},{"not_picked":["Rupture","Havoc"],"picked":"Feel No Pain","floor":4.0},{"not_picked":["Searing Blow","Warcry"],"picked":"Blood for Blood","floor":7.0},{"not_picked":["Twin Strike","Iron Wave"],"picked":"Clash","floor":8.0},{"not_picked":["Warcry","Heavy Blade"],"picked":"Ghostly Armor","floor":10.0},{"not_picked":["Reaper","Bludgeon"],"picked":"Corruption","floor":16.0},{"not_picked":["Dark Embrace","Wild Strike+1","Bloodletting"],"picked":"SKIP","floor":18.0},{"not_picked":["Seeing Red","Havoc"],"picked":"Anger","floor":19.0},{"not_picked":["Combust+1","Cleave"],"picked":"Carnage","floor":22.0},{"not_picked":["Havoc","Second Wind+1"],"picked":"Sentinel","floor":25.0},{"not_picked":["Evolve","Headbutt"],"picked":"Uppercut","floor":28.0},{"not_picked":["Power Through+1","Dropkick"],"picked":"Feel No Pain+1","floor":29.0},{"not_picked":["Blood for Blood+1","Sever Soul"],"picked":"Evolve","floor":31.0},{"not_picked":["Reaper","Offering"],"picked":"Limit Break","floor":33.0},{"not_picked":["Anger","Sword Boomerang+1"],"picked":"Sever Soul+1","floor":35.0},{"not_picked":["Power Through+1","Shrug It Off"],"picked":"Anger+1","floor":36.0},{"not_picked":["Body Slam","Havoc"],"picked":"Pommel Strike+1","floor":38.0},{"not_picked":["Havoc+1","Whirlwind+1"],"picked":"Infernal Blade","floor":41.0},{"not_picked":["Dual Wield+1","Iron Wave"],"picked":"Havoc+1","floor":42.0},{"not_picked":["Anger+1","Clothesline+1"],"picked":"Iron Wave+1","floor":44.0},{"not_picked":["Rupture+1","Sever Soul"],"picked":"Limit Break","floor":45.0},{"not_picked":["Mind Blast","Purity"],"picked":"Sadistic Nature+1","floor":46.0},{"not_picked":["Forethought","Dramatic Entrance"],"picked":"The Bomb","floor":46.0},{"not_picked":["Madness","Purity"],"picked":"Deep Breath","floor":46.0},{"not_picked":["Iron Wave","Warcry"],"picked":"True Grit+1","floor":47.0}],"player_experience":1938886,"relics_obtained":[{"floor":7.0,"key":"CaptainsWheel"},{"floor":9.0,"key":"Matryoshka"},{"floor":10.0,"key":"Whetstone"},{"floor":26.0,"key":"Vajra"},{"floor":26.0,"key":"MealTicket"},{"floor":31.0,"key":"PreservedInsect"},{"floor":38.0,"key":"Shovel"},{"floor":41.0,"key":"Dream Catcher"},{"floor":43.0,"key":"Darkstone Periapt"},{"floor":44.0,"key":"Magic Flower"},{"floor":45.0,"key":"Frozen Egg 2"},{"floor":49.0,"key":"Pear"}],"event_choices":[{"damage_healed":0.0,"max_hp_gain":0.0,"max_hp_loss":0.0,"gold_gain":175.0,"event_name":"Liars Game","player_choice":"AGREE","floor":3.0,"gold_loss":0.0,"damage_taken":0.0,"cards_obtained":["Doubt"]},{"damage_healed":0.0,"max_hp_gain":0.0,"max_hp_loss":0.0,"gold_gain":0.0,"cards_transformed":["Strike_R"],"event_name":"Transmorgrifier","player_choice":"Transformed","floor":5.0,"gold_loss":0.0,"damage_taken":0.0,"cards_obtained":["Dropkick"]},{"damage_healed":0.0,"max_hp_gain":0.0,"max_hp_loss":6.0,"gold_gain":0.0,"event_name":"Golden Idol","player_choice":"Lose Max HP","floor":12.0,"gold_loss":0.0,"damage_taken":0.0,"relics_obtained":["Golden Idol"]},{"cards_removed":["Doubt"],"damage_healed":0.0,"max_hp_gain":0.0,"max_hp_loss":0.0,"gold_gain":0.0,"event_name":"Living Wall","player_choice":"Forget","floor":14.0,"gold_loss":0.0,"damage_taken":0.0},{"cards_removed":["Strike_R"],"damage_healed":0.0,"max_hp_gain":0.0,"max_hp_loss":0.0,"gold_gain":0.0,"event_name":"Back to Basics","player_choice":"Elegance","floor":20.0,"gold_loss":0.0,"damage_taken":0.0},{"damage_healed":0.0,"max_hp_gain":0.0,"max_hp_loss":0.0,"gold_gain":0.0,"event_name":"Accursed Blacksmith","player_choice":"Rummage","floor":21.0,"gold_loss":0.0,"damage_taken":0.0,"relics_obtained":["WarpedTongs"],"cards_obtained":["Pain"]},{"damage_healed":0.0,"max_hp_gain":0.0,"max_hp_loss":0.0,"gold_gain":0.0,"event_name":"Mysterious Sphere","player_choice":"Fight","floor":38.0,"gold_loss":0.0,"damage_taken":0.0},{"damage_healed":0.0,"max_hp_gain":0.0,"max_hp_loss":0.0,"gold_gain":0.0,"event_name":"Winding Halls","player_choice":"Embrace Madness","floor":39.0,"gold_loss":0.0,"damage_taken":9.0,"cards_obtained":["Madness","Madness"]},{"damage_healed":0.0,"max_hp_gain":0.0,"max_hp_loss":0.0,"gold_gain":0.0,"event_name":"MindBloom","player_choice":"Fight","floor":44.0,"gold_loss":0.0,"damage_taken":0.0},{"damage_healed":0.0,"max_hp_gain":0.0,"max_hp_loss":0.0,"gold_gain":0.0,"event_name":"SensoryStone","player_choice":"Memory 3","floor":46.0,"gold_loss":0.0,"damage_taken":10.0}],"is_beta":false,"boss_relics":[{"not_picked":["Sozu","Mark of Pain"],"picked":"SacredBark"},{"not_picked":["Runic Dome","Busted Crown"],"picked":"Runic Cube"}],"items_purged_floors":[48],"is_endless":false,"potions_floor_spawned":[4,7,8,16,19,22,28,31,33,38,41,44,47],"killed_by":"Time Eater","ascension_level":11}}