{"host":"lfe2ev9inu3oi8ov","time":1608002592,"event":{"mods":["BaseMod","Better Vampires","Better-Laid Plans","Dota2Spire","Duelist Mod","Luminous","Marisa（F雨　魔理沙）","Minty Spire (QoL Compilation)","StSLib","The Servant 0.9.4","【东方二次创作】八云紫mod"],"gold_per_floor":[18,18,18,18,37,67,67,67,67],"floor_reached":8,"playtime":378,"items_purged":[],"score":54,"play_id":"0f863f98-6c52-4884-9db4-fd26e2f94296","local_time":"20201215112312","is_ascension_mode":false,"campfire_choices":[{"floor":7.0,"key":"REST"}],"circlet_count":0,"master_deck":["Strike_S+1","Strike_S","Strike_S","Strike_S","Defend_S","Defend_S","Defend_S","Defend_S+1","KidneyShot","Exchange+1","ShatteredReality","KidneyShot","Collapse","InstantArmor"],"relics":["Uniform","PocketWatch","Ancient Tea Set"],"acts_visited":["Exordium"],"potions_floor_usage":[8],"damage_taken":[{"damage":2.0,"enemies":"2 Louse","floor":1.0,"turns":3.0},{"damage":3.0,"enemies":"Jaw Worm","floor":5.0,"turns":3.0},{"damage":40.0,"enemies":"Gremlin Nob","floor":6.0,"turns":6.0},{"damage":0,"enemies":"Lagavulin","floor":8,"turns":2}],"seed_played":"-7544732132512302828","potions_obtained":[{"floor":5.0,"key":"SkillPotion"},{"floor":6.0,"key":"PowerPotion"}],"is_trial":false,"path_per_floor":["M","?","?","?","M","E","R","E"],"character_chosen":"THE_SERVANT","items_purchased":[],"campfire_rested":1,"item_purchase_floors":[],"current_hp_per_floor":[63,63,50,50,47,7,26,26,26],"gold":67,"neow_bonus":"ONE_RARE_RELIC","is_daily":false,"chose_seed":false,"campfire_upgraded":0,"win_rate":0.0,"timestamp":1608002592,"path_taken":["M","?","?","?","?","E","R","E"],"items_purchased_type":[],"build_version":"2020-12-13","purchased_purges":0,"victory":false,"max_hp_per_floor":[65,65,65,65,65,65,65,65,65],"card_choices":[{"not_picked":["FanOfKnives","Advance"],"picked":"ShatteredReality","floor":1.0},{"not_picked":["Unruled","Alleviate"],"picked":"Collapse","floor":5.0},{"not_picked":["Gouge","Unruled"],"picked":"InstantArmor","floor":6.0}],"player_experience":442563,"relics_obtained":[{"floor":6.0,"key":"Ancient Tea Set"}],"event_choices":[{"damage_healed":0.0,"max_hp_gain":0.0,"max_hp_loss":0.0,"gold_gain":0.0,"event_name":"Living Wall","player_choice":"Grow","floor":2.0,"gold_loss":0.0,"damage_taken":0.0,"cards_upgraded":["Exchange"]},{"damage_healed":0.0,"max_hp_gain":0.0,"max_hp_loss":0.0,"gold_gain":0.0,"event_name":"Shining Light","player_choice":"Entered Light","floor":3.0,"gold_loss":0.0,"damage_taken":13.0,"cards_upgraded":["Strike_S","Defend_S"]},{"damage_healed":0.0,"max_hp_gain":0.0,"max_hp_loss":0.0,"gold_gain":0.0,"event_name":"Match and Keep!","player_choice":"1 cards matched","floor":4.0,"gold_loss":0.0,"damage_taken":0.0,"cards_obtained":["KidneyShot"]}],"is_beta":false,"boss_relics":[],"items_purged_floors":[],"is_endless":false,"potions_floor_spawned":[5,6],"killed_by":"Lagavulin","ascension_level":0}}