{"host":"njruw0b0uprlitpx","time":1608052378,"event":{"mods":["2.2 Compatiblity","BaseMod","Better Altar","Better Match","Better Note","Better Sensory Stone","Better Skull","Better Third Choice","Block Reminder","Colored Map","Colored Powertips","Downfall","Energized Spire","Keyboard Shortcuts","Minty Spire (QoL Compilation)","Quick Restart","Relic Stats","Replay The Spire","SacredBarkPlus","Spicy Shops","StSLib","SuperFastMode"],"gold_per_floor":[99,132,57,57,57,57,57,57,88,38,38,38,23,35,50,148,148,23,123,273,5,55,5,5,74,104,54,66,9,27,77,89,192,192,142,159,403,413,463,495,522,533,483,510,560,99,31,81,81,81],"floor_reached":51,"playtime":2194,"items_purged":["Parasite","Slimebound:Defend_Slimebound","Pain"],"score":925,"play_id":"30a8d6b7-cf7f-4456-9862-2031576041a0","local_time":"20201215111258","is_ascension_mode":false,"campfire_choices":[{"floor":1,"key":"RECALL"},{"data":"Slimebound:Grow","floor":3,"key":"SMITH"},{"data":"Slimebound:CorrosiveSpit","floor":10,"key":"SMITH"},{"data":"Slimebound:Overexert","floor":18,"key":"SMITH"},{"data":"Slimebound:Grow+1","floor":23,"key":"PURGE"},{"data":"Slimebound:AcidTongue","floor":27,"key":"SMITH"},{"data":"Slimebound:GoopTackle+1","floor":35,"key":"PURGE"},{"floor":43,"key":"REST"}],"circlet_count":0,"master_deck":["Slimebound:Strike_Slimebound","Slimebound:Tackle","Slimebound:Defend_Slimebound","Slimebound:Defend_Slimebound","Slimebound:Defend_Slimebound","Slimebound:Split","Slimebound:CorrosiveSpit+1","Slimebound:GoopSpray","Slimebound:LeechEnergy","Slimebound:Overexert+1","Slimebound:Schlurp","Slimebound:LeechingTouch","Slimebound:MassFeed+1","Slimebound:ProtectTheBoss","Slimebound:SplitLeeching","Slimebound:AcidTongue+1","Slimebound:LeechLife","Slimebound:ViciousTackle","Slimebound:PrepareCrush","Slimebound:SlimeBarrage","Slimebound:SpikyOuterGoop","Slimebound:DivideAndConquer+1","Slimebound:SlimeBarrage+1","Slimebound:FormOfPuddle+1","Slimebound:LivingWall","Slimebound:GoopSpray","Slimebound:LivingWall","Slimebound:ProtectTheBoss","Slimebound:MassRepurpose","Slimebound:PressTheAttack","Slimebound:RainOfGoop+1","Slimebound:SlimeSpikes+1","Slimebound:MassFeed","Slimebound:Nibble+1","Slimebound:SelfFormingGoo+1","Slimebound:MassRepurpose","Slimebound:Repurpose"],"relics":["Slimebound:AbsorbEndCombat","downfall:HeartsMalice","downfall:HeartBlessingRed","Slimebound:ScrapOozeRelic","Slimebound:GreedOozeRelic","White Beast Statue","Replay:Baseball","Velvet Choker","downfall:HeartBlessingGreen","downfall:CloakOfManyFaces","CultistMask","FaceOfCleric","NlothsMask","GremlinMask","SsserpentHead","Potion Belt","ReplayTheSpireMod:CursedCoin","Vajra","Darkstone Periapt","Orrery","sneckomod:SneckoTalon","Mercury Hourglass","Pet Ghost","MealTicket","Blood Vial","DollysMirror","Replay:Bottled Flurry"],"acts_visited":["Exordium","TheCity","TheBeyond"],"potions_floor_usage":[13,13,16,16,20,20,28,29,33,33,33,38,38,38,40,40,40,40,42,42,44,49,50,50,50],"damage_taken":[{"damage":0,"enemies":"Lagavulin","floor":2,"turns":1},{"damage":0,"enemies":"Jaw Worm","floor":8,"turns":1},{"damage":0,"enemies":"3 Sentries","floor":9,"turns":1},{"damage":15,"enemies":"downfall:FleeingMerchant","floor":13,"turns":4},{"damage":7,"enemies":"Small Slimes","floor":14,"turns":2},{"damage":5,"enemies":"2 Louse","floor":15,"turns":2},{"damage":22,"enemies":"downfall:Ironclad","floor":16,"turns":6},{"damage":8,"enemies":"downfall:FaceTrader","floor":19,"turns":4},{"damage":4,"enemies":"downfall:LadyInBlue","floor":20,"turns":4},{"damage":13,"enemies":"downfall:FleeingMerchant","floor":21,"turns":4},{"damage":7,"enemies":"3 Byrds","floor":25,"turns":3},{"damage":10,"enemies":"Replay:Snechameleon","floor":26,"turns":3},{"damage":39,"enemies":"Shelled Parasite and Fungi","floor":28,"turns":3},{"damage":20,"enemies":"downfall:FleeingMerchant","floor":29,"turns":3},{"damage":16,"enemies":"3 Cultists","floor":30,"turns":3},{"damage":11,"enemies":"Snecko","floor":32,"turns":3},{"damage":13,"enemies":"downfall:Defect","floor":33,"turns":6},{"damage":8,"enemies":"Orb Walker","floor":36,"turns":3},{"damage":2,"enemies":"3 Shapes","floor":38,"turns":3},{"damage":35,"enemies":"Reptomancer","floor":40,"turns":5},{"damage":19,"enemies":"Writhing Mass","floor":42,"turns":3},{"damage":7,"enemies":"R_Hoarder","floor":44,"turns":6},{"damage":0,"enemies":"Jaw Worm Horde","floor":49,"turns":1},{"damage":105,"enemies":"downfall:Silent","floor":50,"turns":5}],"seed_played":"1297520695616881584","potions_obtained":[{"floor":2,"key":"Adrenaline Potion"},{"floor":8,"key":"LiquidBronze"},{"floor":9,"key":"ColorlessPotion"},{"floor":13,"key":"FearPotion"},{"floor":14,"key":"Explosive Potion"},{"floor":15,"key":"Energy Potion"},{"floor":16,"key":"Elixir"},{"floor":19,"key":"Fire Potion"},{"floor":20,"key":"Dexterity Potion"},{"floor":20,"key":"Elixir"},{"floor":20,"key":"Languid Potion"},{"floor":21,"key":"DistilledChaos"},{"floor":25,"key":"PowerPotion"},{"floor":28,"key":"Milkshake"},{"floor":29,"key":"Weak Potion"},{"floor":30,"key":"LiquidBronze"},{"floor":32,"key":"Block Potion"},{"floor":33,"key":"Weak Potion"},{"floor":36,"key":"Reflective Coating"},{"floor":38,"key":"BlessingOfTheForge"},{"floor":40,"key":"BlessingOfTheForge"},{"floor":42,"key":"champ:CounterPotion"},{"floor":44,"key":"SmokeBomb"}],"is_trial":false,"path_per_floor":["R","E","R","?","?","?","T","M","E","R","?","?","$","M","M","B",null,"R","?","?","$","?","R","T","M","E","R","M","$","M","?","M","B",null,"R","M","?","M","?","E","T","M","R","E","T","$","$","?","M","B",null],"character_chosen":"SLIMEBOUND","items_purchased":["ReplayTheSpireMod:CursedCoin","Slimebound:LeechLife","EntropicBrew","Vajra","Orrery","Slimebound:LivingWall","Slimebound:GoopSpray","DollysMirror","Replay:Bottled Flurry","Slimebound:ThreeZeroPotion","Slimebound:Repurpose"],"campfire_rested":1,"item_purchase_floors":[21,21,21,21,29,29,29,46,46,46,47],"current_hp_per_floor":[60,60,60,60,65,65,65,65,65,65,65,65,65,65,64,59,65,65,68,69,67,67,67,67,76,81,81,50,59,60,60,66,70,90,90,91,55,70,70,92,92,79,94,95,95,101,101,101,102,34],"gold":81,"neow_bonus":"THREE_ENEMY_KILL","is_daily":false,"chose_seed":false,"campfire_upgraded":4,"win_rate":0.0,"timestamp":1608052378,"path_taken":["R","E","R","?","?","?","T","M","E","R","?","?","$","M","M","BOSS","R","?","?","$","?","R","T","?","E","R","M","$","M","?","M","BOSS","R","M","?","M","?","E","T","M","R","E","?","$","$","?","M","BOSS"],"items_purchased_type":["Relic","Card","Potion","Relic","Relic","Card","Card","Relic","Relic","Potion","Card"],"build_version":"2020-12-13","purchased_purges":3,"victory":true,"max_hp_per_floor":[60,60,60,60,65,65,65,65,65,65,65,65,65,65,65,65,65,65,68,69,67,67,67,67,76,81,81,82,87,88,88,89,90,90,90,91,91,92,92,93,93,94,94,95,95,101,101,101,102,103],"relic_stats":{"Darkstone Periapt":6,"Blood Vial":0,"SsserpentHead":400,"FaceOfCleric":16,"counters":[24,71],"MealTicket":0,"obtain_stats":[{"Darkstone Periapt":26,"Slimebound:ScrapOozeRelic":4,"Vajra":21,"downfall:HeartBlessingGreen":18,"GremlinMask":19,"Pet Ghost":41,"Blood Vial":45,"SsserpentHead":19,"downfall:BrokenWingStatue":12,"FaceOfCleric":19,"DollysMirror":46,"MealTicket":44,"downfall:CloakOfManyFaces":19,"Replay:Bottled Flurry":46,"Potion Belt":20,"downfall:HeartBlessingRed":3,"ReplayTheSpireMod:CursedCoin":21,"Velvet Choker":17,"downfall:HeartsMalice":0,"sneckomod:SneckoTalon":34,"Akabeko":2,"White Beast Statue":7,"Mercury Hourglass":40,"Slimebound:GreedOozeRelic":6,"Replay:Baseball":9,"Orrery":29,"CultistMask":19,"Slimebound:AbsorbEndCombat":0,"NlothsMask":19},{"Darkstone Periapt":12,"Slimebound:ScrapOozeRelic":1,"Vajra":10,"downfall:HeartBlessingGreen":7,"GremlinMask":8,"Pet Ghost":20,"Blood Vial":22,"SsserpentHead":8,"downfall:BrokenWingStatue":3,"FaceOfCleric":8,"DollysMirror":22,"MealTicket":22,"downfall:CloakOfManyFaces":8,"Replay:Bottled Flurry":22,"Potion Belt":9,"downfall:HeartBlessingRed":1,"ReplayTheSpireMod:CursedCoin":10,"Velvet Choker":7,"downfall:HeartsMalice":0,"sneckomod:SneckoTalon":17,"Akabeko":1,"White Beast Statue":1,"Mercury Hourglass":20,"Slimebound:GreedOozeRelic":1,"Replay:Baseball":3,"Orrery":14,"CultistMask":8,"Slimebound:AbsorbEndCombat":0,"NlothsMask":8},{"Darkstone Periapt":31,"Slimebound:ScrapOozeRelic":0,"Vajra":25,"downfall:HeartBlessingGreen":13,"GremlinMask":17,"Pet Ghost":58,"Blood Vial":65,"SsserpentHead":17,"downfall:BrokenWingStatue":0,"FaceOfCleric":17,"DollysMirror":65,"MealTicket":65,"downfall:CloakOfManyFaces":17,"Replay:Bottled Flurry":65,"Potion Belt":21,"downfall:HeartBlessingRed":0,"ReplayTheSpireMod:CursedCoin":25,"Velvet Choker":13,"downfall:HeartsMalice":0,"sneckomod:SneckoTalon":47,"Akabeko":0,"White Beast Statue":0,"Mercury Hourglass":58,"Slimebound:GreedOozeRelic":0,"Replay:Baseball":0,"Orrery":36,"CultistMask":17,"Slimebound:AbsorbEndCombat":0,"NlothsMask":17}],"Mercury Hourglass":[17]},"card_choices":[{"not_picked":["Slimebound:SplitBruiser","Slimebound:GrowthPunch"],"picked":"Slimebound:Grow","floor":2},{"not_picked":["Slimebound:GrowthPunch","Slimebound:SlimeTap"],"picked":"Slimebound:GoopSpray","floor":8},{"not_picked":["Slimebound:SamplingLick","Slimebound:SplitMire"],"picked":"Slimebound:LeechEnergy","floor":9},{"not_picked":["Slimebound:SplitMire","Slimebound:Replication"],"picked":"Slimebound:Overexert","floor":13},{"not_picked":["Slimebound:FirmFortitude","Slimebound:PressTheAttack"],"picked":"Slimebound:Schlurp","floor":14},{"not_picked":["Slimebound:GoopSpray","Slimebound:RollThrough"],"picked":"Slimebound:LeechingTouch","floor":15},{"not_picked":["Slimebound:MassRepurpose","Slimebound:SlimeSlap"],"picked":"Slimebound:MassFeed","floor":16},{"not_picked":["Slimebound:Recollect+1","Slimebound:PressTheAttack+1"],"picked":"Slimebound:ProtectTheBoss","floor":19},{"not_picked":["Slimebound:LeechEnergy","Slimebound:Recollect"],"picked":"Slimebound:SplitLeeching","floor":20},{"not_picked":["Slimebound:SplitLeeching","Slimebound:ProtectTheBoss"],"picked":"Slimebound:AcidTongue","floor":21},{"not_picked":["Slimebound:FlameTackle","Slimebound:LeechingTouch"],"picked":"Slimebound:GoopTackle+1","floor":25},{"not_picked":["Slimebound:SplitAcid+1","Slimebound:LeechEnergy+1"],"picked":"Slimebound:ViciousTackle","floor":26},{"not_picked":["Slimebound:SplitLeeching","Slimebound:ServeAndProtect","Slimebound:ComboTackle"],"picked":"SKIP","floor":28},{"not_picked":["Slimebound:FormOfPuddle","Slimebound:BestDefense+1"],"picked":"Slimebound:PrepareCrush","floor":29},{"not_picked":["Slimebound:ViciousTackle","Slimebound:PressTheAttack"],"picked":"Slimebound:SlimeBarrage","floor":29},{"not_picked":["Slimebound:PressTheAttack","Slimebound:MassRepurpose"],"picked":"Slimebound:SpikyOuterGoop","floor":29},{"not_picked":["Slimebound:ServeAndProtect","Slimebound:Schlurp"],"picked":"Slimebound:DivideAndConquer+1","floor":29},{"not_picked":["Slimebound:BestDefense+1","Slimebound:SplitLeeching"],"picked":"Slimebound:SlimeBarrage+1","floor":29},{"not_picked":["Slimebound:LeadByExample+1","Slimebound:ServeAndProtect"],"picked":"Slimebound:FormOfPuddle+1","floor":29},{"not_picked":["Slimebound:Gluttony+1","Slimebound:Schlurp+1"],"picked":"Slimebound:LivingWall","floor":30},{"not_picked":["Slimebound:SplitLeeching","Slimebound:Gluttony+1"],"picked":"Slimebound:ProtectTheBoss","floor":32},{"not_picked":["Slimebound:WasteNot","Slimebound:PrepareCrush"],"picked":"Slimebound:MassRepurpose","floor":33},{"not_picked":["Slimebound:RollThrough+1","Slimebound:GoopSpray+1"],"picked":"Slimebound:PressTheAttack","floor":36},{"not_picked":["Slimebound:Schlurp+1","Slimebound:Nibble"],"picked":"Slimebound:RainOfGoop+1","floor":37},{"not_picked":["Slimebound:Grow+1","Slimebound:LeechingTouch"],"picked":"Slimebound:SlimeSpikes+1","floor":38},{"not_picked":["Slimebound:ViciousTackle","Slimebound:LeechingTouch+1"],"picked":"Slimebound:MassFeed","floor":40},{"not_picked":["Slimebound:SamplingLick","Slimebound:GoopSpray"],"picked":"Slimebound:Nibble+1","floor":42},{"not_picked":["Slimebound:SlimeBrawl","Slimebound:SlimeSpikes"],"picked":"Slimebound:SelfFormingGoo","floor":44}],"player_experience":1343933,"relics_obtained":[{"floor":2,"key":"Akabeko"},{"floor":7,"key":"White Beast Statue"},{"floor":9,"key":"Replay:Baseball"},{"floor":19,"key":"downfall:CloakOfManyFaces"},{"floor":20,"key":"Potion Belt"},{"floor":26,"key":"Darkstone Periapt"},{"floor":40,"key":"Mercury Hourglass"},{"floor":41,"key":"Pet Ghost"},{"floor":44,"key":"MealTicket"},{"floor":45,"key":"Blood Vial"}],"event_choices":[{"damage_healed":0,"gold_gain":0,"player_choice":"Donut","damage_taken":0,"max_hp_gain":5,"max_hp_loss":0,"event_name":"Big Fish","floor":5,"gold_loss":0},{"damage_healed":0,"gold_gain":0,"player_choice":"Upgraded","damage_taken":0,"max_hp_gain":0,"max_hp_loss":0,"event_name":"Upgrade Shrine","floor":22,"gold_loss":0,"cards_upgraded":["Slimebound:MassFeed"]},{"cards_removed":["Slimebound:Strike_Slimebound"],"damage_healed":0,"gold_gain":0,"player_choice":"Offered Basic","damage_taken":0,"max_hp_gain":0,"max_hp_loss":0,"event_name":"Bonfire Elementals","floor":31,"gold_loss":0},{"damage_healed":0,"gold_gain":0,"player_choice":"Ignored","damage_taken":0,"max_hp_gain":0,"max_hp_loss":0,"event_name":"Mysterious Sphere","floor":39,"gold_loss":0},{"damage_healed":0,"gold_gain":0,"player_choice":"Upgraded","damage_taken":0,"max_hp_gain":0,"max_hp_loss":0,"event_name":"Upgrade Shrine","floor":48,"gold_loss":0,"cards_upgraded":["Slimebound:SelfFormingGoo"]}],"is_beta":false,"boss_relics":[{"not_picked":["Tiny House","Calling Bell"],"picked":"Velvet Choker"},{"not_picked":["energizedSpire:NeverEndingSparkler","Coffee Dripper"],"picked":"sneckomod:SneckoTalon"}],"items_purged_floors":[21,29,46],"is_endless":false,"potions_floor_spawned":[2,8,9,13,14,15,16,19,21,25,26,28,29,30,32,33,36,38,40,42,44,49],"ascension_level":0}}