{"host":"17xjy7b7ubl548g2","time":1608020096,"event":{"mods":["2.2 Compatiblity","Act Like it!","Aspiration","Astrologer","Bard","BaseMod","Bestiary","Challenge The Spire","ChefMod","Colored Map","Conspire","Elementarium","Energized Spire","GifTheSpireLib","Halation","Hallownest","Hermit","Hubris","Infinite Spire","Jedi Mod","Jorbs\u0027s Wanderer Trilogy","Marisa（霧雨　魔理沙）","Marked Mod","Minty Spire (QoL Compilation)","Pale of the Ancients","Permanent Neow","Puzzle Mod","Replay The Spire","Robot Space Explorer","Spicy Shops","StSLib","Stuff the Spire","The Blue Laboratory","The Bug Knight","The Construct","The Disciple","The Hayseed","The Hierophant","The Runesmith","The Sage"],"gold_per_floor":[17,17,17,37,55,80,80,112,112,112,138,149,160,160,160],"floor_reached":14,"playtime":1274,"items_purged":[],"score":193,"play_id":"4c03aeff-4e72-4a47-9538-d365804f4691","local_time":"20201215031456","is_ascension_mode":true,"campfire_choices":[{"data":"Zap","floor":7.0,"key":"SMITH"},{"floor":10.0,"key":"REST"}],"circlet_count":0,"master_deck":["AscendersBane","Strike_B","Strike_B","Strike_B","Defend_B","Defend_B","Defend_B","Zap+1","Dualcast","BasicCrystalCard","Cold Snap","Conserve Battery","Madness","Leap","Self Repair","Crystallizer","jedi:BurstFrost"],"relics":["Cracked Core","Cables","aspiration:Lifesprig","infinitespire:Broken Mirror","StuffTheSpire:NeowsTribute"],"acts_visited":["Exordium"],"potions_floor_usage":[],"damage_taken":[{"damage":0.0,"enemies":"conspire:RoseBush","floor":1.0,"turns":3.0},{"damage":0.0,"enemies":"Small Slimes","floor":4.0,"turns":3.0},{"damage":0.0,"enemies":"Cultist","floor":5.0,"turns":4.0},{"damage":24.0,"enemies":"HollowMod:MossKnight","floor":6.0,"turns":19.0},{"damage":33.0,"enemies":"Gremlin Nob","floor":8.0,"turns":5.0},{"damage":1.0,"enemies":"Replay:BlueRogue","floor":11.0,"turns":8.0},{"damage":0.0,"enemies":"2 Fungi Beasts","floor":12.0,"turns":2.0},{"damage":12.0,"enemies":"Exordium Thugs","floor":13.0,"turns":3.0},{"damage":0,"enemies":"Lagavulin","floor":14,"turns":2}],"seed_played":"-391816702887963000","potions_obtained":[{"floor":1.0,"key":"blueLaboratory:SavagePotion"},{"floor":5.0,"key":"blueLaboratory:HummingbirdPotion"},{"floor":12.0,"key":"blueLaboratory:TrueEctoplasm"}],"is_trial":false,"path_per_floor":["M","?","?","M","M","E","R","E","T","R","E","M","M","E"],"character_chosen":"DEFECT","items_purchased":[],"campfire_rested":1,"item_purchase_floors":[],"current_hp_per_floor":[64,64,64,64,64,40,40,7,7,28,27,27,22,22,22],"gold":160,"neow_bonus":"REMOVE_TWO","is_daily":false,"chose_seed":false,"campfire_upgraded":1,"win_rate":0.0,"timestamp":1608020096,"path_taken":["M","?","?","?","M","E","R","E","T","R","E","M","M","E"],"items_purchased_type":[],"build_version":"2020-12-13","purchased_purges":0,"victory":false,"max_hp_per_floor":[71,71,71,71,71,71,71,71,71,71,71,71,71,71,71],"card_choices":[{"not_picked":["Sweeping Beam","Barrage"],"picked":"BasicCrystalCard","floor":1.0},{"not_picked":["jedi:blockon","Panic Button"],"picked":"Cold Snap","floor":4.0},{"not_picked":["Stack","Hello World"],"picked":"Conserve Battery","floor":5.0},{"not_picked":["StuffTheSpire:GlassShard","jedi:gatheringstorm"],"picked":"StuffTheSpire:SnapShoot","floor":6.0},{"not_picked":["jedi:BurstFrost","jedi:markofdeath"],"picked":"Leap","floor":8.0},{"not_picked":["Coolheaded","StuffTheSpire:Plugnplay"],"picked":"Self Repair","floor":11.0},{"not_picked":["Rip and Tear","Rebound"],"picked":"Crystallizer","floor":12.0},{"not_picked":["StuffTheSpire:GlassShard","Recycle"],"picked":"jedi:BurstFrost","floor":13.0}],"player_experience":1554325,"relics_obtained":[{"floor":6.0,"key":"Cables"},{"floor":8.0,"key":"aspiration:Lifesprig"},{"floor":9.0,"key":"infinitespire:Broken Mirror"},{"floor":11.0,"key":"StuffTheSpire:NeowsTribute"}],"event_choices":[{"damage_healed":0.0,"max_hp_gain":0.0,"max_hp_loss":0.0,"gold_gain":0.0,"event_name":"Match and Keep!","player_choice":"0 cards matched","floor":3.0,"gold_loss":0.0,"damage_taken":0.0,"cards_obtained":[]}],"is_beta":false,"boss_relics":[],"items_purged_floors":[],"is_endless":false,"potions_floor_spawned":[1,5,12],"killed_by":"Lagavulin","ascension_level":15}}