{"host":"u4wwrwxco60h43l5","time":1608035054,"event":{"mods":["Always Whale","BaseMod","CapriCore","Koishi","Minty Spire (QoL Compilation)","Permanent Neow","StSLib","The Immortal","¡¼?Úª?ø«¡½REMEMod"],"gold_per_floor":[113,113,133,148,27,42,77,89,89,108,128,128,128,128],"floor_reached":13,"playtime":513,"items_purged":["Strike_P"],"score":89,"play_id":"af743b6e-ca98-4251-a694-4c5c322da579","local_time":"20201215212414","is_ascension_mode":false,"campfire_choices":[{"floor":12,"key":"REST"}],"circlet_count":0,"master_deck":["Strike_P","Strike_P","Strike_P","Defend_P","Defend_P","Defend_P","Defend_P","Eruption","Vigilance","Juggernaut","ThirdEye","Pray","PathToVictory","Consecrate","Evaluate","SashWhip","PathToVictory","Decay","Wireheading","EmptyMind"],"relics":["REME_ComplimentaryCards","Cursed Key","Strawberry","Pantograph"],"acts_visited":["Exordium"],"potions_floor_usage":[2],"damage_taken":[{"damage":0,"enemies":"2 Louse","floor":1,"turns":1},{"damage":0,"enemies":"Cultist","floor":3,"turns":4},{"damage":3,"enemies":"Jaw Worm","floor":4,"turns":4},{"damage":19,"enemies":"3 Louse","floor":6,"turns":3},{"damage":51,"enemies":"Gremlin Nob","floor":7,"turns":5},{"damage":0,"enemies":"Large Slime","floor":8,"turns":6},{"damage":10,"enemies":"Red Slaver","floor":10,"turns":4},{"damage":0,"enemies":"Looter","floor":11,"turns":3},{"damage":15,"enemies":"3 Sentries","floor":13,"turns":4}],"seed_played":"-7318061926481353477","potions_obtained":[{"floor":1,"key":"Ancient Potion"},{"floor":2,"key":"Fruit Juice"},{"floor":2,"key":"LiquidBronze"},{"floor":2,"key":"CultistPotion"},{"floor":11,"key":"BottledMiracle"}],"is_trial":false,"path_per_floor":["M","?","M","M","$","M","E","M","T","M","M","R","E"],"character_chosen":"WATCHER","items_purchased":["Consecrate"],"campfire_rested":1,"item_purchase_floors":[5],"current_hp_per_floor":[72,77,77,74,74,55,11,11,11,1,1,26,11,11],"gold":128,"neow_bonus":"BOSS_RELIC","is_daily":false,"chose_seed":false,"campfire_upgraded":0,"win_rate":0.0,"timestamp":1608035054,"path_taken":["M","?","M","?","$","M","E","M","T","M","M","R","E"],"items_purchased_type":["Card"],"build_version":"2020-12-13","purchased_purges":1,"victory":false,"max_hp_per_floor":[72,77,77,77,77,77,84,84,84,84,84,84,84,84],"card_choices":[{"not_picked":["Collect","EmptyFist"],"picked":"ThirdEye","floor":1},{"not_picked":["Prostrate","Sanctity"],"picked":"Pray","floor":3},{"not_picked":["EmptyBody","WindmillStrike"],"picked":"PathToVictory","floor":4},{"not_picked":["Sanctity","ThirdEye"],"picked":"Evaluate","floor":6},{"not_picked":["Pray","Adaptation"],"picked":"SashWhip","floor":7},{"not_picked":["REME_Repentance","CarveReality"],"picked":"PathToVictory","floor":8},{"not_picked":["FlyingSleeves","Consecrate"],"picked":"Wireheading","floor":10},{"not_picked":["FollowUp","FlyingSleeves"],"picked":"EmptyMind","floor":11}],"player_experience":114709,"relics_obtained":[{"floor":7,"key":"Strawberry"},{"floor":9,"key":"Pantograph"}],"event_choices":[{"damage_healed":0,"gold_gain":0,"player_choice":"Got Potions","damage_taken":0,"max_hp_gain":0,"max_hp_loss":0,"event_name":"Lab","floor":2,"gold_loss":0}],"is_beta":false,"boss_relics":[],"items_purged_floors":[5],"is_endless":false,"potions_floor_spawned":[1,8,11],"killed_by":"3 Sentries","ascension_level":0}}