{"host":"2lo6hma6kymb0g9i","time":1608058190,"event":{"mods":["BaseMod","Colored Map","DeckTracker","Minty Spire (QoL Compilation)"],"gold_per_floor":[113,113,125,75,41,41,67,67,93,110,110,144,157,157,157],"floor_reached":14,"playtime":676,"items_purged":[],"score":157,"play_id":"d8fda3d0-d811-4c75-9518-df61fdcf7cd1","local_time":"20201216034950","is_ascension_mode":true,"campfire_choices":[{"data":"Neutralize","floor":6,"key":"SMITH"},{"data":"Corpse Explosion","floor":8,"key":"SMITH"},{"floor":11,"key":"REST"}],"circlet_count":0,"master_deck":["AscendersBane","Strike_G","Strike_G","Strike_G","Strike_G","Defend_G","Defend_G","Defend_G","Defend_G","Defend_G","Survivor","Neutralize+1","Finisher","Escape Plan","Accuracy","Corpse Explosion+1","PiercingWail","Flying Knee","Prepared"],"relics":["Ring of the Snake","Blue Candle","Anchor","MealTicket","Blood Vial"],"acts_visited":["Exordium"],"potions_floor_usage":[12,12],"damage_taken":[{"damage":4,"enemies":"Cultist","floor":1,"turns":3},{"damage":2,"enemies":"2 Louse","floor":3,"turns":3},{"damage":44,"enemies":"Lagavulin","floor":7,"turns":10},{"damage":0,"enemies":"Jaw Worm","floor":10,"turns":3},{"damage":8,"enemies":"Gremlin Nob","floor":12,"turns":4},{"damage":3,"enemies":"Blue Slaver","floor":13,"turns":4},{"damage":36,"enemies":"Lagavulin","floor":14,"turns":6}],"seed_played":"2416402490198640383","potions_obtained":[{"floor":1,"key":"LiquidMemories"},{"floor":10,"key":"GhostInAJar"},{"floor":13,"key":"FearPotion"}],"is_trial":false,"path_per_floor":["M","T","M","?","$","R","E","R","T","M","R","E","M","E"],"character_chosen":"THE_SILENT","items_purchased":["Accuracy"],"campfire_rested":1,"item_purchase_floors":[5],"current_hp_per_floor":[59,59,57,57,57,57,13,13,13,13,34,26,25,0,0],"gold":157,"neow_bonus":"THREE_CARDS","is_daily":false,"chose_seed":false,"campfire_upgraded":2,"win_rate":0.0,"timestamp":1608058190,"path_taken":["M","?","M","?","$","R","E","R","T","M","R","E","M","E"],"items_purchased_type":["Card"],"build_version":"2020-12-13","purchased_purges":0,"victory":false,"max_hp_per_floor":[70,70,70,70,70,70,70,70,70,70,70,70,70,70,70],"card_choices":[{"not_picked":["Dagger Spray","Dodge and Roll"],"picked":"Finisher","floor":0},{"not_picked":["Poisoned Stab","PiercingWail"],"picked":"Escape Plan","floor":1},{"not_picked":["Deadly Poison","Concentrate","Setup"],"picked":"SKIP","floor":3},{"not_picked":["Deadly Poison","Concentrate","Setup"],"picked":"SKIP","floor":3},{"not_picked":["Eviscerate","PiercingWail"],"picked":"Corpse Explosion","floor":7},{"not_picked":["Deflect","Backflip"],"picked":"PiercingWail","floor":10},{"not_picked":["PiercingWail","Prepared"],"picked":"Flying Knee","floor":12},{"not_picked":["Underhanded Strike","Deflect"],"picked":"Prepared","floor":13}],"player_experience":803287,"relics_obtained":[{"floor":2,"key":"Blue Candle"},{"floor":7,"key":"Anchor"},{"floor":9,"key":"MealTicket"},{"floor":12,"key":"Blood Vial"}],"event_choices":[{"cards_removed":["Strike_G"],"damage_healed":0,"gold_gain":0,"player_choice":"Card Removal","damage_taken":0,"max_hp_gain":0,"max_hp_loss":0,"event_name":"The Cleric","floor":4,"gold_loss":50}],"is_beta":false,"boss_relics":[],"items_purged_floors":[],"is_endless":false,"potions_floor_spawned":[1,10,13],"killed_by":"Lagavulin","ascension_level":12}}