{"host":"zekcc3vicrep0och","time":1608052461,"event":{"mods":["AchievementEnabler","BaseMod","Colored Map","Colored Powertips","Displayed Cursed Tome","Minty Spire (QoL Compilation)","Relic Stats","StSLib"],"gold_per_floor":[109,124,124,124,124,124,143,172,172,9,40,51,51,126,126,224,274,287,302,302,321,321,321,350,350,350,367,393,393,408,439,439,535,535,552,602,602,222,236,271,291,291,291,306,7,0,27,27,27,27],"floor_reached":51,"playtime":2742,"items_purged":["Strike_G","Strike_G"],"score":1119,"play_id":"345e6187-6cd5-4ee8-be1e-1600cc43df1c","local_time":"20201215201421","is_ascension_mode":true,"campfire_choices":[{"data":"Glass Knife","floor":6.0,"key":"SMITH"},{"data":"Neutralize","floor":13.0,"key":"SMITH"},{"floor":15.0,"key":"REST"},{"data":"Accuracy","floor":23.0,"key":"SMITH"},{"floor":25.0,"key":"REST"},{"floor":32.0,"key":"REST"},{"data":"Storm of Steel","floor":42,"key":"SMITH"},{"floor":49,"key":"REST"}],"circlet_count":0,"master_deck":["Strike_G","Strike_G+1","Defend_G","Defend_G+1","Defend_G+1","Defend_G","Defend_G","Survivor","Neutralize+1","Backflip+1","Glass Knife+1","Dagger Spray","Cloak And Dagger","Accuracy+1","Blade Dance","Heel Hook","Storm of Steel+1","Cloak And Dagger+1","Blur+1","Expertise+1","Cloak And Dagger+1","Leg Sweep","Leg Sweep+1","Flying Knee","A Thousand Cuts","Burst","Blur+1","Footwork","Footwork+1","Escape Plan+1","Parasite","Adrenaline","Finisher","Panache","Backflip+1"],"relics":["Ring of the Snake","NeowsBlessing","Blue Candle","CaptainsWheel","StrikeDummy","Tiny House","Vajra","Nilry\u0027s Codex","Shovel","Dream Catcher","Gremlin Horn","Blood Vial","Philosopher\u0027s Stone","Mango","Orichalcum","Bag of Preparation","White Beast Statue","War Paint","HandDrill","Red Mask","Art of War"],"acts_visited":["Exordium","TheCity","TheBeyond"],"potions_floor_usage":[40,40,47,50],"damage_taken":[{"damage":0.0,"enemies":"Small Slimes","floor":1.0,"turns":1.0},{"damage":0.0,"enemies":"Jaw Worm","floor":2.0,"turns":1.0},{"damage":0.0,"enemies":"Cultist","floor":7.0,"turns":1.0},{"damage":24.0,"enemies":"Lagavulin","floor":8.0,"turns":5.0},{"damage":7.0,"enemies":"Gremlin Nob","floor":11.0,"turns":3.0},{"damage":6.0,"enemies":"3 Louse","floor":12.0,"turns":3.0},{"damage":14.0,"enemies":"The Guardian","floor":16.0,"turns":12.0},{"damage":0.0,"enemies":"Chosen","floor":18.0,"turns":4.0},{"damage":0.0,"enemies":"3 Byrds","floor":19.0,"turns":5.0},{"damage":18.0,"enemies":"Snake Plant","floor":21.0,"turns":6.0},{"damage":17.0,"enemies":"Book of Stabbing","floor":24.0,"turns":6.0},{"damage":0.0,"enemies":"Snecko","floor":27.0,"turns":3.0},{"damage":2.0,"enemies":"Slavers","floor":28.0,"turns":3.0},{"damage":8.0,"enemies":"Centurion and Healer","floor":30.0,"turns":5.0},{"damage":0.0,"enemies":"Gremlin Leader","floor":31.0,"turns":5.0},{"damage":30.0,"enemies":"Collector","floor":33.0,"turns":9.0},{"damage":7.0,"enemies":"Orb Walker","floor":35.0,"turns":4.0},{"damage":0.0,"enemies":"Mind Bloom Boss Battle","floor":36.0,"turns":7.0},{"damage":0.0,"enemies":"3 Shapes","floor":39.0,"turns":3.0},{"damage":26,"enemies":"Giant Head","floor":40,"turns":11},{"damage":0,"enemies":"Writhing Mass","floor":41,"turns":12},{"damage":3,"enemies":"Sphere and 2 Shapes","floor":44,"turns":5},{"damage":10,"enemies":"Nemesis","floor":47,"turns":7},{"damage":69,"enemies":"Time Eater","floor":50,"turns":14}],"seed_played":"-90491495034051632","potions_obtained":[{"floor":7.0,"key":"SteroidPotion"},{"floor":8.0,"key":"FearPotion"},{"floor":16.0,"key":"GhostInAJar"},{"floor":17.0,"key":"Weak Potion"},{"floor":21.0,"key":"SmokeBomb"},{"floor":24.0,"key":"AttackPotion"},{"floor":27.0,"key":"SteroidPotion"},{"floor":29.0,"key":"Strength Potion"},{"floor":29.0,"key":"SteroidPotion"},{"floor":33.0,"key":"DuplicationPotion"},{"floor":39.0,"key":"Energy Potion"},{"floor":41,"key":"GamblersBrew"},{"floor":44,"key":"Ancient Potion"},{"floor":47,"key":"ColorlessPotion"}],"is_trial":false,"path_per_floor":["M","M","?","?","?","R","M","E","T","$","E","M","R","?","R","B",null,"M","M","?","M","?","R","E","R","T","M","E","?","M","E","R","B",null,"M","?","?","$","M","E","M","R","T","M","$","?","E","?","R","B",null],"character_chosen":"THE_SILENT","items_purchased":["Accuracy","ColorlessPotion","Footwork","Orichalcum","SkillPotion","War Paint","HandDrill"],"campfire_rested":4,"item_purchase_floors":[10,10,38,38,38,45,45],"current_hp_per_floor":[63,63,68,68,53,53,53,29,29,29,22,16,16,5,27,13,65,65,65,65,47,31,31,14,38,38,38,36,36,28,28,52,24,66,61,77,77,77,79,55,57,57,57,56,56,56,48,48,76,9],"gold":27,"neow_bonus":"THREE_ENEMY_KILL","is_daily":false,"chose_seed":false,"campfire_upgraded":4,"win_rate":0.0,"timestamp":1608052461,"path_taken":["M","M","?","?","?","R","?","E","T","$","E","M","R","?","R","BOSS","M","M","?","M","?","R","E","R","T","M","E","?","M","E","R","BOSS","M","?","?","?","M","E","M","R","T","M","$","?","E","?","R","BOSS"],"items_purchased_type":["Card","Potion","Card","Relic","Potion","Relic","Relic"],"build_version":"2020-12-13","purchased_purges":2,"victory":true,"max_hp_per_floor":[70,70,75,75,75,75,75,75,75,75,75,75,75,75,75,75,80,80,80,80,80,80,80,80,80,80,80,80,80,80,80,80,80,80,80,94,94,94,94,94,94,94,94,94,94,94,94,94,94,94],"relic_stats":{"Gremlin Horn":[11,11],"counters":[24,135],"Blue Candle":[0],"Bag of Preparation":[8],"Orichalcum":[12],"War Paint":["Backflip","Cloak And Dagger"],"Blood Vial":18,"Dream Catcher":2,"Shovel":0,"HandDrill":[2],"Art of War":[2],"obtain_stats":[{"Tiny House":17,"NeowsBlessing":0,"Gremlin Horn":28,"Nilry\u0027s Codex":22,"Blue Candle":8,"Vajra":20,"Mango":36,"Bag of Preparation":40,"Orichalcum":38,"War Paint":45,"White Beast Statue":43,"Blood Vial":31,"CaptainsWheel":9,"Dream Catcher":26,"Shovel":24,"Philosopher\u0027s Stone":34,"HandDrill":45,"Red Mask":46,"Art of War":47,"StrikeDummy":11,"Ring of the Snake":0},{"Tiny House":7,"NeowsBlessing":0,"Gremlin Horn":13,"Nilry\u0027s Codex":10,"Blue Candle":4,"Vajra":9,"Mango":18,"Bag of Preparation":20,"Orichalcum":18,"War Paint":22,"White Beast Statue":21,"Blood Vial":15,"CaptainsWheel":4,"Dream Catcher":11,"Shovel":11,"Philosopher\u0027s Stone":16,"HandDrill":22,"Red Mask":22,"Art of War":23,"StrikeDummy":5,"Ring of the Snake":0},{"Tiny House":26,"NeowsBlessing":0,"Gremlin Horn":53,"Nilry\u0027s Codex":41,"Blue Candle":8,"Vajra":35,"Mango":83,"Bag of Preparation":97,"Orichalcum":83,"War Paint":114,"White Beast Statue":109,"Blood Vial":63,"CaptainsWheel":8,"Dream Catcher":47,"Shovel":47,"Philosopher\u0027s Stone":72,"HandDrill":114,"Red Mask":114,"Art of War":121,"StrikeDummy":11,"Ring of the Snake":0}],"Ring of the Snake":[48]},"card_choices":[{"not_picked":["Flechettes","Underhanded Strike"],"picked":"Backflip","floor":1.0},{"not_picked":["Poisoned Stab","Deflect"],"picked":"Glass Knife","floor":2.0},{"not_picked":["Noxious Fumes","Eviscerate"],"picked":"Dagger Spray","floor":7.0},{"not_picked":["Skewer","Dagger Spray"],"picked":"Cloak And Dagger","floor":8.0},{"not_picked":["Slice","Wraith Form v2"],"picked":"Blade Dance","floor":11.0},{"not_picked":["Blur","Dodge and Roll"],"picked":"Heel Hook","floor":12.0},{"not_picked":["Bullet Time","Glass Knife"],"picked":"Storm of Steel","floor":16.0},{"not_picked":["Endless Agony","Deflect"],"picked":"Cloak And Dagger","floor":17.0},{"not_picked":["PiercingWail","Eviscerate"],"picked":"Blur+1","floor":18.0},{"not_picked":["Dagger Spray+1","Flying Knee"],"picked":"Expertise+1","floor":19.0},{"not_picked":["Crippling Poison+1","Dash"],"picked":"Cloak And Dagger+1","floor":21.0},{"not_picked":["Flechettes","All Out Attack","Sucker Punch"],"picked":"SKIP","floor":24.0},{"not_picked":["Sucker Punch","Crippling Poison"],"picked":"Leg Sweep","floor":27.0},{"not_picked":["Acrobatics+1","Eviscerate"],"picked":"Leg Sweep+1","floor":28.0},{"not_picked":["Deflect","Skewer"],"picked":"Flying Knee","floor":30.0},{"not_picked":["Eviscerate","Dagger Spray","Acrobatics"],"picked":"SKIP","floor":31.0},{"not_picked":["Eviscerate+1","Setup"],"picked":"A Thousand Cuts","floor":32.0},{"not_picked":["Glass Knife","Adrenaline"],"picked":"Burst","floor":33.0},{"not_picked":["Well Laid Plans","Deflect+1"],"picked":"Blur+1","floor":35.0},{"not_picked":["Acrobatics+1","Dagger Spray+1"],"picked":"Footwork+1","floor":39.0},{"not_picked":["Outmaneuver+1","All Out Attack"],"picked":"Escape Plan+1","floor":40},{"not_picked":["Noxious Fumes+1","Blade Dance"],"picked":"Adrenaline","floor":41},{"not_picked":["Crippling Poison","Underhanded Strike"],"picked":"Finisher","floor":44},{"not_picked":["Deflect+1","Endless Agony+1","Slice"],"picked":"SKIP","floor":47},{"not_picked":["Deep Breath","Madness"],"picked":"Panache","floor":48},{"not_picked":["Dagger Spray","Bane"],"picked":"Backflip+1","floor":49}],"player_experience":420765,"relics_obtained":[{"floor":8.0,"key":"Blue Candle"},{"floor":9.0,"key":"CaptainsWheel"},{"floor":11.0,"key":"StrikeDummy"},{"floor":24.0,"key":"Shovel"},{"floor":26.0,"key":"Dream Catcher"},{"floor":28.0,"key":"Gremlin Horn"},{"floor":31.0,"key":"Blood Vial"},{"floor":36.0,"key":"Mango"},{"floor":40,"key":"Bag of Preparation"},{"floor":43,"key":"White Beast Statue"},{"floor":47,"key":"Art of War"}],"event_choices":[{"damage_healed":0.0,"max_hp_gain":5.0,"max_hp_loss":0.0,"gold_gain":0.0,"event_name":"Big Fish","player_choice":"Donut","floor":3.0,"gold_loss":0.0,"damage_taken":0.0},{"damage_healed":0.0,"max_hp_gain":0.0,"max_hp_loss":0.0,"gold_gain":0.0,"event_name":"Golden Idol","player_choice":"Ignored","floor":4.0,"gold_loss":0.0,"damage_taken":0.0},{"damage_healed":0.0,"max_hp_gain":0.0,"max_hp_loss":0.0,"gold_gain":0.0,"event_name":"Shining Light","player_choice":"Entered Light","floor":5.0,"gold_loss":0.0,"damage_taken":15.0,"cards_upgraded":["Strike_G","Defend_G"]},{"damage_healed":0.0,"max_hp_gain":0.0,"max_hp_loss":0.0,"gold_gain":75.0,"event_name":"World of Goop","player_choice":"Gather Gold","floor":14.0,"gold_loss":0.0,"damage_taken":11.0},{"damage_healed":0.0,"max_hp_gain":0.0,"max_hp_loss":0.0,"gold_gain":0.0,"event_name":"The Mausoleum","player_choice":"Opened","floor":20.0,"gold_loss":0.0,"damage_taken":0.0,"relics_obtained":["Vajra"]},{"damage_healed":0.0,"max_hp_gain":0.0,"max_hp_loss":0.0,"gold_gain":0.0,"event_name":"Cursed Tome","player_choice":"Obtained Book","floor":22.0,"gold_loss":0.0,"damage_taken":16.0},{"damage_healed":0.0,"max_hp_gain":0.0,"max_hp_loss":0.0,"gold_gain":0.0,"event_name":"Lab","player_choice":"Got Potions","floor":29.0,"gold_loss":0.0,"damage_taken":0.0},{"damage_healed":0.0,"max_hp_gain":0.0,"max_hp_loss":0.0,"gold_gain":0.0,"event_name":"MindBloom","player_choice":"Fight","floor":36.0,"gold_loss":0.0,"damage_taken":0.0},{"cards_removed":["Strike_G"],"damage_healed":0.0,"max_hp_gain":0.0,"max_hp_loss":0.0,"gold_gain":0.0,"event_name":"Falling","player_choice":"Removed Attack","floor":37.0,"gold_loss":0.0,"damage_taken":0.0},{"damage_healed":0,"gold_gain":0,"player_choice":"Paid","damage_taken":0,"relics_obtained":["Red Mask"],"max_hp_gain":0,"max_hp_loss":0,"event_name":"Tomb of Lord Red Mask","floor":46,"gold_loss":7},{"damage_healed":0,"gold_gain":0,"player_choice":"Memory 1","damage_taken":0,"max_hp_gain":0,"max_hp_loss":0,"event_name":"SensoryStone","floor":48,"gold_loss":0}],"is_beta":false,"boss_relics":[{"not_picked":["SlaversCollar","Fusion Hammer"],"picked":"Tiny House"},{"not_picked":["Busted Crown","SacredBark"],"picked":"Philosopher\u0027s Stone"}],"items_purged_floors":[10,38],"is_endless":false,"potions_floor_spawned":[7,8,16,21,24,27,30,33,39,41,44,47],"ascension_level":8}}