{"host":"fdq5pmhluajjrf8d","time":1608054043,"event":{"mods":["BaseMod","Minty Spire (QoL Compilation)"],"gold_per_floor":[130,169,242,242,262,314,314,334,334],"floor_reached":8,"playtime":226,"items_purged":[],"score":109,"play_id":"1c35e01b-b2c7-4b53-afa9-79e9b2e5b968","local_time":"20201215124043","is_ascension_mode":true,"campfire_choices":[{"data":"Zap","floor":7,"key":"SMITH"}],"circlet_count":0,"master_deck":["AscendersBane","Strike_B","Strike_B","Strike_B","Strike_B","Defend_B","Defend_B","Defend_B","Defend_B","Zap+1","Dualcast","HandOfGreed","Capacitor","Loop","Thunder Strike"],"relics":["Cracked Core","Blood Vial"],"acts_visited":["Exordium"],"potions_floor_usage":[6,6,8],"damage_taken":[{"damage":0,"enemies":"2 Louse","floor":1,"turns":1},{"damage":9,"enemies":"Jaw Worm","floor":2,"turns":3},{"damage":0,"enemies":"Cultist","floor":5,"turns":2},{"damage":4,"enemies":"Gremlin Nob","floor":6,"turns":3},{"damage":55,"enemies":"3 Sentries","floor":8,"turns":6}],"seed_played":"7246225998812032715","potions_obtained":[{"floor":1,"key":"BlessingOfTheForge"},{"floor":2,"key":"SteroidPotion"},{"floor":6,"key":"Swift Potion"}],"is_trial":false,"path_per_floor":["M","M","?","?","M","E","R","E"],"character_chosen":"DEFECT","items_purchased":[],"campfire_rested":0,"item_purchase_floors":[],"current_hp_per_floor":[64,55,55,55,55,51,51,0,0],"gold":334,"neow_bonus":"RANDOM_COLORLESS_2","is_daily":false,"chose_seed":false,"campfire_upgraded":1,"win_rate":0.0,"timestamp":1608054043,"path_taken":["M","M","?","?","M","E","R","E"],"items_purchased_type":[],"build_version":"2020-12-13","purchased_purges":0,"victory":false,"max_hp_per_floor":[71,71,71,71,71,71,71,71,71],"card_choices":[{"not_picked":["The Bomb","Magnetism"],"picked":"HandOfGreed","floor":0},{"not_picked":["Turbo","Loop"],"picked":"Capacitor","floor":1},{"not_picked":["Sunder","Ball Lightning"],"picked":"Loop","floor":2},{"not_picked":["Fusion","Streamline","Rebound"],"picked":"SKIP","floor":5},{"not_picked":["Heatsinks","Conserve Battery"],"picked":"Thunder Strike","floor":6}],"player_experience":1859617,"relics_obtained":[{"floor":6,"key":"Blood Vial"}],"event_choices":[{"damage_healed":0,"gold_gain":73,"player_choice":"Gained Gold","damage_taken":0,"max_hp_gain":0,"max_hp_loss":0,"event_name":"Golden Wing","floor":3,"gold_loss":0},{"cards_removed":["Decay"],"damage_healed":0,"gold_gain":0,"player_choice":"Removed Curses","damage_taken":0,"max_hp_gain":0,"max_hp_loss":0,"event_name":"Fountain of Cleansing","floor":4,"gold_loss":0}],"is_beta":false,"boss_relics":[],"items_purged_floors":[],"is_endless":false,"potions_floor_spawned":[1,2,6],"killed_by":"3 Sentries","ascension_level":19}}