{"host":"dpbezu80jg8zk7un","time":1608054472,"event":{"mods":["BaseMod","Colored Map","Colored Powertips","Custom Start","DeckTracker","Minty Spire (QoL Compilation)","Quick Restart","StSLib","SuperFastMode"],"gold_per_floor":[115,125,200,125,125,125,141,168,468,468,315,331,331,331,331,408,408,424,441,491,491,511,545,557,170,170,170,20,54,54,70,70,144,144,164,211,231,231,231,259,269,301,301,329,189,189,203,219,219,219,219,219,219,49,77,77,77],"floor_reached":56,"playtime":2170,"items_purged":["Strike_P","Defend_P","Defend_P","Strike_P","Defend_P+1"],"score":2421,"play_id":"bf7fe27e-42fa-4220-b193-b1ed328839c8","local_time":"20201216024752","is_ascension_mode":true,"campfire_choices":[{"data":"Eruption","floor":6.0,"key":"SMITH"},{"floor":10.0,"key":"REST"},{"data":"InnerPeace","floor":15.0,"key":"SMITH"},{"floor":27.0,"key":"REST"},{"floor":30.0,"key":"REST"},{"floor":32.0,"key":"REST"},{"floor":49,"key":"RECALL"},{"floor":53,"key":"REST"}],"circlet_count":0,"master_deck":["AscendersBane","Eruption+1","Vigilance+1","FlurryOfBlows+1","CrushJoints+1","InnerPeace+1","LessonLearned+1","FearNoEvil+1","Vault+1","EmptyMind+1","TalkToTheHand+1","Tantrum+1"],"relics":["PureWater","Thread and Needle","Old Coin","Frozen Egg 2","VioletLotus","Nunchaku","Shuriken","Du-Vu Doll","The Courier","Runic Dome","Gambling Chip","Happy Flower","Vajra","Bag of Preparation","Orrery","Mummified Hand"],"acts_visited":["Exordium","TheCity","TheBeyond","TheEnding"],"potions_floor_usage":[56,56],"damage_taken":[{"damage":0.0,"enemies":"Small Slimes","floor":1.0,"turns":2.0},{"damage":7.0,"enemies":"2 Louse","floor":2.0,"turns":4.0},{"damage":0.0,"enemies":"Jaw Worm","floor":7.0,"turns":2.0},{"damage":3.0,"enemies":"Gremlin Nob","floor":8.0,"turns":3.0},{"damage":0.0,"enemies":"Exordium Wildlife","floor":12.0,"turns":5.0},{"damage":7.0,"enemies":"The Guardian","floor":16.0,"turns":9.0},{"damage":14.0,"enemies":"3 Byrds","floor":18.0,"turns":7.0},{"damage":0.0,"enemies":"Chosen","floor":19.0,"turns":3.0},{"damage":3.0,"enemies":"Sentry and Sphere","floor":22.0,"turns":4.0},{"damage":40.0,"enemies":"Slavers","floor":23.0,"turns":9.0},{"damage":0.0,"enemies":"Centurion and Healer","floor":24.0,"turns":5.0},{"damage":0.0,"enemies":"Gremlin Leader","floor":29.0,"turns":4.0},{"damage":19.0,"enemies":"Shelled Parasite and Fungi","floor":31.0,"turns":3.0},{"damage":10.0,"enemies":"Collector","floor":33.0,"turns":6.0},{"damage":0.0,"enemies":"3 Shapes","floor":35.0,"turns":4.0},{"damage":0.0,"enemies":"2 Orb Walkers","floor":36.0,"turns":4.0},{"damage":0.0,"enemies":"Orb Walker","floor":37.0,"turns":3.0},{"damage":0.0,"enemies":"Giant Head","floor":40.0,"turns":4.0},{"damage":3,"enemies":"Writhing Mass","floor":41,"turns":3},{"damage":0,"enemies":"Nemesis","floor":42,"turns":2},{"damage":0,"enemies":"Reptomancer","floor":44,"turns":2},{"damage":0,"enemies":"Spire Growth","floor":47,"turns":2},{"damage":0,"enemies":"Maw","floor":48,"turns":3},{"damage":0,"enemies":"Donu and Deca","floor":50,"turns":2},{"damage":0,"enemies":"Awakened One","floor":51,"turns":3},{"damage":0,"enemies":"Shield and Spear","floor":55,"turns":2},{"damage":69,"enemies":"The Heart","floor":56,"turns":4}],"seed_played":"-2450999285463753686","potions_obtained":[{"floor":2.0,"key":"AttackPotion"},{"floor":12.0,"key":"SteroidPotion"},{"floor":16.0,"key":"BlessingOfTheForge"},{"floor":23.0,"key":"BottledMiracle"}],"is_trial":false,"path_per_floor":["M","M","?","$","?","R","M","E","T","R","$","M","?","T","R","B",null,"M","M","?","?","M","E","M","$","T","R","$","E","R","M","R","B",null,"M","?","M","?","?","E","M","E","T","E","$","$","M","M","R","B","B",null,"R","$","E","B"],"character_chosen":"WATCHER","items_purchased":["PowerPotion","Shuriken","Orrery","Strength Potion"],"campfire_rested":5,"item_purchase_floors":[11,25,54,54],"current_hp_per_floor":[61,54,43,43,23,23,23,20,20,40,40,40,40,40,40,33,59,45,45,45,45,42,2,2,2,2,22,22,22,42,23,43,33,59,59,59,59,59,59,59,56,56,56,56,56,56,56,56,56,56,56,65,68,68,68,0,0],"gold":77,"neow_bonus":"THREE_CARDS","is_daily":false,"chose_seed":false,"campfire_upgraded":2,"win_rate":0.0,"timestamp":1608054472,"path_taken":["M","M","?","$","?","R","M","E","T","R","$","M","?","?","R","BOSS","M","M","?","?","?","E","M","$","T","R","$","E","R","M","R","BOSS","M","?","M","?","?","E","M","E","T","E","?","$","M","?","R","BOSS","BOSS","R","$","E","BOSS"],"items_purchased_type":["Potion","Relic","Relic","Potion"],"build_version":"2020-12-13","purchased_purges":5,"victory":false,"max_hp_per_floor":[68,68,68,68,68,68,68,68,68,68,68,68,68,68,68,68,68,68,68,68,68,68,68,68,68,68,68,68,68,68,68,68,68,68,68,68,68,68,68,68,68,68,68,68,68,68,68,68,68,68,68,68,68,68,68,68,68],"card_choices":[{"not_picked":["FollowUp","Crescendo"],"picked":"FlurryOfBlows","floor":0.0},{"not_picked":["Prostrate","FollowUp"],"picked":"CrushJoints","floor":1.0},{"not_picked":["EmptyBody","Fasting2","Crescendo"],"picked":"SKIP","floor":2.0},{"not_picked":["PathToVictory","CutThroughFate","EmptyBody"],"picked":"SKIP","floor":7.0},{"not_picked":["Perseverance","Evaluate","SignatureMove"],"picked":"SKIP","floor":8.0},{"not_picked":["ClearTheMind","SandsOfTime"],"picked":"InnerPeace","floor":12.0},{"not_picked":["ConjureBlade","Judgement"],"picked":"LessonLearned","floor":16.0},{"not_picked":["CutThroughFate","PathToVictory","FlurryOfBlows"],"picked":"SKIP","floor":18.0},{"not_picked":["CutThroughFate","BowlingBash"],"picked":"FearNoEvil+1","floor":19.0},{"not_picked":["Indignation","DeceiveReality","Study+1"],"picked":"SKIP","floor":22.0},{"not_picked":["Prostrate","EmptyBody+1","CrushJoints"],"picked":"SKIP","floor":23.0},{"not_picked":["BowlingBash","Study+1","Blasphemy"],"picked":"SKIP","floor":24.0},{"not_picked":["DeceiveReality","ConjureBlade","Sanctity"],"picked":"SKIP","floor":29.0},{"not_picked":["Prostrate+1","FlurryOfBlows","Protect"],"picked":"SKIP","floor":31.0},{"not_picked":["SpiritShield","Judgement"],"picked":"Vault","floor":33.0},{"not_picked":["FlyingSleeves","JustLucky","SandsOfTime"],"picked":"SKIP","floor":35.0},{"not_picked":["Halt","Evaluate","Meditate"],"picked":"SKIP","floor":37.0},{"not_picked":["Consecrate+1","DeceiveReality"],"picked":"EmptyMind","floor":40.0},{"not_picked":["Perseverance+1","Swivel","Halt"],"picked":"SKIP","floor":41},{"not_picked":["Omniscience","ThirdEye","FollowUp"],"picked":"SKIP","floor":42},{"not_picked":["Wireheading+1","Halt","Evaluate+1"],"picked":"SKIP","floor":44},{"not_picked":["Crescendo","SashWhip+1"],"picked":"TalkToTheHand","floor":47},{"not_picked":["FollowUp+1","BowlingBash","Wireheading+1"],"picked":"SKIP","floor":48},{"not_picked":["Devotion+1","CutThroughFate"],"picked":"Tantrum","floor":54},{"not_picked":["Blasphemy","ForeignInfluence","FlyingSleeves+1"],"picked":"SKIP","floor":55}],"player_experience":2748584,"relics_obtained":[{"floor":8.0,"key":"Thread and Needle"},{"floor":9.0,"key":"Old Coin"},{"floor":14.0,"key":"Frozen Egg 2"},{"floor":23.0,"key":"Nunchaku"},{"floor":26.0,"key":"Du-Vu Doll"},{"floor":29.0,"key":"The Courier"},{"floor":36.0,"key":"Gambling Chip"},{"floor":40.0,"key":"Happy Flower"},{"floor":42,"key":"Vajra"},{"floor":44,"key":"Bag of Preparation"},{"floor":55,"key":"Mummified Hand"}],"event_choices":[{"damage_healed":0.0,"max_hp_gain":0.0,"max_hp_loss":0.0,"gold_gain":75.0,"event_name":"World of Goop","player_choice":"Gather Gold","floor":3.0,"gold_loss":0.0,"damage_taken":11.0},{"damage_healed":0.0,"max_hp_gain":0.0,"max_hp_loss":0.0,"gold_gain":0.0,"event_name":"Shining Light","player_choice":"Entered Light","floor":5.0,"gold_loss":0.0,"damage_taken":20.0,"cards_upgraded":["CrushJoints","Defend_P"]},{"cards_removed":["Strike_P"],"damage_healed":0.0,"max_hp_gain":0.0,"max_hp_loss":0.0,"gold_gain":0.0,"event_name":"Living Wall","player_choice":"Forget","floor":13.0,"gold_loss":0.0,"damage_taken":0.0},{"damage_healed":0.0,"max_hp_gain":0.0,"max_hp_loss":0.0,"gold_gain":50.0,"event_name":"Nest","player_choice":"Stole From Cult","floor":20.0,"gold_loss":0.0,"damage_taken":0.0},{"cards_removed":["Strike_P"],"damage_healed":0.0,"max_hp_gain":0.0,"max_hp_loss":0.0,"gold_gain":0.0,"event_name":"Back to Basics","player_choice":"Elegance","floor":21.0,"gold_loss":0.0,"damage_taken":0.0},{"damage_healed":0.0,"max_hp_gain":0.0,"max_hp_loss":0.0,"gold_gain":0.0,"event_name":"Mysterious Sphere","player_choice":"Fight","floor":36.0,"gold_loss":0.0,"damage_taken":0.0},{"cards_removed":["Defend_P"],"damage_healed":0.0,"max_hp_gain":0.0,"max_hp_loss":0.0,"gold_gain":0.0,"event_name":"Falling","player_choice":"Removed Skill","floor":38.0,"gold_loss":0.0,"damage_taken":0.0},{"damage_healed":0.0,"max_hp_gain":0.0,"max_hp_loss":0.0,"gold_gain":0.0,"event_name":"Tomb of Lord Red Mask","player_choice":"Ignored","floor":39.0,"gold_loss":0.0,"damage_taken":0.0}],"is_beta":false,"boss_relics":[{"not_picked":["HolyWater","Empty Cage"],"picked":"VioletLotus"},{"not_picked":["Velvet Choker","Snecko Eye"],"picked":"Runic Dome"}],"items_purged_floors":[4,11,25,28,45],"is_endless":false,"potions_floor_spawned":[2,12,16,18,23,24,37,42,47,48,55],"killed_by":"The Heart","ascension_level":20}}