{"host":"jm9833yuloeli2yd","time":1608001005,"event":{"mods":["AchievementEnabler","BaseMod","Better Altar","Better Match","Better Note","Better Sensory Stone","Better Skull","Better Vampires","Colored Map","Colored Powertips","DeckTracker","Minty Spire (QoL Compilation)","Permanent Neow","Quick Restart","Replay The Spire","StSLib","SuperFastMode"],"gold_per_floor":[113,127,14,14,25,58,58,84,107,107,107],"floor_reached":10,"playtime":246,"items_purged":["Voices"],"score":152,"play_id":"9bcc56c8-1b99-464e-9b85-56fed3a6fbf4","local_time":"20201214215645","is_ascension_mode":true,"campfire_choices":[{"floor":7,"key":"REST"}],"circlet_count":0,"master_deck":["AscendersBane","Strike_G","Strike_G","Strike_G","Strike_G","Defend_G","Defend_G","Defend_G","Defend_G","Defend_G","Survivor","Neutralize","After Image","Sucker Punch","Dagger Throw","Footwork","Deflect","Slice","Concentrate","Blade Dance","Dodge and Roll","Blur"],"relics":["Ring of the Snake","ReplayTheSpireMod:CursedCoin","Boot","Replay:Towering Pillar of Hats","Omamori"],"acts_visited":["Exordium"],"potions_floor_usage":[6,8],"damage_taken":[{"damage":2,"enemies":"2 Louse","floor":1,"turns":4},{"damage":6,"enemies":"Cultist","floor":2,"turns":5},{"damage":9,"enemies":"Small Slimes","floor":5,"turns":4},{"damage":37,"enemies":"Gremlin Nob","floor":6,"turns":6},{"damage":6,"enemies":"3 Sentries","floor":8,"turns":11},{"damage":23,"enemies":"Gremlin Nob","floor":10,"turns":3}],"seed_played":"-4783089999915344621","potions_obtained":[{"floor":5,"key":"Adrenaline Potion"},{"floor":6,"key":"Explosive Potion"}],"is_trial":false,"path_per_floor":["M","M","$","?","M","E","R","E","T","E"],"character_chosen":"THE_SILENT","items_purchased":["ReplayTheSpireMod:CursedCoin","Footwork","Deflect","Slice"],"campfire_rested":1,"item_purchase_floors":[3,3,3,3],"current_hp_per_floor":[57,51,51,51,42,5,23,17,17,0,0],"gold":107,"neow_bonus":"THREE_RARE_CARDS","is_daily":false,"chose_seed":false,"campfire_upgraded":0,"win_rate":0.0,"timestamp":1608001005,"path_taken":["M","M","$","?","M","E","R","E","T","E"],"items_purchased_type":["Relic","Card","Card","Card"],"build_version":"2020-12-13","purchased_purges":1,"victory":false,"max_hp_per_floor":[60,60,60,60,60,60,60,60,60,60,60],"card_choices":[{"not_picked":["Tools of the Trade","Bullet Time"],"picked":"After Image","floor":0},{"not_picked":["Acrobatics","Distraction"],"picked":"Sucker Punch","floor":1},{"not_picked":["Flying Knee","Well Laid Plans"],"picked":"Dagger Throw","floor":2},{"not_picked":["Dagger Throw","Deadly Poison"],"picked":"Blade Dance","floor":5},{"not_picked":["ReplayTheSpireMod:The Works","Acrobatics"],"picked":"Dodge and Roll","floor":6},{"not_picked":["Backstab","Dagger Throw"],"picked":"Blur","floor":8}],"player_experience":1080765,"relics_obtained":[{"floor":6,"key":"Boot"},{"floor":8,"key":"Replay:Towering Pillar of Hats"},{"floor":9,"key":"Omamori"}],"event_choices":[{"damage_healed":0,"gold_gain":0,"cards_transformed":["Strike_G"],"player_choice":"Transformed","damage_taken":0,"max_hp_gain":0,"max_hp_loss":0,"event_name":"Transmorgrifier","floor":4,"gold_loss":0,"cards_obtained":["Concentrate"]}],"is_beta":false,"boss_relics":[],"items_purged_floors":[3],"is_endless":false,"potions_floor_spawned":[5,6],"killed_by":"Gremlin Nob","ascension_level":20}}