{"host":"684z1xpuwaoqmmh1","time":1608051679,"event":{"mods":["Bard","BaseMod","Downfall","Hermit","Jorbs\u0027s Wanderer Trilogy","Marisa????????","Minty Spire (QoL Compilation)","StSLib","The Hierophant","The Mystic","The Runesmith"],"gold_per_floor":[83,88,88,93,101,101,127,168,223,223,186,186,186,171,171,193,193,196,196,196,227,200,200,197,201,225,234,262,256,256,292,292,228,228],"floor_reached":33,"playtime":1314,"items_purged":[],"score":452,"play_id":"67543c56-3c03-4eba-93ad-72a2ea7444cf","local_time":"20201215190119","is_ascension_mode":true,"campfire_choices":[{"data":"hierophant:Punish","floor":6.0,"key":"SMITH"},{"data":"hierophant:Determination","floor":10,"key":"SMITH"},{"data":"hierophant:Charity","floor":12,"key":"SMITH"},{"data":"hierophant:ChurchCoffers","floor":15,"key":"SMITH"},{"data":"hierophant:DivineIntervention","floor":23,"key":"SMITH"},{"data":"hierophant:Smite","floor":30,"key":"SMITH"},{"data":"hierophant:Repentance","floor":32,"key":"SMITH"}],"circlet_count":0,"master_deck":["AscendersBane","hierophant:Strike_Hierophant","hierophant:Strike_Hierophant","hierophant:Strike_Hierophant","hierophant:Punish+1","hierophant:Defend_Hierophant","hierophant:Defend_Hierophant","hierophant:Defend_Hierophant","hierophant:Defend_Hierophant","hierophant:ChurchCoffers+1","hierophant:Determination+1","hierophant:Smite+1","hierophant:Doubloon","hierophant:ConvertCurrency","hierophant:MorningPrayer","hierophant:Doubloon","hierophant:Charity+1","hierophant:Flagellation","hierophant:AuricForm","hierophant:DivineIntervention+1","hierophant:HolyVerse","hierophant:OrnateBuckler","hierophant:PassingBell","hierophant:Exaltation","hierophant:RepressedViolence","hierophant:Repentance+1"],"relics":["hierophant:PropheticMaskRelic","Shuriken","Runesmith:AutoHammer","sneckomod:SneckoTalon","Red Mask","InkBottle","Happy Flower"],"acts_visited":["Exordium","TheCity"],"potions_floor_usage":[8,21,21,22,24],"damage_taken":[{"damage":3.0,"enemies":"Jaw Worm","floor":1.0,"turns":4.0},{"damage":1.0,"enemies":"Cultist","floor":2.0,"turns":3.0},{"damage":0.0,"enemies":"2 Louse","floor":4.0,"turns":2.0},{"damage":6.0,"enemies":"Exordium Wildlife","floor":5.0,"turns":2.0},{"damage":6,"enemies":"2 Fungi Beasts","floor":7,"turns":2},{"damage":42,"enemies":"Gremlin Nob","floor":8,"turns":5},{"damage":15,"enemies":"Looter","floor":11,"turns":4},{"damage":0,"enemies":"Blue Slaver","floor":14,"turns":2},{"damage":30,"enemies":"Slime Boss","floor":16,"turns":7},{"damage":6,"enemies":"Shell Parasite","floor":18,"turns":4},{"damage":0,"enemies":"Masked Bandits","floor":21,"turns":2},{"damage":16,"enemies":"2 Thieves","floor":22,"turns":2},{"damage":94,"enemies":"Gremlin Leader","floor":24,"turns":11},{"damage":42,"enemies":"Snecko","floor":25,"turns":5},{"damage":0,"enemies":"Centurion and Healer","floor":27,"turns":4},{"damage":40,"enemies":"Slavers","floor":28,"turns":3},{"damage":8,"enemies":"Cultist and Chosen","floor":29,"turns":3},{"damage":1,"enemies":"Snake Plant","floor":31,"turns":2},{"damage":96,"enemies":"Champ","floor":33,"turns":7}],"seed_played":"-7077172439524511426","potions_obtained":[{"floor":4.0,"key":"PowerPotion"},{"floor":8,"key":"Weak Potion"},{"floor":14,"key":"SkillPotion"},{"floor":16,"key":"AttackPotion"},{"floor":18,"key":"EntropicBrew"}],"is_trial":false,"path_per_floor":["M","M","?","M","M","R","M","E","T","R","M","R","?","M","R","B",null,"M","?","$","?","M","R","E","M","T","M","E","M","R","M","R","B"],"character_chosen":"HIEROPHANT","items_purchased":[],"campfire_rested":0,"item_purchase_floors":[],"current_hp_per_floor":[70,73,73,73,74,74,75,43,43,43,33,33,38,51,51,51,73,80,80,80,80,80,80,48,25,25,59,78,80,80,79,79,0,0],"gold":228,"neow_bonus":"ONE_RANDOM_RARE_CARD","is_daily":false,"chose_seed":false,"campfire_upgraded":7,"win_rate":0.0,"timestamp":1608051679,"path_taken":["M","M","?","M","M","R","M","E","T","R","?","R","?","M","R","BOSS","M","?","$","?","M","R","E","M","T","M","E","M","R","M","R","BOSS"],"items_purchased_type":[],"build_version":"2020-12-13","purchased_purges":0,"victory":false,"max_hp_per_floor":[75,75,75,75,75,75,75,75,75,75,75,75,80,80,80,80,80,80,80,80,80,80,80,80,80,80,80,80,80,80,80,80,80,80],"card_choices":[{"not_picked":["hierophant:Encroach","hierophant:Dazzle"],"picked":"hierophant:Smite","floor":1.0},{"not_picked":["hierophant:RustyCrate","hierophant:Prophecy"],"picked":"hierophant:ConvertCurrency","floor":2.0},{"not_picked":["hierophant:ThreeLashes","hierophant:Martyrdom"],"picked":"hierophant:MorningPrayer","floor":4.0},{"not_picked":["hierophant:MorningPrayer","hierophant:RustyCrate"],"picked":"hierophant:Charity","floor":5.0},{"not_picked":["hierophant:Patience","hierophant:FieryStrike"],"picked":"hierophant:Flagellation","floor":7},{"not_picked":["hierophant:RustyCrate","hierophant:SealAway"],"picked":"hierophant:AuricForm","floor":8},{"not_picked":["hierophant:Shelter","hierophant:Mercenaries","hierophant:HammerAndAnvil"],"picked":"SKIP","floor":11},{"not_picked":["hierophant:ArchangelShield","hierophant:Upheaval","hierophant:Purify"],"picked":"SKIP","floor":14},{"not_picked":["hierophant:AuricForm","hierophant:Cornucopia"],"picked":"hierophant:DivineIntervention","floor":16},{"not_picked":["hierophant:Glossolalia","hierophant:Remorse","hierophant:Encroach"],"picked":"SKIP","floor":18},{"not_picked":["hierophant:RustyCrate","hierophant:AuricBeam"],"picked":"hierophant:HolyVerse","floor":21},{"not_picked":["hierophant:Glossolalia","hierophant:Doomsaying"],"picked":"hierophant:OrnateBuckler","floor":22},{"not_picked":["hierophant:HammerAndAnvil","hierophant:Remorse","hierophant:Mercenaries"],"picked":"SKIP","floor":24},{"not_picked":["hierophant:Upheaval","hierophant:Remorse","hierophant:Shelter+1"],"picked":"SKIP","floor":25},{"not_picked":["hierophant:MorningPrayer","hierophant:OrnateBuckler"],"picked":"hierophant:PassingBell","floor":27},{"not_picked":["hierophant:Alms","hierophant:Generosity"],"picked":"hierophant:Exaltation","floor":28},{"not_picked":["hierophant:EyeForCoin","hierophant:Zeal"],"picked":"hierophant:RepressedViolence","floor":29},{"not_picked":["hierophant:Doubloon","hierophant:Smite"],"picked":"hierophant:Repentance","floor":31}],"player_experience":2317825,"relics_obtained":[{"floor":8,"key":"Shuriken"},{"floor":9,"key":"Runesmith:AutoHammer"},{"floor":21,"key":"Red Mask"},{"floor":24,"key":"InkBottle"},{"floor":28,"key":"Happy Flower"}],"event_choices":[{"cards_removed":["hierophant:Strike_Hierophant"],"damage_healed":0.0,"max_hp_gain":0.0,"max_hp_loss":0.0,"gold_gain":0.0,"event_name":"Purifier","player_choice":"Purged","floor":3.0,"gold_loss":0.0,"damage_taken":0.0},{"damage_healed":0,"gold_gain":0,"player_choice":"Donut","damage_taken":0,"max_hp_gain":5,"max_hp_loss":0,"event_name":"Big Fish","floor":13,"gold_loss":0},{"damage_healed":0,"gold_gain":0,"player_choice":"Ignored","damage_taken":0,"max_hp_gain":0,"max_hp_loss":0,"event_name":"Vampires","floor":19,"gold_loss":0},{"damage_healed":0,"gold_gain":0,"player_choice":"Fought Bandits","damage_taken":0,"max_hp_gain":0,"max_hp_loss":0,"event_name":"Masked Bandits","floor":21,"gold_loss":0}],"is_beta":false,"boss_relics":[{"not_picked":["SacredBark","Fusion Hammer"],"picked":"sneckomod:SneckoTalon"}],"items_purged_floors":[],"is_endless":false,"potions_floor_spawned":[4,8,14,16,18,21,29],"killed_by":"Champ","ascension_level":14}}