{"host":"yw3b2cv5pp7b01va","time":1608055256,"event":{"mods":["BaseMod","Better Third Choice","Colored Map","Downfall","GifTheSpireLib","Googly Eyes","Minty Spire (QoL Compilation)","StSLib","everything is the same but u backflip on backflip"],"gold_per_floor":[99,116,20,120,120,139,139,139,171,171,190,190,203,203,219,219,219],"floor_reached":16,"playtime":614,"items_purged":[],"score":100,"play_id":"62e89b96-83a4-459d-b458-b352bf1c457b","local_time":"20201215190056","is_ascension_mode":false,"campfire_choices":[{"data":"hexamod:Float","floor":1,"key":"SMITH"},{"data":"hexamod:Incineration","floor":8,"key":"SMITH"},{"data":"hexamod:EmpoweredFlame","floor":10,"key":"SMITH"}],"circlet_count":0,"master_deck":["hexamod:Strike","hexamod:Strike","hexamod:Strike","hexamod:Strike","hexamod:Defend","hexamod:Defend","hexamod:Defend","hexamod:Defend","hexamod:Sear","hexamod:Float+1","hexamod:Incineration+1","hexamod:ThermalTransfer","expansioncontent:TimeRipple","hexamod:PhantomCloak","hexamod:EmpoweredFlame+1","hexamod:SpectralAdrenaline+1","hexamod:BurningTouch+1","Brutality","hexamod:BurningTouch"],"relics":["hexamod:SpiritBrand","Pantograph","Blood Vial","Gremlin Horn","downfall:ShatteredFragment","War Paint"],"acts_visited":["Exordium"],"potions_floor_usage":[16,16,16],"damage_taken":[{"damage":0,"enemies":"Cultist","floor":2,"turns":3},{"damage":0,"enemies":"downfall:FleeingMerchant","floor":3,"turns":4},{"damage":0,"enemies":"Small Slimes","floor":6,"turns":2},{"damage":9,"enemies":"Lagavulin","floor":9,"turns":5},{"damage":5,"enemies":"Jaw Worm","floor":11,"turns":3},{"damage":4,"enemies":"2 Fungi Beasts","floor":13,"turns":3},{"damage":7,"enemies":"Large Slime","floor":15,"turns":3},{"damage":28,"enemies":"downfall:Defect","floor":16,"turns":5}],"seed_played":"5734575571047262135","potions_obtained":[{"floor":6,"key":"AttackPotion"},{"floor":9,"key":"hexamod:DoubleChargePotion"},{"floor":11,"key":"hexamod:InfernoChargePotion"}],"is_trial":false,"path_per_floor":["R","M","$","?","T","M","T","R","E","R","M","?","M","?","M","B"],"character_chosen":"THE_SPIRIT","items_purchased":["expansioncontent:TimeRipple"],"campfire_rested":0,"item_purchase_floors":[3],"current_hp_per_floor":[77,77,77,77,77,77,77,77,68,68,65,44,42,19,14,13,13],"gold":219,"neow_bonus":"TEN_PERCENT_HP_BONUS","is_daily":false,"chose_seed":false,"campfire_upgraded":3,"win_rate":0.0,"timestamp":1608055256,"path_taken":["R","?","$","?","?","M","T","R","E","R","M","?","M","?","M","BOSS"],"items_purchased_type":["Card"],"build_version":"2020-12-13","purchased_purges":0,"victory":false,"max_hp_per_floor":[77,77,77,77,77,77,77,77,77,77,77,77,77,77,77,77,77],"card_choices":[{"not_picked":["hexamod:ShieldOfDarkness","hexamod:FastForward"],"picked":"hexamod:Incineration","floor":2},{"not_picked":["hexamod:Hexaguard","hexamod:BacktrackSmack"],"picked":"hexamod:ThermalTransfer","floor":3},{"not_picked":["hexamod:InspiringFlames","hexamod:SkipABeat"],"picked":"hexamod:PhantomCloak","floor":6},{"not_picked":["hexamod:BacktrackSmack","hexamod:GhostflameBarrier"],"picked":"hexamod:EmpoweredFlame","floor":9},{"not_picked":["hexamod:Hexaguard","hexamod:GhostflameBarrier"],"picked":"hexamod:SpectralAdrenaline","floor":11},{"not_picked":["hexamod:SpectralAdrenaline","hexamod:ThermalTransfer"],"picked":"hexamod:BurningTouch","floor":13},{"not_picked":["hexamod:BacktrackSmack","hexamod:SpectersWail"],"picked":"hexamod:BurningTouch","floor":15}],"player_experience":31721,"relics_obtained":[{"floor":5,"key":"Pantograph"},{"floor":7,"key":"Blood Vial"},{"floor":9,"key":"Gremlin Horn"}],"event_choices":[],"is_beta":false,"boss_relics":[],"items_purged_floors":[],"is_endless":false,"potions_floor_spawned":[6,9,11,13],"killed_by":"downfall:Defect","ascension_level":0}}