{"host":"zsm7nv3crm3m4x5c","time":1608068772,"event":{"mods":["AchievementEnabler","BaseMod","Colored Map","Colored Powertips","Minty Spire (QoL Compilation)","Shop Mod"],"gold_per_floor":[110,110,110,123,21,21,52,77,113,125,137,170,197,232,244,349,361,391,113,113,81,101,101,114,14,40,40,63,63,63,77,77,175,175,188,188,188,188,63,102,121,139,184,184,200,200,214,214,214,214],"floor_reached":51,"playtime":2811,"items_purged":["Regret","Strike_R","Strike_R"],"score":1301,"play_id":"c8ab87c1-654f-4452-b938-1109f64d2366","local_time":"20201215164612","is_ascension_mode":true,"campfire_choices":[{"data":"Armaments","floor":6.0,"key":"SMITH"},{"floor":10.0,"key":"REST"},{"data":"Body Slam","floor":15.0,"key":"SMITH"},{"floor":23.0,"key":"REST"},{"floor":27.0,"key":"REST"},{"data":"Barricade","floor":30.0,"key":"SMITH"},{"floor":32.0,"key":"REST"},{"data":"Offering","floor":44.0,"key":"SMITH"},{"data":"Battle Trance","floor":46,"key":"SMITH"},{"floor":49,"key":"REST"}],"circlet_count":0,"master_deck":["AscendersBane","Strike_R+1","Strike_R+1","Strike_R","Defend_R","Defend_R+1","Defend_R","Defend_R+1","Armaments+1","Shrug It Off","Body Slam+1","Inflame","Barricade+1","Impervious","Battle Trance+1","Flame Barrier+1","Offering+1","Impervious","Body Slam+1"],"relics":["Burning Blood","Mango","Lantern","Golden Idol","MawBank","Regal Pillow","SlaversCollar","War Paint","Whetstone","Sozu","Vajra","Anchor"],"acts_visited":["Exordium","TheCity","TheBeyond"],"potions_floor_usage":[],"damage_taken":[{"damage":6.0,"enemies":"Cultist","floor":1.0,"turns":4.0},{"damage":2.0,"enemies":"2 Louse","floor":4.0,"turns":4.0},{"damage":46.0,"enemies":"3 Sentries","floor":7.0,"turns":16.0},{"damage":1.0,"enemies":"Small Slimes","floor":8.0,"turns":3.0},{"damage":5.0,"enemies":"Exordium Thugs","floor":12.0,"turns":4.0},{"damage":11.0,"enemies":"Looter","floor":13.0,"turns":4.0},{"damage":3.0,"enemies":"Blue Slaver","floor":14.0,"turns":5.0},{"damage":21.0,"enemies":"The Guardian","floor":16.0,"turns":13.0},{"damage":37.0,"enemies":"Spheric Guardian","floor":18.0,"turns":6.0},{"damage":20.0,"enemies":"2 Thieves","floor":21.0,"turns":5.0},{"damage":24.0,"enemies":"Snake Plant","floor":22.0,"turns":7.0},{"damage":17.0,"enemies":"Centurion and Healer","floor":24.0,"turns":11.0},{"damage":23.0,"enemies":"3 Cultists","floor":28.0,"turns":9.0},{"damage":35.0,"enemies":"Sentry and Sphere","floor":31.0,"turns":11.0},{"damage":6.0,"enemies":"Champ","floor":33.0,"turns":10.0},{"damage":6.0,"enemies":"Orb Walker","floor":35.0,"turns":5.0},{"damage":6.0,"enemies":"Giant Head","floor":40.0,"turns":7.0},{"damage":25.0,"enemies":"3 Shapes","floor":41.0,"turns":6.0},{"damage":6.0,"enemies":"Writhing Mass","floor":42.0,"turns":6.0},{"damage":11,"enemies":"Jaw Worm Horde","floor":45,"turns":5},{"damage":8,"enemies":"Spire Growth","floor":47,"turns":4},{"damage":81,"enemies":"Time Eater","floor":50,"turns":13}],"seed_played":"1419255740663728621","potions_obtained":[{"floor":4.0,"key":"Ancient Potion"},{"floor":7.0,"key":"AttackPotion"},{"floor":11.0,"key":"Fruit Juice"},{"floor":11.0,"key":"SteroidPotion"},{"floor":14.0,"key":"EssenceOfSteel"},{"floor":22.0,"key":"LiquidMemories"},{"floor":24.0,"key":"Block Potion"},{"floor":28.0,"key":"SteroidPotion"},{"floor":31.0,"key":"SteroidPotion"}],"is_trial":false,"path_per_floor":["M","?","?","M","$","R","E","M","T","R","?","M","M","M","R","B",null,"M","$","?","M","M","R","M","$","T","R","M","$","R","M","R","B",null,"M","?","$","?","$","E","M","M","T","R","M","R","M","?","R","B",null],"character_chosen":"IRONCLAD","items_purchased":["Shrug It Off","War Paint","Impervious"],"campfire_rested":5,"item_purchase_floors":[5,19,19],"current_hp_per_floor":[64,64,64,68,68,68,28,33,33,72,77,78,73,76,76,61,80,49,49,49,35,17,57,46,46,46,86,69,69,69,40,80,80,85,85,85,85,85,85,85,66,66,66,66,61,61,59,59,86,11],"gold":214,"neow_bonus":"ONE_RARE_RELIC","is_daily":false,"chose_seed":false,"campfire_upgraded":5,"win_rate":0.0,"timestamp":1608068772,"path_taken":["M","?","?","M","$","R","E","M","T","R","?","M","?","M","R","BOSS","M","$","?","M","M","R","M","$","T","R","M","$","R","M","R","BOSS","M","?","$","?","$","E","M","M","T","R","M","R","?","?","R","BOSS"],"items_purchased_type":["Card","Relic","Card"],"build_version":"2020-12-13","purchased_purges":3,"victory":true,"max_hp_per_floor":[89,89,81,81,81,81,81,81,81,81,86,86,86,86,86,86,86,86,86,86,86,86,86,86,86,86,86,86,86,86,86,86,86,86,86,86,86,86,86,86,86,86,86,86,86,86,86,86,86,86],"card_choices":[{"not_picked":["Sword Boomerang","Warcry"],"picked":"Armaments","floor":1.0},{"not_picked":["Clothesline","Searing Blow","Power Through"],"picked":"SKIP","floor":4.0},{"not_picked":["Carnage","Twin Strike","Flex"],"picked":"SKIP","floor":7.0},{"not_picked":["Rupture","Flex"],"picked":"Body Slam","floor":8.0},{"not_picked":["Fire Breathing","Armaments"],"picked":"Inflame","floor":12.0},{"not_picked":["Armaments","Intimidate","Wild Strike"],"picked":"SKIP","floor":13.0},{"not_picked":["Bloodletting","Reaper","Sword Boomerang"],"picked":"SKIP","floor":14.0},{"not_picked":["Exhume","Impervious"],"picked":"Barricade","floor":16.0},{"not_picked":["Iron Wave","Armaments","Shockwave"],"picked":"SKIP","floor":18.0},{"not_picked":["Anger","Cleave","Clash+1"],"picked":"SKIP","floor":21.0},{"not_picked":["Anger","Cleave","Clash+1"],"picked":"SKIP","floor":21.0},{"not_picked":["Body Slam","Metallicize","Pummel"],"picked":"SKIP","floor":22.0},{"not_picked":["Wild Strike","Twin Strike"],"picked":"Battle Trance","floor":24.0},{"not_picked":["Iron Wave","Anger"],"picked":"Flame Barrier+1","floor":28.0},{"not_picked":["Flex","Rage+1"],"picked":"Offering","floor":31.0},{"not_picked":["Pommel Strike","Heavy Blade","Wild Strike"],"picked":"SKIP","floor":35.0},{"not_picked":["Clash+1","Sentinel+1","True Grit"],"picked":"SKIP","floor":40.0},{"not_picked":["Bloodletting","Heavy Blade","Uppercut+1"],"picked":"SKIP","floor":41.0},{"not_picked":["Burning Pact","Pommel Strike"],"picked":"Body Slam+1","floor":42.0},{"not_picked":["Flex","Cleave+1","Clothesline"],"picked":"SKIP","floor":45},{"not_picked":["Rage+1","Rupture","Infernal Blade"],"picked":"SKIP","floor":47}],"player_experience":502673,"relics_obtained":[{"floor":7.0,"key":"MawBank"},{"floor":9.0,"key":"Regal Pillow"},{"floor":26.0,"key":"Whetstone"},{"floor":40.0,"key":"Vajra"},{"floor":43.0,"key":"Anchor"}],"event_choices":[{"damage_healed":0.0,"max_hp_gain":0.0,"max_hp_loss":0.0,"gold_gain":0.0,"event_name":"Big Fish","player_choice":"Box","floor":2.0,"gold_loss":0.0,"damage_taken":0.0,"relics_obtained":["Lantern"],"cards_obtained":["Regret"]},{"damage_healed":0.0,"max_hp_gain":0.0,"max_hp_loss":8.0,"gold_gain":0.0,"event_name":"Golden Idol","player_choice":"Lose Max HP","floor":3.0,"gold_loss":0.0,"damage_taken":0.0,"relics_obtained":["Golden Idol"]},{"damage_healed":0.0,"max_hp_gain":0.0,"max_hp_loss":0.0,"gold_gain":0.0,"event_name":"Lab","player_choice":"Got Potions","floor":11.0,"gold_loss":0.0,"damage_taken":0.0},{"cards_removed":["Bash"],"damage_healed":0.0,"max_hp_gain":0.0,"max_hp_loss":0.0,"gold_gain":0.0,"event_name":"Purifier","player_choice":"Purged","floor":20.0,"gold_loss":0.0,"damage_taken":0.0},{"damage_healed":0.0,"max_hp_gain":0.0,"max_hp_loss":0.0,"gold_gain":0.0,"event_name":"Tomb of Lord Red Mask","player_choice":"Ignored","floor":36.0,"gold_loss":0.0,"damage_taken":0.0},{"damage_healed":0.0,"max_hp_gain":0.0,"max_hp_loss":0.0,"gold_gain":0.0,"event_name":"Duplicator","player_choice":"Copied","floor":38.0,"gold_loss":0.0,"damage_taken":0.0,"cards_obtained":["Impervious"]},{"damage_healed":0,"gold_gain":0,"player_choice":"Ignored","damage_taken":0,"max_hp_gain":0,"max_hp_loss":0,"event_name":"The Moai Head","floor":48,"gold_loss":0}],"is_beta":false,"boss_relics":[{"not_picked":["Coffee Dripper","Empty Cage"],"picked":"SlaversCollar"},{"not_picked":["SacredBark","Black Blood"],"picked":"Sozu"}],"items_purged_floors":[5,25,39],"is_endless":false,"potions_floor_spawned":[4,7,14,22,24,28,31,42,45,47],"ascension_level":15}}