{"host":"h0xw20cia6ppa69g","time":1608011456,"event":{"mods":["AchievementEnabler","BaseMod","Colored Map","Googly Eyes","Minty Spire (QoL Compilation)","Relic Stats","StSLib","The Awakened One except there are too many feathers","everything is the same but u backflip on backflip"],"gold_per_floor":[11,30,47,65,75,109,109,140,140,172,188,201,221,221,221,221,221],"floor_reached":16,"playtime":781,"items_purged":[],"score":132,"play_id":"124c968e-803e-49ec-8f3f-3f37243f1ea5","local_time":"20201214235056","is_ascension_mode":true,"campfire_choices":[{"data":"Whirlwind","floor":7.0,"key":"SMITH"},{"data":"Body Slam","floor":15,"key":"SMITH"}],"circlet_count":0,"master_deck":["Strike_R","Strike_R","Strike_R","Strike_R","Strike_R","Defend_R","Defend_R","Defend_R","Defend_R","Bash","Inflame","Whirlwind+1","Body Slam+1","Headbutt","Battle Trance","Ghostly Armor","Armaments","Dual Wield","Burning Pact","Battle Trance","Double Tap","Parasite"],"relics":["Burning Blood","Calipers","Dream Catcher","Kunai","Eternal Feather","PreservedInsect"],"acts_visited":["Exordium"],"potions_floor_usage":[16,16,16,16],"damage_taken":[{"damage":6.0,"enemies":"Cultist","floor":1.0,"turns":3.0},{"damage":0.0,"enemies":"2 Louse","floor":2.0,"turns":3.0},{"damage":12.0,"enemies":"Small Slimes","floor":3.0,"turns":5.0},{"damage":0.0,"enemies":"2 Fungi Beasts","floor":4.0,"turns":3.0},{"damage":10.0,"enemies":"Looter","floor":5.0,"turns":2.0},{"damage":35.0,"enemies":"Lagavulin","floor":6.0,"turns":8.0},{"damage":16.0,"enemies":"3 Sentries","floor":8.0,"turns":6.0},{"damage":32.0,"enemies":"Gremlin Nob","floor":10.0,"turns":4.0},{"damage":7.0,"enemies":"Blue Slaver","floor":11.0,"turns":3.0},{"damage":0.0,"enemies":"Exordium Wildlife","floor":12.0,"turns":2.0},{"damage":17.0,"enemies":"Exordium Thugs","floor":13.0,"turns":6.0},{"damage":49,"enemies":"Slime Boss","floor":16,"turns":7}],"seed_played":"-3946036479742607952","potions_obtained":[{"floor":2.0,"key":"SmokeBomb"},{"floor":4.0,"key":"Fruit Juice"},{"floor":5.0,"key":"ElixirPotion"},{"floor":10.0,"key":"EntropicBrew"},{"floor":12.0,"key":"Explosive Potion"},{"floor":13.0,"key":"SpeedPotion"}],"is_trial":false,"path_per_floor":["M","M","M","M","M","E","R","E","T","E","M","M","M","?","R","B"],"character_chosen":"IRONCLAD","items_purchased":[],"campfire_rested":0,"item_purchase_floors":[],"current_hp_per_floor":[80,80,74,80,76,47,47,37,37,11,10,21,10,31,43,0,0],"gold":221,"neow_bonus":"ONE_RARE_RELIC","is_daily":false,"chose_seed":false,"campfire_upgraded":2,"win_rate":0.0,"timestamp":1608011456,"path_taken":["M","M","M","M","?","E","R","E","T","E","M","M","M","?","R","BOSS"],"items_purchased_type":[],"build_version":"2020-12-13","purchased_purges":0,"victory":false,"max_hp_per_floor":[80,80,80,80,80,80,80,80,80,80,80,85,85,85,85,85,85],"relic_stats":{"Dream Catcher":0,"counters":[12,52],"Eternal Feather":12,"PreservedInsect":0,"Kunai":[0],"obtain_stats":[{"Dream Catcher":6,"Calipers":0,"Eternal Feather":9,"PreservedInsect":10,"Kunai":8,"Burning Blood":0},{"Dream Catcher":6,"Calipers":0,"Eternal Feather":7,"PreservedInsect":8,"Kunai":7,"Burning Blood":0},{"Dream Catcher":24,"Calipers":0,"Eternal Feather":30,"PreservedInsect":34,"Kunai":30,"Burning Blood":0}],"Burning Blood":60},"card_choices":[{"not_picked":["Cleave","Clothesline"],"picked":"Inflame","floor":1.0},{"not_picked":["Second Wind","Bloodletting"],"picked":"Whirlwind","floor":2.0},{"not_picked":["Clash","Sentinel"],"picked":"Body Slam","floor":3.0},{"not_picked":["Body Slam","Sentinel"],"picked":"Headbutt","floor":4.0},{"not_picked":["Clothesline","Wild Strike"],"picked":"Battle Trance","floor":5.0},{"not_picked":["Warcry","Twin Strike"],"picked":"Ghostly Armor","floor":6.0},{"not_picked":["Havoc","Perfected Strike"],"picked":"Armaments","floor":8.0},{"not_picked":["Hemokinesis","Perfected Strike"],"picked":"Dual Wield","floor":10.0},{"not_picked":["Pummel","Hemokinesis"],"picked":"Burning Pact","floor":11.0},{"not_picked":["Anger","Ghostly Armor"],"picked":"Battle Trance","floor":12.0},{"not_picked":["Spot Weakness","Havoc"],"picked":"Double Tap","floor":13.0}],"player_experience":3502070,"relics_obtained":[{"floor":6.0,"key":"Dream Catcher"},{"floor":8.0,"key":"Kunai"},{"floor":9.0,"key":"Eternal Feather"},{"floor":10.0,"key":"PreservedInsect"}],"event_choices":[{"damage_healed":21,"gold_gain":0,"player_choice":"Healed and dodged fight","damage_taken":0,"max_hp_gain":0,"max_hp_loss":0,"event_name":"Mushrooms","floor":14,"gold_loss":0,"cards_obtained":["Parasite"]}],"is_beta":false,"boss_relics":[],"items_purged_floors":[],"is_endless":false,"potions_floor_spawned":[2,4,5,10,12,13],"killed_by":"Slime Boss","ascension_level":1}}