{"host":"raai0vtvcfkt8csp","time":1608074699,"event":{"mods":["2.2 Compatiblity","BaseMod","Block Reminder","Booster Modes","DeckTracker","Defective Defect","Dio Mod","Downfall","GifTheSpireLib","Infinite Spire","Minty Spire (QoL Compilation)","Quick Restart","Random Character Button","Rare Cards Sparkle","StSLib","Unceasing Turn Reminder"],"gold_per_floor":[99,128,128,128,156,156,156,168,200,200,200,200,3,14,25,130,130,130,141,167,167,10,10,10,10,38,23,23,34,50,50,63,166,166,91,141,161,161,173,205,205,239,89,99,6,24,24,24,34,34,34,59,6,6,6],"floor_reached":56,"playtime":7365,"items_purged":[],"score":1634,"play_id":"0307bb43-8544-45dd-bb74-ba28dc6a2498","local_time":"20201216002459","is_ascension_mode":false,"campfire_choices":[{"data":"champ:Taunt","floor":1,"key":"SMITH"},{"data":"champ:IronFortress","floor":3,"key":"SMITH"},{"data":"champ:FanOfKnives","floor":10,"key":"SMITH"},{"data":"champ:VampiricStrike","floor":18,"key":"SMITH"},{"floor":35,"key":"RECALL"},{"data":"champ:BerserkerStyle","floor":43,"key":"SMITH"},{"data":"champ:EndlessRage","floor":54,"key":"SMITH"}],"circlet_count":0,"master_deck":["champ:Strike+1","champ:Strike+1","champ:Strike+1","champ:Strike+1","champ:Defend+1","champ:Defend+1","champ:Defend+1","champ:Defend+1","champ:Execute+1","champ:Taunt+1","champ:IronFortress+1","champ:GutPunch+1","champ:FlashCut","champ:Duel","champ:FanOfKnives+1","champ:BerserkerStyle","Apotheosis+1","champ:CalledShot+1","champ:DeathBlow","champ:VampiricStrike+1","champ:EndlessRage+1","champ:BladeFlurry","champ:DeathBlow","champ:BerserkerStyle","champ:RecklessLeap","champ:BerserkerStyle","champ:Backstep+1","champ:Backstep","champ:ArenaPreparation","champ:VampiricStrike","champ:CrookedStrike","champ:HeartStrike","champ:HeartStrike","champ:BerserkerStyle+1","champ:PerfectForm","champ:Encircle+1","champ:HeartStrike","champ:BerserkersShout","infinitespire:Fortify","champ:RapidStrikes+1","champ:CrookedStrike+1","champ:Encircle"],"relics":["champ:ChampionCrown","downfall:HeartsMalice","Omamori","Eternal Feather","infinitespire:Joker Card","infinitespire:Lucky Rock","expansioncontent:StudyCardRelic","InkBottle","MutagenicStrength","FossilizedHelix","Toy Ornithopter","champ:FightingForDummies","Sozu","downfall:HeartBlessingGreen","Mango","Ornamental Fan","Dead Branch","downfall:HeartBlessingBlue","downfall:HeartBlessingRed","Torii","DollysMirror","Sundial"],"acts_visited":["Exordium","TheCity","TheBeyond","TheEnding"],"potions_floor_usage":[26,33,42],"damage_taken":[{"damage":0,"enemies":"Lagavulin","floor":2,"turns":1},{"damage":0,"enemies":"Gremlin Nob","floor":5,"turns":1},{"damage":0,"enemies":"2 Louse","floor":6,"turns":1},{"damage":5,"enemies":"Cultist","floor":8,"turns":3},{"damage":13,"enemies":"Lagavulin","floor":9,"turns":7},{"damage":5,"enemies":"downfall:FleeingMerchant","floor":13,"turns":4},{"damage":14,"enemies":"Jaw Worm","floor":14,"turns":3},{"damage":16,"enemies":"Exordium Wildlife","floor":15,"turns":3},{"damage":89,"enemies":"downfall:Silent","floor":16,"turns":11},{"damage":45,"enemies":"Shell Parasite","floor":19,"turns":3},{"damage":93,"enemies":"Book of Stabbing","floor":20,"turns":5},{"damage":39,"enemies":"downfall:FleeingMerchant","floor":22,"turns":4},{"damage":96,"enemies":"Slavers","floor":26,"turns":5},{"damage":15,"enemies":"downfall:FleeingMerchant","floor":27,"turns":4},{"damage":88,"enemies":"3 Byrds","floor":29,"turns":5},{"damage":86,"enemies":"Shelled Parasite and Fungi","floor":30,"turns":7},{"damage":31,"enemies":"Centurion and Healer","floor":32,"turns":4},{"damage":100,"enemies":"downfall:Watcher","floor":33,"turns":9},{"damage":123,"enemies":"Mind Bloom Boss Battle","floor":36,"turns":7},{"damage":63,"enemies":"3 Shapes","floor":37,"turns":3},{"damage":42,"enemies":"3 Darklings","floor":39,"turns":2},{"damage":88,"enemies":"Nemesis","floor":40,"turns":7},{"damage":69,"enemies":"Giant Head","floor":42,"turns":5},{"damage":91,"enemies":"Maw","floor":44,"turns":5},{"damage":0,"enemies":"downfall:FleeingMerchant","floor":45,"turns":1},{"damage":11,"enemies":"Writhing Mass","floor":46,"turns":4},{"damage":31,"enemies":"Spire Growth","floor":49,"turns":3},{"damage":93,"enemies":"downfall:Ironclad","floor":50,"turns":5},{"damage":157,"enemies":"downfall:CharBossMerchant","floor":52,"turns":7},{"damage":360,"enemies":"downfall:NeowBoss","floor":55,"turns":18}],"seed_played":"5684801001809256042","potions_obtained":[{"floor":9,"key":"PowerPotion"},{"floor":15,"key":"EssenceOfSteel"},{"floor":16,"key":"FearPotion"},{"floor":26,"key":"champ:CounterPotion"}],"is_trial":false,"path_per_floor":["R","E","R","?","E","M","T","M","E","R","?","?","$","M","M","B",null,"R","M","E","?","$","?","T","?","E","$","?","M","M","?","M","B",null,"R","?","M","?","M","E","T","E","R","M","$","M","?","$","M","B",null,"E","$","R","B",null],"character_chosen":"THE_CHAMP","items_purchased":["Apotheosis","champ:BerserkerStyle","champ:RecklessLeap","Torii","DollysMirror","champ:Encircle"],"campfire_rested":0,"item_purchase_floors":[13,22,22,45,45,53],"current_hp_per_floor":[90,90,90,90,90,90,90,90,90,90,90,90,90,90,84,31,90,90,78,78,78,90,90,90,90,90,90,90,61,40,40,67,95,95,95,109,109,101,104,95,95,109,119,119,119,119,90,90,92,97,119,100,100,119,119],"gold":6,"neow_bonus":"THREE_ENEMY_KILL","is_daily":false,"chose_seed":false,"campfire_upgraded":6,"win_rate":0.0,"timestamp":1608074699,"path_taken":["R","E","R","?","E","?","T","M","E","R","?","?","?","?","M","BOSS","R","?","E","?","?","?","T","?","E","?","?","M","M","?","M","BOSS","R","?","M","?","?","E","T","E","R","M","$","M","?","?","M","BOSS","E","$","R","BOSS"],"items_purchased_type":["Card","Card","Card","Relic","Relic","Card"],"build_version":"2020-12-13","purchased_purges":0,"victory":true,"max_hp_per_floor":[90,90,90,90,90,90,90,90,90,90,90,90,90,90,90,90,90,90,90,90,90,90,90,90,90,90,90,90,90,90,90,90,95,95,95,109,109,109,109,109,109,109,119,119,119,119,119,119,119,119,119,119,119,119,119],"card_choices":[{"not_picked":["champ:FlashCut","champ:Encircle"],"picked":"champ:IronFortress","floor":2},{"not_picked":["champ:FightOn","champ:FanOfKnives"],"picked":"champ:GutPunch","floor":5},{"not_picked":["champ:Encircle","champ:DeathBlow"],"picked":"champ:FlashCut","floor":6},{"not_picked":["champ:CrookedStrike","champ:StanceDance"],"picked":"champ:Duel","floor":8},{"not_picked":["champ:DancingMaster","champ:BladeFlurry"],"picked":"champ:FanOfKnives","floor":9},{"not_picked":["champ:EnGarde","champ:DefensiveStyle"],"picked":"champ:BerserkerStyle","floor":13},{"not_picked":["champ:AdrenalArmor","champ:BerserkerStyle"],"picked":"champ:CalledShot","floor":14},{"not_picked":["champ:TornadoPunch","champ:BringItOn"],"picked":"champ:DeathBlow","floor":15},{"not_picked":["champ:ShieldSlam","champ:SwordThrow"],"picked":"champ:VampiricStrike","floor":16},{"not_picked":["champ:CrookedStrike","champ:Encircle"],"picked":"champ:EndlessRage","floor":19},{"not_picked":["champ:HeavySlash","champ:EnragedBash"],"picked":"champ:BladeFlurry","floor":20},{"not_picked":["champ:BringItOn+1","champ:FanOfKnives+1"],"picked":"champ:DeathBlow","floor":22},{"not_picked":["champ:Duel","champ:PerfectedStrike"],"picked":"champ:BerserkerStyle","floor":26},{"not_picked":["champ:Haymaker+1","champ:FalseCounter"],"picked":"champ:FightOn","floor":27},{"not_picked":["champ:BerserkersShout","champ:BladeFlurry"],"picked":"champ:Backstep","floor":29},{"not_picked":["champ:FanOfKnives+1","champ:Haymaker"],"picked":"champ:Backstep","floor":30},{"not_picked":["champ:Haymaker+1","champ:GladiatorStyle+1"],"picked":"champ:ArenaPreparation","floor":32},{"not_picked":["champ:ShieldThrow","champ:IgnorePain"],"picked":"champ:VampiricStrike","floor":33},{"not_picked":["champ:BladeFlurry+1","champ:DefensiveShout"],"picked":"champ:CrookedStrike","floor":36},{"not_picked":["champ:GladiatorsShout","champ:StanceDance"],"picked":"champ:HeartStrike","floor":37},{"not_picked":["champ:AdrenalArmor","champ:Lariat+1"],"picked":"champ:HeartStrike","floor":39},{"not_picked":["champ:CalledShot+1","champ:Lariat+1"],"picked":"champ:BerserkerStyle","floor":40},{"not_picked":["champ:DefensiveShout","champ:PreciseThrust+1","champ:TornadoPunch"],"picked":"SKIP","floor":42},{"not_picked":["champ:FanOfKnives+1","champ:Circumvent"],"picked":"champ:PerfectForm","floor":44},{"not_picked":["champ:RecklessLeap","champ:FanOfKnives+1"],"picked":"champ:Encircle+1","floor":45},{"not_picked":["champ:FocusedDefense+1","champ:Circumvent+1"],"picked":"champ:BerserkersShout","floor":46},{"not_picked":["infinitespire:Menacing","infinitespire:Punishment"],"picked":"infinitespire:Fortify","floor":47},{"not_picked":["champ:BerserkersShout+1","champ:CalledShot+1"],"picked":"champ:RapidStrikes+1","floor":49},{"not_picked":["champ:FlashCut+1","champ:DancingMaster"],"picked":"champ:CrookedStrike+1","floor":52}],"player_experience":561013,"relics_obtained":[{"floor":2,"key":"Omamori"},{"floor":5,"key":"Eternal Feather"},{"floor":7,"key":"infinitespire:Joker Card"},{"floor":9,"key":"infinitespire:Lucky Rock"},{"floor":20,"key":"InkBottle"},{"floor":24,"key":"FossilizedHelix"},{"floor":26,"key":"Toy Ornithopter"},{"floor":36,"key":"Mango"},{"floor":40,"key":"Ornamental Fan"},{"floor":42,"key":"Dead Branch"},{"floor":52,"key":"Sundial"}],"event_choices":[{"damage_healed":0,"gold_gain":0,"player_choice":"Forge","damage_taken":0,"max_hp_gain":0,"max_hp_loss":0,"event_name":"Accursed Blacksmith","floor":4,"gold_loss":0,"cards_upgraded":["champ:Execute"]},{"damage_healed":0,"gold_gain":0,"player_choice":"Upgraded","damage_taken":0,"max_hp_gain":0,"max_hp_loss":0,"event_name":"Upgrade Shrine","floor":21,"gold_loss":0,"cards_upgraded":["Apotheosis"]},{"damage_healed":0,"gold_gain":0,"player_choice":"Inject Mutagens","damage_taken":0,"relics_obtained":["MutagenicStrength"],"max_hp_gain":0,"max_hp_loss":0,"event_name":"Drug Dealer","floor":23,"gold_loss":0},{"damage_healed":0,"gold_gain":0,"player_choice":"Simplicity","damage_taken":0,"max_hp_gain":0,"max_hp_loss":0,"event_name":"Back to Basics","floor":25,"gold_loss":0,"cards_upgraded":["champ:Strike","champ:Strike","champ:Strike","champ:Defend","champ:Defend","champ:Defend"]},{"damage_healed":0,"gold_gain":0,"player_choice":"Ignored","damage_taken":0,"max_hp_gain":0,"max_hp_loss":0,"event_name":"Vampires","floor":28,"gold_loss":0}],"is_beta":false,"boss_relics":[{"not_picked":["infinitespire:Cupcake","Ectoplasm"],"picked":"expansioncontent:StudyCardRelic"},{"not_picked":["Fusion Hammer","Tiny House"],"picked":"Sozu"}],"items_purged_floors":[],"is_endless":false,"potions_floor_spawned":[9,15,16,19,26,36,37,39,46],"ascension_level":0}}