{"host":"ab2s6ezjqdgtrlyf","time":1608041604,"event":{"mods":["BaseMod","Colored Map","Highlight Path","Marked Mod","Minty Spire (QoL Compilation)","Quick Restart","Relic Stats","Replay The Spire","StSLib","Waifu the Spire","vexMod"],"gold_per_floor":[116,134,146,146,146,146,162,162,162,162,185,185,203,228,228,228,228],"floor_reached":16,"playtime":304,"items_purged":[],"score":179,"play_id":"b5414e4d-ac23-43ee-9dd9-4d9a85cccaac","local_time":"20201215221324","is_ascension_mode":true,"campfire_choices":[{"data":"Leap","floor":6.0,"key":"SMITH"},{"data":"Loop","floor":8.0,"key":"SMITH"},{"data":"Redo","floor":10.0,"key":"SMITH"},{"floor":15,"key":"REST"}],"circlet_count":0,"master_deck":["AscendersBane","Strike_B","Strike_B","Strike_B","Strike_B","Defend_B","Defend_B","Defend_B","Zap","Dualcast","Redo+1","Leap+1","Loop+1","Capacitor","Ball Lightning","BasicCrystalCard"],"relics":["Cracked Core","Golden Idol","CultistMask","Bottled Tornado","Odd Mushroom"],"acts_visited":["Exordium"],"potions_floor_usage":[],"damage_taken":[{"damage":4.0,"enemies":"Jaw Worm","floor":1.0,"turns":4.0},{"damage":12.0,"enemies":"Small Slimes","floor":2.0,"turns":3.0},{"damage":1.0,"enemies":"Cultist","floor":3.0,"turns":3.0},{"damage":1.0,"enemies":"Looter","floor":7.0,"turns":3.0},{"damage":3.0,"enemies":"Blue Slaver","floor":11.0,"turns":3.0},{"damage":2,"enemies":"2 Fungi Beasts","floor":13,"turns":3},{"damage":25,"enemies":"The Mushroom Lair","floor":14,"turns":4},{"damage":0,"enemies":"Slime Boss","floor":16,"turns":1}],"seed_played":"4747265124712036202","potions_obtained":[{"floor":2.0,"key":"FearPotion"},{"floor":11.0,"key":"PowerPotion"}],"is_trial":false,"path_per_floor":["M","M","M","?","?","R","M","R","T","R","M","?","M","?","R","B"],"character_chosen":"DEFECT","items_purchased":[],"campfire_rested":1,"item_purchase_floors":[],"current_hp_per_floor":[60,48,47,47,47,47,46,46,46,46,43,49,47,22,41,41,41],"gold":228,"neow_bonus":"REMOVE_CARD","is_daily":false,"chose_seed":false,"campfire_upgraded":3,"win_rate":0.0,"timestamp":1608041604,"path_taken":["M","M","M","?","?","R","M","R","T","R","?","?","M","?","R","BOSS"],"items_purchased_type":[],"build_version":"2020-12-13","purchased_purges":0,"victory":false,"max_hp_per_floor":[71,71,71,64,64,64,64,64,64,64,64,64,64,64,64,64,64],"relic_stats":{"counters":[8,23],"Golden Idol":17,"obtain_stats":[{"Golden Idol":4,"CultistMask":5,"Bottled Tornado":9,"Odd Mushroom":14,"Cracked Core":0},{"Golden Idol":3,"CultistMask":3,"Bottled Tornado":4,"Odd Mushroom":7,"Cracked Core":0},{"Golden Idol":10,"CultistMask":10,"Bottled Tornado":13,"Odd Mushroom":23,"Cracked Core":0}]},"card_choices":[{"not_picked":["ReplayTheSpireMod:Calculation Training","Gash"],"picked":"Redo","floor":1.0},{"not_picked":["ReplayGash","Conserve Battery"],"picked":"Leap","floor":2.0},{"not_picked":["Aggregate","Storm","Steam"],"picked":"SKIP","floor":3.0},{"not_picked":["Streamline","Chill"],"picked":"Loop","floor":7.0},{"not_picked":["Leap","Time Bomb"],"picked":"Capacitor","floor":11.0},{"not_picked":["Compile Driver","Time Bomb"],"picked":"Ball Lightning","floor":13},{"not_picked":["Tempest","Gash"],"picked":"BasicCrystalCard","floor":14}],"player_experience":782432,"relics_obtained":[{"floor":9.0,"key":"Bottled Tornado"},{"floor":14,"key":"Odd Mushroom"}],"event_choices":[{"damage_healed":0.0,"max_hp_gain":0.0,"max_hp_loss":7.0,"gold_gain":0.0,"event_name":"Golden Idol","player_choice":"Lose Max HP","floor":4.0,"gold_loss":0.0,"damage_taken":0.0,"relics_obtained":["Golden Idol"]},{"damage_healed":0.0,"max_hp_gain":0.0,"max_hp_loss":0.0,"gold_gain":0.0,"event_name":"FaceTrader","player_choice":"Trade","floor":5.0,"gold_loss":0.0,"damage_taken":0.0,"relics_obtained":["CultistMask"]},{"damage_healed":0,"gold_gain":0,"player_choice":"Fought Mushrooms","damage_taken":0,"max_hp_gain":0,"max_hp_loss":0,"event_name":"Mushrooms","floor":14,"gold_loss":0}],"is_beta":false,"boss_relics":[],"items_purged_floors":[],"is_endless":false,"potions_floor_spawned":[2,11,13],"killed_by":"Slime Boss","ascension_level":19}}