{"host":"ufl0k2so27eic2iy","time":1608029094,"event":{"mods":["BaseMod","Minty Spire (QoL Compilation)","StSLib","The Animator"],"gold_per_floor":[110,110,124,124,141,29,29,29],"floor_reached":7,"playtime":234,"items_purged":["animator:Strike"],"score":72,"play_id":"fbe25e12-01d1-4c3d-9925-f43f8fad8139","local_time":"20201215104454","is_ascension_mode":true,"campfire_choices":[],"circlet_count":0,"master_deck":["AscendersBane","animator:Strike_Rewrite","animator:Defend_Rewrite","animator:Strike","animator:Strike","animator:Defend","animator:Defend","animator:Defend","animator:YoshinoHaruhiko","animator:ShizuruNakatsu","animator:Shigure","animator:Shigure","animator:Nanami","animator:GuildGirl"],"relics":["animator:LivingPicture","animator:TheMissingPiece","StoneCalendar"],"acts_visited":["Exordium"],"potions_floor_usage":[],"damage_taken":[{"damage":0,"enemies":"Small Slimes","floor":1,"turns":4},{"damage":4,"enemies":"Jaw Worm","floor":3,"turns":4},{"damage":8,"enemies":"2 Louse","floor":5,"turns":2},{"damage":52,"enemies":"Gremlin Nob","floor":7,"turns":5}],"seed_played":"8548522317369293062","potions_obtained":[{"floor":3,"key":"LiquidBronze"}],"is_trial":false,"path_per_floor":["M","?","M","?","M","$","E"],"character_chosen":"THE_ANIMATOR","items_purchased":["animator:GuildGirl"],"campfire_rested":0,"item_purchase_floors":[6],"current_hp_per_floor":[60,49,45,45,37,37,0,0],"gold":29,"neow_bonus":"TEN_PERCENT_HP_BONUS","is_daily":false,"chose_seed":true,"campfire_upgraded":0,"win_rate":0.0,"timestamp":1608029094,"path_taken":["M","?","M","?","M","$","E"],"items_purchased_type":["Card"],"build_version":"2020-12-13","purchased_purges":1,"victory":false,"max_hp_per_floor":[66,66,66,66,66,66,66,66],"card_choices":[{"not_picked":["animator:Mikaela","animator:SakuyaOhtori"],"picked":"animator:Shigure","floor":1},{"not_picked":["animator:LizardPriest","animator:SilverFang"],"picked":"animator:Shigure","floor":3},{"not_picked":["animator:TukaLunaMarceau","animator:Tatsumaki"],"picked":"animator:Nanami","floor":5}],"player_experience":2282337,"relics_obtained":[],"event_choices":[{"damage_healed":0,"gold_gain":0,"player_choice":"Success","damage_taken":11,"relics_obtained":["StoneCalendar"],"max_hp_gain":0,"max_hp_loss":0,"event_name":"Scrap Ooze","floor":2,"gold_loss":0},{"damage_healed":0,"gold_gain":0,"player_choice":"Ignored","damage_taken":0,"max_hp_gain":0,"max_hp_loss":0,"event_name":"Shining Light","floor":4,"gold_loss":0}],"is_beta":false,"boss_relics":[],"items_purged_floors":[6],"is_endless":false,"potions_floor_spawned":[3],"killed_by":"Gremlin Nob","ascension_level":15}}