{"host":"k5dhp0bkccqfauyu","time":1608042500,"event":{"mods":["BaseMod","Better Note","Better Skull","Better Vampires","Colored Map","Colored Powertips","DeckTracker","Minty Spire (QoL Compilation)","Permanent Neow","StSLib","SuperFastMode"],"gold_per_floor":[111,129,147,160,177,220,220,249,249,288,288,288,288,321,321,321,321],"floor_reached":16,"playtime":396,"items_purged":[],"score":228,"play_id":"f574044a-c74d-4497-ab04-555b9e06e6f2","local_time":"20201216012820","is_ascension_mode":true,"campfire_choices":[{"data":"Uppercut","floor":7,"key":"SMITH"},{"data":"Double Tap","floor":11,"key":"SMITH"},{"data":"Shockwave","floor":15,"key":"SMITH"}],"circlet_count":0,"master_deck":["AscendersBane","Strike_R","Strike_R","Strike_R","Strike_R","Strike_R","Defend_R","Defend_R","Defend_R","Defend_R","Bash","Uppercut+1","Sword Boomerang","Anger","Pommel Strike","Flex","Cleave","Shockwave+1","Double Tap+1","Shrug It Off"],"relics":["Burning Blood","Dream Catcher","CeramicFish","Kunai","Pantograph","Golden Idol","PreservedInsect"],"acts_visited":["Exordium"],"potions_floor_usage":[3,6,6,10],"damage_taken":[{"damage":12,"enemies":"Cultist","floor":1,"turns":4},{"damage":4,"enemies":"Small Slimes","floor":2,"turns":4},{"damage":2,"enemies":"2 Louse","floor":3,"turns":2},{"damage":9,"enemies":"Blue Slaver","floor":4,"turns":4},{"damage":22,"enemies":"Large Slime","floor":5,"turns":6},{"damage":18,"enemies":"3 Sentries","floor":6,"turns":8},{"damage":9,"enemies":"Red Slaver","floor":8,"turns":2},{"damage":25,"enemies":"Lagavulin","floor":10,"turns":7},{"damage":15,"enemies":"3 Louse","floor":14,"turns":4},{"damage":36,"enemies":"The Guardian","floor":16,"turns":6}],"seed_played":"9120497525655456111","potions_obtained":[{"floor":1,"key":"PowerPotion"},{"floor":2,"key":"Energy Potion"},{"floor":4,"key":"DistilledChaos"},{"floor":8,"key":"Fruit Juice"}],"is_trial":false,"path_per_floor":["M","M","M","M","M","E","R","M","T","E","R","?","?","M","R","B"],"character_chosen":"IRONCLAD","items_purchased":[],"campfire_rested":0,"item_purchase_floors":[],"current_hp_per_floor":[62,64,68,65,49,37,37,34,34,20,20,20,20,11,11,0,0],"gold":321,"neow_bonus":"RANDOM_COMMON_RELIC","is_daily":false,"chose_seed":false,"campfire_upgraded":3,"win_rate":0.0,"timestamp":1608042500,"path_taken":["M","M","?","M","M","E","R","M","T","E","R","?","?","M","R","BOSS"],"items_purchased_type":[],"build_version":"2020-12-13","purchased_purges":0,"victory":false,"max_hp_per_floor":[75,75,75,75,75,75,75,75,75,80,80,72,72,72,72,72,72],"card_choices":[{"not_picked":["Power Through","Dual Wield"],"picked":"Uppercut","floor":1},{"not_picked":["Sentinel","Flex"],"picked":"Sword Boomerang","floor":2},{"not_picked":["Twin Strike","Pummel"],"picked":"Anger","floor":3},{"not_picked":["Entrench","Wild Strike"],"picked":"Pommel Strike","floor":4},{"not_picked":["Perfected Strike","Dropkick"],"picked":"Flex","floor":5},{"not_picked":["Dropkick","Heavy Blade"],"picked":"Cleave","floor":6},{"not_picked":["Fire Breathing","Sever Soul"],"picked":"Shockwave","floor":8},{"not_picked":["Ghostly Armor","Uppercut"],"picked":"Double Tap","floor":10},{"not_picked":["Reckless Charge","Heavy Blade"],"picked":"Shrug It Off","floor":14}],"player_experience":1756430,"relics_obtained":[{"floor":6,"key":"CeramicFish"},{"floor":9,"key":"Kunai"},{"floor":10,"key":"Pantograph"}],"event_choices":[{"damage_healed":0,"gold_gain":0,"player_choice":"Lose Max HP","damage_taken":0,"relics_obtained":["Golden Idol"],"max_hp_gain":0,"max_hp_loss":8,"event_name":"Golden Idol","floor":12,"gold_loss":0},{"damage_healed":0,"gold_gain":0,"player_choice":"Searched \u00271\u0027 times","damage_taken":0,"relics_obtained":["PreservedInsect"],"max_hp_gain":0,"max_hp_loss":0,"event_name":"Dead Adventurer","floor":13,"gold_loss":0}],"is_beta":false,"boss_relics":[],"items_purged_floors":[],"is_endless":false,"potions_floor_spawned":[1,2,4,8],"killed_by":"The Guardian","ascension_level":20}}