{"host":"6qohxdms6n72zb21","time":1608025292,"event":{"mods":["2.2 Compatiblity","Act Like it!","Ascension Reborn","BaseMod","Better Synergies","Energized Spire","Hubris","Minty Spire (QoL Compilation)","Quick Restart","Replay The Spire","Spicy Shops","StSLib"],"gold_per_floor":[11,11,25,39,57,84,49,80,80,96,96,96,96,110,110,205,205,223,322,322,322,336,369,369,97,97,124,124,137,137,137,137],"floor_reached":31,"playtime":1132,"items_purged":[],"score":325,"play_id":"3fc70e5d-bd45-47eb-9d66-94de607aa3f2","local_time":"20201215044132","is_ascension_mode":true,"campfire_choices":[{"data":"Berserk","floor":13,"key":"SMITH"},{"floor":15,"key":"REST"},{"floor":24,"key":"REST"},{"floor":28,"key":"REST"}],"circlet_count":0,"master_deck":["Strike_R","Strike_R","Strike_R","Strike_R","Strike_R","Defend_R","Defend_R","Defend_R","Defend_R","Bash","Twin Strike+1","Replay:Undeath\u0027s Touch","Rage","Iron Wave","Berserk+1","Flex+1","Perfected Strike","Reaper","Blood for Blood","ReplayTheSpireMod:Limb From Limb","Combust","hubris:ReadiedAction+1","Combust","Armaments","Dropkick+1","Flame Barrier","ReplayTheSpireMod:LeadingStrike","Wild Strike+1"],"relics":["Burning Blood","Torii","hubris:DeckOfHolding","Omamori","Gremlin Horn","hubris:Stopwatch","hubris:ToyBattleship","Mercury Hourglass","hubris:TinFlute","Orrery","WingedGreaves","Counterbalance"],"acts_visited":["Exordium","TheCity"],"potions_floor_usage":[6,16,31,31],"damage_taken":[{"damage":1,"enemies":"Cultist","floor":1,"turns":3},{"damage":14,"enemies":"Jaw Worm","floor":3,"turns":3},{"damage":8,"enemies":"2 Louse","floor":4,"turns":3},{"damage":11,"enemies":"Looter","floor":5,"turns":3},{"damage":31,"enemies":"Gremlin Nob","floor":6,"turns":4},{"damage":29,"enemies":"Lagavulin","floor":8,"turns":6},{"damage":19,"enemies":"3 Louse","floor":10,"turns":4},{"damage":0,"enemies":"Blue Slaver","floor":14,"turns":3},{"damage":39,"enemies":"The Guardian","floor":16,"turns":9},{"damage":29,"enemies":"2 Thieves","floor":18,"turns":3},{"damage":7,"enemies":"Chosen","floor":22,"turns":4},{"damage":58,"enemies":"Gremlin Leader","floor":23,"turns":5},{"damage":43,"enemies":"Slavers","floor":27,"turns":5},{"damage":26,"enemies":"Snecko","floor":29,"turns":5},{"damage":36,"enemies":"Sentry and Sphere","floor":31,"turns":5}],"seed_played":"5255416399698753652","potions_obtained":[{"floor":1,"key":"ColorlessPotion"},{"floor":8,"key":"LifebloodPotion"},{"floor":16,"key":"ElixirPotion"},{"floor":23,"key":"Elixir"},{"floor":27,"key":"Ancient Potion"},{"floor":29,"key":"PowerPotion"}],"is_trial":false,"path_per_floor":["M","?","M","M","M","E","?","E","T","M","?","?","R","M","R","B",null,"M","?","?","T","M","E","R","$","T","E","R","M","?","M"],"character_chosen":"IRONCLAD","items_purchased":["hubris:TinFlute","Orrery"],"campfire_rested":3,"item_purchase_floors":[25,25],"current_hp_per_floor":[80,80,72,70,65,40,60,37,37,24,44,44,44,50,74,41,80,57,57,57,57,62,22,46,46,46,23,47,27,27,0,0],"gold":137,"neow_bonus":"ONE_RARE_RELIC","is_daily":false,"chose_seed":false,"campfire_upgraded":1,"win_rate":0.0,"timestamp":1608025292,"path_taken":["M","?","?","M","M","E","?","E","T","M","?","?","R","M","R","BOSS","M","?","?","?","M","E","R","$","T","E","R","?","?","?"],"items_purchased_type":["Relic","Relic"],"build_version":"2020-12-13","purchased_purges":0,"victory":false,"max_hp_per_floor":[80,80,80,80,80,80,80,80,80,80,80,80,80,80,80,80,80,80,80,80,80,80,80,80,80,80,80,80,80,80,80,80],"card_choices":[{"not_picked":["Combust","Run Through"],"picked":"Twin Strike","floor":1},{"not_picked":["Sever Soul","Body Slam"],"picked":"Replay:Undeath\u0027s Touch","floor":3},{"not_picked":["Wild Strike","Havoc"],"picked":"Rage","floor":4},{"not_picked":["Replay:Undeath\u0027s Touch","Headbutt"],"picked":"Reckless Charge","floor":5},{"not_picked":["Body Slam","Sever Soul"],"picked":"Iron Wave","floor":6},{"not_picked":["Havoc","Armaments"],"picked":"Berserk","floor":8},{"not_picked":["Headbutt","ReplayTheSpireMod:Strike From Hell"],"picked":"Flex","floor":10},{"not_picked":["Hemokinesis","Combust"],"picked":"Perfected Strike","floor":14},{"not_picked":["Brutality","Replay:Many Hands"],"picked":"Reaper","floor":16},{"not_picked":["hubris:SharpeningStone","Abandon"],"picked":"Blood for Blood","floor":18},{"not_picked":["Havoc","True Grit"],"picked":"ReplayTheSpireMod:Limb From Limb","floor":22},{"not_picked":["Replay:Undeath\u0027s Touch","Abandon"],"picked":"Combust","floor":23},{"not_picked":["Replay:Many Hands","Searing Blow"],"picked":"hubris:ReadiedAction+1","floor":25},{"not_picked":["hubris:ReadiedAction","Hemokinesis"],"picked":"Combust","floor":25},{"not_picked":["Intimidate+1","Burning Pact"],"picked":"Armaments","floor":25},{"not_picked":["ReplayTheSpireMod:Limb From Limb","Wild Strike"],"picked":"Dropkick+1","floor":25},{"not_picked":["Sword Boomerang+1","Pommel Strike+1"],"picked":"Flame Barrier","floor":25},{"not_picked":["Sever Soul","Dark Embrace+1"],"picked":"ReplayTheSpireMod:LeadingStrike","floor":27},{"not_picked":["ReplayTheSpireMod:Limb From Limb","ReplayTheSpireMod:Strike From Hell"],"picked":"Wild Strike+1","floor":29}],"player_experience":156933,"relics_obtained":[{"floor":6,"key":"hubris:DeckOfHolding"},{"floor":8,"key":"Omamori"},{"floor":9,"key":"Gremlin Horn"},{"floor":21,"key":"hubris:ToyBattleship"},{"floor":23,"key":"Mercury Hourglass"},{"floor":26,"key":"WingedGreaves"},{"floor":27,"key":"Counterbalance"}],"event_choices":[{"damage_healed":0,"gold_gain":0,"player_choice":"Upgraded","damage_taken":0,"max_hp_gain":0,"max_hp_loss":0,"event_name":"Upgrade Shrine","floor":2,"gold_loss":0,"cards_upgraded":["Twin Strike"]},{"damage_healed":20,"gold_gain":0,"player_choice":"Healed","damage_taken":0,"max_hp_gain":0,"max_hp_loss":0,"event_name":"The Cleric","floor":7,"gold_loss":35},{"damage_healed":20,"gold_gain":0,"player_choice":"Healed and dodged fight","damage_taken":0,"max_hp_gain":0,"max_hp_loss":0,"event_name":"Mushrooms","floor":11,"gold_loss":0,"cards_obtained":["Parasite"]},{"damage_healed":0,"gold_gain":0,"player_choice":"Grow","damage_taken":0,"max_hp_gain":0,"max_hp_loss":0,"event_name":"Living Wall","floor":12,"gold_loss":0,"cards_upgraded":["Flex"]},{"damage_healed":0,"gold_gain":99,"player_choice":"Stole From Cult","damage_taken":0,"max_hp_gain":0,"max_hp_loss":0,"event_name":"Nest","floor":19,"gold_loss":0},{"damage_healed":0,"gold_gain":0,"player_choice":"Ignored","damage_taken":0,"max_hp_gain":0,"max_hp_loss":0,"event_name":"Ghosts","floor":20,"gold_loss":0},{"cards_removed":["Reckless Charge"],"damage_healed":0,"gold_gain":0,"player_choice":"Purged","damage_taken":0,"max_hp_gain":0,"max_hp_loss":0,"event_name":"Purifier","floor":30,"gold_loss":0}],"is_beta":false,"boss_relics":[{"not_picked":["Runic Pyramid","Runic Cube"],"picked":"hubris:Stopwatch"}],"items_purged_floors":[],"is_endless":false,"potions_floor_spawned":[1,8,16,23,27,29],"killed_by":"Sentry and Sphere","ascension_level":3}}