{"host":"y56d1fjpgcjsodvy","time":1608016155,"event":{"mods":["BaseMod","Colored Powertips","GifTheSpireLib","Highlight Path","Minty Spire (QoL Compilation)","StSLib","SuperFastMode","everything is the same but u backflip on backflip"],"gold_per_floor":[110,130,205,217,231,231,63,74,120,120,132,132,57,73,73,144,144,154,154,127,38,38,38],"floor_reached":22,"playtime":562,"items_purged":["Strike_R"],"score":381,"play_id":"9282a4da-6d49-4e09-afb3-21ec3c1259bd","local_time":"20201215160915","is_ascension_mode":true,"campfire_choices":[{"data":"Feed","floor":6,"key":"SMITH"},{"floor":12,"key":"REST"},{"data":"Disarm","floor":15,"key":"SMITH"}],"circlet_count":0,"master_deck":["AscendersBane","Strike_R","Strike_R","Strike_R","Strike_R","Defend_R","Defend_R","Defend_R+1","Defend_R+1","Bash","Feed+1","Power Through","Cleave","Disarm+1","Carnage","Fiend Fire","Fire Breathing","Fiend Fire","RitualDagger","Shockwave"],"relics":["Burning Blood","War Paint","Sozu"],"acts_visited":["Exordium","TheCity"],"potions_floor_usage":[11,16,16],"damage_taken":[{"damage":13,"enemies":"Cultist","floor":1,"turns":5},{"damage":2,"enemies":"2 Louse","floor":2,"turns":4},{"damage":23,"enemies":"Small Slimes","floor":4,"turns":5},{"damage":25,"enemies":"Gremlin Gang","floor":5,"turns":6},{"damage":12,"enemies":"Exordium Thugs","floor":8,"turns":6},{"damage":14,"enemies":"Blue Slaver","floor":11,"turns":9},{"damage":2,"enemies":"Exordium Wildlife","floor":14,"turns":4},{"damage":44,"enemies":"The Guardian","floor":16,"turns":16},{"damage":49,"enemies":"Spheric Guardian","floor":18,"turns":7},{"damage":17,"enemies":"2 Thieves","floor":20,"turns":4},{"damage":30,"enemies":"3 Cultists","floor":22,"turns":3}],"seed_played":"6939950978169049778","potions_obtained":[{"floor":1,"key":"Dexterity Potion"},{"floor":5,"key":"SkillPotion"},{"floor":11,"key":"Strength Potion"}],"is_trial":false,"path_per_floor":["M","M","?","M","M","R","$","M","T","?","M","R","$","M","R","B",null,"M","?","M","$","M"],"character_chosen":"IRONCLAD","items_purchased":["Disarm","Carnage","Shockwave"],"campfire_rested":1,"item_purchase_floors":[7,7,21],"current_hp_per_floor":[64,71,60,46,30,30,30,28,28,28,24,52,52,60,60,22,80,41,35,24,24,0,0],"gold":38,"neow_bonus":"ONE_RANDOM_RARE_CARD","is_daily":false,"chose_seed":false,"campfire_upgraded":2,"win_rate":0.0,"timestamp":1608016155,"path_taken":["M","?","?","M","M","R","$","M","T","?","M","R","$","M","R","BOSS","M","?","M","$","M"],"items_purchased_type":["Card","Card","Card"],"build_version":"2020-12-13","purchased_purges":1,"victory":false,"max_hp_per_floor":[78,81,81,84,87,87,87,91,91,91,95,95,95,99,99,99,99,103,103,103,103,103,103],"card_choices":[{"not_picked":["Clothesline","Headbutt","Flex"],"picked":"SKIP","floor":1},{"not_picked":["Clash","Thunderclap","Flex"],"picked":"SKIP","floor":2},{"not_picked":["Warcry","Power Through","Rage"],"picked":"SKIP","floor":4},{"not_picked":["Warcry","Rage"],"picked":"Power Through","floor":4},{"not_picked":["Rage","True Grit"],"picked":"Cleave","floor":5},{"not_picked":["Combust","Ghostly Armor"],"picked":"Fiend Fire","floor":8},{"not_picked":["Rampage","Power Through","Combust"],"picked":"SKIP","floor":11},{"not_picked":["Sword Boomerang","Pommel Strike"],"picked":"Fire Breathing","floor":14},{"not_picked":["Bludgeon","Limit Break"],"picked":"Fiend Fire","floor":16},{"not_picked":["Heavy Blade","Sentinel+1","Rupture+1"],"picked":"SKIP","floor":18},{"not_picked":["Dual Wield","Iron Wave","Body Slam"],"picked":"SKIP","floor":20}],"player_experience":1166849,"relics_obtained":[{"floor":9,"key":"War Paint"}],"event_choices":[{"damage_healed":0,"gold_gain":75,"player_choice":"Gather Gold","damage_taken":11,"max_hp_gain":0,"max_hp_loss":0,"event_name":"World of Goop","floor":3,"gold_loss":0},{"damage_healed":0,"gold_gain":0,"player_choice":"Ignored","damage_taken":0,"max_hp_gain":0,"max_hp_loss":0,"event_name":"Liars Game","floor":10,"gold_loss":0},{"damage_healed":0,"gold_gain":0,"player_choice":"Joined the Cult","damage_taken":6,"max_hp_gain":0,"max_hp_loss":0,"event_name":"Nest","floor":19,"gold_loss":0,"cards_obtained":["RitualDagger"]}],"is_beta":false,"boss_relics":[{"not_picked":["Busted Crown","Black Blood"],"picked":"Sozu"}],"items_purged_floors":[13],"is_endless":false,"potions_floor_spawned":[1,5,11],"killed_by":"3 Cultists","ascension_level":20}}