{"host":"m3rs92yjkwi06hli","time":1608061784,"event":{"mods":["Act Like it!","Aspiration","BaseMod","Colored Map","Conspire","Defuse TimeMaze Blight","Energized Spire","Hubris","Infinite Spire","Minty Spire (QoL Compilation)","Relic Stats","Replay The Spire","Spicy Shops","StSLib","The Necromancer"],"gold_per_floor":[209,223,223,248,348,348,379,379,379,393,409,409,440,459,459,582,582,595,595,595,595],"floor_reached":20,"playtime":612,"items_purged":[],"score":212,"play_id":"eed3d1a9-d377-4152-b5e5-51585ca86601","local_time":"20201215134944","is_ascension_mode":true,"campfire_choices":[{"data":"Negative_Energy_Arrows","floor":6,"key":"SMITH"},{"floor":12,"key":"REST"},{"data":"Summon_Undead_Army","floor":15,"key":"SMITH"}],"circlet_count":0,"master_deck":["Strike_W","Strike_W","Strike_W","Strike_W","Defend_W","Defend_W","Defend_W","Defend_W","Negative_Energy_Arrows+1","Bone_Wall","Chill_Blood","Negative_Energy_Burst","Finger_Of_Death","Negative_Energy_Shield","Chill_Blood","Chill_Blood","Hellfire","Summon_Undead_Army+1","Grasp_Heart","Bone_Bullets+1","Negative_Energy_Shield"],"relics":["Vampire_Amulet","conspire:SlowCooker","Replay:Wanted Poster","Golden Idol","infinitespire:Lucky Rock","Pen Nib","conspire:GlowingRock","Ring of Chaos","PrismaticShard"],"acts_visited":["Exordium","TheCity"],"potions_floor_usage":[11,16],"damage_taken":[{"damage":0,"enemies":"Small Slimes","floor":1,"turns":6},{"damage":23,"enemies":"infinitespire:Voidling","floor":2,"turns":5},{"damage":8,"enemies":"conspire:RoseBush","floor":4,"turns":4},{"damage":33,"enemies":"Gremlin Nob","floor":7,"turns":5},{"damage":12,"enemies":"Looter","floor":10,"turns":3},{"damage":2,"enemies":"3 Louse","floor":11,"turns":2},{"damage":9,"enemies":"Lagavulin","floor":13,"turns":5},{"damage":9,"enemies":"Red Slaver","floor":14,"turns":4},{"damage":12,"enemies":"Slime Boss","floor":16,"turns":7},{"damage":8,"enemies":"Chosen","floor":18,"turns":5},{"damage":15,"enemies":"Shell Parasite","floor":20,"turns":4}],"seed_played":"834757265997323304","potions_obtained":[{"floor":2,"key":"DistilledChaos"},{"floor":10,"key":"Block Potion"},{"floor":14,"key":"FearPotion"}],"is_trial":false,"path_per_floor":["M","M","?","M","?","R","E","$","T","M","M","R","E","M","R","B",null,"M","?","M"],"character_chosen":"NECROMANCER","items_purchased":[],"campfire_rested":1,"item_purchase_floors":[],"current_hp_per_floor":[75,71,53,47,47,47,16,16,16,6,10,32,25,18,18,12,75,69,61,46,46],"gold":595,"neow_bonus":"DOUBLE_BOSS_RELIC","is_daily":false,"chose_seed":false,"campfire_upgraded":2,"win_rate":0.0,"timestamp":1608061784,"path_taken":["M","M","?","M","?","R","E","$","T","?","M","R","E","M","R","BOSS","M","?","M"],"items_purchased_type":[],"build_version":"2020-12-13","purchased_purges":0,"victory":false,"max_hp_per_floor":[75,75,75,75,75,75,75,75,75,75,75,75,75,75,75,75,75,75,75,75,75],"relic_stats":{"counters":[11,50],"Golden Idol":55,"Pen Nib":[3],"obtain_stats":[{"Replay:Wanted Poster":0,"conspire:GlowingRock":13,"Golden Idol":3,"Vampire_Amulet":0,"conspire:SlowCooker":0,"Pen Nib":9,"Ring of Chaos":17,"infinitespire:Lucky Rock":7,"PrismaticShard":19},{"Replay:Wanted Poster":0,"conspire:GlowingRock":7,"Golden Idol":2,"Vampire_Amulet":0,"conspire:SlowCooker":0,"Pen Nib":4,"Ring of Chaos":9,"infinitespire:Lucky Rock":4,"PrismaticShard":10},{"Replay:Wanted Poster":0,"conspire:GlowingRock":30,"Golden Idol":11,"Vampire_Amulet":0,"conspire:SlowCooker":0,"Pen Nib":20,"Ring of Chaos":41,"infinitespire:Lucky Rock":20,"PrismaticShard":46}]},"card_choices":[{"not_picked":["Bones_to_Steel","Exploit"],"picked":"Chill_Blood","floor":1},{"not_picked":["Life_Tap","Blood_Whip"],"picked":"Negative_Energy_Burst","floor":2},{"not_picked":["Uncharnel","Vampiric_Strike"],"picked":"Finger_Of_Death","floor":4},{"not_picked":["Bone_Bullets","Shackles_Of_Pain"],"picked":"Negative_Energy_Shield","floor":7},{"not_picked":["Pandemic","Blood_Whip"],"picked":"Chill_Blood","floor":10},{"not_picked":["Consume_Illness","Bone_Spikes"],"picked":"Chill_Blood","floor":11},{"not_picked":["Bone_Shift","Epidemic"],"picked":"Hellfire","floor":13},{"not_picked":["Scare","Toxic_Smoke_Screen"],"picked":"Summon_Undead_Army","floor":14},{"not_picked":["Detonate_Bones","Hellfire"],"picked":"Grasp_Heart","floor":16},{"not_picked":["Deaths_Shadow","Bone_Armor"],"picked":"Bone_Bullets+1","floor":18},{"not_picked":["Blood_Is_Power","Pandemic"],"picked":"Negative_Energy_Shield","floor":19}],"player_experience":746681,"relics_obtained":[{"floor":7,"key":"infinitespire:Lucky Rock"},{"floor":9,"key":"Pen Nib"},{"floor":13,"key":"conspire:GlowingRock"},{"floor":19,"key":"PrismaticShard"}],"event_choices":[{"damage_healed":0,"gold_gain":0,"player_choice":"Take Damage","damage_taken":18,"relics_obtained":["Golden Idol"],"max_hp_gain":0,"max_hp_loss":0,"event_name":"Golden Idol","floor":3,"gold_loss":0},{"damage_healed":0,"gold_gain":100,"player_choice":"Gold","damage_taken":0,"max_hp_gain":0,"max_hp_loss":0,"event_name":"Wheel of Change","floor":5,"gold_loss":0}],"is_beta":false,"boss_relics":[{"not_picked":["conspire:RoyalGoblet","aspiration:RitualDagger"],"picked":"Ring of Chaos"}],"items_purged_floors":[],"is_endless":true,"potions_floor_spawned":[2,10,14],"killed_by":"Shell Parasite","ascension_level":3}}