{"host":"mnbcmacrd1psrd1k","time":1608011756,"event":{"mods":["2.2 Compatiblity","AchievementEnabler","Act Like it!","AlwaysNeverKeys","Aspiration","BaseMod","Better Note","CapriCore","Colored Map","Colored Powertips","Conspire","Elementarium","Energized Spire","Friendly Minions","GifTheSpireLib","Googly Eyes","GungeonMod","Halation","Hallownest","Highlight Path","Infinite Spire","Marked Mod","Menagerie","Minty Spire (QoL Compilation)","Permanent Neow","Quarter Circle Forward PUNCH!","Quick Restart","RRrroohrrRGHHhhh!!","Rare Cards Sparkle","Relic Sorter","Replay The Spire","Robot Space Explorer","Shop Mod","Small Relic Pack","Spikes Relics","Spire Birthday Party","StSLib","Stuff the Spire","SuperFastMode","The Dragon Tamer","TheVelvet","Trackpad","Treasure Hunter","Unceasing Turn Reminder","Wandering Minibosses","noobMod","slay the spire mod where everything is the same but ironclad has a cowboy hat","vexMod"],"gold_per_floor":[109,47,66,83,100,217,235,369,396,535,112,112,226,93,93,197,197,207,207,138,150,150,150,258,276,276,276,290,309,321,337,366,366,366,496,496,515,515,567,567,579,579,686,704,745,856,309,326,457,481,481,591,591,591,181,324,324],"floor_reached":58,"playtime":4964,"items_purged":[],"score":1417,"play_id":"e35ce370-3538-4d0e-b8de-b9ce2f7633a7","local_time":"20201214235556","is_ascension_mode":true,"campfire_choices":[{"data":"DemoMod:Polaris","floor":15.0,"key":"SMITH"},{"data":"DemoMod:HungryBullets","floor":23.0,"key":"SMITH"},{"data":"DemoMod:ChanceBullets","floor":27.0,"key":"SMITH"},{"data":"DemoMod:PotionOfGunFriendShip","floor":33.0,"key":"SMITH"},{"data":"DemoMod:Casey","floor":42.0,"key":"SMITH"},{"data":"DemoMod:ShadowBullets","floor":54,"key":"SMITH"}],"circlet_count":0,"master_deck":["DemoMod:Strike_Huntress","DemoMod:Strike_Huntress","DemoMod:Strike_Huntress+1","DemoMod:Defend_Huntress","DemoMod:Defend_Huntress","DemoMod:Defend_Huntress","DemoMod:Defend_Huntress","DemoMod:Roll","DemoMod:ManualReload","DemoMod:RustySidearm","DemoMod:CrossBow","DemoMod:Unity","DemoMod:HuntsMan","DemoMod:Polaris+1","DemoMod:HardPowerCard","DemoMod:ChanceBullets+1","DemoMod:HungryBullets+1","DemoMod:AC15","DemoMod:BalloonGun","DemoMod:Camera+1","DemoMod:DirectionalPad","DemoMod:ShadowBullets+1","DemoMod:TeaPot","DemoMod:Evolver","DemoMod:HuntsMan+1","DemoMod:BlankBullets","DemoMod:BattleInHaste","DemoMod:Unity","DemoMod:BattleInHaste+1","DemoMod:Unity","DemoMod:ZorGun","DemoMod:TripleGun+1","DemoMod:Eureka","DemoMod:JK47+1","DemoMod:MegaHand+1","DemoMod:PotionOfGunFriendShip+1","DemoMod:Elimentaler","DemoMod:BlackHoleGun","DemoMod:SpreadAmmo+1","DemoMod:StickyCrossBow","Hallownest:curseDreamersLament","DemoMod:ChanceBullets+1","DemoMod:Casey+1","DemoMod:HuntsMan+1","DemoMod:Unity","DemoMod:ShadowBullets+1","DemoMod:HighKaliber","DemoMod:BalloonGun","Panache","DemoMod:SAA+1","DemoMod:HighKaliber","DemoMod:TeaPot","DemoMod:DoubleVision","DemoMod:GunslingerForm","DemoMod:Casey","DemoMod:AC15+1","DemoMod:EasyReloadBullets+1"],"relics":["DemoMod:Dog","ice","DemoMod:ResourcefulSack","rorgmod:Ceramic Fish","conspire:TopHat","Bottled Tornado","aspiration:HiddenCompartment","Replay:Bottled Steam","trackpad:Mousetrap","conspire:BottledYoYo","infinitespire:Cupcake","StuffTheSpire:EmeraldSignet","wanderingMiniBosses:AbyssPearl","DemoMod:RatBoots","DemoMod:PartiallyEatenCheese","SlaversCollar","Hallownest:BeastSealRelic","halation:EternalFortune","trackpad:IceCube","aspiration:FetidBarrel","qcfpunch:Broken_Tusk","rorgmod:The Boot","Replay:Baseball","halation:AfternoonTea","qcfpunch:Red_Headband"],"acts_visited":["Exordium","Hallownest:Greenpath","Hallownest:CityofTears","DemoMod:Maze","TheEnding"],"potions_floor_usage":[52,52,52,57,57,57],"damage_taken":[{"damage":3.0,"enemies":"2_ Uuma","floor":1.0,"turns":5.0},{"damage":0.0,"enemies":"Hallownest:monsterHuskGuard","floor":3.0,"turns":4.0},{"damage":1.0,"enemies":"Hallownest:2_MossCreeps","floor":4.0,"turns":4.0},{"damage":36.0,"enemies":"Hallownest:monsterFoolEater","floor":5.0,"turns":7.0},{"damage":2.0,"enemies":"Hallownest:eliteCrystalGuardian","floor":6.0,"turns":6.0},{"damage":0.0,"enemies":"Hallownest:monsterMossCharger","floor":7.0,"turns":2.0},{"damage":0.0,"enemies":"Hallownest:eliteVengeflyKing","floor":8.0,"turns":6.0},{"damage":5.0,"enemies":"Hallownest:eliteMossKnight","floor":10.0,"turns":4.0},{"damage":0.0,"enemies":"Hallownest:eliteCrystalGuardian","floor":13.0,"turns":3.0},{"damage":0.0,"enemies":"Hallownest:BossBrokenVessel","floor":16.0,"turns":6.0},{"damage":5.0,"enemies":"Hallownest:Guard_and_Sentry","floor":18.0,"turns":2.0},{"damage":3.0,"enemies":"Hallownest:2_Mistakes","floor":21.0,"turns":5.0},{"damage":13.0,"enemies":"Hallownest:eliteSoulWarrior","floor":24.0,"turns":5.0},{"damage":0.0,"enemies":"Hallownest:Master_and_Novice","floor":25.0,"turns":3.0},{"damage":0.0,"enemies":"DemoMod:2_Veteran_bullet_kins_and_red_shotgun_kin","floor":28.0,"turns":2.0},{"damage":35.0,"enemies":"DemoMod:Veteran_shot_gun_kin_and_red_shotgun_kin","floor":29.0,"turns":6.0},{"damage":21.0,"enemies":"DemoMod:Veteran_shot_gun_kin_and_red_shotgun_kin_with_gunsinger","floor":30.0,"turns":3.0},{"damage":16.0,"enemies":"DemoMod:Veteran_shot_gun_kin_and_blue_shotgun_kin","floor":31.0,"turns":2.0},{"damage":17.0,"enemies":"DemoMod:Veteran_shot_gun_kin_and_blue_shotgun_kin_with_gunsinger","floor":32.0,"turns":3.0},{"damage":19.0,"enemies":"DemoMod:ResourcefulRat","floor":35.0,"turns":12.0},{"damage":0.0,"enemies":"Hallownest:Shield_Heavy","floor":37.0,"turns":2.0},{"damage":2.0,"enemies":"Hallownest:3_Siblings","floor":39.0,"turns":2.0},{"damage":1.0,"enemies":"Hallownest:2_Wandering_and_1_Horned","floor":41.0,"turns":3.0},{"damage":1.0,"enemies":"Hallownest:StalkingDevout","floor":43.0,"turns":2.0},{"damage":0.0,"enemies":"Hallownest:monsterPrimalAspid","floor":44.0,"turns":1.0},{"damage":1.0,"enemies":"Hallownest:2_Soldiers_and_1_Guardian","floor":45.0,"turns":3.0},{"damage":26,"enemies":"Hallownest:eliteCollector","floor":46,"turns":9},{"damage":12,"enemies":"Hallownest:2_Soldiers_and_1_Guardian","floor":48,"turns":3},{"damage":1,"enemies":"Hallownest:eliteHiveKnight","floor":49,"turns":3},{"damage":3,"enemies":"Hallownest:Xero_Hu_Marmu","floor":50,"turns":3},{"damage":45,"enemies":"Hallownest:Radiance","floor":52,"turns":8},{"damage":61,"enemies":"Shield and Spear","floor":56,"turns":7},{"damage":21,"enemies":"The Heart","floor":57,"turns":6}],"seed_played":"1633662331724612824","potions_obtained":[{"floor":5.0,"key":"DemoMod:BlankPotion"},{"floor":5.0,"key":"DemoMod:LeadSkinPotion"},{"floor":6.0,"key":"Dexterity Potion"},{"floor":7.0,"key":"Energy Potion"},{"floor":8.0,"key":"Block Potion"},{"floor":10.0,"key":"SteroidPotion"},{"floor":13.0,"key":"BlessingOfTheForge"},{"floor":30.0,"key":"PowerPotion"},{"floor":35.0,"key":"Weak Potion"},{"floor":37.0,"key":"AttackPotion"},{"floor":44.0,"key":"Ancient Potion"}],"is_trial":false,"path_per_floor":["M","?","M","M","M","E","M","E","T","?","$","?","E","$","R","B",null,"M","?","$","M","?","R","E","M","T","R","M","M","M","M","M","R","B","B",null,"M","?","M","?","M","R","E","M","T","E","$","M","E","M","R_BF","B",null,"R","$","E","B",null],"character_chosen":"HUNTRESS","items_purchased":["DemoMod:GnawedKey","DemoMod:Camera","DemoMod:DirectionalPad","DemoMod:ShadowBullets","trackpad:Mousetrap","DemoMod:Evolver","DemoMod:HuntsMan","DemoMod:Unity","rorgmod:The Boot","DemoMod:HighKaliber","DemoMod:BalloonGun","Panache","halation:AfternoonTea","DemoMod:Casey","DemoMod:AC15+1","PowerPotion","Venom Potion","BlessingOfTheForge"],"campfire_rested":0,"item_purchase_floors":[11,11,11,11,11,14,14,20,47,47,47,47,55,55,55,55,55,55],"current_hp_per_floor":[67,67,67,66,30,70,70,70,70,65,65,65,65,65,65,65,85,80,80,80,77,85,85,72,72,94,94,94,59,38,22,5,5,140,121,166,166,166,166,169,168,168,167,167,166,140,140,128,127,124,174,132,177,177,177,116,97],"gold":324,"neow_bonus":"RANDOM_COMMON_RELIC","is_daily":false,"chose_seed":false,"campfire_upgraded":6,"win_rate":0.0,"timestamp":1608011756,"path_taken":["M","?","M","M","M","E","M","E","T","?","$","?","E","?","R","BOSS","M","?","$","?","?","R","E","M","T","R","M","M","M","M","M","R","BOSS","BOSS","M","?","?","?","?","R","E","M","T","E","$","M","E","M","R_BF","BOSS","R","$","E","BOSS"],"items_purchased_type":["Relic","Card","Card","Card","Relic","Card","Card","Card","Relic","Card","Card","Card","Relic","Card","Card","Potion","Potion","Potion"],"build_version":"2020-12-13","purchased_purges":0,"victory":true,"max_hp_per_floor":[70,70,70,70,70,70,70,74,74,78,78,78,79,79,79,85,85,86,86,86,89,89,89,91,94,94,94,100,113,120,127,134,134,140,166,166,167,167,168,171,172,172,172,172,174,174,174,174,174,174,174,177,177,177,177,177,177],"card_choices":[{"not_picked":["DemoMod:SAA","DemoMod:Polaris"],"picked":"DemoMod:Unity","floor":1.0},{"not_picked":["DemoMod:FastSwitch","DemoMod:Replace"],"picked":"DemoMod:HuntsMan","floor":3.0},{"not_picked":["DemoMod:RadGun","DemoMod:StrategicReserve"],"picked":"DemoMod:Polaris","floor":4.0},{"not_picked":["DemoMod:GunstockTap","DemoMod:Ejector"],"picked":"DemoMod:HardPowerCard","floor":5.0},{"not_picked":["DemoMod:HardPowerCard","DemoMod:Evolver"],"picked":"DemoMod:ChanceBullets","floor":6.0},{"not_picked":["TH:Mimic","TH:TreasureMap"],"picked":"SKIP","floor":6.0},{"not_picked":["DemoMod:MachoBrace","DemoMod:JK47"],"picked":"DemoMod:HungryBullets","floor":7.0},{"not_picked":["DemoMod:Ejector","DemoMod:HardPowerCard"],"picked":"DemoMod:AC15","floor":8.0},{"not_picked":["TH:EnergyPotion","TH:ArmorSpikes"],"picked":"SKIP","floor":8.0},{"not_picked":["TH:ElvenBoots","TH:ArmorSpikes"],"picked":"SKIP","floor":9.0},{"not_picked":["DemoMod:AC15","DemoMod:Behold!"],"picked":"DemoMod:BalloonGun","floor":10.0},{"not_picked":["TH:PixieDust","TH:CursedSword"],"picked":"SKIP","floor":10.0},{"not_picked":["DemoMod:HungryBullets","DemoMod:PotionOfGunFriendShip"],"picked":"DemoMod:TeaPot","floor":13.0},{"not_picked":["TH:ElvenBoots","TH:PixieDust"],"picked":"SKIP","floor":13.0},{"not_picked":["DemoMod:DoubleVision","DemoMod:DarkMarker"],"picked":"DemoMod:BlankBullets","floor":16.0},{"not_picked":["DemoMod:DirectionalPad","DemoMod:ProbeStrike+1"],"picked":"DemoMod:BattleInHaste","floor":18.0},{"not_picked":["DemoMod:AC15","DemoMod:PracticeMakesPerfect"],"picked":"DemoMod:BattleInHaste+1","floor":21.0},{"not_picked":["DemoMod:Replace+1","DemoMod:Unmoved"],"picked":"DemoMod:Unity","floor":24.0},{"not_picked":["TH:Mimic","TH:CopperCoins"],"picked":"SKIP","floor":24.0},{"not_picked":["DemoMod:FastSwitch","DemoMod:AC15+1"],"picked":"DemoMod:ZorGun","floor":25.0},{"not_picked":["DemoMod:DoubleSwitch","DemoMod:ConditionalReflex"],"picked":"DemoMod:TripleGun+1","floor":28.0},{"not_picked":["DemoMod:StickyCrossBow+1","DemoMod:FortunesFavor+1"],"picked":"DemoMod:Eureka","floor":29.0},{"not_picked":["DemoMod:TableSutra","DemoMod:ConditionalReflex"],"picked":"DemoMod:JK47+1","floor":30.0},{"not_picked":["DemoMod:Ejector","DemoMod:Eureka"],"picked":"DemoMod:MegaHand+1","floor":31.0},{"not_picked":["DemoMod:FastSwitch","DemoMod:HuntsMan+1"],"picked":"DemoMod:PotionOfGunFriendShip","floor":32.0},{"not_picked":[],"picked":"DemoMod:Elimentaler","floor":35.0},{"not_picked":["DemoMod:BalloonGun","DemoMod:Eureka"],"picked":"DemoMod:BlackHoleGun","floor":35.0},{"not_picked":["DemoMod:MegaHand","DemoMod:Camera"],"picked":"DemoMod:SpreadAmmo+1","floor":36.0},{"not_picked":["DemoMod:Ejector+1","DemoMod:HardPowerCard+1"],"picked":"DemoMod:StickyCrossBow","floor":37.0},{"not_picked":["DemoMod:Unmoved","DemoMod:FeignSurrender+1"],"picked":"DemoMod:ChanceBullets+1","floor":39.0},{"not_picked":["DemoMod:TeaPot","DemoMod:BoxingGlove+1"],"picked":"DemoMod:Casey","floor":41.0},{"not_picked":["DemoMod:Camera","DemoMod:TripleGun"],"picked":"DemoMod:HuntsMan+1","floor":43.0},{"not_picked":["TH:TreasureMap","TH:DeckOfManyThings"],"picked":"SKIP","floor":43.0},{"not_picked":["DemoMod:PracticeMakesPerfect","DemoMod:EasyReloadBullets+1"],"picked":"DemoMod:Unity","floor":44.0},{"not_picked":["DemoMod:BoxingGlove","DemoMod:JK47+1"],"picked":"DemoMod:ShadowBullets+1","floor":45.0},{"not_picked":["TH:CursedSword","TH:CopperCoins"],"picked":"SKIP","floor":46},{"not_picked":["DemoMod:DoubleSwitch","DemoMod:BattleInHaste+1","DemoMod:SniperShot"],"picked":"SKIP","floor":46},{"not_picked":["DemoMod:StrategicReserve+1","DemoMod:TripleGun"],"picked":"DemoMod:SAA+1","floor":48},{"not_picked":["DemoMod:Polaris","DemoMod:Unmoved"],"picked":"DemoMod:HighKaliber","floor":49},{"not_picked":["DemoMod:TripleGun","DemoMod:Rummage+1"],"picked":"DemoMod:TeaPot","floor":49},{"not_picked":["TH:CopperCoins","TH:BikiniMail"],"picked":"SKIP","floor":49},{"not_picked":["DemoMod:FastSwitch","DemoMod:ConditionalReflex+1"],"picked":"DemoMod:DoubleVision","floor":50},{"not_picked":["DemoMod:DarkMarker","DemoMod:BalloonGun"],"picked":"DemoMod:GunslingerForm","floor":52},{"not_picked":["DemoMod:Replace+1","DemoMod:PotionOfGunFriendShip+1"],"picked":"DemoMod:EasyReloadBullets+1","floor":56},{"not_picked":["TH:CursedSword","TH:DeckOfManyThings"],"picked":"SKIP","floor":56}],"player_experience":521148,"relics_obtained":[{"floor":6.0,"key":"conspire:TopHat"},{"floor":8.0,"key":"Bottled Tornado"},{"floor":9.0,"key":"aspiration:HiddenCompartment"},{"floor":10.0,"key":"Replay:Bottled Steam"},{"floor":13.0,"key":"conspire:BottledYoYo"},{"floor":24.0,"key":"StuffTheSpire:EmeraldSignet"},{"floor":32.0,"key":"wanderingMiniBosses:AbyssPearl"},{"floor":36.0,"key":"DemoMod:RatBoots"},{"floor":36.0,"key":"DemoMod:ResourcefulSack"},{"floor":36.0,"key":"DemoMod:PartiallyEatenCheese"},{"floor":36.0,"key":"SlaversCollar"},{"floor":43.0,"key":"trackpad:IceCube"},{"floor":45.0,"key":"aspiration:FetidBarrel"},{"floor":46,"key":"qcfpunch:Broken_Tusk"},{"floor":49,"key":"Replay:Baseball"},{"floor":52,"key":"halation:EternalFortune"},{"floor":56,"key":"qcfpunch:Red_Headband"}],"event_choices":[],"is_beta":false,"boss_relics":[{"not_picked":["Ring of Chaos","rorgmod:Black Star"],"picked":"infinitespire:Cupcake"},{"not_picked":[]}],"items_purged_floors":[],"is_endless":false,"potions_floor_spawned":[5,5,6,7,8,10,13,21,24,30,35,37,44,46,50],"ascension_level":1}}