{"host":"jx3f6ezc0g3s9edc","time":1608001055,"event":{"mods":["AchievementEnabler","BaseMod","Bestiary","Colored Map","Highlight Path","Minty Spire (QoL Compilation)","StSLib"],"gold_per_floor":[109,59,79,79,97,97,123,141,166,166,196,121,121,133,133,237,237,249,284,115,125,125,158,158,176,176,176,96,116,116,116,116,212,212,223,223,239,94,105,139,139,139],"floor_reached":41,"playtime":2738,"items_purged":["Regret","Writhe"],"score":711,"play_id":"80fa60ec-31cd-47fe-90f6-1737a8a873d2","local_time":"20201214215735","is_ascension_mode":true,"campfire_choices":[{"data":"Neutralize","floor":6.0,"key":"SMITH"},{"data":"Predator","floor":10.0,"key":"SMITH"},{"floor":15.0,"key":"REST"},{"data":"Footwork","floor":24.0,"key":"SMITH"},{"floor":27.0,"key":"REST"},{"data":"After Image","floor":30.0,"key":"SMITH"},{"data":"Noxious Fumes","floor":32.0,"key":"SMITH"}],"circlet_count":0,"master_deck":["AscendersBane","Strike_G","Defend_G","Defend_G","Defend_G","Defend_G","Survivor","Neutralize+1","Dash","Catalyst","Poisoned Stab","Quick Slash","Predator+1","After Image+1","Corpse Explosion","Finisher+1","Doppelganger+1","Dagger Throw+1","Noxious Fumes+1","Poisoned Stab+1","Footwork+1","Dagger Spray","Backflip","Terror","PiercingWail","Malaise","Bane","Footwork+1","Catalyst+1","Blur"],"relics":["Cursed Key","Snake Skull","Bronze Scales","Anchor","Bottled Flame","Astrolabe","Red Mask","NlothsMask","Happy Flower","Matryoshka","SacredBark","DollysMirror","Centennial Puzzle"],"acts_visited":["Exordium","TheCity","TheBeyond"],"potions_floor_usage":[40],"damage_taken":[{"damage":0.0,"enemies":"Small Slimes","floor":1.0,"turns":5.0},{"damage":0.0,"enemies":"2 Louse","floor":3.0,"turns":2.0},{"damage":2.0,"enemies":"Jaw Worm","floor":5.0,"turns":5.0},{"damage":20.0,"enemies":"3 Sentries","floor":7.0,"turns":12.0},{"damage":0.0,"enemies":"Red Slaver","floor":8.0,"turns":3.0},{"damage":16.0,"enemies":"Gremlin Nob","floor":11.0,"turns":4.0},{"damage":0.0,"enemies":"Blue Slaver","floor":14.0,"turns":2.0},{"damage":9.0,"enemies":"Hexaghost","floor":16.0,"turns":10.0},{"damage":11.0,"enemies":"Spheric Guardian","floor":18.0,"turns":5.0},{"damage":8.0,"enemies":"Masked Bandits","floor":19.0,"turns":3.0},{"damage":0.0,"enemies":"Chosen","floor":21.0,"turns":3.0},{"damage":15.0,"enemies":"Gremlin Leader","floor":23.0,"turns":6.0},{"damage":2.0,"enemies":"Centurion and Healer","floor":25.0,"turns":3.0},{"damage":3.0,"enemies":"3 Cultists","floor":29.0,"turns":4.0},{"damage":40.0,"enemies":"Collector","floor":33.0,"turns":8.0},{"damage":9,"enemies":"3 Darklings","floor":35,"turns":3},{"damage":2,"enemies":"3 Shapes","floor":37,"turns":2},{"damage":17,"enemies":"3 Darklings","floor":39,"turns":4},{"damage":20,"enemies":"Giant Head","floor":40,"turns":8},{"damage":21,"enemies":"Maw","floor":41,"turns":4}],"seed_played":"-3320414689321865248","potions_obtained":[{"floor":3.0,"key":"GamblersBrew"},{"floor":5.0,"key":"SteroidPotion"},{"floor":7.0,"key":"LiquidBronze"},{"floor":14.0,"key":"Block Potion"},{"floor":21.0,"key":"DistilledChaos"},{"floor":25.0,"key":"Dexterity Potion"},{"floor":33.0,"key":"Explosive Potion"},{"floor":35,"key":"FearPotion"},{"floor":40,"key":"Dexterity Potion"}],"is_trial":false,"path_per_floor":["M","?","M","?","M","R","E","M","T","R","E","$","T","M","R","B",null,"M","?","$","M","?","E","R","M","T","R","$","M","R","?","R","B",null,"M","?","M","$","M","E","M"],"character_chosen":"THE_SILENT","items_purchased":["Footwork","Terror","DollysMirror"],"campfire_rested":2,"item_purchase_floors":[20,28,38],"current_hp_per_floor":[63,63,63,68,66,66,46,46,46,46,30,30,30,30,52,43,67,56,48,48,48,48,33,33,31,31,53,53,50,50,50,50,10,59,50,50,48,48,31,11,0,0],"gold":139,"neow_bonus":"BOSS_RELIC","is_daily":false,"chose_seed":false,"campfire_upgraded":5,"win_rate":0.0,"timestamp":1608001055,"path_taken":["M","?","M","?","M","R","E","M","T","R","E","$","?","M","R","BOSS","M","?","$","M","?","E","R","?","T","R","$","M","R","?","R","BOSS","M","?","M","$","M","E","?"],"items_purchased_type":["Card","Card","Relic"],"build_version":"2020-12-13","purchased_purges":2,"victory":false,"max_hp_per_floor":[70,70,70,75,75,75,75,75,75,75,75,75,75,75,75,75,75,75,75,75,75,75,75,75,75,75,75,75,75,75,75,75,75,75,75,75,75,75,75,75,75,75],"card_choices":[{"not_picked":["Quick Slash","Backflip"],"picked":"Dash","floor":1.0},{"not_picked":["Crippling Poison","Distraction"],"picked":"Catalyst","floor":3.0},{"not_picked":["Calculated Gamble","Outmaneuver"],"picked":"Poisoned Stab","floor":5.0},{"not_picked":["Tactician","Dodge and Roll"],"picked":"Quick Slash","floor":7.0},{"not_picked":["Skewer","Flying Knee"],"picked":"Predator","floor":8.0},{"not_picked":["Setup","PiercingWail","Concentrate"],"picked":"SKIP","floor":11.0},{"not_picked":["Reflex","Infinite Blades"],"picked":"After Image","floor":14.0},{"not_picked":["Wraith Form v2","Grand Finale"],"picked":"Corpse Explosion","floor":16.0},{"not_picked":["Heel Hook","Choke+1"],"picked":"Noxious Fumes","floor":18.0},{"not_picked":["Dodge and Roll","Heel Hook+1"],"picked":"Poisoned Stab+1","floor":19.0},{"not_picked":["Dodge and Roll","Quick Slash","Deflect"],"picked":"SKIP","floor":21.0},{"not_picked":["Accuracy","Flying Knee"],"picked":"Dagger Spray","floor":23.0},{"not_picked":["Acrobatics","Quick Slash"],"picked":"Backflip","floor":25.0},{"not_picked":["Cloak And Dagger+1","Endless Agony"],"picked":"PiercingWail","floor":29.0},{"not_picked":["After Image","Bullet Time"],"picked":"Malaise","floor":33.0},{"not_picked":["Accuracy","Backstab+1"],"picked":"Bane","floor":35},{"not_picked":["Slice+1","Predator+1","PiercingWail"],"picked":"SKIP","floor":37},{"not_picked":["Flechettes","Tactician"],"picked":"Catalyst+1","floor":39},{"not_picked":["Eviscerate","Expertise+1"],"picked":"Blur","floor":40}],"player_experience":674835,"relics_obtained":[{"floor":7.0,"key":"Snake Skull"},{"floor":9.0,"key":"Bronze Scales"},{"floor":11.0,"key":"Anchor"},{"floor":13.0,"key":"Bottled Flame"},{"floor":19.0,"key":"Red Mask"},{"floor":23.0,"key":"Happy Flower"},{"floor":40,"key":"Centennial Puzzle"}],"event_choices":[{"cards_removed":["Strike_G"],"damage_healed":0.0,"max_hp_gain":0.0,"max_hp_loss":0.0,"gold_gain":0.0,"event_name":"The Cleric","player_choice":"Card Removal","floor":2.0,"gold_loss":50.0,"damage_taken":0.0},{"damage_healed":0.0,"max_hp_gain":5.0,"max_hp_loss":0.0,"gold_gain":0.0,"event_name":"Big Fish","player_choice":"Donut","floor":4.0,"gold_loss":0.0,"damage_taken":0.0},{"damage_healed":0.0,"max_hp_gain":0.0,"max_hp_loss":0.0,"gold_gain":0.0,"event_name":"Masked Bandits","player_choice":"Fought Bandits","floor":19.0,"gold_loss":0.0,"damage_taken":0.0},{"damage_healed":0.0,"max_hp_gain":0.0,"max_hp_loss":0.0,"gold_gain":0.0,"event_name":"FaceTrader","player_choice":"Trade","floor":22.0,"gold_loss":0.0,"damage_taken":0.0,"relics_obtained":["NlothsMask"]},{"damage_healed":0.0,"max_hp_gain":0.0,"max_hp_loss":0.0,"gold_gain":0.0,"event_name":"The Mausoleum","player_choice":"Opened","floor":31.0,"gold_loss":0.0,"damage_taken":0.0,"relics_obtained":["Matryoshka"]},{"cards_removed":["Strike_G"],"damage_healed":0,"gold_gain":0,"player_choice":"Offered Basic","damage_taken":0,"max_hp_gain":0,"max_hp_loss":0,"event_name":"Bonfire Elementals","floor":36,"gold_loss":0}],"is_beta":false,"boss_relics":[{"not_picked":["Fusion Hammer","Ectoplasm"],"picked":"Astrolabe"},{"not_picked":["Coffee Dripper","WristBlade"],"picked":"SacredBark"}],"items_purged_floors":[12,20],"is_endless":false,"potions_floor_spawned":[3,5,7,14,21,25,33,35,40],"killed_by":"Maw","ascension_level":10}}