{"host":"l1ihaotq1cxp1b6b","time":1608043624,"event":{"mods":["AchievementEnabler","Arknights The Spire","BaseMod","Colored Map","Custom Start","DeckTracker","Minty Spire (QoL Compilation)","StSLib","SuperFastMode","everything is the same but u backflip on backflip"],"gold_per_floor":[118,43,43,55,72,100,100,20,43,55,67,85,85,113,113,215,215,234,253,253,268,268,268,281,191,215,245,245,245],"floor_reached":28,"playtime":738,"items_purged":["ats:Powerful Strike"],"score":250,"play_id":"509b844e-61e7-469e-bc85-cc62e0bcfd68","local_time":"20201215234704","is_ascension_mode":false,"campfire_choices":[{"floor":13.0,"key":"REST"},{"floor":15.0,"key":"REST"}],"circlet_count":0,"master_deck":["ats:Armor Crushing Shot","ats:Defend Up","ats:Defend Up","ats:Defend Up","ats:Defend Up","ats:Emotion Absorption+1","ats:Emotion Absorption","ats:Chain Hook","ats:Poison Spread","ats:Overload","ats:Wolf Pack","ats:Support Order","ats:Just Like an Apocalypse","ats:Very Hot Blade","ats:Assault Order","ats:Just Like an Apocalypse","ats:Disruption Kick","ats:Assault Order+1","ats:Very Hot Blade+1","ats:Attack Strengthen+1","ats:Shell Defense+1","ats:Just Like an Apocalypse+1","ats:Flexible Camouflage+1"],"relics":["ats:Sanity","ats:MaxSp2","Vajra","ats:Originium","Bronze Scales","Prayer Wheel","Runic Pyramid","ats:Originium","Oddly Smooth Stone","MealTicket"],"acts_visited":["Exordium","TheCity"],"potions_floor_usage":[24,27],"damage_taken":[{"damage":3.0,"enemies":"Cultist","floor":1.0,"turns":5.0},{"damage":3.0,"enemies":"Small Slimes","floor":4.0,"turns":3.0},{"damage":1.0,"enemies":"Jaw Worm","floor":5.0,"turns":3.0},{"damage":24.0,"enemies":"3 Sentries","floor":6.0,"turns":9.0},{"damage":5.0,"enemies":"Looter","floor":10.0,"turns":2.0},{"damage":3.0,"enemies":"Lots of Slimes","floor":11.0,"turns":3.0},{"damage":12.0,"enemies":"3 Louse","floor":12.0,"turns":2.0},{"damage":42.0,"enemies":"Lagavulin","floor":14.0,"turns":8.0},{"damage":31.0,"enemies":"Slime Boss","floor":16.0,"turns":10.0},{"damage":23.0,"enemies":"Chosen","floor":18.0,"turns":6.0},{"damage":11.0,"enemies":"Shell Parasite","floor":19.0,"turns":3.0},{"damage":16,"enemies":"3 Cultists","floor":21,"turns":6},{"damage":22,"enemies":"Shelled Parasite and Fungi","floor":24,"turns":5},{"damage":37,"enemies":"Book of Stabbing","floor":27,"turns":6},{"damage":6,"enemies":"Snecko","floor":28,"turns":3}],"seed_played":"2039453110804587793","potions_obtained":[{"floor":4.0,"key":"Energy Potion"},{"floor":5.0,"key":"DuplicationPotion"},{"floor":6.0,"key":"DistilledChaos"},{"floor":19.0,"key":"Dexterity Potion"},{"floor":24,"key":"Regen Potion"}],"is_trial":false,"path_per_floor":["M","$","?","M","M","E","R","$","T","M","M","M","R","E","R","B",null,"M","M","?","M","?","R","M","?","T","E","M"],"character_chosen":"DOCTOR_CLASS","items_purchased":["ats:Support Order"],"campfire_rested":2,"item_purchase_floors":[8],"current_hp_per_floor":[69,69,69,66,65,41,41,41,41,36,35,25,46,8,29,10,72,51,42,42,32,32,32,17,17,17,4,0,0],"gold":245,"neow_bonus":"RANDOM_COMMON_RELIC","is_daily":false,"chose_seed":false,"campfire_upgraded":0,"win_rate":0.0,"timestamp":1608043624,"path_taken":["M","?","?","M","M","E","R","$","T","?","M","M","R","E","R","BOSS","M","M","?","M","?","R","M","?","T","E","M"],"items_purchased_type":["Card"],"build_version":"2020-12-13","purchased_purges":1,"victory":false,"max_hp_per_floor":[72,72,72,72,72,72,72,72,72,72,72,72,72,72,72,72,72,72,72,72,72,72,72,72,72,72,72,72,72],"card_choices":[{"not_picked":["ats:Just Like an Apocalypse","ats:Red Shift"],"picked":"ats:Chain Hook","floor":1.0},{"not_picked":["ats:Very Hot Blade","ats:Neurotoxin"],"picked":"ats:Poison Spread","floor":4.0},{"not_picked":["ats:Very Hot Blade","ats:Poison Spread"],"picked":"ats:Overload","floor":5.0},{"not_picked":["ats:Spore Proliferation","ats:Flexible Camouflage"],"picked":"ats:Wolf Pack","floor":6.0},{"not_picked":["ats:Shell Defense","ats:Charging Defense"],"picked":"ats:Just Like an Apocalypse","floor":10.0},{"not_picked":["ats:Curse Doll","ats:Flexible Camouflage"],"picked":"ats:Very Hot Blade","floor":11.0},{"not_picked":["ats:Attack Strengthen","ats:Consecutive Shot: Auto"],"picked":"ats:Assault Order","floor":12.0},{"not_picked":["ats:Revitalization","ats:Magnetic Hammer"],"picked":"ats:Just Like an Apocalypse","floor":14.0},{"not_picked":["ats:Ambush","ats:Rat Pack"],"picked":"ats:Disruption Kick","floor":16.0},{"not_picked":["ats:Just Like an Apocalypse+1","ats:Flexible Camouflage"],"picked":"ats:Assault Order+1","floor":18.0},{"not_picked":["ats:Red Shift","ats:Shell Defense"],"picked":"ats:Very Hot Blade+1","floor":18.0},{"not_picked":["ats:Just Like an Apocalypse","ats:Red Shift"],"picked":"ats:Attack Strengthen+1","floor":19.0},{"not_picked":["ats:Flexible Camouflage","ats:Soul Rend"],"picked":"ats:Shell Defense+1","floor":19.0},{"not_picked":["ats:Attack Strengthen+1","ats:Explosion Area Strengthen"],"picked":"ats:Just Like an Apocalypse+1","floor":21},{"not_picked":["ats:Support Order+1","ats:Rapid Magazine+1","ats:Very Hot Blade"],"picked":"SKIP","floor":21},{"not_picked":["ats:Very Hot Blade+1","ats:Support Order"],"picked":"ats:Flexible Camouflage+1","floor":24},{"not_picked":["ats:Sunburst","ats:Revitalization","ats:Assault Order+1"],"picked":"SKIP","floor":24},{"not_picked":["ats:Magnetic Hammer","ats:Sunburst+1","ats:Revitalization+1"],"picked":"SKIP","floor":27}],"player_experience":530952,"relics_obtained":[{"floor":6.0,"key":"Vajra"},{"floor":7.0,"key":"ats:Originium"},{"floor":9.0,"key":"Bronze Scales"},{"floor":14.0,"key":"Prayer Wheel"},{"floor":23,"key":"ats:Originium"},{"floor":26,"key":"Oddly Smooth Stone"},{"floor":27,"key":"MealTicket"}],"event_choices":[{"damage_healed":0.0,"max_hp_gain":0.0,"max_hp_loss":0.0,"gold_gain":0.0,"event_name":"WeMeetAgain","player_choice":"Ignored","floor":3.0,"gold_loss":0.0,"damage_taken":0.0},{"cards_removed":["ats:Powerful Strike"],"damage_healed":0,"gold_gain":0,"player_choice":"Elegance","damage_taken":0,"max_hp_gain":0,"max_hp_loss":0,"event_name":"Back to Basics","floor":20,"gold_loss":0},{"damage_healed":0,"gold_gain":0,"player_choice":"Ignored","damage_taken":0,"max_hp_gain":0,"max_hp_loss":0,"event_name":"Vampires","floor":22,"gold_loss":0},{"cards_removed":["ats:Powerful Strike"],"damage_healed":0,"gold_gain":0,"player_choice":"Upgrade and Remove","damage_taken":0,"max_hp_gain":0,"max_hp_loss":0,"event_name":"Designer","floor":25,"gold_loss":90,"cards_upgraded":["ats:Emotion Absorption"]}],"is_beta":false,"boss_relics":[{"not_picked":["Astrolabe","Velvet Choker"],"picked":"Runic Pyramid"}],"items_purged_floors":[2],"is_endless":false,"potions_floor_spawned":[4,5,6,19,24],"killed_by":"Snecko","ascension_level":0}}