{"host":"dcj2yvrgcvh5dl2s","time":1608056019,"event":{"mods":["BaseMod","Better Note","Block Reminder","Colored Powertips","DeckTracker","Minty Spire (QoL Compilation)","Quick Restart","Rare Cards Sparkle","Relic Stats","StSLib"],"gold_per_floor":[109,125,13,13,13,41,41,71,71,99,113,125,139,167,167,264,264,264,9,9,9,9,9,9,9,9],"floor_reached":25,"playtime":765,"items_purged":["Bash","Strike_R"],"score":414,"play_id":"5e0af2b9-9960-4bde-987b-682b9d8a6cbb","local_time":"20201216041339","is_ascension_mode":true,"campfire_choices":[{"data":"Shockwave","floor":7,"key":"SMITH"},{"data":"Intimidate","floor":15,"key":"SMITH"},{"data":"Heavy Blade","floor":24,"key":"SMITH"}],"circlet_count":0,"master_deck":["AscendersBane","Strike_R","Strike_R","Strike_R","Defend_R","Defend_R","Defend_R","Defend_R","Sword Boomerang","Heavy Blade+1","Uppercut+1","Shockwave+1","Intimidate+1","Flex","Flex","Shrug It Off","Immolate","Flex","Metallicize","Sword Boomerang"],"relics":["Burning Blood","NeowsBlessing","StoneCalendar","Paper Frog","Gambling Chip","Meat on the Bone","Shuriken","Ectoplasm","Boot"],"acts_visited":["Exordium","TheCity"],"potions_floor_usage":[14,23,25],"damage_taken":[{"damage":0,"enemies":"2 Louse","floor":1,"turns":1},{"damage":0,"enemies":"Cultist","floor":2,"turns":1},{"damage":0,"enemies":"3 Sentries","floor":6,"turns":1},{"damage":20,"enemies":"Lagavulin","floor":8,"turns":7},{"damage":20,"enemies":"Gremlin Nob","floor":10,"turns":4},{"damage":12,"enemies":"Small Slimes","floor":11,"turns":5},{"damage":15,"enemies":"Exordium Wildlife","floor":12,"turns":5},{"damage":0,"enemies":"2 Fungi Beasts","floor":13,"turns":2},{"damage":17,"enemies":"3 Sentries","floor":14,"turns":6},{"damage":24,"enemies":"Slime Boss","floor":16,"turns":7},{"damage":0,"enemies":"3 Byrds","floor":18,"turns":4},{"damage":9,"enemies":"Shell Parasite","floor":20,"turns":4},{"damage":3,"enemies":"3 Cultists","floor":22,"turns":4},{"damage":43,"enemies":"Book of Stabbing","floor":23,"turns":5},{"damage":54,"enemies":"Gremlin Leader","floor":25,"turns":6}],"seed_played":"8701072065756361440","potions_obtained":[{"floor":10,"key":"SmokeBomb"},{"floor":12,"key":"DistilledChaos"},{"floor":16,"key":"Dexterity Potion"},{"floor":22,"key":"SpeedPotion"}],"is_trial":false,"path_per_floor":["M","M","$","?","?","E","R","E","T","E","M","M","M","E","R","B",null,"M","$","M","$","M","E","R","E"],"character_chosen":"IRONCLAD","items_purchased":["Uppercut","Boot"],"campfire_rested":0,"item_purchase_floors":[3,19],"current_hp_per_floor":[78,80,80,80,80,80,80,66,66,52,58,49,55,56,56,50,73,79,79,76,76,79,54,54,0,0],"gold":9,"neow_bonus":"THREE_ENEMY_KILL","is_daily":false,"chose_seed":false,"campfire_upgraded":3,"win_rate":0.0,"timestamp":1608056019,"path_taken":["M","M","$","?","?","E","R","E","T","E","M","M","?","E","R","BOSS","M","?","M","$","M","E","R","E"],"items_purchased_type":["Card","Relic"],"build_version":"2020-12-13","purchased_purges":2,"victory":false,"max_hp_per_floor":[80,80,80,80,80,80,80,80,80,80,80,80,80,80,80,80,80,80,80,80,80,80,80,80,80,80],"relic_stats":{"counters":[15,62],"Shuriken":[3],"Gambling Chip":[36],"StoneCalendar":[96],"Ectoplasm":48,"Boot":[10],"obtain_stats":[{"NeowsBlessing":0,"Shuriken":14,"Gambling Chip":9,"StoneCalendar":6,"Ectoplasm":17,"Boot":19,"Burning Blood":0,"Paper Frog":8,"Meat on the Bone":10},{"NeowsBlessing":0,"Shuriken":9,"Gambling Chip":4,"StoneCalendar":3,"Ectoplasm":10,"Boot":11,"Burning Blood":0,"Paper Frog":4,"Meat on the Bone":5},{"NeowsBlessing":0,"Shuriken":32,"Gambling Chip":10,"StoneCalendar":3,"Ectoplasm":39,"Boot":43,"Burning Blood":0,"Paper Frog":10,"Meat on the Bone":14}],"Burning Blood":74,"Meat on the Bone":48},"card_choices":[{"not_picked":["Cleave","Dark Embrace"],"picked":"Sword Boomerang","floor":1},{"not_picked":["Clothesline","Corruption"],"picked":"Heavy Blade","floor":2},{"not_picked":["Body Slam","Headbutt"],"picked":"Shockwave","floor":6},{"not_picked":["Havoc","Twin Strike"],"picked":"Intimidate","floor":8},{"not_picked":["Demon Form","Iron Wave"],"picked":"Flex","floor":10},{"not_picked":["Anger","Clothesline","Warcry"],"picked":"SKIP","floor":11},{"not_picked":["Evolve","Entrench"],"picked":"Flex","floor":12},{"not_picked":["Rupture","Barricade","Body Slam"],"picked":"SKIP","floor":13},{"not_picked":["Intimidate","Blood for Blood"],"picked":"Shrug It Off","floor":14},{"not_picked":["Feed","Demon Form"],"picked":"Immolate","floor":16},{"not_picked":["Cleave","Hemokinesis+1"],"picked":"Flex","floor":18},{"not_picked":["Thunderclap","Sever Soul"],"picked":"Metallicize","floor":20},{"not_picked":["Body Slam","Iron Wave"],"picked":"Sword Boomerang","floor":22}],"player_experience":1967265,"relics_obtained":[{"floor":6,"key":"StoneCalendar"},{"floor":8,"key":"Paper Frog"},{"floor":9,"key":"Gambling Chip"},{"floor":10,"key":"Meat on the Bone"},{"floor":14,"key":"Shuriken"}],"event_choices":[{"damage_healed":0,"gold_gain":0,"player_choice":"Grow","damage_taken":0,"max_hp_gain":0,"max_hp_loss":0,"event_name":"Living Wall","floor":4,"gold_loss":0,"cards_upgraded":["Uppercut"]},{"cards_removed":["Strike_R"],"damage_healed":0,"gold_gain":0,"player_choice":"Card Removal","damage_taken":0,"max_hp_gain":0,"max_hp_loss":0,"event_name":"Wheel of Change","floor":5,"gold_loss":0}],"is_beta":false,"boss_relics":[{"not_picked":["Tiny House","Mark of Pain"],"picked":"Ectoplasm"}],"items_purged_floors":[3,19],"is_endless":false,"potions_floor_spawned":[10,12,16,22,23],"killed_by":"Gremlin Leader","ascension_level":10}}