{"host":"ks12kfi5c4d9hdxy","time":1608043777,"event":{"mods":["Act Like it!","BaseMod","Conspire","Gensokyo","GifTheSpireLib","Koishi","LagranYue(拉格朗・月)","Marisa（F雨　魔理沙）","Minty Spire (QoL Compilation)","Quick Restart","Reimu（博丽灵梦）","Remilia（蕾米莉亚）","Replay The Spire","RumiaBox-露米娅的神秘盒子","Shop Mod","StSLib","SuperFastMode","The Administrix","The Servant 0.9.4","Youmu（魂魄妖梦）","Yuyuko","【东方二次创作】八云紫mod","【功能Mod】混沌之环修复补丁","【功能Mod】聪明的最终Boss","篝火指南"],"gold_per_floor":[113,113,133,133,58,85,85,111,111,127,127,84,115,133,133,210,210,225,140,140,140,154,154,154],"floor_reached":23,"playtime":614,"items_purged":["Strike_MRS"],"score":488,"play_id":"a0672f2b-1d62-4074-9d58-d27d09811336","local_time":"20201215224937","is_ascension_mode":true,"campfire_choices":[{"data":"UltimateShortwave","floor":7.0,"key":"SMITH"},{"floor":15.0,"key":"DIG"}],"circlet_count":0,"master_deck":["AscendersBane","Strike_MRS","Strike_MRS+1","Defend_MRS","Defend_MRS+2","Defend_MRS+1","Defend_MRS","MasterSpark+1","UpSweep","Acceleration","OortCloud","UnstableBomb","UltimateShortwave+1","ShootTheMoon","TreasureHunter","MilkyWay","Replay:Sluggish","ShootingEcho"],"relics":["MiniHakkero","LagranYue:RandomDrawCardRelic","NeowsBlessing","Sundial","Singing Bowl","Simple Rune","War Paint","Letter Opener","LagranYue:SoulBurningRelic","conspire:DeflatedDodgeball","Ring of Fury","Ring of Peace"],"acts_visited":["Exordium","TheCity"],"potions_floor_usage":[],"damage_taken":[{"damage":0.0,"enemies":"Jaw Worm","floor":1.0,"turns":1.0},{"damage":0.0,"enemies":"Small Slimes","floor":3.0,"turns":1.0},{"damage":0.0,"enemies":"3 Sentries","floor":6.0,"turns":2.0},{"damage":0.0,"enemies":"Lagavulin","floor":8.0,"turns":6.0},{"damage":0.0,"enemies":"Cultist","floor":10.0,"turns":2.0},{"damage":11.0,"enemies":"3 Sentries","floor":13.0,"turns":11.0},{"damage":3.0,"enemies":"Large Slime","floor":14.0,"turns":4.0},{"damage":58.0,"enemies":"Hexaghost","floor":16.0,"turns":10.0},{"damage":0.0,"enemies":"Chosen","floor":18.0,"turns":4.0},{"damage":0.0,"enemies":"conspire:FuzzyDice","floor":22.0,"turns":7.0},{"damage":61,"enemies":"Book of Stabbing","floor":23,"turns":6}],"seed_played":"5972378847326964531","potions_obtained":[{"floor":3.0,"key":"DistilledChaos"},{"floor":6.0,"key":"LiquidMemories"},{"floor":10.0,"key":"LiquidBronze"},{"floor":18.0,"key":"BottledSpark"}],"is_trial":false,"path_per_floor":["M","?","M","?","$","E","R","E","T","M","?","$","E","M","R","B",null,"M","?","?","?","M","E"],"character_chosen":"MARISA","items_purchased":["ShootTheMoon"],"campfire_rested":0,"item_purchase_floors":[12],"current_hp_per_floor":[63,70,70,70,70,70,70,72,72,74,74,74,65,64,64,6,59,59,59,59,59,59,0,0],"gold":154,"neow_bonus":"THREE_ENEMY_KILL","is_daily":false,"chose_seed":false,"campfire_upgraded":1,"win_rate":0.0,"timestamp":1608043777,"path_taken":["M","?","M","?","$","E","R","E","T","?","?","?","E","?","R","BOSS","M","?","?","?","M","E"],"items_purchased_type":["Card"],"build_version":"2020-12-13","purchased_purges":1,"victory":false,"max_hp_per_floor":[70,70,70,70,70,70,70,72,72,74,74,74,76,78,78,78,78,78,78,78,78,78,78,78],"card_choices":[{"not_picked":["6A","Occultation"],"picked":"Acceleration","floor":1.0},{"not_picked":["DoubleSpark","EnergyRecoil"],"picked":"OortCloud","floor":3.0},{"not_picked":["GravityBeat","MysteriousBeam"],"picked":"UltimateShortwave","floor":6.0},{"not_picked":["DC","MysteriousBeam","WitchLeyline"],"picked":"Singing Bowl","floor":8.0},{"not_picked":["IllusionStar","DoubleSpark","PowerUp"],"picked":"Singing Bowl","floor":10.0},{"not_picked":["MeteoricShower","MagicAbsorber","AsteroidBelt"],"picked":"Singing Bowl","floor":13.0},{"not_picked":["GrandCross","WitchOfGreed","GasGiant"],"picked":"Singing Bowl","floor":14.0},{"not_picked":["MillisecondPulsars","SuperNova"],"picked":"TreasureHunter","floor":16.0},{"not_picked":["ManaConvection","UnstableBomb"],"picked":"MilkyWay","floor":18.0},{"not_picked":["MilkyWay","WitchLeyline"],"picked":"ShootingEcho","floor":22.0}],"player_experience":505565,"relics_obtained":[{"floor":6.0,"key":"Sundial"},{"floor":8.0,"key":"Singing Bowl"},{"floor":9.0,"key":"Simple Rune"},{"floor":13.0,"key":"War Paint"},{"floor":15.0,"key":"Letter Opener"},{"floor":20.0,"key":"Ring of Fury"},{"floor":20.0,"key":"Ring of Peace"}],"event_choices":[{"damage_healed":23.0,"max_hp_gain":0.0,"max_hp_loss":0.0,"gold_gain":0.0,"event_name":"Big Fish","player_choice":"Banana","floor":2.0,"gold_loss":0.0,"damage_taken":0.0},{"damage_healed":0.0,"max_hp_gain":0.0,"max_hp_loss":0.0,"gold_gain":0.0,"cards_transformed":["Strike_MRS"],"event_name":"Transmorgrifier","player_choice":"Transformed","floor":4.0,"gold_loss":0.0,"damage_taken":0.0,"cards_obtained":["UnstableBomb"]},{"damage_healed":0.0,"max_hp_gain":0.0,"max_hp_loss":0.0,"gold_gain":0.0,"event_name":"Addict","player_choice":"Obtained Relic","floor":19.0,"gold_loss":85.0,"damage_taken":0.0,"relics_obtained":["conspire:DeflatedDodgeball"]}],"is_beta":false,"boss_relics":[{"not_picked":["Fusion Hammer","Ring of Chaos"],"picked":"LagranYue:SoulBurningRelic"}],"items_purged_floors":[5],"is_endless":false,"potions_floor_spawned":[3,6,10,18],"killed_by":"Book of Stabbing","ascension_level":18}}