{"host":"ufl0k2so27eic2iy","time":1608031922,"event":{"mods":["BaseMod","Minty Spire (QoL Compilation)","StSLib","The Animator"],"gold_per_floor":[113,123,141,163,238,238,266,266,266,266,266,294,328,348,348,442,442,467,467,467,488,516,516,516,516],"floor_reached":24,"playtime":1082,"items_purged":[],"score":408,"play_id":"05f2b9be-1f3e-4a73-90a7-df02c258a0cb","local_time":"20201215113202","is_ascension_mode":true,"campfire_choices":[{"data":"animator:DolaSchwi","floor":6,"key":"SMITH"},{"floor":10,"key":"REST"},{"data":"animator:HiedaNoAkyuu","floor":15,"key":"SMITH"},{"data":"animator:PinaCoLada","floor":23,"key":"SMITH"}],"circlet_count":0,"master_deck":["AscendersBane","animator:Strike_TouhouProject","animator:Defend_TouhouProject","animator:Strike+1","animator:Defend","animator:Defend","animator:Defend","animator:MarisaKirisame","animator:ReimuHakurei","animator:DolaSchwi+1","animator:KyokoSakura+1","animator:ElricEdward","animator:SanaeKochiya","animator:HiedaNoAkyuu+1","animator:Chung","animator:PinaCoLada+1","animator:Arpeggio","animator:Envy","animator:Ciel","animator:Scar","animator:YuukaKazami"],"relics":["animator:LivingPicture","animator:TheMissingPiece","Red Skull","Golden Idol","Mango","Cursed Key"],"acts_visited":["Exordium","TheCity"],"potions_floor_usage":[7,13,22,24],"damage_taken":[{"damage":2,"enemies":"Cultist","floor":1,"turns":4},{"damage":3,"enemies":"2 Louse","floor":2,"turns":3},{"damage":3,"enemies":"Small Slimes","floor":3,"turns":3},{"damage":6,"enemies":"Looter","floor":4,"turns":4},{"damage":8,"enemies":"Lagavulin","floor":7,"turns":5},{"damage":6,"enemies":"Blue Slaver","floor":12,"turns":2},{"damage":0,"enemies":"Gremlin Nob","floor":13,"turns":2},{"damage":4,"enemies":"3 Louse","floor":14,"turns":2},{"damage":29,"enemies":"The Guardian","floor":16,"turns":8},{"damage":0,"enemies":"Spheric Guardian","floor":18,"turns":3},{"damage":3,"enemies":"Chosen","floor":21,"turns":3},{"damage":12,"enemies":"Sentry and Sphere","floor":22,"turns":5},{"damage":49,"enemies":"Slavers","floor":24,"turns":3}],"seed_played":"-1336402331125406826","potions_obtained":[{"floor":2,"key":"SkillPotion"},{"floor":7,"key":"AttackPotion"},{"floor":14,"key":"PowerPotion"},{"floor":16,"key":"Fire Potion"}],"is_trial":false,"path_per_floor":["M","M","M","M","?","R","E","?","T","R","?","M","E","M","R","B",null,"M","?","?","M","M","R","E"],"character_chosen":"THE_ANIMATOR","items_purchased":[],"campfire_rested":1,"item_purchase_floors":[],"current_hp_per_floor":[58,55,52,46,35,35,28,28,28,46,28,22,36,32,32,3,57,57,57,57,54,42,42,0,0],"gold":516,"neow_bonus":"TEN_PERCENT_HP_BONUS","is_daily":false,"chose_seed":true,"campfire_upgraded":3,"win_rate":0.0,"timestamp":1608031922,"path_taken":["M","M","?","M","?","R","E","?","T","R","?","M","E","M","R","BOSS","M","?","?","M","M","R","E"],"items_purchased_type":[],"build_version":"2020-12-13","purchased_purges":0,"victory":false,"max_hp_per_floor":[66,66,66,66,66,66,67,61,61,61,61,61,75,75,75,75,75,75,75,75,75,75,75,75,75],"card_choices":[{"not_picked":["animator:ElricAlphonse","animator:MarisaKirisame"],"picked":"animator:DolaSchwi","floor":1},{"not_picked":["animator:Elsword","animator:Aisha"],"picked":"animator:KyokoSakura","floor":2},{"not_picked":["animator:Kuribayashi","animator:KyokoSakura"],"picked":"animator:ElricEdward","floor":3},{"not_picked":["animator:SuikaIbuki","animator:YuukaKazami"],"picked":"animator:SanaeKochiya","floor":4},{"not_picked":["animator:Sloth","animator:Mitsuba"],"picked":"animator:HiedaNoAkyuu","floor":7},{"not_picked":["animator:Kuribayashi","animator:Shigure"],"picked":"animator:Chung","floor":12},{"not_picked":["animator:Sloth","animator:KrulTepes"],"picked":"animator:PinaCoLada","floor":13},{"not_picked":["animator:TukaLunaMarceau","animator:LeleiLaLalena"],"picked":"animator:Arpeggio","floor":14},{"not_picked":["animator:Shiro","animator:ItamiYouji"],"picked":"animator:Envy","floor":16},{"not_picked":["animator:Sloth","animator:Ara","animator:Add+1"],"picked":"SKIP","floor":18},{"not_picked":["animator:YuiTsuruno","animator:Sloth","animator:DolaCouronne"],"picked":"SKIP","floor":21},{"not_picked":["animator:MaesHughes+1","animator:ChlammyZell"],"picked":"animator:YuukaKazami","floor":22}],"player_experience":2284247,"relics_obtained":[{"floor":7,"key":"Red Skull"},{"floor":13,"key":"Mango"}],"event_choices":[{"damage_healed":0,"gold_gain":75,"player_choice":"Gather Gold","damage_taken":11,"max_hp_gain":0,"max_hp_loss":0,"event_name":"World of Goop","floor":5,"gold_loss":0},{"damage_healed":0,"gold_gain":0,"player_choice":"Lose Max HP","damage_taken":0,"relics_obtained":["Golden Idol"],"max_hp_gain":0,"max_hp_loss":6,"event_name":"Golden Idol","floor":8,"gold_loss":0},{"damage_healed":0,"gold_gain":0,"player_choice":"Entered Light","damage_taken":18,"max_hp_gain":0,"max_hp_loss":0,"event_name":"Shining Light","floor":11,"gold_loss":0,"cards_upgraded":["animator:KyokoSakura","animator:Strike"]},{"damage_healed":0,"gold_gain":0,"player_choice":"Ignored","damage_taken":0,"max_hp_gain":0,"max_hp_loss":0,"event_name":"Vampires","floor":19,"gold_loss":0},{"damage_healed":0,"gold_gain":0,"cards_transformed":["animator:Strike","animator:Strike"],"player_choice":"Became Test Subject","damage_taken":0,"max_hp_gain":0,"max_hp_loss":0,"event_name":"Drug Dealer","floor":20,"gold_loss":0,"cards_obtained":["animator:Ciel","animator:Scar"]}],"is_beta":false,"boss_relics":[{"not_picked":["Astrolabe","Mark of Pain"],"picked":"Cursed Key"}],"items_purged_floors":[],"is_endless":false,"potions_floor_spawned":[2,7,14,16],"killed_by":"Slavers","ascension_level":15}}