{"host":"qwttrqaysb380yri","time":1608058031,"event":{"mods":["BaseMod","Custom Start","Minty Spire (QoL Compilation)","Puzzle Mod","Relic Stats","StSLib","The Cursed","The Hierophant"],"gold_per_floor":[110,144,186,227,11,43,43,95,95,95,133,133,133,179,179,167,167],"floor_reached":16,"playtime":491,"items_purged":["hierophant:Strike_Hierophant"],"score":224,"play_id":"b3c959d0-484b-40e0-a041-795a5dfffe6e","local_time":"20201215194711","is_ascension_mode":true,"campfire_choices":[{"data":"hierophant:Purify","floor":7,"key":"SMITH"},{"data":"hierophant:Martyrdom","floor":13,"key":"SMITH"},{"floor":15,"key":"REST"}],"circlet_count":0,"master_deck":["AscendersBane","hierophant:Strike_Hierophant","hierophant:Strike_Hierophant","hierophant:Strike_Hierophant","hierophant:Punish","hierophant:Defend_Hierophant","hierophant:Defend_Hierophant","hierophant:Defend_Hierophant","hierophant:Defend_Hierophant","hierophant:ChurchCoffers","hierophant:RustyCrate","hierophant:Doubloon","hierophant:Doubloon","hierophant:Purify+1","hierophant:Smite","hierophant:Zeal","hierophant:Embezzle","hierophant:Sermon","hierophant:SealAway","hierophant:Martyrdom+1","hierophant:Mercenaries","hierophant:Flagellation","hierophant:Doubloon","hierophant:Remorse"],"relics":["hierophant:PropheticMaskRelic","Akabeko","Smiling Mask","InkBottle","StoneCalendar","hierophant:DonationBoxRelic"],"acts_visited":["Exordium"],"potions_floor_usage":[6,14,16],"damage_taken":[{"damage":3,"enemies":"2 Louse","floor":1,"turns":2},{"damage":4,"enemies":"Jaw Worm","floor":2,"turns":4},{"damage":6,"enemies":"Cultist","floor":3,"turns":4},{"damage":26,"enemies":"Large Slime","floor":4,"turns":6},{"damage":10,"enemies":"3 Sentries","floor":6,"turns":6},{"damage":8,"enemies":"Gremlin Nob","floor":8,"turns":3},{"damage":20,"enemies":"3 Sentries","floor":11,"turns":3},{"damage":20,"enemies":"Gremlin Nob","floor":14,"turns":3},{"damage":24,"enemies":"Hexaghost","floor":16,"turns":4}],"seed_played":"3055382444597975287","potions_obtained":[{"floor":2,"key":"Regen Potion"},{"floor":3,"key":"Dexterity Potion"},{"floor":11,"key":"SteroidPotion"}],"is_trial":false,"path_per_floor":["M","M","M","M","$","E","R","E","T","?","E","?","R","E","R","B"],"character_chosen":"HIEROPHANT","items_purchased":["hierophant:Embezzle","hierophant:Sermon","hierophant:SealAway"],"campfire_rested":1,"item_purchase_floors":[5,5,5],"current_hp_per_floor":[72,68,62,36,36,41,41,33,33,53,33,33,33,13,36,12,12],"gold":167,"neow_bonus":"TEN_PERCENT_HP_BONUS","is_daily":false,"chose_seed":false,"campfire_upgraded":2,"win_rate":0.0,"timestamp":1608058031,"path_taken":["M","M","M","M","$","E","R","E","T","?","E","?","R","E","R","BOSS"],"items_purchased_type":["Card","Card","Card"],"build_version":"2020-12-13","purchased_purges":1,"victory":false,"max_hp_per_floor":[82,82,82,82,82,82,82,82,82,82,82,79,79,79,79,79,79],"relic_stats":{"counters":[9,35],"StoneCalendar":[0],"Smiling Mask":0,"obtain_stats":[{"hierophant:PropheticMaskRelic":0,"hierophant:DonationBoxRelic":14,"StoneCalendar":11,"Smiling Mask":8,"Akabeko":6,"InkBottle":9},{"hierophant:PropheticMaskRelic":0,"hierophant:DonationBoxRelic":8,"StoneCalendar":7,"Smiling Mask":6,"Akabeko":5,"InkBottle":6},{"hierophant:PropheticMaskRelic":0,"hierophant:DonationBoxRelic":31,"StoneCalendar":28,"Smiling Mask":25,"Akabeko":22,"InkBottle":25}],"InkBottle":[3]},"card_choices":[{"not_picked":["hierophant:Encroach","hierophant:Repentance"],"picked":"hierophant:RustyCrate","floor":1},{"not_picked":["hierophant:HammerAndAnvil","hierophant:ThreeLashes"],"picked":"hierophant:Purify","floor":2},{"not_picked":["hierophant:Patience","hierophant:EyeForCoin"],"picked":"hierophant:Smite","floor":3},{"not_picked":["hierophant:OrnateBuckler","hierophant:SealAway"],"picked":"hierophant:Zeal","floor":4},{"not_picked":["hierophant:Repentance","hierophant:SecretStash"],"picked":"hierophant:Martyrdom","floor":6},{"not_picked":["hierophant:RecallFunds","hierophant:FaithHealing"],"picked":"hierophant:Mercenaries","floor":8},{"not_picked":["hierophant:PristineSoul","hierophant:Racketeering"],"picked":"hierophant:Flagellation","floor":11},{"not_picked":["hierophant:Community","hierophant:MorningPrayer"],"picked":"hierophant:Remorse","floor":14}],"player_experience":1857716,"relics_obtained":[{"floor":6,"key":"Akabeko"},{"floor":8,"key":"Smiling Mask"},{"floor":9,"key":"InkBottle"},{"floor":11,"key":"StoneCalendar"},{"floor":14,"key":"hierophant:DonationBoxRelic"}],"event_choices":[{"damage_healed":20,"gold_gain":0,"player_choice":"Healed and dodged fight","damage_taken":0,"max_hp_gain":0,"max_hp_loss":0,"event_name":"Mushrooms","floor":10,"gold_loss":0,"cards_obtained":["Parasite"]},{"cards_removed":["Parasite"],"damage_healed":0,"gold_gain":0,"player_choice":"Purged","damage_taken":0,"max_hp_gain":0,"max_hp_loss":0,"event_name":"Purifier","floor":12,"gold_loss":0}],"is_beta":false,"boss_relics":[],"items_purged_floors":[5],"is_endless":false,"potions_floor_spawned":[2,3,11],"killed_by":"Hexaghost","ascension_level":15}}