{"host":"y1szee8ni6ct8kxl","time":1608007158,"event":{"mods":["Bard","BaseMod","Friendly Minions","Hermit","Hero for Fun","Hubris","Infinite Spire","Kiyohime????","LagranYue(???·?)","Marisa????????","Minty Spire (QoL Compilation)","Prisma Mod","Remilia??????","Replay The Spire","StSLib","The Animator","The Blackbeard","The Construct","The Disciple","The Druid","The Exalted","The Hierophant","The Judge","The Jungle","The Necromancer","The Problem Sleuth","The Senshi","The Servant 0.9.4","The Wild Card","TheBandit"],"gold_per_floor":[112,112,122,39,58,93,93,110,110,142,142,142,142,161,161,264,264,282,282,189,189,189,219,234,234,313,313,331,331,331,347,347,445,445,462,474,474,382,401,401,433,433,501,501,513,513,513,8,8,8,8,8,8,8,8,8],"floor_reached":55,"playtime":5170,"items_purged":[],"score":721,"play_id":"67f59d8f-fe16-4295-b3d3-e6cbea14a6ad","local_time":"20201214233918","is_ascension_mode":false,"campfire_choices":[{"floor":7,"key":"REST"},{"data":"theDruid:ExposingSlash","floor":12,"key":"SMITH"},{"floor":15,"key":"RECALL"},{"floor":32,"key":"REST"},{"floor":40,"key":"REST"},{"floor":42,"key":"REST"},{"floor":44,"key":"REST"},{"floor":46,"key":"REST"},{"floor":49,"key":"REST"},{"data":"theWildCard:Scathach","floor":52,"key":"SMITH"}],"circlet_count":0,"master_deck":["theDruid:Strike_O","theDruid:Strike_O","theDruid:Strike_O","theDruid:Strike_O","theDruid:Defend_O","theDruid:Defend_O","theDruid:Defend_O","theDruid:Defend_O","theDruid:BriarArmor","theDruid:WildSlash","theDruid:BloodiedFur","theDruid:ThickHide","theDruid:TakeShelter+1","theDruid:FelineGrace","theDruid:ExposingSlash+1","theDruid:HerbalismKit","theDruid:TwilightsCall","theWildCard:Scathach+1","theDruid:NaturalAgility","theDruid:TwinStars","theDruid:BlessedStrike+1","theDruid:Recoil","theDruid:Fortitude","theDruid:AstralShield","theDruid:PouncingStrike","hubris:DuctTapeCard","theDruid:Starfall+1","theDruid:Restoration","theDruid:BrambleLash+1","theDruid:Gore","theDruid:BriarArmor","theDruid:BristlingDefense","theDruid:ThornStrike","theDruid:FullMoon","theDruid:Stampede+1","WordoMod:FoggyMind","Toxic_Smoke_Screen","theDruid:Fortitude","theDruid:TakeShelter","theDruid:TakeShelter"],"relics":["theDruid:CrownOfTheWilds","LagranYue:RandomDrawCardRelic","hubris:CuriousFeather","Bromod:ArcaneGuardian","Oddly Smooth Stone","hubris:ScarierMask","Calipers","theJungle:BirthdayCakeSlice","hubris:DuctTape","Cursed Key","construct:FoamFinger","hubris:DisguiseKit","hubris:Icosahedron","hubris:CrystalStatue","OrangePellets"],"acts_visited":["Exordium","theJungle:Jungle","TheBeyond","TheEnding"],"potions_floor_usage":[8,10,16,16,16,23,31,33,33,33,39,39,41,41,50,50,54,54,55],"damage_taken":[{"damage":0.0,"enemies":"Jaw Worm","floor":1.0,"turns":5.0},{"damage":2.0,"enemies":"Small Slimes","floor":3.0,"turns":4.0},{"damage":0,"enemies":"2 Louse","floor":5,"turns":5},{"damage":37,"enemies":"Replay:BlueRogue","floor":6,"turns":9},{"damage":0,"enemies":"Exordium Wildlife","floor":8,"turns":3},{"damage":34,"enemies":"Gremlin Nob","floor":10,"turns":6},{"damage":4,"enemies":"Blue Slaver","floor":14,"turns":6},{"damage":44,"enemies":"Slime Boss","floor":16,"turns":23},{"damage":1,"enemies":"theJungle:MUSHROOMGANG","floor":18,"turns":7},{"damage":27,"enemies":"theJungle:MamaSnecko","floor":23,"turns":7},{"damage":7,"enemies":"theJungle:Flameango_and_Byrd","floor":24,"turns":4},{"damage":0,"enemies":"theJungle:JungleHuntersEncounter","floor":28,"turns":5},{"damage":0,"enemies":"theJungle:2_Snecko_Cultists","floor":31,"turns":3},{"damage":36,"enemies":"theJungle:TotemBoss","floor":33,"turns":11},{"damage":7,"enemies":"3 Darklings","floor":35,"turns":6},{"damage":3,"enemies":"3 Shapes","floor":36,"turns":6},{"damage":3,"enemies":"Jaw Worm Horde","floor":39,"turns":5},{"damage":81,"enemies":"Reptomancer","floor":41,"turns":6},{"damage":28,"enemies":"4 Shapes","floor":45,"turns":5},{"damage":61,"enemies":"infinitespire:MassOfShapes","floor":50,"turns":13},{"damage":0,"enemies":"Shield and Spear","floor":54,"turns":5},{"damage":90,"enemies":"The Heart","floor":55,"turns":6}],"seed_played":"-8715932389880787618","potions_obtained":[{"floor":1.0,"key":"Strength Potion"},{"floor":6,"key":"FearPotion"},{"floor":10,"key":"GamblersBrew"},{"floor":16,"key":"CultistPotion"},{"floor":23,"key":"DistilledChaos"},{"floor":29,"key":"DistilledChaos"},{"floor":29,"key":"Explosive Potion"},{"floor":31,"key":"SmokeBomb"},{"floor":35,"key":"Death Potion"},{"floor":39,"key":"SkillPotion"},{"floor":45,"key":"GamblersBrew"}],"is_trial":false,"path_per_floor":["M","?","M","$","M","E","R","M","T","E","?","R","?","M","R","B",null,"M","?","$","?","?","E","M","?","T","?","M","?","AVR","M","R","B",null,"M","M","?","$","M","R","E","R","T","R","M","R","?","$","R","B",null,"R","$","E","B"],"character_chosen":"DRUID","items_purchased":["theDruid:TakeShelter+1","theDruid:FelineGrace","theDruid:BlessedStrike+1","theDruid:Recoil","theDruid:BristlingDefense","theDruid:ThornStrike","hubris:CrystalStatue","OrangePellets","theDruid:Fortitude","theDruid:TakeShelter"],"campfire_rested":7,"item_purchase_floors":[4,4,20,20,38,38,48,48,48,48],"current_hp_per_floor":[82,85,83,83,83,46,71,71,71,37,85,85,85,81,81,41,85,84,84,84,84,84,57,50,55,55,55,55,55,55,55,82,46,90,83,80,80,80,77,90,9,36,36,63,35,62,62,62,89,32,90,90,90,90,0,0],"gold":8,"neow_bonus":"TEN_PERCENT_HP_BONUS","is_daily":false,"chose_seed":false,"campfire_upgraded":2,"win_rate":0.0,"timestamp":1608007158,"path_taken":["M","?","M","$","M","E","R","M","T","E","?","R","?","?","R","BOSS","M","?","$","?","?","E","M","?","T","?","M","?","AVR","M","R","BOSS","M","M","?","$","?","R","E","R","T","R","M","R","?","?","R","BOSS","R","$","E","BOSS"],"items_purchased_type":["Card","Card","Card","Card","Card","Card","Relic","Relic","Card","Card"],"build_version":"2020-12-13","purchased_purges":0,"victory":false,"max_hp_per_floor":[82,85,85,85,85,85,85,85,85,85,85,85,85,85,85,85,85,85,85,85,85,85,85,85,90,90,90,90,90,90,90,90,90,90,90,90,90,90,90,90,90,90,90,90,90,90,90,90,90,90,90,90,90,90,90,90],"card_choices":[{"not_picked":["theDruid:IronClaw","theDruid:Resupply"],"picked":"theDruid:BloodiedFur","floor":1.0},{"not_picked":["theDruid:FuriousSlash","theDruid:ForestsSoul"],"picked":"theDruid:ThickHide","floor":3.0},{"not_picked":["theDruid:TakeShelter","theDruid:Gore"],"picked":"theDruid:ExposingSlash","floor":5},{"not_picked":["theDruid:PlagueClaw","theDruid:Guidance"],"picked":"theDruid:HerbalismKit","floor":6},{"not_picked":["theDruid:Moonbeam","theDruid:IronClaw"],"picked":"theDruid:BagofTricks","floor":8},{"not_picked":["theDruid:Eclipse","theDruid:Resupply"],"picked":"theDruid:TwilightsCall","floor":10},{"not_picked":["theDruid:Resupply","theDruid:FelineGrace"],"picked":"theDruid:NaturalAgility","floor":14},{"not_picked":["theDruid:SurvivalCache","theDruid:TearOpen"],"picked":"theDruid:TwinStars","floor":16},{"not_picked":["theDruid:Impale","theDruid:Starburst"],"picked":"theDruid:TwilightsCall+1","floor":18},{"not_picked":["theDruid:Slingshot","theDruid:Moonbeam"],"picked":"theDruid:Fortitude","floor":23},{"not_picked":["theDruid:Resupply+1","theDruid:TakeShelter"],"picked":"theDruid:AstralShield","floor":24},{"not_picked":["theDruid:Slingshot","theDruid:Guidance"],"picked":"theDruid:PouncingStrike","floor":28},{"not_picked":["theDruid:Prowl","theDruid:HerbalismKit"],"picked":"theDruid:Starfall+1","floor":31},{"not_picked":["theDruid:HerbalismKit","theDruid:TwinStars"],"picked":"theDruid:Restoration","floor":33},{"not_picked":["theDruid:AstralShield+1","theDruid:BlessedStrike+1"],"picked":"theDruid:BrambleLash+1","floor":35},{"not_picked":["theDruid:ThickHide+1","theDruid:Scavenge"],"picked":"theDruid:Gore","floor":36},{"not_picked":["theDruid:MysticBarrier+1","theDruid:Gore+1"],"picked":"theDruid:FullMoon","floor":39},{"not_picked":["theDruid:PlagueClaw","theDruid:NaturalAgility"],"picked":"theDruid:Stampede+1","floor":41},{"not_picked":["theDruid:RockSlide+1","theDruid:BloodiedFur","theDruid:MysticBarrier"],"picked":"Toxic_Smoke_Screen","floor":45}],"player_experience":4354,"relics_obtained":[{"floor":6,"key":"hubris:CuriousFeather"},{"floor":9,"key":"Bromod:ArcaneGuardian"},{"floor":10,"key":"Oddly Smooth Stone"},{"floor":23,"key":"Calipers"},{"floor":41,"key":"construct:FoamFinger"},{"floor":43,"key":"hubris:DisguiseKit"}],"event_choices":[{"cards_removed":["Amnesia"],"damage_healed":0,"gold_gain":0,"player_choice":"Removed Curses","damage_taken":0,"max_hp_gain":0,"max_hp_loss":0,"event_name":"Fountain of Cleansing","floor":19,"gold_loss":0},{"damage_healed":0,"gold_gain":0,"player_choice":"Got Potions","damage_taken":0,"max_hp_gain":0,"max_hp_loss":0,"event_name":"Lab","floor":29,"gold_loss":0},{"damage_healed":0,"gold_gain":0,"player_choice":"1 cards matched","damage_taken":0,"max_hp_gain":0,"max_hp_loss":0,"event_name":"Match and Keep!","floor":37,"gold_loss":0,"cards_obtained":["theDruid:BriarArmor"]}],"is_beta":false,"boss_relics":[{"not_picked":["Runic Dome","Calling Bell"],"picked":"hubris:ScarierMask"},{"not_picked":["hubris:GrandSneckoEye","hubris:RunicObelisk"],"picked":"Cursed Key"}],"items_purged_floors":[],"is_endless":false,"potions_floor_spawned":[1,6,10,16,23,31,35,39,45,54],"killed_by":"The Heart","ascension_level":0}}