{"host":"2461dio7vetlq1z3","time":1608050436,"event":{"mods":["2.2 Compatiblity","AchievementEnabler","BaseMod","Downfall","Hermit","Lobotomy","Marisa????????","Minty Spire (QoL Compilation)","Relic Stats","Spicy Shops","StSLib","Waifu the Spire"],"gold_per_floor":[99,99,99,99,132,190,260,260,260,278,278,53,67,81,81,186,186,202,220,57,157,157,186,186,186,220,7,34,48,67,87,12,116,116,129,179,191,191,191,264,310,310,320,337,357,396,246,246,246,246,246,280,85,85,85],"floor_reached":56,"playtime":3617,"items_purged":["Guardian:Strike_Guardian","Guardian:Strike_Guardian","Guardian:Strike_Guardian","Guardian:Defend_Guardian"],"score":1489,"play_id":"22f986e9-ee6f-4adb-b178-827b72e90743","local_time":"20201215174036","is_ascension_mode":true,"campfire_choices":[{"data":"Guardian:TwinSlam","floor":9,"key":"SMITH"},{"data":"Guardian:VentSteam","floor":11,"key":"SMITH"},{"data":"Guardian:CurlUp","floor":15,"key":"SMITH"},{"data":"Guardian:BaubleBeam","floor":22,"key":"SMITH"},{"data":"Guardian:PrismaticBarrier","floor":25,"key":"SMITH"},{"data":"Guardian:PrismaticBeam","floor":32,"key":"SMITH"},{"data":"expansioncontent:DonusPower","floor":39,"key":"SMITH"},{"floor":42,"key":"RECALL"},{"data":"Guardian:CrystalBeam","floor":47,"key":"SMITH"},{"data":"Guardian:ArmoredProtocol","floor":49,"key":"SMITH"},{"data":"Guardian:FastForward","floor":54,"key":"SMITH"}],"circlet_count":0,"master_deck":["Guardian:Defend_Guardian+1","Guardian:Defend_Guardian","Guardian:Defend_Guardian+1","Guardian:CurlUp+1","Guardian:TwinSlam+1","Guardian:VentSteam+1","Guardian:PrismaticBarrier+1","Guardian:PrismaticBeam+1","Guardian:CrystalBeam+1","Guardian:BaubleBeam+1","Guardian:ArmoredProtocol+1","Guardian:PrimingBeam+1","Guardian:GemFinder","Guardian:RollAttack","expansioncontent:DonusPower+1","Guardian:DonusPower+1","Guardian:Gem_Lightblue","Guardian:Reroute","Guardian:Gem_Cyan","Guardian:VentSteam+1","Guardian:FloatingOrbs+1","Guardian:Recover+1","Guardian:Gem_Green","Guardian:FloatingOrbs+1","Guardian:Gem_Yellow","Guardian:Incinerate+1","Guardian:FastForward+1","Guardian:WalkerClaw"],"relics":["Guardian:ModeShifterPlus","downfall:HeartsMalice","Ornamental Fan","Happy Flower","War Paint","Meat on the Bone","Toy Ornithopter","Bottled Flame","Pen Nib","PreservedInsect","White Beast Statue","downfall:HeartBlessingGreen","SacredBark","Unceasing Top","Guardian:PocketSentry","CeramicFish","downfall:HeartBlessingRed","downfall:HeartBlessingBlue","Shuriken","Calipers"],"acts_visited":["Exordium","TheCity","TheBeyond","TheEnding"],"potions_floor_usage":[16,28,28,55,55,55],"damage_taken":[{"damage":0,"enemies":"2 Louse","floor":1,"turns":1},{"damage":0,"enemies":"Jaw Worm","floor":4,"turns":1},{"damage":0,"enemies":"3 Sentries","floor":5,"turns":1},{"damage":51,"enemies":"Lagavulin Event","floor":6,"turns":13},{"damage":0,"enemies":"Small Slimes","floor":10,"turns":3},{"damage":0,"enemies":"downfall:FleeingMerchant","floor":12,"turns":4},{"damage":2,"enemies":"Red Slaver","floor":13,"turns":3},{"damage":0,"enemies":"Blue Slaver","floor":14,"turns":3},{"damage":14,"enemies":"downfall:Defect","floor":16,"turns":6},{"damage":0,"enemies":"Shell Parasite","floor":18,"turns":4},{"damage":0,"enemies":"3 Byrds","floor":19,"turns":4},{"damage":0,"enemies":"downfall:FleeingMerchant","floor":20,"turns":4},{"damage":29,"enemies":"downfall:LadyInBlue","floor":21,"turns":12},{"damage":8,"enemies":"Slavers","floor":23,"turns":6},{"damage":0,"enemies":"Gremlin Leader","floor":26,"turns":4},{"damage":3,"enemies":"downfall:FleeingMerchant","floor":27,"turns":4},{"damage":0,"enemies":"Slavers","floor":28,"turns":1},{"damage":0,"enemies":"Snake Plant","floor":29,"turns":1},{"damage":9,"enemies":"Cultist and Chosen","floor":30,"turns":4},{"damage":4,"enemies":"Shelled Parasite and Fungi","floor":31,"turns":3},{"damage":40,"enemies":"downfall:Watcher","floor":33,"turns":9},{"damage":0,"enemies":"Orb Walker","floor":35,"turns":2},{"damage":0,"enemies":"Mind Bloom Boss Battle","floor":36,"turns":5},{"damage":4,"enemies":"3 Darklings","floor":37,"turns":4},{"damage":6,"enemies":"downfall:FleeingMerchant","floor":40,"turns":3},{"damage":0,"enemies":"Transient","floor":43,"turns":5},{"damage":0,"enemies":"Jaw Worm Horde","floor":44,"turns":4},{"damage":0,"enemies":"4 Shapes","floor":45,"turns":4},{"damage":0,"enemies":"Giant Head","floor":46,"turns":4},{"damage":0,"enemies":"downfall:Ironclad","floor":50,"turns":4},{"damage":2,"enemies":"downfall:CharBossMerchant","floor":52,"turns":5},{"damage":10,"enemies":"downfall:NeowBoss","floor":55,"turns":16}],"seed_played":"5552415065678784237","potions_obtained":[{"floor":10,"key":"SteroidPotion"},{"floor":13,"key":"FearPotion"},{"floor":16,"key":"sneckomod:MuddlingPotion"},{"floor":21,"key":"AttackPotion"},{"floor":21,"key":"Dexterity Potion"},{"floor":28,"key":"EssenceOfSteel"},{"floor":29,"key":"SmokeBomb"},{"floor":35,"key":"Block Potion"},{"floor":36,"key":"Guardian:StasisDiscoveryPotion"},{"floor":43,"key":"Guardian:BlockOnCardUsePotion"},{"floor":52,"key":"SpeedPotion"}],"is_trial":false,"path_per_floor":["M","?","T","M","E","?","T","?","R","M","R","$","M","M","R","B",null,"M","M","$","?","R","E","T","R","E","$","E","M","M","M","R","B",null,"M","?","M","?","R","$","T","R","M","M","M","E","R","T","R","B",null,"E","$","R","B",null],"character_chosen":"GUARDIAN","items_purchased":["Guardian:PrismaticBeam","Guardian:BaubleBeam","expansioncontent:DonusPower","Guardian:PocketSentry","Guardian:WalkerClaw"],"campfire_rested":0,"item_purchase_floors":[12,20,27,40,53],"current_hp_per_floor":[80,80,80,80,80,29,29,29,29,41,41,41,51,51,51,49,80,80,80,80,51,51,43,43,43,43,52,62,62,53,49,49,21,80,80,80,76,76,76,70,70,70,70,70,70,70,80,80,80,80,90,88,88,88,85],"gold":85,"neow_bonus":"THREE_ENEMY_KILL","is_daily":false,"chose_seed":false,"campfire_upgraded":10,"win_rate":0.0,"timestamp":1608050436,"path_taken":["M","?","?","M","E","?","T","?","R","M","R","$","M","M","R","BOSS","M","M","$","?","R","E","T","R","E","$","E","?","M","M","R","BOSS","M","?","M","?","R","?","T","R","M","M","M","E","R","?","R","BOSS","E","$","R","BOSS"],"items_purchased_type":["Card","Card","Card","Relic","Card"],"build_version":"2020-12-13","purchased_purges":4,"victory":true,"max_hp_per_floor":[80,80,80,80,80,80,80,80,80,80,80,80,80,80,80,80,80,80,80,80,80,80,80,80,80,80,80,80,80,80,80,80,80,80,80,80,80,80,80,80,80,80,80,80,80,80,90,90,90,90,90,90,90,90,90],"relic_stats":{"Happy Flower":[48],"counters":[32,144],"Ornamental Fan":[264],"Shuriken":[19],"CeramicFish":27,"Pen Nib":[21],"PreservedInsect":263,"War Paint":["Guardian:Defend_Guardian","Guardian:Defend_Guardian"],"obtain_stats":[{"Calipers":52,"Happy Flower":5,"Guardian:ModeShifterPlus":17,"downfall:HeartBlessingRed":47,"SacredBark":34,"CeramicFish":46,"Guardian:ModeShifter":0,"downfall:HeartsMalice":0,"downfall:HeartBlessingGreen":32,"Pen Nib":24,"PreservedInsect":26,"Guardian:PocketSentry":40,"War Paint":6,"White Beast Statue":28,"Bottled Flame":23,"Ornamental Fan":3,"downfall:HeartBlessingBlue":47,"Shuriken":48,"Toy Ornithopter":21,"Unceasing Top":36,"Meat on the Bone":7},{"Calipers":31,"Happy Flower":3,"Guardian:ModeShifterPlus":9,"downfall:HeartBlessingRed":29,"SacredBark":21,"CeramicFish":29,"Guardian:ModeShifter":0,"downfall:HeartsMalice":0,"downfall:HeartBlessingGreen":20,"Pen Nib":14,"PreservedInsect":15,"Guardian:PocketSentry":25,"War Paint":3,"White Beast Statue":17,"Bottled Flame":14,"Ornamental Fan":1,"downfall:HeartBlessingBlue":29,"Shuriken":29,"Toy Ornithopter":13,"Unceasing Top":23,"Meat on the Bone":4},{"Calipers":128,"Happy Flower":0,"Guardian:ModeShifterPlus":32,"downfall:HeartBlessingRed":119,"SacredBark":88,"CeramicFish":119,"Guardian:ModeShifter":0,"downfall:HeartsMalice":0,"downfall:HeartBlessingGreen":79,"Pen Nib":62,"PreservedInsect":66,"Guardian:PocketSentry":102,"War Paint":0,"White Beast Statue":71,"Bottled Flame":62,"Ornamental Fan":0,"downfall:HeartBlessingBlue":119,"Shuriken":119,"Toy Ornithopter":56,"Unceasing Top":95,"Meat on the Bone":13}],"Toy Ornithopter":17,"Unceasing Top":[19],"Meat on the Bone":60},"card_choices":[{"not_picked":["Guardian:TemporalStrike","Guardian:CrystalBeam"],"picked":"Guardian:Gem_Red","floor":1},{"not_picked":["Guardian:TimeBomb","Guardian:CrystalBeam"],"picked":"Guardian:Gem_White","floor":4},{"not_picked":["Guardian:TimeCapacitor","Guardian:WalkerClaw"],"picked":"Guardian:Gem_Fragmented","floor":5},{"not_picked":["Guardian:DecasProtection","Guardian:GuardianWhirl"],"picked":"Guardian:VentSteam","floor":6},{"not_picked":["Guardian:Gem_Green","Guardian:PrismaticBarrier"],"picked":"Guardian:Gem_Red","floor":10},{"not_picked":["Guardian:Suspension","Guardian:TemporalStrike"],"picked":"Guardian:PrismaticBarrier","floor":12},{"not_picked":["Guardian:FloatingOrbs","Guardian:WalkerClaw"],"picked":"Guardian:Gem_Green","floor":13},{"not_picked":["Guardian:TemporalStrike","Guardian:Reroute"],"picked":"Guardian:Gem_Orange","floor":14},{"not_picked":["Guardian:TimeSifter","Guardian:FierceBash"],"picked":"Guardian:Gem_Orange","floor":16},{"not_picked":["Guardian:Emergency","Guardian:ShieldCharger"],"picked":"Guardian:CrystalBeam","floor":18},{"not_picked":["Guardian:PolyBeam","Guardian:Recover"],"picked":"Guardian:Gem_Purple","floor":19},{"not_picked":["Guardian:DonusPower","Guardian:PrismaticBarrier"],"picked":"Guardian:Gem_Fragmented","floor":20},{"not_picked":["Guardian:Gem_Red","Guardian:Gem_Green"],"picked":"Guardian:ArmoredProtocol","floor":21},{"not_picked":["Guardian:Gem_Green","Guardian:Gem_Blue"],"picked":"Guardian:PrimingBeam+1","floor":23},{"not_picked":["Guardian:Gem_Green","Guardian:Orbwalk"],"picked":"Guardian:GemFinder","floor":26},{"not_picked":["Guardian:VentSteam","Guardian:ShieldCharger"],"picked":"Guardian:RollAttack","floor":27},{"not_picked":["Guardian:Gem_Blue","Guardian:Repulse"],"picked":"Guardian:DonusPower+1","floor":28},{"not_picked":["Guardian:Gem_Red","Guardian:Gem_Green"],"picked":"Guardian:Gem_Lightblue","floor":29},{"not_picked":["Guardian:CrystalBeam","Guardian:Gem_Lightblue"],"picked":"Guardian:Gem_Yellow","floor":29},{"not_picked":["Guardian:Gem_Red","Guardian:Gem_Green"],"picked":"Guardian:Gem_Lightblue","floor":30},{"not_picked":["Guardian:Gem_Green","Guardian:PiercingHide"],"picked":"Guardian:Reroute","floor":30},{"not_picked":["Guardian:Gem_Green","Guardian:Gem_Red"],"picked":"Guardian:Gem_Cyan","floor":31},{"not_picked":["Guardian:VentSteam","Guardian:PrimingBeam"],"picked":"Guardian:Gem_Red","floor":31},{"not_picked":["Guardian:Gem_Lightblue","Guardian:Gem_Green"],"picked":"Guardian:Gem_Cyan","floor":33},{"not_picked":["Guardian:StasisField","Guardian:RevengeProtocol"],"picked":"Guardian:Gem_Synthetic","floor":33},{"not_picked":["Guardian:PiercingHide","Guardian:ChargeCore+1"],"picked":"Guardian:VentSteam+1","floor":35},{"not_picked":["Guardian:Gem_Fragmented","Guardian:ChargeCore+1"],"picked":"Guardian:FloatingOrbs+1","floor":36},{"not_picked":["Guardian:Gem_Cyan","Guardian:Gem_Lightblue"],"picked":"Guardian:Gem_Red","floor":37},{"not_picked":["Guardian:TimeBomb","Guardian:ConstructionForm"],"picked":"Guardian:Recover+1","floor":37},{"not_picked":["Guardian:Recover","Guardian:TemporalStrike"],"picked":"Guardian:FloatingOrbs+1","floor":40},{"not_picked":["Guardian:VentSteam+1","Guardian:Recover","Guardian:ConstructionForm"],"picked":"SKIP","floor":43},{"not_picked":["Guardian:Gem_Green","Guardian:Gem_Lightblue"],"picked":"Guardian:Gem_Red","floor":44},{"not_picked":["Guardian:Gem_Cyan","Guardian:TemporalShield+1"],"picked":"Guardian:Gem_Yellow","floor":44},{"not_picked":["Guardian:Gem_Cyan","Guardian:PiercingHide"],"picked":"Guardian:Gem_Blue","floor":45},{"not_picked":["Guardian:RefractedBeam","Guardian:Gem_Lightblue"],"picked":"Guardian:Incinerate+1","floor":46},{"not_picked":["Guardian:PiercingHide","Guardian:Gem_Cyan"],"picked":"Guardian:FastForward","floor":52}],"player_experience":843386,"relics_obtained":[{"floor":3,"key":"Ornamental Fan"},{"floor":5,"key":"Happy Flower"},{"floor":7,"key":"Meat on the Bone"},{"floor":21,"key":"Toy Ornithopter"},{"floor":23,"key":"Bottled Flame"},{"floor":24,"key":"Pen Nib"},{"floor":26,"key":"PreservedInsect"},{"floor":28,"key":"White Beast Statue"},{"floor":36,"key":"Unceasing Top"},{"floor":46,"key":"CeramicFish"},{"floor":48,"key":"Shuriken"},{"floor":52,"key":"Calipers"}],"event_choices":[],"is_beta":false,"boss_relics":[{"not_picked":["Runic Dome","Coffee Dripper"],"picked":"Guardian:ModeShifterPlus"},{"not_picked":["Velvet Choker","Philosopher\u0027s Stone"],"picked":"SacredBark"}],"items_purged_floors":[20,27,40,53],"is_endless":false,"potions_floor_spawned":[10,13,16,23,26,28,29,30,31,33,35,36,37,40,43,44,45,46,52],"ascension_level":3}}