{"host":"lctcqud4f9t1q6q5","time":1608016771,"event":{"mods":["BaseMod","Better Vampires","Block Reminder","Colored Map","Colored Powertips","Downfall","Highlight Path","KinomotoSakuraMod(木之本樱)","Lobotomy","LobotomyExtend","Marisa（F雨　魔理沙）","Minty Spire (QoL Compilation)","Quick Restart","Reimu（博丽灵梦）","Relic Stats","Replay The Spire","RumiaBox-露米娅的神秘盒子","Shop Mod","Spicy Shops","StSLib","TestMod","The Bug Knight","WarShipGirlsR/战舰少女R mod","vexMod","【功能Mod】混沌之环修复补丁","篝火指南"],"gold_per_floor":[117,128,203,203,218,254,272,272,347,369,369,384,412,78,78,197,197,225,201,224,241,641,677,677,721,772,786,232,256,256,293,31,149,149,156,177,95,114,114,149,163,163,186,49,83,96,129,34,34,27,27,27,27,51,51],"floor_reached":56,"playtime":3990,"items_purged":["champ:Strike","champ:Taunt"],"score":1738,"play_id":"3b25aee9-c3e1-4060-b7dd-690ef07a7066","local_time":"20201215151931","is_ascension_mode":true,"campfire_choices":[{"data":"champ:Taunt","floor":8.0,"key":"SMITH"},{"data":"champ:StanceDance","floor":11.0,"key":"SMITH"},{"data":"champ:Defend","floor":15.0,"key":"PURGE"},{"data":"champ:Control","floor":30,"key":"SMITH"},{"floor":42,"key":"RECALL"},{"data":"testmod-SelfRegulatingSystem","floor":49,"key":"SMITH"},{"data":"champ:HoldFirm","floor":52,"key":"SMITH"}],"circlet_count":0,"master_deck":["champ:Strike","champ:Strike+1","champ:Strike","champ:Defend+1","champ:Defend","champ:Defend","champ:Execute","champ:Taunt+1","champ:StanceDance+1","champ:ArenaPreparation","champ:ShieldWall","champ:Control+1","champ:EnchantCrown","champ:TornadoPunch+1","champ:RisingSlash+1","champ:IgnorePain","champ:HoldFirm+1","champ:ShieldWall","champ:MurderStrike","champ:Duel+1","testmod-SelfRegulatingSystem+1","champ:ShieldWall"],"relics":["champ:ChampionCrown","testmod-Acrobat","testmod-Hope","MagicDraw1","vexMod:BarristanHead","MerchantsRug","vexMod:DeviousBotling","Mummified Hand","testmod-LifeArmor","testmod-Brilliant","testmod-AssaultLearning","Divine Protection","Blue Doll","Vajra","Omamori","GodSword6","Replay:Grab Bag","vexMod:TanglingVine","testmod-SaigiyounoYou","champ:ChampionCrownUpgraded","ReplayTheSpireMod:CursedCoin","testmod-Justice","Juzu Bracelet","Replay:Bottled Steam","testmod-Charity","Replay:Bandana","Simple Rune","LetterFromLob"],"acts_visited":["Exordium","TheCity","TheBeyond","TheEnding"],"potions_floor_usage":[29,44],"damage_taken":[{"damage":6.0,"enemies":"Cultist","floor":1.0,"turns":3.0},{"damage":5.0,"enemies":"Small Slimes","floor":2.0,"turns":3.0},{"damage":21.0,"enemies":"Jaw Worm","floor":5.0,"turns":4.0},{"damage":10.0,"enemies":"3 Sentries","floor":6.0,"turns":2.0},{"damage":16.0,"enemies":"Blue Slaver","floor":7.0,"turns":3.0},{"damage":0.0,"enemies":"Lots of Slimes","floor":10.0,"turns":1.0},{"damage":29.0,"enemies":"Red Slaver","floor":12.0,"turns":2.0},{"damage":28.0,"enemies":"Exordium Thugs","floor":13.0,"turns":3.0},{"damage":30,"enemies":"Slime Boss","floor":16,"turns":6},{"damage":30,"enemies":"2 Thieves","floor":18,"turns":3},{"damage":36,"enemies":"Shell Parasite","floor":20,"turns":4},{"damage":33,"enemies":"Centurion and Healer","floor":21,"turns":6},{"damage":30,"enemies":"Book of Stabbing","floor":23,"turns":5},{"damage":43,"enemies":"Gremlin Leader","floor":25,"turns":6},{"damage":3,"enemies":"Snake Plant","floor":27,"turns":2},{"damage":28,"enemies":"Cultist and Chosen","floor":29,"turns":2},{"damage":5,"enemies":"Replay:Snechameleon","floor":31,"turns":4},{"damage":66,"enemies":"Champ","floor":33,"turns":8},{"damage":6,"enemies":"3 Darklings","floor":35,"turns":2},{"damage":31,"enemies":"Orb Walker","floor":36,"turns":2},{"damage":11,"enemies":"3 Darklings","floor":38,"turns":3},{"damage":32,"enemies":"R_Hoarder","floor":40,"turns":4},{"damage":20,"enemies":"Jaw Worm Horde","floor":41,"turns":2},{"damage":43,"enemies":"Nemesis","floor":45,"turns":3},{"damage":3,"enemies":"4 Shapes","floor":46,"turns":2},{"damage":28,"enemies":"R_Hoarder","floor":47,"turns":6},{"damage":25,"enemies":"Donu and Deca","floor":50,"turns":8},{"damage":54,"enemies":"Shield and Spear","floor":54,"turns":3},{"damage":60,"enemies":"The Heart","floor":55,"turns":9}],"seed_played":"-3567930854987190345","potions_obtained":[{"floor":2.0,"key":"hexamod:EctoCoolerPotion"},{"floor":5.0,"key":"Explosive Potion"},{"floor":6.0,"key":"Elixir"},{"floor":7.0,"key":"LiquidMemories"},{"floor":12.0,"key":"SpeedPotion"},{"floor":18,"key":"ZuzhouPotion:ReiMu"},{"floor":27,"key":"Explosive Potion"},{"floor":29,"key":"SmokeBomb"},{"floor":33,"key":"SpeedPotion"},{"floor":38,"key":"testmod-SpacePotion"},{"floor":40,"key":"BlessingOfTheForge"},{"floor":46,"key":"Swift Potion"},{"floor":47,"key":"AttackPotion"}],"is_trial":false,"path_per_floor":["M","M","?","?","M","E","M","R","T","M","R","M","M","$","R_BF","B",null,"M","$","M","M","?","E","?","E","T","M","$","M","R","E","R","B",null,"M","M","$","M","?","E","M","R","T","R","E","M","E","$","R","B",null,"R","$","E","B",null],"character_chosen":"THE_CHAMP","items_purchased":["vexMod:BarristanHead","MerchantsRug","Mummified Hand","Divine Protection","Blue Doll","Vajra","GodSword6","ReplayTheSpireMod:CursedCoin","testmod-Justice","Juzu Bracelet","testmod-Charity","testmod-SelfRegulatingSystem"],"campfire_rested":0,"item_purchase_floors":[14,14,19,28,28,28,32,37,37,37,44,48],"current_hp_per_floor":[89,89,78,78,76,90,90,90,90,90,90,81,75,75,75,75,90,70,70,65,56,56,41,35,90,90,90,90,90,90,90,90,90,90,90,90,90,90,90,90,90,90,90,91,104,106,118,121,121,152,152,152,152,179,204],"gold":51,"neow_bonus":"RANDOM_COMMON_RELIC","is_daily":false,"chose_seed":false,"campfire_upgraded":5,"win_rate":0.0,"timestamp":1608016771,"path_taken":["M","M","?","?","M","E","M","R","T","M","R","M","?","$","R_BF","BOSS","M","$","?","M","?","E","?","E","T","?","$","M","R","E","R","BOSS","M","M","$","M","?","E","M","R","T","R","E","M","E","?","R","BOSS","R","$","E","BOSS"],"items_purchased_type":["Relic","Relic","Relic","Relic","Relic","Relic","Relic","Relic","Relic","Relic","Relic","Card"],"build_version":"2020-12-13","purchased_purges":2,"victory":true,"max_hp_per_floor":[90,90,90,90,90,90,90,90,90,90,90,90,90,90,90,90,90,90,90,90,90,90,90,90,90,90,90,90,90,90,90,90,90,90,90,90,90,90,90,90,90,90,90,91,104,106,118,121,121,152,152,152,152,179,204],"relic_stats":{"counters":[29,111],"Mummified Hand":[57],"Juzu Bracelet":0,"obtain_stats":[{"Divine Protection":28,"Vajra":28,"champ:ChampionCrown":0,"Blue Doll":28,"testmod-LifeArmor":23,"Juzu Bracelet":37,"vexMod:TanglingVine":34,"Cursed Key":34,"testmod-Charity":44,"MagicDraw1":9,"testmod-Brilliant":25,"Replay:Bandana":47,"Mummified Hand":19,"testmod-TheFather":6,"vexMod:DeviousBotling":17,"vexMod:RetaliationKit":45,"Replay:Bottled Steam":40,"MerchantsRug":14,"testmod-TestBox":0,"ReplayTheSpireMod:CursedCoin":37,"Replay:Grab Bag":34,"champ:ChampionCrownUpgraded":34,"Omamori":31,"testmod-Justice":37,"testmod-SaigiyounoYou":34,"vexMod:BarristanHead":14,"testmod-Acrobat":0,"testmod-AssaultLearning":26,"testmod-Hope":0,"Simple Rune":54,"GodSword6":32,"LetterFromLob":54},{"Divine Protection":15,"Vajra":15,"champ:ChampionCrown":0,"Blue Doll":15,"testmod-LifeArmor":13,"Juzu Bracelet":20,"vexMod:TanglingVine":18,"Cursed Key":18,"testmod-Charity":23,"MagicDraw1":5,"testmod-Brilliant":14,"Replay:Bandana":26,"Mummified Hand":10,"testmod-TheFather":4,"vexMod:DeviousBotling":9,"vexMod:RetaliationKit":24,"Replay:Bottled Steam":22,"MerchantsRug":8,"testmod-TestBox":0,"ReplayTheSpireMod:CursedCoin":20,"Replay:Grab Bag":18,"champ:ChampionCrownUpgraded":18,"Omamori":17,"testmod-Justice":20,"testmod-SaigiyounoYou":18,"vexMod:BarristanHead":8,"testmod-Acrobat":0,"testmod-AssaultLearning":14,"testmod-Hope":0,"Simple Rune":28,"GodSword6":17,"LetterFromLob":28},{"Divine Protection":53,"Vajra":53,"champ:ChampionCrown":0,"Blue Doll":53,"testmod-LifeArmor":45,"Juzu Bracelet":71,"vexMod:TanglingVine":67,"Cursed Key":67,"testmod-Charity":80,"MagicDraw1":15,"testmod-Brilliant":51,"Replay:Bandana":91,"Mummified Hand":30,"testmod-TheFather":12,"vexMod:DeviousBotling":27,"vexMod:RetaliationKit":83,"Replay:Bottled Steam":78,"MerchantsRug":21,"testmod-TestBox":0,"ReplayTheSpireMod:CursedCoin":71,"Replay:Grab Bag":67,"champ:ChampionCrownUpgraded":67,"Omamori":59,"testmod-Justice":71,"testmod-SaigiyounoYou":67,"vexMod:BarristanHead":21,"testmod-Acrobat":0,"testmod-AssaultLearning":51,"testmod-Hope":0,"Simple Rune":102,"GodSword6":59,"LetterFromLob":102}]},"card_choices":[{"not_picked":["champ:FanOfKnives","champ:HeartStrike"],"picked":"champ:StanceDance","floor":1.0},{"not_picked":["champ:Riposte","champ:Haymaker"],"picked":"champ:ArenaPreparation","floor":2.0},{"not_picked":["champ:ShieldSigil","champ:GladiatorsShout","champ:Circumvent"],"picked":"SKIP","floor":5.0},{"not_picked":["champ:DeathBlow","champ:CalledShot","champ:GladiatorsShout"],"picked":"SKIP","floor":6.0},{"not_picked":["champ:Aggression","champ:CrookedStrike","champ:Haymaker"],"picked":"SKIP","floor":7.0},{"not_picked":["champ:DefensiveShout","champ:CrownThrow","champ:EnGarde"],"picked":"SKIP","floor":10.0},{"not_picked":["champ:Backstep","champ:FanOfKnives"],"picked":"champ:ShieldWall","floor":12.0},{"not_picked":["champ:Encircle","champ:DeathBlow"],"picked":"champ:Control","floor":13.0},{"not_picked":["champ:ShieldSlam","champ:SteelEdge"],"picked":"champ:EnchantCrown","floor":16},{"not_picked":["champ:ArenaPreparation","champ:FlashCut","champ:GutPunch"],"picked":"SKIP","floor":18},{"not_picked":["champ:FocusedDefense","champ:SwordSigil"],"picked":"champ:TornadoPunch+1","floor":20},{"not_picked":["champ:GladiatorsShout","champ:FaceSlap"],"picked":"champ:RisingSlash+1","floor":21},{"not_picked":["champ:Shatter","champ:AdrenalArmor","champ:PerfectedStrike"],"picked":"SKIP","floor":23},{"not_picked":["champ:Riposte","champ:Lariat"],"picked":"champ:IgnorePain","floor":25},{"not_picked":["champ:FocusedDefense","champ:Backstep","champ:AdrenalArmor"],"picked":"SKIP","floor":27},{"not_picked":["champ:Circumvent+1","champ:GladiatorsShout","champ:FaceSlap"],"picked":"SKIP","floor":29},{"not_picked":["champ:GladiatorStyle","champ:FalseCounter","champ:EnGarde+1"],"picked":"SKIP","floor":31},{"not_picked":["champ:PerfectForm","champ:HeavySlash"],"picked":"champ:HoldFirm","floor":33},{"not_picked":["champ:EnragedBash","champ:Haymaker","champ:FlashCut"],"picked":"SKIP","floor":35},{"not_picked":["champ:BerserkersShout","champ:BladeFlurry","champ:PerfectedStrike+1"],"picked":"SKIP","floor":36},{"not_picked":["champ:DefensiveStyle","champ:Haymaker","champ:TornadoPunch+1"],"picked":"SKIP","floor":38},{"not_picked":["champ:CrookedStrike+1","champ:EnragedBash","champ:FocusedBerserking"],"picked":"SKIP","floor":40},{"not_picked":["champ:AdrenalArmor","champ:EndlessRage+1"],"picked":"champ:MurderStrike","floor":41},{"not_picked":["champ:CrookedStrike+1","champ:VampiricStrike"],"picked":"champ:Duel+1","floor":45},{"not_picked":["champ:Backstep+1","champ:FanOfKnives","champ:DeathBlow+1"],"picked":"SKIP","floor":46},{"not_picked":["champ:EnGarde","champ:FocusedDefense","champ:Devastate"],"picked":"SKIP","floor":47},{"not_picked":["champ:Haymaker+1","champ:SwordSigil"],"picked":"champ:ShieldWall","floor":54}],"player_experience":317341,"relics_obtained":[{"floor":6.0,"key":"testmod-TheFather"},{"floor":9.0,"key":"MagicDraw1"},{"floor":23,"key":"testmod-LifeArmor"},{"floor":25,"key":"testmod-Brilliant"},{"floor":26,"key":"testmod-AssaultLearning"},{"floor":31,"key":"Omamori"},{"floor":40,"key":"Replay:Bottled Steam"},{"floor":45,"key":"vexMod:RetaliationKit"},{"floor":47,"key":"Replay:Bandana"},{"floor":54,"key":"Simple Rune"},{"floor":54,"key":"LetterFromLob"}],"event_choices":[{"damage_healed":0.0,"max_hp_gain":0.0,"max_hp_loss":0.0,"gold_gain":75.0,"event_name":"World of Goop","player_choice":"Gather Gold","floor":3.0,"gold_loss":0.0,"damage_taken":11.0},{"damage_healed":0.0,"max_hp_gain":0.0,"max_hp_loss":0.0,"gold_gain":0.0,"event_name":"Match and Keep!","player_choice":"1 cards matched","floor":4.0,"gold_loss":0.0,"damage_taken":0.0,"cards_obtained":["champ:Taunt"]},{"damage_healed":0,"gold_gain":400,"player_choice":"Sell","damage_taken":0,"max_hp_gain":0,"max_hp_loss":0,"event_name":"恩洛斯的盘子","floor":22,"relics_lost":["testmod-TestBox"],"gold_loss":0},{"damage_healed":0,"gold_gain":0,"player_choice":"","damage_taken":6,"max_hp_gain":0,"max_hp_loss":0,"event_name":"Knowing Skull","floor":24,"potions_obtained":[],"gold_loss":0,"cards_obtained":[]},{"damage_healed":0,"gold_gain":0,"player_choice":"Copied","damage_taken":0,"max_hp_gain":0,"max_hp_loss":0,"event_name":"Duplicator","floor":39,"gold_loss":0,"cards_obtained":["champ:ShieldWall"]}],"is_beta":false,"boss_relics":[{"not_picked":["Velvet Choker","Ring of Chaos"],"picked":"vexMod:DeviousBotling"},{"not_picked":["Pandora\u0027s Box","testmod-IncinerationGenerator"],"picked":"Replay:Grab Bag"},{"not_picked":["ChewingGum","vexMod:RockOfEvil"],"picked":"vexMod:TanglingVine"},{"not_picked":["Sozu","Coffee Dripper"],"picked":"Cursed Key"},{"not_picked":["testmod-BatchProcessingSystem","testmod-TimeTraveler"],"picked":"testmod-SaigiyounoYou"},{"not_picked":["testmod-Nine","testmod-EnergyCheck"],"picked":"champ:ChampionCrownUpgraded"}],"items_purged_floors":[14,28],"is_endless":false,"potions_floor_spawned":[2,5,6,7,12,18,27,29,33,38,40,46,47],"ascension_level":1}}