{"host":"q5vpntglr38zhb0c","time":1608045953,"event":{"mods":["BaseMod","Colored Map","DeckTracker","Keyboard Shortcuts","Minty Spire (QoL Compilation)","Permanent Neow","StSLib","SuperFastMode","everything is the same but u backflip on backflip"],"gold_per_floor":[117,42,56,66,16,16,51,51,78,78,111,129,109,120,120,198,198,216,216,116,116,130,164,39,39,39,74,274,285,320,339,339,417,417,436,449,449,465,482,482,482,482],"floor_reached":41,"playtime":2077,"items_purged":["Strike_R","Rampage+1","Bash"],"score":922,"play_id":"d49c1bd4-7915-4746-ba22-4ffe70cd7ee0","local_time":"20201216002553","is_ascension_mode":true,"campfire_choices":[{"data":"Body Slam","floor":6.0,"key":"SMITH"},{"data":"Armaments","floor":8.0,"key":"SMITH"},{"data":"Inflame","floor":10.0,"key":"SMITH"},{"data":"Shrug It Off","floor":15.0,"key":"SMITH"},{"data":"Shrug It Off","floor":25.0,"key":"SMITH"},{"floor":32.0,"key":"RECALL"},{"data":"Burning Pact","floor":40.0,"key":"SMITH"}],"circlet_count":0,"master_deck":["AscendersBane","Defend_R","Defend_R","Defend_R","Inflame+1","Pummel","Inflame","Body Slam+1","Armaments+1","Shrug It Off+1","Flame Barrier","Impervious","Sword Boomerang+1","Body Slam+1","Shrug It Off+1","Juggernaut","Burning Pact+1"],"relics":["Burning Blood","Centennial Puzzle","Ancient Tea Set","Potion Belt","Astrolabe","Tiny Chest","Bird Faced Urn","Lantern","Runic Dome"],"acts_visited":["Exordium","TheCity","TheBeyond"],"potions_floor_usage":[41],"damage_taken":[{"damage":12.0,"enemies":"Cultist","floor":1.0,"turns":4.0},{"damage":3.0,"enemies":"Small Slimes","floor":3.0,"turns":7.0},{"damage":2.0,"enemies":"Jaw Worm","floor":4.0,"turns":3.0},{"damage":20.0,"enemies":"Lagavulin","floor":7.0,"turns":6.0},{"damage":27.0,"enemies":"3 Sentries","floor":11.0,"turns":8.0},{"damage":18.0,"enemies":"Exordium Thugs","floor":12.0,"turns":4.0},{"damage":4.0,"enemies":"3 Louse","floor":14.0,"turns":5.0},{"damage":4.0,"enemies":"The Guardian","floor":16.0,"turns":11.0},{"damage":19.0,"enemies":"2 Thieves","floor":18.0,"turns":4.0},{"damage":11.0,"enemies":"Chosen","floor":22.0,"turns":5.0},{"damage":13.0,"enemies":"Book of Stabbing","floor":23.0,"turns":5.0},{"damage":12.0,"enemies":"Gremlin Leader","floor":27.0,"turns":6.0},{"damage":2.0,"enemies":"Centurion and Healer","floor":29.0,"turns":6.0},{"damage":19.0,"enemies":"Slavers","floor":30.0,"turns":5.0},{"damage":3.0,"enemies":"Snecko","floor":31.0,"turns":4.0},{"damage":52.0,"enemies":"Champ","floor":33.0,"turns":11.0},{"damage":0.0,"enemies":"3 Shapes","floor":35.0,"turns":4.0},{"damage":17.0,"enemies":"3 Darklings","floor":36.0,"turns":7.0},{"damage":8.0,"enemies":"Spire Growth","floor":38.0,"turns":4.0},{"damage":26.0,"enemies":"Writhing Mass","floor":39.0,"turns":5.0},{"damage":53,"enemies":"Reptomancer","floor":41,"turns":3}],"seed_played":"-8663762158549838269","potions_obtained":[{"floor":1.0,"key":"Weak Potion"},{"floor":7.0,"key":"SteroidPotion"},{"floor":11.0,"key":"LiquidBronze"},{"floor":12.0,"key":"HeartOfIron"},{"floor":13.0,"key":"Explosive Potion"},{"floor":18.0,"key":"Weak Potion"},{"floor":22.0,"key":"Block Potion"},{"floor":27.0,"key":"Energy Potion"},{"floor":33.0,"key":"LiquidBronze"},{"floor":36.0,"key":"PowerPotion"}],"is_trial":false,"path_per_floor":["M","$","M","M","$","R","E","R","T","R","E","M","?","M","R","B",null,"M","?","$","?","M","E","$","R","T","E","?","M","E","M","R","B",null,"M","M","?","M","M","R","E"],"character_chosen":"IRONCLAD","items_purchased":["Body Slam"],"campfire_rested":0,"item_purchase_floors":[5],"current_hp_per_floor":[62,62,65,68,68,68,54,54,54,54,33,21,21,23,23,25,57,44,44,44,68,63,56,56,56,56,54,54,62,53,58,58,16,55,67,61,61,63,47,47,0,0],"gold":482,"neow_bonus":"REMOVE_TWO","is_daily":false,"chose_seed":false,"campfire_upgraded":6,"win_rate":0.0,"timestamp":1608045953,"path_taken":["M","?","?","M","$","R","E","R","T","R","E","?","?","M","R","BOSS","M","?","?","?","?","E","$","R","T","E","?","M","E","M","R","BOSS","M","M","?","M","M","R","E"],"items_purchased_type":["Card"],"build_version":"2020-12-13","purchased_purges":3,"victory":false,"max_hp_per_floor":[68,68,68,68,68,68,68,68,68,68,68,68,68,68,68,68,68,68,68,68,68,68,68,68,68,68,68,68,68,68,68,68,68,68,68,68,68,68,68,68,68,68],"card_choices":[{"not_picked":["Fire Breathing","Shrug It Off"],"picked":"Inflame","floor":1.0},{"not_picked":["Clothesline","Bloodletting"],"picked":"Pummel","floor":3.0},{"not_picked":["True Grit","Anger"],"picked":"Inflame","floor":4.0},{"not_picked":["Berserk","Fiend Fire"],"picked":"Armaments","floor":7.0},{"not_picked":["Flame Barrier","Headbutt"],"picked":"Shrug It Off","floor":11.0},{"not_picked":["Headbutt","Seeing Red"],"picked":"Flame Barrier","floor":12.0},{"not_picked":["Sword Boomerang","Sentinel","Anger"],"picked":"SKIP","floor":14.0},{"not_picked":["Bludgeon","Berserk"],"picked":"Impervious","floor":16.0},{"not_picked":["Armaments+1","Hemokinesis","Cleave"],"picked":"SKIP","floor":18.0},{"not_picked":["Sentinel","Pommel Strike"],"picked":"Shrug It Off","floor":22.0},{"not_picked":["Flame Barrier","Second Wind","Seeing Red"],"picked":"SKIP","floor":23.0},{"not_picked":["Perfected Strike","Bloodletting","Shrug It Off"],"picked":"SKIP","floor":27.0},{"not_picked":["Searing Blow","Flex","Wild Strike"],"picked":"SKIP","floor":29.0},{"not_picked":["Searing Blow","Flex","Wild Strike"],"picked":"SKIP","floor":29.0},{"not_picked":["Anger","Dual Wield","Shrug It Off"],"picked":"SKIP","floor":30.0},{"not_picked":["Uppercut+1","Pummel","Fire Breathing"],"picked":"SKIP","floor":31.0},{"not_picked":["Limit Break","Fiend Fire"],"picked":"Juggernaut","floor":33.0},{"not_picked":["True Grit","Headbutt","Armaments"],"picked":"SKIP","floor":35.0},{"not_picked":["Cleave","Ghostly Armor","Perfected Strike+1"],"picked":"SKIP","floor":36.0},{"not_picked":["Seeing Red","Cleave"],"picked":"Burning Pact","floor":38.0},{"not_picked":["Dropkick","Havoc","Immolate"],"picked":"SKIP","floor":39.0}],"player_experience":1292548,"relics_obtained":[{"floor":7.0,"key":"Centennial Puzzle"},{"floor":9.0,"key":"Ancient Tea Set"},{"floor":11.0,"key":"Potion Belt"},{"floor":23.0,"key":"Tiny Chest"},{"floor":26.0,"key":"Bird Faced Urn"},{"floor":30.0,"key":"Lantern"}],"event_choices":[{"damage_healed":0.0,"max_hp_gain":0.0,"max_hp_loss":0.0,"gold_gain":0.0,"event_name":"The Woman in Blue","player_choice":"Bought 1 Potion","floor":13.0,"gold_loss":0.0,"damage_taken":0.0},{"damage_healed":0.0,"max_hp_gain":0.0,"max_hp_loss":0.0,"gold_gain":0.0,"event_name":"Duplicator","player_choice":"Copied","floor":19.0,"gold_loss":0.0,"damage_taken":0.0,"cards_obtained":["Body Slam"]},{"cards_removed":["Whirlwind"],"damage_healed":24.0,"max_hp_gain":0.0,"max_hp_loss":0.0,"gold_gain":0.0,"event_name":"Bonfire Elementals","player_choice":"Offered Uncommon","floor":21.0,"gold_loss":0.0,"damage_taken":0.0},{"damage_healed":0.0,"max_hp_gain":0.0,"max_hp_loss":0.0,"gold_gain":250.0,"event_name":"The Joust","player_choice":"Bet on Owner","floor":28.0,"gold_loss":50.0,"damage_taken":0.0},{"damage_healed":0.0,"max_hp_gain":0.0,"max_hp_loss":0.0,"gold_gain":0.0,"event_name":"Tomb of Lord Red Mask","player_choice":"Ignored","floor":37.0,"gold_loss":0.0,"damage_taken":0.0}],"is_beta":false,"boss_relics":[{"not_picked":["Sozu","Mark of Pain"],"picked":"Astrolabe"},{"not_picked":["Runic Cube","Calling Bell"],"picked":"Runic Dome"}],"items_purged_floors":[2,20,24],"is_endless":false,"potions_floor_spawned":[1,7,11,12,18,22,27,33,36],"killed_by":"Reptomancer","ascension_level":20}}