{"host":"f5n4tidiz2n5sooh","time":1608027475,"event":{"mods":["BaseMod","Colored Map","Minty Spire (QoL Compilation)","Relic Stats","StSLib"],"gold_per_floor":[110,124,274,45,45,45,55,55,106,137,156,156,156,168,168,244,244,260,276,276,305,305,339,354,372,372,392,420,420,430,458,458,458,458],"floor_reached":33,"playtime":1214,"items_purged":["Doubt"],"score":814,"play_id":"1ad269ad-6ab5-40b5-b392-de2c3c38fe5e","local_time":"20201215041755","is_ascension_mode":true,"campfire_choices":[{"data":"BowlingBash","floor":6.0,"key":"SMITH"},{"data":"Tantrum","floor":8.0,"key":"SMITH"},{"data":"TalkToTheHand","floor":12.0,"key":"SMITH"},{"data":"SandsOfTime","floor":15.0,"key":"SMITH"},{"data":"Ghostly","floor":29,"key":"SMITH"},{"data":"Ghostly","floor":32,"key":"SMITH"}],"circlet_count":0,"master_deck":["AscendersBane","Strike_P","Strike_P","Strike_P","Defend_P+1","Defend_P","Defend_P","Defend_P","Eruption","Vigilance","Indignation","ThirdEye+1","BowlingBash+1","Tantrum+1","SandsOfTime+1","TalkToTheHand+1","Scrawl","Vault","Swivel+1","Ghostly+1","Ghostly+1","Ghostly","Conclude+1","Necronomicurse","LessonLearned+1","Worship","CutThroughFate","FearNoEvil","Worship","WheelKick"],"relics":["PureWater","Membership Card","Centennial Puzzle","Potion Belt","Boot","Snecko Eye","Red Mask","Necronomicon","InkBottle","Sundial","Frozen Egg 2","Eternal Feather"],"acts_visited":["Exordium","TheCity"],"potions_floor_usage":[28,28,31],"damage_taken":[{"damage":0.0,"enemies":"Jaw Worm","floor":1.0,"turns":3.0},{"damage":10.0,"enemies":"Small Slimes","floor":2.0,"turns":3.0},{"damage":4.0,"enemies":"2 Louse","floor":7.0,"turns":2.0},{"damage":22.0,"enemies":"Gremlin Nob","floor":10.0,"turns":3.0},{"damage":8.0,"enemies":"Large Slime","floor":11.0,"turns":4.0},{"damage":3.0,"enemies":"Blue Slaver","floor":14.0,"turns":2.0},{"damage":0.0,"enemies":"Slime Boss","floor":16.0,"turns":5.0},{"damage":0.0,"enemies":"3 Byrds","floor":18.0,"turns":3.0},{"damage":0.0,"enemies":"2 Thieves","floor":19.0,"turns":2.0},{"damage":0.0,"enemies":"Masked Bandits","floor":21.0,"turns":2.0},{"damage":0.0,"enemies":"Gremlin Leader","floor":23.0,"turns":2.0},{"damage":0,"enemies":"Centurion and Healer","floor":24,"turns":4},{"damage":0,"enemies":"Snecko","floor":25,"turns":3},{"damage":0,"enemies":"3 Cultists","floor":27,"turns":4},{"damage":7,"enemies":"Book of Stabbing","floor":28,"turns":5},{"damage":2,"enemies":"Shelled Parasite and Fungi","floor":30,"turns":4},{"damage":0,"enemies":"Slavers","floor":31,"turns":5},{"damage":66,"enemies":"Champ","floor":33,"turns":6}],"seed_played":"-8461497493346048434","potions_obtained":[{"floor":1.0,"key":"Regen Potion"},{"floor":2.0,"key":"EntropicBrew"},{"floor":10.0,"key":"SmokeBomb"},{"floor":18.0,"key":"DuplicationPotion"},{"floor":24,"key":"ColorlessPotion"},{"floor":30,"key":"LiquidBronze"},{"floor":31,"key":"Fruit Juice"}],"is_trial":false,"path_per_floor":["M","M","?","$","?","R","M","R","T","E","M","R","?","M","R","B",null,"M","M","?","?","?","E","M","M","T","M","E","R","M","E","R","B"],"character_chosen":"WATCHER","items_purchased":["Membership Card","BowlingBash"],"campfire_rested":0,"item_purchase_floors":[4,4],"current_hp_per_floor":[67,57,57,57,31,31,27,27,27,5,9,9,9,6,6,6,57,57,57,37,37,16,16,16,16,16,16,9,9,7,7,25,0,0],"gold":458,"neow_bonus":"TEN_PERCENT_HP_BONUS","is_daily":false,"chose_seed":false,"campfire_upgraded":6,"win_rate":0.0,"timestamp":1608027475,"path_taken":["M","M","?","$","?","R","M","R","T","E","M","R","?","M","R","BOSS","M","M","?","?","?","E","M","M","T","M","E","R","M","E","R","BOSS"],"items_purchased_type":["Relic","Card"],"build_version":"2020-12-13","purchased_purges":1,"victory":false,"max_hp_per_floor":[74,74,74,74,74,74,74,74,74,74,74,74,74,74,74,74,74,74,74,37,37,37,37,37,37,37,37,37,37,37,37,37,37,37],"relic_stats":{"Centennial Puzzle":[18],"counters":[18,62],"Sundial":[4],"Snecko Eye":[85,88,76,75],"Eternal Feather":18,"Necronomicon":[15],"Boot":[120],"obtain_stats":[{"Potion Belt":9,"Centennial Puzzle":5,"Sundial":26,"Snecko Eye":17,"Eternal Feather":31,"Red Mask":21,"Necronomicon":22,"Membership Card":4,"PureWater":0,"Frozen Egg 2":28,"Boot":10,"InkBottle":23},{"Potion Belt":3,"Centennial Puzzle":2,"Sundial":13,"Snecko Eye":7,"Eternal Feather":17,"Red Mask":10,"Necronomicon":10,"Membership Card":2,"PureWater":0,"Frozen Egg 2":15,"Boot":4,"InkBottle":11},{"Potion Belt":8,"Centennial Puzzle":6,"Sundial":38,"Snecko Eye":22,"Eternal Feather":56,"Red Mask":29,"Necronomicon":29,"Membership Card":6,"PureWater":0,"Frozen Egg 2":47,"Boot":11,"InkBottle":31}],"InkBottle":[11]},"card_choices":[{"not_picked":["Swivel","Pray"],"picked":"Indignation","floor":1.0},{"not_picked":["CrushJoints","WindmillStrike"],"picked":"ThirdEye","floor":2.0},{"not_picked":["EmptyFist","WaveOfTheHand"],"picked":"Tantrum","floor":7.0},{"not_picked":["EmptyMind","FollowUp"],"picked":"SandsOfTime","floor":10.0},{"not_picked":["Protect","EmptyBody"],"picked":"TalkToTheHand","floor":11.0},{"not_picked":["Consecrate","MentalFortress"],"picked":"Scrawl","floor":14.0},{"not_picked":["SpiritShield","Omniscience"],"picked":"Vault","floor":16.0},{"not_picked":["ThirdEye","EmptyFist","Prostrate+1"],"picked":"SKIP","floor":18.0},{"not_picked":["FollowUp+1","FlyingSleeves","Swivel"],"picked":"SKIP","floor":19.0},{"not_picked":["FollowUp+1","FlyingSleeves"],"picked":"Swivel","floor":19.0},{"not_picked":["Perseverance","ThirdEye+1"],"picked":"Conclude+1","floor":21.0},{"not_picked":["CutThroughFate","Protect"],"picked":"LessonLearned","floor":23.0},{"not_picked":["SashWhip","WheelKick"],"picked":"Worship","floor":24},{"not_picked":["EmptyFist","Protect"],"picked":"CutThroughFate","floor":25},{"not_picked":["CarveReality","EmptyBody"],"picked":"FearNoEvil","floor":27},{"not_picked":["DeceiveReality+1","SandsOfTime"],"picked":"Worship","floor":28},{"not_picked":["Halt","FlyingSleeves","Protect"],"picked":"SKIP","floor":30},{"not_picked":["Nirvana+1","FollowUp+1"],"picked":"WheelKick","floor":31}],"player_experience":1891623,"relics_obtained":[{"floor":9.0,"key":"Potion Belt"},{"floor":10.0,"key":"Boot"},{"floor":21.0,"key":"Red Mask"},{"floor":22.0,"key":"Necronomicon"},{"floor":23.0,"key":"InkBottle"},{"floor":26,"key":"Sundial"},{"floor":28,"key":"Frozen Egg 2"},{"floor":31,"key":"Eternal Feather"}],"event_choices":[{"damage_healed":0.0,"max_hp_gain":0.0,"max_hp_loss":0.0,"gold_gain":150.0,"event_name":"Liars Game","player_choice":"AGREE","floor":3.0,"gold_loss":0.0,"damage_taken":0.0,"cards_obtained":["Doubt"]},{"damage_healed":0.0,"max_hp_gain":0.0,"max_hp_loss":0.0,"gold_gain":0.0,"event_name":"Scrap Ooze","player_choice":"Success","floor":5.0,"gold_loss":0.0,"damage_taken":26.0,"relics_obtained":["Centennial Puzzle"]},{"cards_removed":["Strike_P"],"damage_healed":0.0,"max_hp_gain":0.0,"max_hp_loss":0.0,"gold_gain":0.0,"event_name":"Living Wall","player_choice":"Forget","floor":13.0,"gold_loss":0.0,"damage_taken":0.0},{"damage_healed":0.0,"max_hp_gain":0.0,"max_hp_loss":37.0,"gold_gain":0.0,"event_name":"Ghosts","player_choice":"Became a Ghost","floor":20.0,"gold_loss":0.0,"damage_taken":0.0,"cards_obtained":["Ghostly","Ghostly","Ghostly"]},{"damage_healed":0.0,"max_hp_gain":0.0,"max_hp_loss":0.0,"gold_gain":0.0,"event_name":"Masked Bandits","player_choice":"Fought Bandits","floor":21.0,"gold_loss":0.0,"damage_taken":0.0},{"damage_healed":0.0,"max_hp_gain":0.0,"max_hp_loss":0.0,"gold_gain":0.0,"event_name":"Cursed Tome","player_choice":"Obtained Book","floor":22.0,"gold_loss":0.0,"damage_taken":21.0}],"is_beta":false,"boss_relics":[{"not_picked":["Fusion Hammer","Astrolabe"],"picked":"Snecko Eye"}],"items_purged_floors":[4],"is_endless":false,"potions_floor_spawned":[1,2,10,18,24,25,27,30,31],"killed_by":"Champ","ascension_level":20}}