{"host":"5gc11emcm5chfr5t","time":1608031902,"event":{"mods":["2.2 Compatiblity","AchievementEnabler","BaseMod","Bestiary","Better Note","Colored Map","Colored Powertips","Googly Eyes","Minty Spire (QoL Compilation)","Rare Cards Sparkle","StSLib"],"gold_per_floor":[116,128,128,140,140,140,171,171,224,295,295,322,26,46,46,145,145,158,158,176,19,32,58,58,58,127,127,143,174,174,185,185,287,287,300,300,312,326,73,107,107,134,134,146,13,30,30,49,49,49,49,49,14,46,46,46],"floor_reached":55,"playtime":2790,"items_purged":["Pain","Regret"],"score":703,"play_id":"35a12dfa-8f6f-4269-b1d5-ca4a723b5dc4","local_time":"20201215063142","is_ascension_mode":false,"campfire_choices":[{"data":"Zap","floor":6.0,"key":"SMITH"},{"floor":11.0,"key":"REST"},{"floor":15.0,"key":"REST"},{"floor":25.0,"key":"RECALL"},{"floor":32,"key":"REST"},{"floor":41,"key":"REST"},{"floor":44,"key":"REST"},{"floor":49,"key":"REST"},{"floor":52,"key":"REST"}],"circlet_count":0,"master_deck":["Strike_B+1","Strike_B+1","Strike_B+1","Strike_B","Defend_B","Defend_B","Defend_B","Defend_B","Zap+1","Dualcast+1","Aggregate","Conserve Battery","Stack","Genetic Algorithm","Creative AI+1","Leap","Sunder","Echo Form","Fusion+1","Leap+1","Echo Form","FlyingSleeves","Stack","Hologram+1","Thunder Strike","CurseOfTheBell","Ball Lightning","BootSequence+1","Recycle+1","Storm","Force Field","Defragment"],"relics":["Cracked Core","WarpedTongs","MealTicket","Unceasing Top","Gremlin Horn","Gambling Chip","Whetstone","Fusion Hammer","Bronze Scales","PreservedInsect","Meat on the Bone","Red Mask","Calling Bell","Orichalcum","Kunai","Bird Faced Urn","DataDisk","Pen Nib","Juzu Bracelet","MawBank","Chemical X","Centennial Puzzle"],"acts_visited":["Exordium","TheCity","TheBeyond","TheEnding"],"potions_floor_usage":[29,29,29,33,35,37,38,40,55,55],"damage_taken":[{"damage":6.0,"enemies":"Jaw Worm","floor":1.0,"turns":3.0},{"damage":4.0,"enemies":"Cultist","floor":2.0,"turns":4.0},{"damage":3.0,"enemies":"2 Louse","floor":4.0,"turns":2.0},{"damage":7.0,"enemies":"Gremlin Nob","floor":7.0,"turns":3.0},{"damage":40.0,"enemies":"3 Sentries","floor":12.0,"turns":11.0},{"damage":6.0,"enemies":"Large Slime","floor":14.0,"turns":6.0},{"damage":23.0,"enemies":"Hexaghost","floor":16.0,"turns":10.0},{"damage":8.0,"enemies":"Shell Parasite","floor":18.0,"turns":6.0},{"damage":3.0,"enemies":"Spheric Guardian","floor":20.0,"turns":5.0},{"damage":24.0,"enemies":"Cultist and Chosen","floor":22.0,"turns":7.0},{"damage":16.0,"enemies":"Book of Stabbing","floor":23.0,"turns":6.0},{"damage":1.0,"enemies":"Centurion and Healer","floor":28.0,"turns":7.0},{"damage":11,"enemies":"Masked Bandits","floor":29,"turns":4},{"damage":7,"enemies":"Shelled Parasite and Fungi","floor":31,"turns":5},{"damage":33,"enemies":"Automaton","floor":33,"turns":8},{"damage":14,"enemies":"Orb Walker","floor":35,"turns":5},{"damage":50,"enemies":"3 Darklings","floor":37,"turns":5},{"damage":6,"enemies":"Writhing Mass","floor":38,"turns":7},{"damage":21,"enemies":"Giant Head","floor":40,"turns":8},{"damage":25,"enemies":"Nemesis","floor":42,"turns":5},{"damage":9,"enemies":"Transient","floor":46,"turns":5},{"damage":2,"enemies":"Sphere and 2 Shapes","floor":48,"turns":5},{"damage":57,"enemies":"Awakened One","floor":50,"turns":9},{"damage":35,"enemies":"Shield and Spear","floor":54,"turns":6},{"damage":69,"enemies":"The Heart","floor":55,"turns":3}],"seed_played":"-1651998585490015412","potions_obtained":[{"floor":0.0,"key":"SneckoOil"},{"floor":0.0,"key":"SkillPotion"},{"floor":0.0,"key":"EssenceOfDarkness"},{"floor":4.0,"key":"EssenceOfDarkness"},{"floor":12.0,"key":"Weak Potion"},{"floor":23.0,"key":"BlessingOfTheForge"},{"floor":28.0,"key":"Swift Potion"},{"floor":29,"key":"Strength Potion"},{"floor":31,"key":"SteroidPotion"},{"floor":35,"key":"Fruit Juice"},{"floor":36,"key":"Energy Potion"},{"floor":36,"key":"Ancient Potion"},{"floor":38,"key":"PowerPotion"},{"floor":48,"key":"SpeedPotion"},{"floor":54,"key":"FocusPotion"}],"is_trial":false,"path_per_floor":["M","M","?","M","?","R","E","?","T","T","R","E","$","M","R","B",null,"M","?","M","$","M","E","$","R","T","?","M","?","?","M","R","B",null,"M","?","M","M","$","E","R","E","T","R","$","M","$","M","R","B",null,"R","$","E","B"],"character_chosen":"DEFECT","items_purchased":["Whetstone","Leap","Fire Potion","Bronze Scales","DataDisk","Chemical X","Defragment"],"campfire_rested":7,"item_purchase_floors":[13,13,13,21,39,45,53],"current_hp_per_floor":[69,65,65,62,62,62,55,40,40,40,62,22,37,31,53,30,75,67,67,64,75,51,35,50,50,50,50,49,38,63,56,75,42,75,68,68,48,50,65,59,80,63,63,80,80,80,80,78,80,49,80,80,80,63,0,0],"gold":46,"neow_bonus":"THREE_SMALL_POTIONS","is_daily":false,"chose_seed":false,"campfire_upgraded":1,"win_rate":0.0,"timestamp":1608031902,"path_taken":["M","M","?","?","?","R","E","?","T","?","R","E","$","M","R","BOSS","M","?","M","$","M","E","?","R","T","?","?","?","?","M","R","BOSS","M","?","?","M","$","E","R","E","T","R","$","M","?","M","R","BOSS","R","$","E","BOSS"],"items_purchased_type":["Relic","Card","Potion","Relic","Relic","Relic","Card"],"build_version":"2020-12-13","purchased_purges":2,"victory":false,"max_hp_per_floor":[75,75,75,75,75,75,75,75,75,75,75,75,75,75,75,75,75,75,75,75,75,75,75,75,75,75,75,75,75,75,75,75,75,75,80,80,80,80,80,80,80,80,80,80,80,80,80,80,80,80,80,80,80,80,80,80],"card_choices":[{"not_picked":["Tempest","Leap"],"picked":"Aggregate","floor":1.0},{"not_picked":["Go for the Eyes","Gash"],"picked":"Conserve Battery","floor":2.0},{"not_picked":["Aggregate","Compile Driver"],"picked":"Stack","floor":4.0},{"not_picked":["Stack","Conserve Battery"],"picked":"Genetic Algorithm","floor":7.0},{"not_picked":["FTL","Coolheaded"],"picked":"Creative AI","floor":12.0},{"not_picked":["Leap","Go for the Eyes"],"picked":"Sunder","floor":14.0},{"not_picked":["All For One","Hyperbeam"],"picked":"Echo Form","floor":16.0},{"not_picked":["Cold Snap+1","Aggregate"],"picked":"Fusion+1","floor":18.0},{"not_picked":["Barrage","Cold Snap"],"picked":"Leap+1","floor":20.0},{"not_picked":["Go for the Eyes","FTL+1","Steam+1"],"picked":"SKIP","floor":22.0},{"not_picked":["Gash","Ball Lightning"],"picked":"Echo Form","floor":23.0},{"not_picked":["Coolheaded+1","Steam Power"],"picked":"Stack","floor":28.0},{"not_picked":["Stack","FTL"],"picked":"Hologram+1","floor":31},{"not_picked":["Seek","Buffer"],"picked":"Thunder Strike","floor":33},{"not_picked":["Beam Cell+1","Darkness"],"picked":"Ball Lightning","floor":35},{"not_picked":["Turbo","Sunder"],"picked":"BootSequence+1","floor":37},{"not_picked":["Compile Driver","Turbo+1"],"picked":"Recycle+1","floor":38},{"not_picked":["Leap","Cold Snap"],"picked":"Storm","floor":40},{"not_picked":["Loop","Hyperbeam","Blizzard"],"picked":"SKIP","floor":42},{"not_picked":["Reprogram","Sweeping Beam","Barrage+1"],"picked":"SKIP","floor":46},{"not_picked":["Aggregate","BootSequence"],"picked":"Force Field","floor":48},{"not_picked":["Beam Cell","Rebound+1","Ball Lightning"],"picked":"SKIP","floor":54}],"player_experience":342928,"relics_obtained":[{"floor":7.0,"key":"Unceasing Top"},{"floor":10.0,"key":"Gremlin Horn"},{"floor":12.0,"key":"Gambling Chip"},{"floor":23.0,"key":"PreservedInsect"},{"floor":26.0,"key":"Meat on the Bone"},{"floor":29,"key":"Red Mask"},{"floor":34,"key":"Orichalcum"},{"floor":34,"key":"Kunai"},{"floor":34,"key":"Bird Faced Urn"},{"floor":40,"key":"Pen Nib"},{"floor":42,"key":"Juzu Bracelet"},{"floor":43,"key":"MawBank"},{"floor":54,"key":"Centennial Puzzle"}],"event_choices":[{"damage_healed":0.0,"max_hp_gain":0.0,"max_hp_loss":0.0,"gold_gain":0.0,"event_name":"Accursed Blacksmith","player_choice":"Rummage","floor":3.0,"gold_loss":0.0,"damage_taken":0.0,"relics_obtained":["WarpedTongs"],"cards_obtained":["Pain"]},{"damage_healed":0.0,"max_hp_gain":0.0,"max_hp_loss":0.0,"gold_gain":0.0,"event_name":"Big Fish","player_choice":"Box","floor":5.0,"gold_loss":0.0,"damage_taken":0.0,"relics_obtained":["MealTicket"],"cards_obtained":["Regret"]},{"damage_healed":0.0,"max_hp_gain":0.0,"max_hp_loss":0.0,"gold_gain":0.0,"event_name":"Shining Light","player_choice":"Entered Light","floor":8.0,"gold_loss":0.0,"damage_taken":15.0,"cards_upgraded":["Strike_B","Dualcast"]},{"damage_healed":0.0,"max_hp_gain":0.0,"max_hp_loss":0.0,"gold_gain":0.0,"event_name":"Upgrade Shrine","player_choice":"Upgraded","floor":19.0,"gold_loss":0.0,"damage_taken":0.0,"cards_upgraded":["Creative AI"]},{"damage_healed":0.0,"max_hp_gain":0.0,"max_hp_loss":0.0,"gold_gain":0.0,"event_name":"betterNote:BetterNote","player_choice":"Take","floor":27.0,"gold_loss":0.0,"damage_taken":0.0,"cards_obtained":["FlyingSleeves"]},{"damage_healed":0,"gold_gain":0,"player_choice":"Fought Bandits","damage_taken":0,"max_hp_gain":0,"max_hp_loss":0,"event_name":"Masked Bandits","floor":29,"gold_loss":0},{"damage_healed":25,"gold_gain":0,"player_choice":"Heal","damage_taken":0,"max_hp_gain":0,"max_hp_loss":0,"event_name":"The Library","floor":30,"gold_loss":0},{"damage_healed":0,"gold_gain":0,"player_choice":"Got Potions","damage_taken":0,"max_hp_gain":0,"max_hp_loss":0,"event_name":"Lab","floor":36,"gold_loss":0}],"is_beta":false,"boss_relics":[{"not_picked":["Empty Cage","Coffee Dripper"],"picked":"Fusion Hammer"},{"not_picked":["Black Star","Tiny House"],"picked":"Calling Bell"}],"items_purged_floors":[13,39],"is_endless":false,"potions_floor_spawned":[4,12,23,28,29,31,35,38,48,54],"killed_by":"The Heart","ascension_level":0}}