{"host":"4kqw88srlhl37mck","time":1608050540,"event":{"mods":["BaseMod","Better Altar","Better Match","Better Note","Better Sensory Stone","Better Skull","Better Third Choice","BetterRewards","Colored Map","Highlight Path","Marisa（霧雨　魔理沙）","Minty Spire (QoL Compilation)","Quick Restart","Rare Cards Sparkle","Remilia（蕾米莉亚）","Shade Mod","Spicy Shops","StSLib","The Animator","The Forsaken","The Servant 0.9.4","Yuri Mod"],"gold_per_floor":[109,127,127,52,70,105,123,157,180,180,180,201,239,262,262,262,262],"floor_reached":16,"playtime":984,"items_purged":["Burn"],"score":189,"play_id":"5bdb0d4f-e85f-4d71-8adb-e82f731764a2","local_time":"20201215084220","is_ascension_mode":true,"campfire_choices":[{"floor":11,"key":"REST"},{"floor":15,"key":"REST"}],"circlet_count":0,"master_deck":["Strike_RM","Strike_RM","Strike_RM","Strike_RM","Defend_RM","Defend_RM","Defend_RM","Defend_RM","RedMoon","ScarletShoot","UnstableMagic+1","MastersStateliness","UnstableMagic+1","Stigmanizer"],"relics":["ScarletHat","Toxic Egg 2","Shuriken","Omamori","Juzu Bracelet","Golden Idol","Oddly Smooth Stone"],"acts_visited":["Exordium"],"potions_floor_usage":[],"damage_taken":[{"damage":0,"enemies":"2 Louse","floor":1,"turns":3},{"damage":0,"enemies":"Jaw Worm","floor":2,"turns":6},{"damage":0,"enemies":"Small Slimes","floor":5,"turns":4},{"damage":2,"enemies":"Lagavulin","floor":6,"turns":11},{"damage":2,"enemies":"Red Slaver","floor":7,"turns":6},{"damage":3,"enemies":"3 Sentries","floor":8,"turns":14},{"damage":0,"enemies":"3 Louse","floor":12,"turns":6},{"damage":43,"enemies":"Gremlin Nob","floor":13,"turns":8},{"damage":2,"enemies":"Lots of Slimes","floor":14,"turns":7},{"damage":15,"enemies":"The Guardian","floor":16,"turns":3}],"seed_played":"-576682627145914449","potions_obtained":[{"floor":2,"key":"DistilledChaos"},{"floor":8,"key":"SmokeBomb"},{"floor":13,"key":"CultistPotion"}],"is_trial":false,"path_per_floor":["M","M","?","$","M","E","M","E","T","?","R","M","E","M","R","B"],"character_chosen":"REMILIA","items_purchased":["Toxic Egg 2","Shuriken"],"campfire_rested":2,"item_purchase_floors":[0,0],"current_hp_per_floor":[54,54,54,54,54,57,56,55,55,37,59,59,17,15,37,22,22],"gold":262,"neow_bonus":"","is_daily":false,"chose_seed":false,"campfire_upgraded":0,"win_rate":0.0,"timestamp":1608050540,"path_taken":["M","M","?","$","M","E","M","E","T","?","R","M","E","M","R","BOSS"],"items_purchased_type":["Relic","Relic"],"build_version":"2020-12-13","purchased_purges":1,"victory":false,"max_hp_per_floor":[75,75,75,75,75,75,75,75,75,75,75,75,75,75,75,75,75],"card_choices":[{"not_picked":["UnderTheZenith+1","VampireKiss","FavorOfDestiny+1"],"picked":"SKIP","floor":1},{"not_picked":["BadLadyScramble+1","BlasphemousPunishment+1"],"picked":"UnstableMagic+1","floor":2},{"not_picked":["UnstableMagic+1","VampireKiss"],"picked":"MastersStateliness","floor":5},{"not_picked":["BloodHunter+1","ScarletNetherworld","RedRainbow"],"picked":"SKIP","floor":6},{"not_picked":["NightDance","BlasphemousPunishment+1","EndlessAdversity"],"picked":"SKIP","floor":7},{"not_picked":["BlasphemousPunishment+1","EndlessAdversity"],"picked":"UnstableMagic+1","floor":8},{"not_picked":["LeisurelyOfLord","ScarletDevil","RedNightlessCastle"],"picked":"SKIP","floor":12},{"not_picked":["DevilSight+1","TwelveNightmare","AfternoonTea+1"],"picked":"SKIP","floor":13},{"not_picked":["ForecastOfChange","FavorOfDestiny+1"],"picked":"Stigmanizer","floor":14}],"player_experience":213318,"relics_obtained":[{"floor":6,"key":"Omamori"},{"floor":8,"key":"Juzu Bracelet"},{"floor":13,"key":"Oddly Smooth Stone"}],"event_choices":[{"damage_healed":54,"gold_gain":0,"player_choice":"Embrace Burn","damage_taken":0,"max_hp_gain":0,"max_hp_loss":75,"event_name":"betterThird:BetterShining","floor":3,"gold_loss":0},{"damage_healed":0,"gold_gain":0,"player_choice":"Take Damage","damage_taken":18,"relics_obtained":["Golden Idol"],"max_hp_gain":0,"max_hp_loss":0,"event_name":"Golden Idol","floor":10,"gold_loss":0}],"is_beta":false,"boss_relics":[],"items_purged_floors":[4],"is_endless":false,"potions_floor_spawned":[2,8,13],"killed_by":"The Guardian","ascension_level":2}}