{"host":"l8lkgdumzpe3823a","time":1608060303,"event":{"mods":["Aspiration","BaseMod","Better Note","Colored Powertips","Curses Come First","Custom Start","DeckTracker","Defuse TimeMaze Blight","Highlight Path","Hubris","Infinite Spire","Minty Spire (QoL Compilation)","Quick Restart","Replay The Spire","Shop Mod","StSLib","SuperFastMode","The Construct","The Dragon Tamer","vexMod"],"gold_per_floor":[112,112,112,37,54,82,47,67,67,95,95,113,126,45,45,149,149,168,185,202,54,69,69,95,95,119,134,9,37,54,80,80,178,178,192,205,205,205,222,256,256,285,285,285,302,302,302,315,315,413,413,416,411,486,494,492,492,499,499,499,499,492,342,342,342,342,410,410,394,394,386,51,31,34,34,33,33,17,116,116,111,85,85,125,125,105,105,85,185,167,118,118,118,118,118,98,16,11,14,14,0,0],"floor_reached":101,"playtime":5659,"items_purged":["DTMod:SwitchingTactic","construct:AttackMode","Strike_G","Strike_G","Strike_G","Strike_G"],"score":2220,"play_id":"1bf70ebd-efdc-42b7-a678-fffc9849d127","local_time":"20201215132503","is_ascension_mode":true,"campfire_choices":[{"floor":11,"key":"REST"},{"data":"ReplayTheSpireMod:Scrap Shanks","floor":15,"key":"SMITH"},{"data":"Prepared","floor":23,"key":"SMITH"},{"data":"Calculated Gamble","floor":25,"key":"SMITH"},{"data":"Sneak Up","floor":32,"key":"SMITH"},{"data":"After Image","floor":32,"key":"SMITH"},{"data":"A Thousand Cuts","floor":41,"key":"SMITH"},{"data":"Caltrops","floor":41,"key":"SMITH"},{"data":"Acrobatics","floor":44,"key":"SMITH"},{"data":"Prepared","floor":44,"key":"SMITH"},{"data":"ReplayTheSpireMod:The Works","floor":46,"key":"SMITH"},{"data":"ReplayTheSpireMod:Speed Training","floor":46,"key":"SMITH"},{"data":"ReplayTheSpireMod:Shiv Toss","floor":49,"key":"SMITH"},{"data":"infinitespire:Execution","floor":49,"key":"SMITH"},{"data":"Calculated Gamble","floor":57,"key":"SMITH"},{"data":"Acrobatics","floor":57,"key":"SMITH"},{"floor":59,"key":"DIG"},{"floor":64,"key":"DIG"},{"floor":66,"key":"DIG"},{"data":"Pot Of Greed","floor":75,"key":"SMITH"},{"data":"Pot Of Greed","floor":75,"key":"SMITH"},{"data":"Pot Of Greed","floor":83,"key":"SMITH"},{"data":"Pot Of Greed","floor":83,"key":"SMITH"},{"data":"hubris:Sniper","floor":92,"key":"SMITH"},{"data":"Accuracy","floor":92,"key":"SMITH"},{"data":"Prepared","floor":95,"key":"SMITH"},{"data":"After Image","floor":95,"key":"SMITH"},{"floor":100,"key":"DIG"}],"circlet_count":0,"master_deck":["Strike_G+1","Defend_G","Defend_G","Defend_G+1","Defend_G","Defend_G","Survivor","Neutralize","After Image+1","Caltrops+1","Escape Plan","Calculated Gamble+1","ReplayTheSpireMod:Scrap Shanks+1","Concentrate","Footwork","A Thousand Cuts+1","ReplayTheSpireMod:The Works+1","ReplayTheSpireMod:Speed Training+1","Acrobatics+1","Prepared+1","Sneak Up+1","Escape Plan+1","Storm of Steel","Prepared+1","PiercingWail","Acrobatics+1","infinitespire:Execution+1","ReplayTheSpireMod:Shiv Toss+1","Calculated Gamble+1","Acrobatics+1","ReplayTheSpireMod:The Works","Pot Of Greed+1","Pot Of Greed+1","Pot Of Greed+1","infinitespire:NeuralNetwork","Blur","Prepared+1","Accuracy+1","Pot Of Greed+1","hubris:Sniper+1","After Image+1","infinitespire:SealOfDarkness+","Noxious Fumes"],"relics":["Ring of the Snake","Snack Pack","infinitespire:PuzzleCube","Turnip","Replay:Ringing Soul","Runic Pyramid","Centennial Puzzle","Bag of Marbles","Kunai","Replay:Arrowhead","vexMod:TanglingVine","hubris:SlimyHat","StrikeDummy","aspiration:SeaSaltIceCream","Shovel","Bronze Scales","construct:WeddingRing","Bag of Preparation","Toy Ornithopter","infinitespire:Joker Card","hubris:Icosahedron","Grinning Jar","Simple Rune","ReplayTheSpireMod:DimensionalGlitch","infinitespire:CheckeredPen","Pen Nib","infinitespire:Broken Mirror","CaptainsWheel","Toxic Egg 2","HoveringKite","Garlic","PreservedInsect","hubris:CuriousFeather","Incense Burner"],"acts_visited":["Exordium","TheCity","TheBeyond","Exordium","TheCity","TheBeyond"],"potions_floor_usage":[10,16,29,30,33,42,42,50,50,101,101,101],"damage_taken":[{"damage":3,"enemies":"Jaw Worm","floor":1,"turns":6},{"damage":4,"enemies":"2 Louse","floor":5,"turns":5},{"damage":38,"enemies":"Gremlin Nob","floor":6,"turns":5},{"damage":0,"enemies":"Cultist","floor":8,"turns":5},{"damage":25,"enemies":"3 Sentries","floor":10,"turns":7},{"damage":13,"enemies":"Gremlin Gang","floor":12,"turns":6},{"damage":0,"enemies":"Red Slaver","floor":13,"turns":4},{"damage":25,"enemies":"The Guardian","floor":16,"turns":14},{"damage":18,"enemies":"3 Byrds","floor":18,"turns":4},{"damage":10,"enemies":"Shell Parasite","floor":19,"turns":4},{"damage":39,"enemies":"Cultist and Chosen","floor":20,"turns":8},{"damage":0,"enemies":"Centurion and Healer","floor":22,"turns":5},{"damage":10,"enemies":"Gremlin Leader","floor":24,"turns":7},{"damage":23,"enemies":"Snake Plant","floor":27,"turns":4},{"damage":0,"enemies":"Book of Stabbing","floor":29,"turns":5},{"damage":14,"enemies":"Shelled Parasite and Fungi","floor":30,"turns":2},{"damage":9,"enemies":"Nightmare","floor":31,"turns":5},{"damage":28,"enemies":"Collector","floor":33,"turns":7},{"damage":12,"enemies":"Orb Walker","floor":35,"turns":4},{"damage":26,"enemies":"3 Darklings","floor":36,"turns":3},{"damage":12,"enemies":"4 Shapes","floor":39,"turns":10},{"damage":23,"enemies":"R_Hoarder","floor":40,"turns":16},{"damage":9,"enemies":"Nemesis","floor":42,"turns":5},{"damage":6,"enemies":"Spire Growth","floor":45,"turns":3},{"damage":8,"enemies":"Jaw Worm Horde","floor":48,"turns":3},{"damage":5,"enemies":"Awakened One","floor":50,"turns":6},{"damage":0,"enemies":"Jaw Worm","floor":52,"turns":2},{"damage":0,"enemies":"Cultist","floor":53,"turns":1},{"damage":0,"enemies":"Small Slimes","floor":55,"turns":1},{"damage":0,"enemies":"2 Fungi Beasts","floor":56,"turns":2},{"damage":0,"enemies":"Gremlin Nob","floor":58,"turns":2},{"damage":10,"enemies":"Large Slime","floor":62,"turns":2},{"damage":0,"enemies":"Gremlin Gang","floor":65,"turns":1},{"damage":0,"enemies":"Hexaghost","floor":67,"turns":2},{"damage":0,"enemies":"2 Thieves","floor":69,"turns":3},{"damage":0,"enemies":"Shell Parasite","floor":71,"turns":1},{"damage":0,"enemies":"Centurion and Healer","floor":73,"turns":2},{"damage":18,"enemies":"Slavers","floor":74,"turns":2},{"damage":4,"enemies":"Gremlin Leader","floor":76,"turns":1},{"damage":11,"enemies":"Chosen and Byrds","floor":78,"turns":2},{"damage":0,"enemies":"Slavers","floor":81,"turns":1},{"damage":0,"enemies":"Snecko","floor":82,"turns":2},{"damage":0,"enemies":"Collector","floor":84,"turns":4},{"damage":0,"enemies":"3 Darklings","floor":86,"turns":2},{"damage":5,"enemies":"Orb Walker","floor":88,"turns":2},{"damage":0,"enemies":"4 Shapes","floor":90,"turns":2},{"damage":0,"enemies":"R_Hoarder","floor":91,"turns":3},{"damage":0,"enemies":"Sphere and 2 Shapes","floor":96,"turns":2},{"damage":18,"enemies":"Jaw Worm Horde","floor":98,"turns":1},{"damage":54,"enemies":"Spire Growth","floor":99,"turns":3},{"damage":93,"enemies":"infinitespire:MassOfShapes","floor":101,"turns":2}],"seed_played":"1719218996282233578","potions_obtained":[{"floor":1,"key":"ColorlessPotion"},{"floor":6,"key":"ColorlessPotion"},{"floor":13,"key":"ColorlessPotion"},{"floor":16,"key":"AttackPotion"},{"floor":19,"key":"Weak Potion"},{"floor":20,"key":"Adrenaline Potion"},{"floor":27,"key":"Explosive Potion"},{"floor":29,"key":"Dexterity Potion"},{"floor":38,"key":"GhostInAJar"},{"floor":38,"key":"Block Potion"},{"floor":42,"key":"Energy Potion"},{"floor":48,"key":"Block Potion"},{"floor":52,"key":"Dexterity Potion"},{"floor":56,"key":"Elixir"},{"floor":58,"key":"Dexterity Potion"},{"floor":90,"key":"CunningPotion"}],"is_trial":false,"path_per_floor":["M","?","?","$","M","E","$","M","T","E","R","M","M","$","R","B",null,"M","M","M","$","M","R","E","R","T","M","$","E","M","NM","R","B",null,"M","M","?","?","M","E","R","E","T","R","M","R","AVR","M","R","B",null,"M","M","?","M","M","R","E","R","T","?","M","$","R","M","R","B",null,"M","?","M","$","M","E","R","E","T","M","?","?","E","M","R","B",null,"M","AVR","M","?","M","E","R","$","T","R","M","$","M","M","R","B"],"character_chosen":"THE_SILENT","items_purchased":["ReplayTheSpireMod:Scrap Shanks","A Thousand Cuts","Acrobatics","infinitespire:CheckeredPen","Blur","Prepared","Noxious Fumes"],"campfire_rested":1,"item_purchase_floors":[7,14,21,72,72,72,97],"current_hp_per_floor":[67,67,67,67,63,31,31,35,35,12,33,33,37,40,40,25,76,65,64,31,34,49,49,49,49,49,33,33,46,40,47,47,50,97,94,77,77,77,73,80,80,86,86,86,90,90,93,90,90,111,112,112,115,104,109,111,111,117,117,117,117,111,111,114,120,120,124,127,127,122,125,128,133,117,117,117,117,114,114,94,97,101,101,113,139,139,142,139,139,141,142,142,142,142,142,142,145,129,78,78,0,0],"gold":0,"neow_bonus":"THREE_RARE_CARDS","is_daily":false,"chose_seed":false,"campfire_upgraded":23,"win_rate":0.0,"timestamp":1608060303,"path_taken":["M","?","?","$","?","E","$","?","T","E","R","M","M","?","R","BOSS","M","M","M","$","M","R","E","R","T","M","$","E","M","NM","R","BOSS","M","?","?","?","M","E","R","E","T","R","?","R","AVR","M","R","BOSS","M","M","?","M","M","R","E","R","T","?","M","$","R","M","R","BOSS","M","?","M","$","?","E","R","E","T","M","?","?","E","M","R","BOSS","M","AVR","M","?","M","E","R","?","T","R","M","$","M","M","R","BOSS"],"items_purchased_type":["Card","Card","Card","Relic","Card","Card","Card"],"build_version":"2020-12-13","purchased_purges":6,"victory":false,"max_hp_per_floor":[70,70,70,70,70,70,70,70,70,70,70,73,73,76,76,76,76,79,82,82,85,88,88,88,88,88,91,91,94,94,94,94,97,97,100,103,103,103,103,103,103,106,106,106,106,106,109,112,112,112,112,112,115,115,118,118,118,118,118,118,118,121,121,124,124,124,124,127,127,127,127,130,133,133,133,133,133,136,136,136,136,136,136,139,139,139,142,142,142,142,142,142,142,142,142,142,145,145,145,145,145,145],"card_choices":[{"not_picked":["Adrenaline","Replay:Bag of Tricks"],"picked":"After Image","floor":0},{"not_picked":["PiercingWail","Sucker Punch"],"picked":"Caltrops","floor":1},{"not_picked":["Bane","PiercingWail"],"picked":"Escape Plan","floor":5},{"not_picked":["Flechettes","Sucker Punch"],"picked":"Calculated Gamble","floor":6},{"not_picked":["hubris:TrickCloak","Dagger Spray"],"picked":"Concentrate","floor":8},{"not_picked":["Choke","Heel Hook","Deadly Poison"],"picked":"SKIP","floor":10},{"not_picked":["Bane","hubris:SlightOfHand"],"picked":"Footwork","floor":12},{"not_picked":["Quick Slash","Flechettes","Grand Finale"],"picked":"SKIP","floor":13},{"not_picked":["Deflect","Concentrate+1"],"picked":"ReplayTheSpireMod:The Works","floor":18},{"not_picked":["Bane","Skewer"],"picked":"ReplayTheSpireMod:Speed Training","floor":19},{"not_picked":["Slice","Underhanded Strike","Predator"],"picked":"SKIP","floor":20},{"not_picked":["Escape Plan","Acrobatics"],"picked":"Prepared","floor":22},{"not_picked":["Malaise","Backflip","hubris:SlightOfHand"],"picked":"SKIP","floor":24},{"not_picked":["Dagger Spray","Hidden Blade"],"picked":"Sneak Up","floor":27},{"not_picked":["Hidden Blade","Bane"],"picked":"Escape Plan+1","floor":29},{"not_picked":["Draining Mist","Replay:Bag of Tricks","Dodge and Roll"],"picked":"SKIP","floor":30},{"not_picked":["hubris:Counter","Eviscerate","Backflip+1"],"picked":"SKIP","floor":31},{"not_picked":["Replay:Bag of Tricks","Phantasmal Killer"],"picked":"Storm of Steel","floor":33},{"not_picked":["Backflip","Underhanded Strike"],"picked":"Prepared","floor":35},{"not_picked":["Slice","Deadly Poison"],"picked":"PiercingWail","floor":36},{"not_picked":["hubris:SlightOfHand+1","Sucker Punch+1","Bane+1"],"picked":"SKIP","floor":39},{"not_picked":["Draining Mist","Flying Knee+1","Flechettes"],"picked":"SKIP","floor":40},{"not_picked":["Escape Plan","Slice+1"],"picked":"Acrobatics+1","floor":42},{"not_picked":["hubris:Counter+1","Predator","Backflip"],"picked":"SKIP","floor":45},{"not_picked":["Sucker Punch+1","Burst"],"picked":"ReplayTheSpireMod:Shiv Toss","floor":48},{"not_picked":["Deflect","Bane","Slice"],"picked":"SKIP","floor":52},{"not_picked":["Dagger Spray","Quick Slash"],"picked":"Calculated Gamble","floor":53},{"not_picked":["Quick Slash","Blade Dance"],"picked":"Acrobatics","floor":55},{"not_picked":["Dagger Spray","Outmaneuver","Poisoned Stab"],"picked":"SKIP","floor":56},{"not_picked":["Poisoned Stab","Flechettes","ReplayTheSpireMod:Scrap Shanks"],"picked":"SKIP","floor":58},{"not_picked":["hubris:TrickCloak","Acrobatics"],"picked":"ReplayTheSpireMod:The Works","floor":62},{"not_picked":["Cloak And Dagger","Finisher","Skewer"],"picked":"SKIP","floor":65},{"not_picked":["infinitespire:FinalStrike","hubris:Fate"],"picked":"infinitespire:NeuralNetwork","floor":68},{"not_picked":["Sucker Punch","Outmaneuver","Underhanded Strike"],"picked":"SKIP","floor":69},{"not_picked":["hubris:Counter","Blade Dance","Deadly Poison"],"picked":"SKIP","floor":71},{"not_picked":["Eviscerate","Acrobatics"],"picked":"Accuracy","floor":73},{"not_picked":["Eviscerate","ReplayTheSpireMod:Tripwire+1","Distraction+1"],"picked":"SKIP","floor":74},{"not_picked":["hubris:TrickCloak","Heel Hook","Envenom"],"picked":"SKIP","floor":76},{"not_picked":["Sneak Up","Prepared+1"],"picked":"hubris:Sniper","floor":78},{"not_picked":["Underhanded Strike","hubris:TrickCloak+1","Replay:Poison Smokescreen+1"],"picked":"SKIP","floor":81},{"not_picked":["Blade Dance+1","hubris:TrickCloak+1","Quick Slash"],"picked":"SKIP","floor":82},{"not_picked":["Blade Dance+1","hubris:TrickCloak+1","Quick Slash"],"picked":"SKIP","floor":82},{"not_picked":["Replay:Bag of Tricks+1","Poison Darts+1"],"picked":"After Image","floor":84},{"not_picked":["Endless Agony+1","ReplayTheSpireMod:Scrap Shanks+1","Deadly Poison+1"],"picked":"SKIP","floor":86},{"not_picked":["Leg Sweep+1","Hidden Blade+1","hubris:SlightOfHand+1"],"picked":"SKIP","floor":88},{"not_picked":["Quick Slash+1","Underhanded Strike","Slice"],"picked":"SKIP","floor":90},{"not_picked":["Choke","Deflect+1","ReplayTheSpireMod:From All Sides"],"picked":"SKIP","floor":91},{"not_picked":["Cloak And Dagger+1","Blur+1","Quick Slash"],"picked":"SKIP","floor":96},{"not_picked":["Deadly Poison+1","Deflect+1","Endless Agony"],"picked":"SKIP","floor":98},{"not_picked":["Slice","Backflip+1","Deflect+1"],"picked":"SKIP","floor":99}],"player_experience":552193,"relics_obtained":[{"floor":6,"key":"infinitespire:PuzzleCube"},{"floor":9,"key":"Turnip"},{"floor":10,"key":"Replay:Ringing Soul"},{"floor":24,"key":"Centennial Puzzle"},{"floor":26,"key":"Bag of Marbles"},{"floor":29,"key":"Kunai"},{"floor":31,"key":"Replay:Arrowhead"},{"floor":40,"key":"hubris:SlimyHat"},{"floor":42,"key":"StrikeDummy"},{"floor":43,"key":"aspiration:SeaSaltIceCream"},{"floor":58,"key":"Bag of Preparation"},{"floor":59,"key":"Toy Ornithopter"},{"floor":60,"key":"infinitespire:Joker Card"},{"floor":64,"key":"Grinning Jar"},{"floor":66,"key":"Simple Rune"},{"floor":74,"key":"Pen Nib"},{"floor":76,"key":"infinitespire:Broken Mirror"},{"floor":77,"key":"CaptainsWheel"},{"floor":81,"key":"Toxic Egg 2"},{"floor":91,"key":"PreservedInsect"},{"floor":94,"key":"hubris:CuriousFeather"},{"floor":100,"key":"Incense Burner"}],"event_choices":[{"damage_healed":0,"gold_gain":0,"player_choice":"Ignored","damage_taken":0,"max_hp_gain":0,"max_hp_loss":0,"event_name":"Liars Game","floor":2,"gold_loss":0},{"damage_healed":0,"gold_gain":0,"player_choice":"Gave Potion","damage_taken":0,"relics_obtained":["Snack Pack"],"max_hp_gain":0,"max_hp_loss":0,"event_name":"WeMeetAgain","floor":3,"gold_loss":0},{"damage_healed":0,"gold_gain":0,"player_choice":"Got Potions","damage_taken":0,"max_hp_gain":0,"max_hp_loss":0,"event_name":"Lab","floor":38,"gold_loss":0},{"damage_healed":0,"gold_gain":75,"player_choice":"Gather Gold","damage_taken":11,"max_hp_gain":0,"max_hp_loss":0,"event_name":"World of Goop","floor":54,"gold_loss":0},{"damage_healed":0,"gold_gain":0,"player_choice":"Punched","damage_taken":3,"max_hp_gain":0,"max_hp_loss":0,"event_name":"Designer","floor":70,"gold_loss":0},{"damage_healed":0,"gold_gain":99,"player_choice":"Stole From Cult","damage_taken":0,"max_hp_gain":0,"max_hp_loss":0,"event_name":"Nest","floor":79,"gold_loss":0},{"damage_healed":0,"gold_gain":0,"player_choice":"Damaged","damage_taken":13,"max_hp_gain":0,"max_hp_loss":0,"event_name":"Wheel of Change","floor":80,"gold_loss":0},{"damage_healed":0,"gold_gain":100,"player_choice":"Pray","damage_taken":0,"max_hp_gain":0,"max_hp_loss":0,"event_name":"Golden Shrine","floor":89,"gold_loss":0}],"is_beta":false,"boss_relics":[{"not_picked":["hubris:CrackedHourglass","construct:ClawGrip"],"picked":"Runic Pyramid"},{"not_picked":["Velvet Choker","ReplayTheSpireMod:SealedPack"],"picked":"vexMod:TanglingVine"},{"not_picked":["aspiration:PoetsPen_weak","Snecko Heart"],"picked":"construct:WeddingRing"},{"not_picked":["SlaversCollar","vexMod:CursedCompass"],"picked":"ReplayTheSpireMod:DimensionalGlitch"},{"not_picked":["hubris:ScarierMask","aspiration:RitualDagger"],"picked":"HoveringKite"}],"items_purged_floors":[4,21,28,47,63,87],"is_endless":true,"potions_floor_spawned":[1,6,13,16,19,20,24,27,29,39,42,48,52,56,58,67,71,81,82,86,90,91,96],"killed_by":"infinitespire:MassOfShapes","ascension_level":2}}