{"host":"x5anfo2w8aotfuta","time":1608020438,"event":{"mods":["AchievementEnabler","BaseMod","Bestiary","Block Reminder","Colored Map","Colored Powertips","DeckTracker","Highlight Path","Minty Spire (QoL Compilation)","Quick Restart","Rare Cards Sparkle","Relic Stats","StSLib"],"gold_per_floor":[213,232,244,257,45,73,73,100,100,135,150,150,150,183,183,288,288,299,314,329,329,349,381,212,237,262,262,280,140,152,172,172,270,270,286,286,39,39,139,165,165,193,193,193,225,239,266,285,285,285,285,285,5,37,37],"floor_reached":56,"playtime":6251,"items_purged":["Strike_R"],"score":1567,"play_id":"8c3ef233-e50f-4e07-a1c9-11d86eb6549d","local_time":"20201215002038","is_ascension_mode":true,"campfire_choices":[{"data":"True Grit","floor":7,"key":"SMITH"},{"data":"Immolate","floor":13,"key":"SMITH"},{"data":"Corruption","floor":15,"key":"SMITH"},{"data":"Defend_R","floor":32,"key":"PURGE"},{"floor":41,"key":"RECALL"},{"data":"Defend_R","floor":44,"key":"PURGE"},{"data":"Parasite","floor":49,"key":"PURGE"},{"data":"Clothesline+1","floor":52,"key":"PURGE"}],"circlet_count":0,"master_deck":["Defend_R","Defend_R","Bash","Iron Wave","True Grit+1","Shockwave","Immolate+1","Fire Breathing","Corruption+1","Exhume","Pommel Strike","Feed","Wild Strike","Warcry+1","Burning Pact","True Grit","Feel No Pain","Disarm","Bite","Bite","Bite","Bite","Bite","Iron Wave","Juggernaut","Apotheosis","Battle Trance","Feel No Pain+1","Juggernaut"],"relics":["Burning Blood","Pantograph","The Courier","Peace Pipe","Champion Belt","Anchor","Smiling Mask","Fusion Hammer","Lizard Tail","TheAbacus","Regal Pillow","Centennial Puzzle","OrangePellets","Black Star","Kunai","Gremlin Horn","Letter Opener","Happy Flower","Pen Nib","Boot","Vajra","Juzu Bracelet","ClockworkSouvenir","Bag of Marbles","Red Skull","Oddly Smooth Stone"],"acts_visited":["Exordium","TheCity","TheBeyond","TheEnding"],"potions_floor_usage":[6,8,10,10,28,30,33,33,35,40,46,50,50,55,55],"damage_taken":[{"damage":5,"enemies":"Cultist","floor":1,"turns":5},{"damage":0,"enemies":"2 Louse","floor":2,"turns":3},{"damage":0,"enemies":"Small Slimes","floor":3,"turns":3},{"damage":11,"enemies":"Exordium Wildlife","floor":4,"turns":6},{"damage":28,"enemies":"Gremlin Nob","floor":6,"turns":6},{"damage":19,"enemies":"Lagavulin","floor":8,"turns":7},{"damage":8,"enemies":"3 Sentries","floor":10,"turns":6},{"damage":5,"enemies":"2 Fungi Beasts","floor":11,"turns":3},{"damage":9,"enemies":"Lagavulin","floor":14,"turns":7},{"damage":12,"enemies":"Slime Boss","floor":16,"turns":6},{"damage":0,"enemies":"3 Byrds","floor":18,"turns":4},{"damage":13,"enemies":"Chosen","floor":19,"turns":6},{"damage":11,"enemies":"Centurion and Healer","floor":20,"turns":9},{"damage":19,"enemies":"Shelled Parasite and Fungi","floor":22,"turns":7},{"damage":2,"enemies":"Slavers","floor":23,"turns":4},{"damage":0,"enemies":"Gremlin Leader","floor":25,"turns":8},{"damage":3,"enemies":"3 Cultists","floor":28,"turns":3},{"damage":1,"enemies":"Centurion and Healer","floor":30,"turns":8},{"damage":21,"enemies":"Snake Plant","floor":31,"turns":5},{"damage":79,"enemies":"Collector","floor":33,"turns":15},{"damage":22,"enemies":"Orb Walker","floor":35,"turns":5},{"damage":16,"enemies":"Nemesis","floor":40,"turns":7},{"damage":30,"enemies":"Giant Head","floor":42,"turns":9},{"damage":7,"enemies":"Reptomancer","floor":45,"turns":4},{"damage":18,"enemies":"3 Darklings","floor":46,"turns":3},{"damage":5,"enemies":"Giant Head","floor":47,"turns":7},{"damage":9,"enemies":"Writhing Mass","floor":48,"turns":6},{"damage":29,"enemies":"Donu and Deca","floor":50,"turns":6},{"damage":60,"enemies":"Shield and Spear","floor":54,"turns":7},{"damage":156,"enemies":"The Heart","floor":55,"turns":11}],"seed_played":"-8154642291942716842","potions_obtained":[{"floor":3,"key":"HeartOfIron"},{"floor":4,"key":"EssenceOfSteel"},{"floor":6,"key":"SpeedPotion"},{"floor":8,"key":"Block Potion"},{"floor":19,"key":"SpeedPotion"},{"floor":20,"key":"FearPotion"},{"floor":22,"key":"SteroidPotion"},{"floor":31,"key":"Block Potion"},{"floor":33,"key":"SkillPotion"},{"floor":42,"key":"Energy Potion"},{"floor":45,"key":"SkillPotion"},{"floor":48,"key":"PowerPotion"}],"is_trial":false,"path_per_floor":["M","M","M","M","$","E","R","E","T","E","M","T","R","E","R","B",null,"M","M","M","?","M","E","$","E","T","?","M","$","M","M","R","B",null,"M","?","$","?","?","E","R","E","T","R","E","M","E","M","R","B",null,"R","$","E","B",null],"character_chosen":"IRONCLAD","items_purchased":["Immolate","Fire Breathing","TheAbacus","OrangePellets","Iron Wave","Apotheosis","GamblersBrew","Swift Potion","ClockworkSouvenir","Bag of Marbles","SteroidPotion"],"campfire_rested":0,"item_purchase_floors":[5,5,24,29,29,37,37,37,53,53,53],"current_hp_per_floor":[80,80,80,75,75,53,53,40,40,38,39,39,39,36,36,55,80,80,73,68,68,55,65,65,71,71,60,66,66,69,61,61,26,75,63,63,63,63,63,74,74,60,60,60,73,70,83,84,84,70,84,84,84,49,12],"gold":37,"neow_bonus":"HUNDRED_GOLD","is_daily":false,"chose_seed":false,"campfire_upgraded":3,"win_rate":0.0,"timestamp":1608020438,"path_taken":["M","M","M","M","$","E","R","E","T","E","M","?","R","E","R","BOSS","M","M","M","?","M","E","$","E","T","?","M","$","M","M","R","BOSS","M","?","$","?","?","E","R","E","T","R","E","M","E","M","R","BOSS","R","$","E","BOSS"],"items_purchased_type":["Card","Card","Relic","Relic","Card","Card","Potion","Potion","Relic","Relic","Potion"],"build_version":"2020-12-13","purchased_purges":1,"victory":true,"max_hp_per_floor":[80,80,80,80,80,80,80,80,80,80,80,80,80,80,80,80,80,80,80,80,80,80,86,86,86,86,60,66,66,69,72,72,75,75,75,75,75,75,75,75,75,75,75,75,75,79,83,87,84,84,84,84,84,88,88],"relic_stats":{"Regal Pillow":0,"Gremlin Horn":[6,8],"Happy Flower":[14],"counters":[30,186],"Pen Nib":[7],"Juzu Bracelet":0,"Letter Opener":[70],"Smiling Mask":10,"Boot":[1],"Burning Blood":144,"Peace Pipe":4,"OrangePellets":[14],"Lizard Tail":44,"Centennial Puzzle":[42],"TheAbacus":[144],"Pantograph":61,"Black Star":5,"Champion Belt":[59],"Kunai":[21],"obtain_stats":[{"Regal Pillow":25,"Gremlin Horn":40,"Vajra":47,"Juzu Bracelet":47,"Smiling Mask":14,"Boot":45,"Burning Blood":0,"ClockworkSouvenir":53,"Lizard Tail":23,"Centennial Puzzle":26,"TheAbacus":24,"Pantograph":6,"Fusion Hammer":17,"Kunai":40,"Red Skull":54,"Happy Flower":42,"Oddly Smooth Stone":54,"The Courier":8,"Pen Nib":45,"Letter Opener":42,"Peace Pipe":9,"OrangePellets":29,"Anchor":12,"Black Star":34,"Bag of Marbles":53,"Champion Belt":10},{"Regal Pillow":16,"Gremlin Horn":22,"Vajra":26,"Juzu Bracelet":26,"Smiling Mask":9,"Boot":24,"Burning Blood":0,"ClockworkSouvenir":28,"Lizard Tail":15,"Centennial Puzzle":16,"TheAbacus":15,"Pantograph":5,"Fusion Hammer":10,"Kunai":22,"Red Skull":29,"Happy Flower":23,"Oddly Smooth Stone":29,"The Courier":6,"Pen Nib":24,"Letter Opener":23,"Peace Pipe":6,"OrangePellets":17,"Anchor":8,"Black Star":20,"Bag of Marbles":28,"Champion Belt":7},{"Regal Pillow":90,"Gremlin Horn":133,"Vajra":156,"Juzu Bracelet":156,"Smiling Mask":46,"Boot":146,"Burning Blood":0,"ClockworkSouvenir":168,"Lizard Tail":82,"Centennial Puzzle":90,"TheAbacus":82,"Pantograph":23,"Fusion Hammer":52,"Kunai":133,"Red Skull":175,"Happy Flower":142,"Oddly Smooth Stone":175,"The Courier":30,"Pen Nib":146,"Letter Opener":142,"Peace Pipe":30,"OrangePellets":93,"Anchor":39,"Black Star":121,"Bag of Marbles":168,"Champion Belt":36}]},"card_choices":[{"not_picked":["Infernal Blade","Havoc"],"picked":"Iron Wave","floor":1},{"not_picked":["Clash","Warcry"],"picked":"True Grit","floor":2},{"not_picked":["Rage","Pommel Strike"],"picked":"Shockwave","floor":3},{"not_picked":["Sword Boomerang","Thunderclap","Clash"],"picked":"SKIP","floor":4},{"not_picked":["Body Slam","True Grit"],"picked":"Corruption","floor":6},{"not_picked":["Rage","Anger"],"picked":"Exhume","floor":8},{"not_picked":["Bloodletting","Blood for Blood"],"picked":"Pommel Strike","floor":10},{"not_picked":["Heavy Blade","Bloodletting","Anger"],"picked":"SKIP","floor":11},{"not_picked":["Warcry","Anger","Corruption"],"picked":"SKIP","floor":14},{"not_picked":["Barricade","Impervious"],"picked":"Feed","floor":16},{"not_picked":["Bloodletting","Inflame+1"],"picked":"Wild Strike","floor":18},{"not_picked":["Twin Strike+1","Headbutt","Clash"],"picked":"SKIP","floor":19},{"not_picked":["Perfected Strike","Sentinel"],"picked":"Warcry+1","floor":20},{"not_picked":["Clash","Pommel Strike"],"picked":"Feel No Pain","floor":22},{"not_picked":["Clothesline+1","Thunderclap"],"picked":"Disarm","floor":23},{"not_picked":["Flex","Cleave","Bloodletting"],"picked":"SKIP","floor":25},{"not_picked":["Anger","Combust","Cleave"],"picked":"SKIP","floor":28},{"not_picked":["Wild Strike","Heavy Blade","Body Slam+1"],"picked":"SKIP","floor":30},{"not_picked":["Headbutt+1","Reaper"],"picked":"Clothesline+1","floor":31},{"not_picked":["Immolate","Double Tap"],"picked":"Juggernaut","floor":33},{"not_picked":["Body Slam+1","True Grit","Second Wind"],"picked":"SKIP","floor":35},{"not_picked":["Blood for Blood","Reckless Charge+1"],"picked":"Battle Trance","floor":40},{"not_picked":["Body Slam+1","Wild Strike"],"picked":"Feel No Pain+1","floor":42},{"not_picked":["Brutality","Entrench"],"picked":"Juggernaut","floor":45},{"not_picked":["Anger","Body Slam","Headbutt"],"picked":"SKIP","floor":46},{"not_picked":["Armaments+1","Combust","Pummel"],"picked":"SKIP","floor":47},{"not_picked":["Headbutt","Warcry","Heavy Blade+1"],"picked":"SKIP","floor":48},{"not_picked":["Power Through","Clash+1","Combust+1"],"picked":"SKIP","floor":54}],"player_experience":314336,"relics_obtained":[{"floor":6,"key":"Pantograph"},{"floor":8,"key":"The Courier"},{"floor":9,"key":"Peace Pipe"},{"floor":10,"key":"Champion Belt"},{"floor":12,"key":"Anchor"},{"floor":14,"key":"Smiling Mask"},{"floor":23,"key":"Lizard Tail"},{"floor":25,"key":"Regal Pillow"},{"floor":26,"key":"Centennial Puzzle"},{"floor":40,"key":"Kunai"},{"floor":40,"key":"Gremlin Horn"},{"floor":42,"key":"Letter Opener"},{"floor":42,"key":"Happy Flower"},{"floor":45,"key":"Pen Nib"},{"floor":45,"key":"Boot"},{"floor":47,"key":"Vajra"},{"floor":47,"key":"Juzu Bracelet"},{"floor":54,"key":"Red Skull"},{"floor":54,"key":"Oddly Smooth Stone"}],"event_choices":[{"damage_healed":0,"gold_gain":0,"cards_transformed":["Strike_R","Strike_R"],"player_choice":"Became Test Subject","damage_taken":0,"max_hp_gain":0,"max_hp_loss":0,"event_name":"Drug Dealer","floor":21,"gold_loss":0,"cards_obtained":["Burning Pact","True Grit"]},{"damage_healed":0,"gold_gain":0,"player_choice":"Became a vampire","damage_taken":0,"max_hp_gain":0,"max_hp_loss":26,"event_name":"Vampires","floor":27,"gold_loss":0,"cards_obtained":["Bite","Bite","Bite","Bite","Bite"]},{"damage_healed":0,"gold_gain":0,"player_choice":"Ignored","damage_taken":0,"max_hp_gain":0,"max_hp_loss":0,"event_name":"Tomb of Lord Red Mask","floor":36,"gold_loss":0},{"damage_healed":0,"gold_gain":0,"player_choice":"Ignored","damage_taken":0,"max_hp_gain":0,"max_hp_loss":0,"event_name":"Mysterious Sphere","floor":38,"gold_loss":0},{"damage_healed":0,"gold_gain":100,"player_choice":"Pray","damage_taken":0,"max_hp_gain":0,"max_hp_loss":0,"event_name":"Golden Shrine","floor":39,"gold_loss":0}],"is_beta":false,"boss_relics":[{"not_picked":["Coffee Dripper","Snecko Eye"],"picked":"Fusion Hammer"},{"not_picked":["Empty Cage","Philosopher\u0027s Stone"],"picked":"Black Star"}],"items_purged_floors":[24],"is_endless":false,"potions_floor_spawned":[3,4,6,8,19,20,22,25,31,33,42,45,48],"ascension_level":4}}