{"host":"nox","time":1608000415,"event":{"mods":["BaseMod","Colored Powertips","Minty Spire (QoL Compilation)","Quick Restart","Replay The Spire","StSLib"],"gold_per_floor":[109,109,34,34,34,34,69,69,69,69,244,259,291,191,191,295,295,277,277,295,308,32,32,86,8,8,45,103,103,103],"floor_reached":29,"playtime":1133,"items_purged":["Dualcast","Doubt"],"score":320,"play_id":"de535763-573e-47fe-86fb-46633e05148c","local_time":"20201215094655","is_ascension_mode":true,"campfire_choices":[{"data":"Reprogram","floor":6.0,"key":"SMITH"},{"floor":8.0,"key":"RECALL"},{"data":"Strike_B","floor":10.0,"key":"SMITH"},{"data":"Iron Wave","floor":15.0,"key":"SMITH"},{"data":"HandOfGreed","floor":23.0,"key":"SMITH"}],"circlet_count":0,"master_deck":["Strike_B+1","Strike_B+1","Strike_B","Strike_B","Defend_B","Defend_B","Defend_B","Defend_B","Reprogram+1","Amnesia","ReplayTheSpireMod:Calculation Training","Iron Wave+1","Beam Cell+1","Panache","Madness","HandOfGreed+1","ReplayTheSpireMod:Calculation Training+1","Iron Wave"],"relics":["Iron Core","Ring of Fury","Ring of Peace","Strawberry","Iron Hammer","Philosopher\u0027s Stone","ReplayTheSpireMod:ShopPack","Whetstone","PreservedInsect","Replay:Wax Seal","Incense Burner","Letter Opener"],"acts_visited":["Exordium","TheCity"],"potions_floor_usage":[],"damage_taken":[{"damage":0.0,"enemies":"2 Louse","floor":1.0,"turns":3.0},{"damage":6.0,"enemies":"Gremlin Nob","floor":7.0,"turns":4.0},{"damage":10.0,"enemies":"Jaw Worm","floor":12.0,"turns":5.0},{"damage":31.0,"enemies":"Lagavulin","floor":13.0,"turns":10.0},{"damage":7.0,"enemies":"Slime Boss","floor":16.0,"turns":9.0},{"damage":15.0,"enemies":"2 Thieves","floor":18.0,"turns":4.0},{"damage":8.0,"enemies":"Spheric Guardian","floor":20.0,"turns":5.0},{"damage":21.0,"enemies":"Snecko","floor":21.0,"turns":6.0},{"damage":10.0,"enemies":"Slavers","floor":24.0,"turns":6.0},{"damage":22,"enemies":"Centurion and Healer","floor":27,"turns":6},{"damage":10,"enemies":"Book of Stabbing","floor":28,"turns":4},{"damage":12,"enemies":"Sentry and Sphere","floor":29,"turns":3}],"seed_played":"-3757407495197271950","potions_obtained":[{"floor":1.0,"key":"Fire Potion"},{"floor":12.0,"key":"Strength Potion"},{"floor":13.0,"key":"Strength Potion"},{"floor":18.0,"key":"CultistPotion"},{"floor":19.0,"key":"DistilledChaos"},{"floor":19.0,"key":"Fire Potion"},{"floor":21.0,"key":"Ancient Potion"},{"floor":27,"key":"Elixir"}],"is_trial":false,"path_per_floor":["M","?","$","?","?","R","E","R","T","R","?","M","E","$","R","B",null,"M","?","M","M","$","R","E","$","T","M","E","M"],"character_chosen":"DEFECT","items_purchased":["ReplayTheSpireMod:ShopPack","Whetstone","Replay:Wax Seal"],"campfire_rested":0,"item_purchase_floors":[22,22,25],"current_hp_per_floor":[82,75,75,75,75,75,76,76,76,76,76,66,35,35,35,28,89,74,74,66,45,45,45,35,35,35,13,3,0,0],"gold":103,"neow_bonus":"TEN_PERCENT_HP_BONUS","is_daily":false,"chose_seed":false,"campfire_upgraded":4,"win_rate":0.0,"timestamp":1608000415,"path_taken":["M","?","$","?","?","R","E","R","T","R","?","M","E","?","R","BOSS","M","?","M","?","?","R","E","$","T","M","E","M"],"items_purchased_type":["Relic","Relic","Relic"],"build_version":"2020-11-17","purchased_purges":2,"victory":false,"max_hp_per_floor":[82,82,82,82,82,82,89,89,89,89,89,89,89,89,89,89,89,89,89,89,89,89,89,89,89,89,89,89,89,89],"card_choices":[{"not_picked":["Reprogram","Sweeping Beam","Compile Driver"],"picked":"SKIP","floor":1.0},{"not_picked":["Sweeping Beam","Compile Driver"],"picked":"Reprogram","floor":1.0},{"not_picked":["Body Slam","Leap","ReplayTheSpireMod:Calculation Training"],"picked":"SKIP","floor":7.0},{"not_picked":["Seeing Red","Compile Driver"],"picked":"ReplayTheSpireMod:Calculation Training","floor":12.0},{"not_picked":["Steam","Genetic Algorithm"],"picked":"Iron Wave","floor":13.0},{"not_picked":["Cold Snap+1","Defragment","Compile Driver"],"picked":"SKIP","floor":18.0},{"not_picked":["ReplayTheSpireMod:GoodbyeWorld","Recycle+1","Sweeping Beam"],"picked":"SKIP","floor":20.0},{"not_picked":["Biased Cognition","FTL"],"picked":"Beam Cell","floor":21.0},{"not_picked":["Transmutation","Secret Technique"],"picked":"Panache","floor":22.0},{"not_picked":["Master of Strategy","Swift Strike"],"picked":"Madness","floor":22.0},{"not_picked":["ReplayTheSpireMod:Necrogeddon","ReplayTheSpireMod:Uncanny Aura"],"picked":"HandOfGreed","floor":22.0},{"not_picked":["Scorching Beam","Warcry"],"picked":"ReplayTheSpireMod:Calculation Training+1","floor":24.0},{"not_picked":["Flex","Tempest+1","FTL"],"picked":"SKIP","floor":27},{"not_picked":["Aggregate","Tempest"],"picked":"Iron Wave","floor":28}],"player_experience":105784,"relics_obtained":[{"floor":5.0,"key":"Ring of Fury"},{"floor":5.0,"key":"Ring of Peace"},{"floor":7.0,"key":"Strawberry"},{"floor":13.0,"key":"Iron Hammer"},{"floor":24.0,"key":"PreservedInsect"},{"floor":26.0,"key":"Incense Burner"},{"floor":28,"key":"Letter Opener"}],"event_choices":[{"cards_removed":["Zap"],"damage_healed":0.0,"max_hp_gain":0.0,"max_hp_loss":0.0,"gold_gain":0.0,"event_name":"Golden Wing","player_choice":"Card Removal","floor":2.0,"gold_loss":0.0,"damage_taken":7.0},{"damage_healed":0.0,"max_hp_gain":0.0,"max_hp_loss":0.0,"gold_gain":175.0,"event_name":"Liars Game","player_choice":"AGREE","floor":11.0,"gold_loss":0.0,"damage_taken":0.0,"cards_obtained":["Doubt"]},{"damage_healed":0.0,"max_hp_gain":0.0,"max_hp_loss":0.0,"gold_gain":0.0,"event_name":"Lab","player_choice":"Got Potions","floor":19.0,"gold_loss":0.0,"damage_taken":0.0}],"is_beta":true,"boss_relics":[{"not_picked":["Ring of Chaos","Runic Dome"],"picked":"Philosopher\u0027s Stone"}],"items_purged_floors":[3,14],"is_endless":false,"potions_floor_spawned":[1,12,13,18,21,27],"killed_by":"Sentry and Sphere","ascension_level":4}}