{"host":"d9m9v0h6vo0edadb","time":1608035079,"event":{"mods":["BaseMod","Hermit","Keyboard Shortcuts","Minty Spire (QoL Compilation)","StSLib","SuperFastMode","The Cursed"],"gold_per_floor":[114,124,134,134,117,117,117,117,117,148,172,97,133,152,152,248,248,262,287,306,306,221,221,121,150,150,150,185,198,298,0,0,75,75,85,103,114,114,124,124,124,141,141,0,32,43,43,76,76,76,76],"floor_reached":52,"playtime":2791,"items_purged":["Strike_G","Defend_G","Strike_G+1"],"score":2199,"play_id":"1129eb85-aac7-40da-99b5-0f1cb47e30e2","local_time":"20201215212439","is_ascension_mode":true,"campfire_choices":[{"data":"Prepared","floor":6.0,"key":"SMITH"},{"data":"Storm of Steel","floor":8.0,"key":"SMITH"},{"data":"Accuracy","floor":15.0,"key":"SMITH"},{"data":"Acrobatics","floor":23.0,"key":"SMITH"},{"data":"Acrobatics","floor":32.0,"key":"SMITH"},{"data":"Tactician","floor":41.0,"key":"SMITH"},{"data":"Blade Dance","floor":47.0,"key":"SMITH"},{"data":"Eviscerate","floor":49.0,"key":"SMITH"}],"circlet_count":0,"master_deck":["AscendersBane","Defend_G","Defend_G","Defend_G+1","Survivor","Neutralize","Storm of Steel+1","Eviscerate+1","Backstab","Prepared+1","Acrobatics+1","Blade Dance+1","Accuracy+1","A Thousand Cuts+1","Choke+1","Backstab+1","Backflip","Acrobatics+1","Reflex+1","Tactician+1"],"relics":["Ring of the Snake","Bloody Idol","Meat on the Bone","Regal Pillow","Incense Burner","Astrolabe","Gambling Chip","Blood Vial","Pantograph","Strawberry","Du-Vu Doll","Question Card","Lee\u0027s Waffle","Busted Crown","HornCleat","Red Mask","Molten Egg 2","The Specimen"],"acts_visited":["Exordium","TheCity","TheBeyond"],"potions_floor_usage":[51],"damage_taken":[{"damage":0.0,"enemies":"2 Louse","floor":1.0,"turns":3.0},{"damage":4.0,"enemies":"Small Slimes","floor":2.0,"turns":4.0},{"damage":0.0,"enemies":"Jaw Worm","floor":3.0,"turns":5.0},{"damage":5.0,"enemies":"Exordium Thugs","floor":5.0,"turns":4.0},{"damage":11.0,"enemies":"Gremlin Nob","floor":10.0,"turns":3.0},{"damage":0.0,"enemies":"Large Slime","floor":11.0,"turns":3.0},{"damage":7.0,"enemies":"3 Sentries","floor":13.0,"turns":6.0},{"damage":0.0,"enemies":"2 Fungi Beasts","floor":14.0,"turns":2.0},{"damage":0.0,"enemies":"Slime Boss","floor":16.0,"turns":8.0},{"damage":4.0,"enemies":"2 Thieves","floor":18.0,"turns":3.0},{"damage":10.0,"enemies":"3 Byrds","floor":19.0,"turns":7.0},{"damage":21.0,"enemies":"Snecko","floor":20.0,"turns":5.0},{"damage":26.0,"enemies":"Book of Stabbing","floor":25.0,"turns":4.0},{"damage":3.0,"enemies":"Gremlin Leader","floor":28.0,"turns":4.0},{"damage":0.0,"enemies":"Chosen and Byrds","floor":29.0,"turns":3.0},{"damage":8.0,"enemies":"Colosseum Slavers","floor":30.0,"turns":3.0},{"damage":15.0,"enemies":"Colosseum Nobs","floor":30.0,"turns":4.0},{"damage":0.0,"enemies":"Champ","floor":33.0,"turns":7.0},{"damage":4.0,"enemies":"3 Shapes","floor":35.0,"turns":6.0},{"damage":4.0,"enemies":"Orb Walker","floor":36.0,"turns":2.0},{"damage":1.0,"enemies":"Sphere and 2 Shapes","floor":37.0,"turns":5.0},{"damage":10.0,"enemies":"Maw","floor":39.0,"turns":4.0},{"damage":41.0,"enemies":"Writhing Mass","floor":42.0,"turns":5.0},{"damage":0.0,"enemies":"Reptomancer","floor":45.0,"turns":2.0},{"damage":0.0,"enemies":"Transient","floor":46.0,"turns":4.0},{"damage":0.0,"enemies":"Giant Head","floor":48.0,"turns":3.0},{"damage":40.0,"enemies":"Donu and Deca","floor":50.0,"turns":5.0},{"damage":13,"enemies":"Time Eater","floor":51,"turns":5}],"seed_played":"-5395586484586272797","potions_obtained":[{"floor":1.0,"key":"CunningPotion"},{"floor":10.0,"key":"PowerPotion"},{"floor":18.0,"key":"Poison Potion"},{"floor":25.0,"key":"Block Potion"},{"floor":29.0,"key":"PowerPotion"},{"floor":33.0,"key":"Dexterity Potion"},{"floor":37.0,"key":"SteroidPotion"},{"floor":48.0,"key":"Swift Potion"}],"is_trial":false,"path_per_floor":["M","M","M","?","M","R","?","R","T","E","M","$","E","M","R","B",null,"M","M","M","?","?","R","$","E","T","?","E","M","?","$","R","B",null,"M","M","M","$","M","$","R","M","T","?","E","M","R","E","R","B","B",null],"character_chosen":"THE_SILENT","items_purchased":["Lee\u0027s Waffle"],"campfire_rested":0,"item_purchase_floors":[31],"current_hp_per_floor":[59,55,55,55,50,50,32,32,32,33,33,33,38,38,38,38,55,51,41,32,32,32,32,32,23,23,23,46,53,39,74,74,74,74,74,74,74,74,69,69,69,47,47,47,54,61,61,68,68,46,60],"gold":76,"neow_bonus":"TRANSFORM_CARD","is_daily":false,"chose_seed":false,"campfire_upgraded":8,"win_rate":0.0,"timestamp":1608035079,"path_taken":["M","M","M","?","M","R","?","R","T","E","M","?","E","M","R","BOSS","M","M","M","?","?","R","$","E","T","?","E","M","?","$","R","BOSS","M","M","M","$","M","$","R","M","T","?","E","M","R","E","R","BOSS","BOSS"],"items_purchased_type":["Relic"],"build_version":"2020-12-13","purchased_purges":3,"victory":true,"max_hp_per_floor":[66,66,66,60,60,60,60,60,60,60,60,60,60,60,60,60,60,60,60,60,60,60,60,60,60,60,60,67,67,67,74,74,74,74,74,74,74,74,74,74,74,74,74,74,74,74,74,74,74,74,74],"card_choices":[{"not_picked":["Deflect","Deadly Poison"],"picked":"Eviscerate","floor":1.0},{"not_picked":["Choke","Bane","Slice"],"picked":"SKIP","floor":2.0},{"not_picked":["Slice","Quick Slash"],"picked":"Backstab","floor":3.0},{"not_picked":["Eviscerate","Deadly Poison"],"picked":"Prepared","floor":5.0},{"not_picked":["Blade Dance","Crippling Poison"],"picked":"Acrobatics","floor":10.0},{"not_picked":["Footwork","Grand Finale"],"picked":"Blade Dance","floor":11.0},{"not_picked":["Outmaneuver","Quick Slash","Leg Sweep"],"picked":"SKIP","floor":13.0},{"not_picked":["Prepared","Flying Knee"],"picked":"Accuracy","floor":14.0},{"not_picked":["Blur","Outmaneuver","Finisher"],"picked":"SKIP","floor":18.0},{"not_picked":["Concentrate","Blade Dance"],"picked":"Backflip","floor":19.0},{"not_picked":["Concentrate","Quick Slash","Heel Hook+1"],"picked":"SKIP","floor":20.0},{"not_picked":["Sucker Punch","Backflip","Outmaneuver"],"picked":"SKIP","floor":25.0},{"not_picked":["Eviscerate","Cloak And Dagger"],"picked":"Acrobatics","floor":28.0},{"not_picked":["Dagger Spray","Bouncing Flask","Sucker Punch"],"picked":"SKIP","floor":29.0},{"not_picked":["Concentrate","Terror"],"picked":"Reflex+1","floor":30.0},{"not_picked":["Bane","Crippling Poison"],"picked":"SKIP","floor":35.0},{"not_picked":["Outmaneuver","Dodge and Roll"],"picked":"SKIP","floor":36.0},{"not_picked":["Outmaneuver","Dodge and Roll"],"picked":"SKIP","floor":36.0},{"not_picked":["Sucker Punch","Infinite Blades"],"picked":"SKIP","floor":37.0},{"not_picked":["PiercingWail+1"],"picked":"Tactician","floor":39.0},{"not_picked":["Bane","Quick Slash"],"picked":"SKIP","floor":42.0},{"not_picked":["Leg Sweep","Blade Dance"],"picked":"SKIP","floor":45.0},{"not_picked":["Flechettes+1","Slice+1"],"picked":"SKIP","floor":46.0},{"not_picked":["Sucker Punch+1","Dodge and Roll"],"picked":"SKIP","floor":48.0}],"player_experience":934966,"relics_obtained":[{"floor":9.0,"key":"Meat on the Bone"},{"floor":10.0,"key":"Regal Pillow"},{"floor":13.0,"key":"Incense Burner"},{"floor":25.0,"key":"Blood Vial"},{"floor":26.0,"key":"Pantograph"},{"floor":28.0,"key":"Strawberry"},{"floor":30.0,"key":"Du-Vu Doll"},{"floor":30.0,"key":"Question Card"},{"floor":43.0,"key":"HornCleat"},{"floor":45.0,"key":"Molten Egg 2"},{"floor":48.0,"key":"The Specimen"}],"event_choices":[{"damage_healed":0.0,"max_hp_gain":0.0,"max_hp_loss":6.0,"gold_gain":0.0,"event_name":"Golden Idol","player_choice":"Lose Max HP","floor":4.0,"gold_loss":0.0,"damage_taken":0.0,"relics_obtained":["Golden Idol"]},{"damage_healed":0.0,"max_hp_gain":0.0,"max_hp_loss":0.0,"gold_gain":0.0,"event_name":"Shining Light","player_choice":"Entered Light","floor":7.0,"gold_loss":0.0,"damage_taken":18.0,"cards_upgraded":["Defend_G","Strike_G"]},{"damage_healed":0.0,"max_hp_gain":0.0,"max_hp_loss":0.0,"gold_gain":0.0,"event_name":"Forgotten Altar","player_choice":"Gave Idol","floor":21.0,"relics_lost":["Golden Idol"],"gold_loss":0.0,"damage_taken":0.0,"relics_obtained":["Bloody Idol"]},{"damage_healed":0.0,"max_hp_gain":0.0,"max_hp_loss":0.0,"gold_gain":0.0,"event_name":"Addict","player_choice":"Obtained Relic","floor":22.0,"gold_loss":85.0,"damage_taken":0.0,"relics_obtained":["Gambling Chip"]},{"damage_healed":0.0,"max_hp_gain":0.0,"max_hp_loss":0.0,"gold_gain":0.0,"event_name":"The Mausoleum","player_choice":"Ignored","floor":27.0,"gold_loss":0.0,"damage_taken":0.0},{"damage_healed":0.0,"max_hp_gain":0.0,"max_hp_loss":0.0,"gold_gain":0.0,"event_name":"Colosseum","player_choice":"Fight","floor":30.0,"gold_loss":0.0,"damage_taken":0.0},{"damage_healed":0.0,"max_hp_gain":0.0,"max_hp_loss":0.0,"gold_gain":0.0,"event_name":"Colosseum","player_choice":"Fought Nobs","floor":30.0,"gold_loss":0.0,"damage_taken":0.0},{"damage_healed":0.0,"max_hp_gain":0.0,"max_hp_loss":0.0,"gold_gain":0.0,"event_name":"Tomb of Lord Red Mask","player_choice":"Paid","floor":44.0,"gold_loss":141.0,"damage_taken":0.0,"relics_obtained":["Red Mask"]}],"is_beta":false,"boss_relics":[{"not_picked":["Calling Bell","Empty Cage"],"picked":"Astrolabe"},{"not_picked":["Coffee Dripper","Fusion Hammer"],"picked":"Busted Crown"}],"items_purged_floors":[12,24,31],"is_endless":false,"potions_floor_spawned":[1,10,18,25,29,33,37,39,45,48],"ascension_level":20}}