{"host":"egyxg9lnjq7g2hmw","time":1608076688,"event":{"mods":["AchievementEnabler","BaseMod","Block Reminder","Colored Map","Colored Powertips","Highlight Path","Minty Spire (QoL Compilation)","Rare Cards Sparkle","StSLib"],"gold_per_floor":[116,134,134,147,173,173,206,229,229,229,229,229,229],"floor_reached":12,"playtime":538,"items_purged":[],"score":140,"play_id":"d0152e35-db68-4506-829b-03aacae859fa","local_time":"20201215155808","is_ascension_mode":true,"campfire_choices":[{"data":"Sucker Punch","floor":6.0,"key":"SMITH"},{"data":"Calculated Gamble","floor":10,"key":"SMITH"}],"circlet_count":0,"master_deck":["AscendersBane","Strike_G","Strike_G","Strike_G","Strike_G","Defend_G","Defend_G","Defend_G","Defend_G","Defend_G","Survivor","Neutralize+1","Backstab","Sucker Punch+1","Calculated Gamble+1"],"relics":["Ring of the Snake","Golden Idol","Anchor","Dream Catcher","Calipers"],"acts_visited":["Exordium"],"potions_floor_usage":[7,12],"damage_taken":[{"damage":6.0,"enemies":"Cultist","floor":1.0,"turns":5.0},{"damage":6.0,"enemies":"Small Slimes","floor":2.0,"turns":4.0},{"damage":0.0,"enemies":"Jaw Worm","floor":4.0,"turns":3.0},{"damage":7,"enemies":"3 Sentries","floor":7,"turns":11},{"damage":3,"enemies":"Large Slime","floor":8,"turns":9},{"damage":30,"enemies":"Lagavulin","floor":12,"turns":6}],"seed_played":"-435182288944173863","potions_obtained":[{"floor":1.0,"key":"EssenceOfSteel"},{"floor":2.0,"key":"Strength Potion"},{"floor":8,"key":"SpeedPotion"}],"is_trial":false,"path_per_floor":["M","M","?","M","T","R","E","M","T","R","?","E"],"character_chosen":"THE_SILENT","items_purchased":[],"campfire_rested":0,"item_purchase_floors":[],"current_hp_per_floor":[53,47,47,47,47,47,40,37,37,37,30,0,0],"gold":229,"neow_bonus":"UPGRADE_CARD","is_daily":false,"chose_seed":false,"campfire_upgraded":2,"win_rate":0.0,"timestamp":1608076688,"path_taken":["M","?","?","M","?","R","E","M","T","R","?","E"],"items_purchased_type":[],"build_version":"2020-12-13","purchased_purges":0,"victory":false,"max_hp_per_floor":[66,66,60,60,60,60,60,60,60,60,60,60,60],"card_choices":[{"not_picked":["Distraction","Endless Agony"],"picked":"Backstab","floor":1.0},{"not_picked":["Heel Hook","Blur"],"picked":"Sucker Punch","floor":2.0},{"not_picked":["Reflex","Cloak And Dagger","Prepared"],"picked":"SKIP","floor":4.0},{"not_picked":["Blade Dance","Riddle With Holes"],"picked":"Calculated Gamble","floor":7},{"not_picked":["Backflip","Acrobatics","Deflect"],"picked":"SKIP","floor":8}],"player_experience":465702,"relics_obtained":[{"floor":5.0,"key":"Anchor"},{"floor":7,"key":"Dream Catcher"},{"floor":9,"key":"Calipers"}],"event_choices":[{"damage_healed":0.0,"max_hp_gain":0.0,"max_hp_loss":6.0,"gold_gain":0.0,"event_name":"Golden Idol","player_choice":"Lose Max HP","floor":3.0,"gold_loss":0.0,"damage_taken":0.0,"relics_obtained":["Golden Idol"]},{"cards_removed":["Strike_G"],"damage_healed":0,"gold_gain":0,"player_choice":"Card Removal","damage_taken":7,"max_hp_gain":0,"max_hp_loss":0,"event_name":"Golden Wing","floor":11,"gold_loss":0}],"is_beta":false,"boss_relics":[],"items_purged_floors":[],"is_endless":false,"potions_floor_spawned":[1,2,8],"killed_by":"Lagavulin","ascension_level":16}}