{"host":"4qin5krp9hszysdc","time":1608006854,"event":{"mods":["AchievementEnabler","BaseMod","BetterRewards","Infinite Spire","Minty Spire (QoL Compilation)","Quick Restart","StSLib"],"gold_per_floor":[131,131,131,162,122,170,170,241,295,305,384,384,443,463,463,590,653,678,693,702,717,771,803,829,829,883,925,925,925,925],"floor_reached":29,"playtime":1822,"items_purged":["Strike_P"],"score":650,"play_id":"34721e9a-de78-467a-9feb-1f84ccedfe6b","local_time":"20201214233414","is_ascension_mode":true,"campfire_choices":[{"floor":7.0,"key":"REST"},{"data":"WindmillStrike","floor":15.0,"key":"SMITH"},{"floor":25,"key":"REST"}],"circlet_count":0,"master_deck":["AscendersBane","Eruption","Vigilance+1","Fasting2+1","Flash of Steel+1","HandOfGreed","Wallop+1","Meditate+1","Prostrate+1","Adaptation","Worship+1","WindmillStrike+1","WaveOfTheHand+1","Pray+1","InnerPeace+1","DeusExMachina+1","ConjureBlade+1","Ragnarok","LessonLearned+1","LessonLearned+1","Devotion+1","Wireheading+1","DevaForm+1","InnerPeace+1","DeceiveReality+1","Evaluate+1","Evaluate+1","CutThroughFate+1"],"relics":["PureWater","OrangePellets","Ice Cream","infinitespire:Golems Mask","Calipers","Toxic Egg 2","Art of War","Smiling Mask","infinitespire:CheckeredPen","infinitespire:Lucky Rock","CeramicFish","Pandora\u0027s Box","Red Mask","FossilizedHelix","Omamori","Akabeko"],"acts_visited":["Exordium","TheCity"],"potions_floor_usage":[22],"damage_taken":[{"damage":0.0,"enemies":"Small Slimes","floor":1.0,"turns":2.0},{"damage":0.0,"enemies":"Jaw Worm","floor":4.0,"turns":3.0},{"damage":0.0,"enemies":"Lagavulin","floor":6.0,"turns":5.0},{"damage":4.0,"enemies":"3 Sentries","floor":8.0,"turns":8.0},{"damage":0.0,"enemies":"2 Louse","floor":10.0,"turns":2.0},{"damage":0.0,"enemies":"Gremlin Gang","floor":11.0,"turns":6.0},{"damage":0.0,"enemies":"Gremlin Nob","floor":13.0,"turns":3.0},{"damage":0.0,"enemies":"2 Fungi Beasts","floor":14.0,"turns":3.0},{"damage":4.0,"enemies":"Hexaghost","floor":16.0,"turns":6.0},{"damage":12.0,"enemies":"Chosen","floor":18.0,"turns":3.0},{"damage":11.0,"enemies":"3 Byrds","floor":19.0,"turns":3.0},{"damage":2.0,"enemies":"Centurion and Healer","floor":21.0,"turns":5.0},{"damage":0,"enemies":"Masked Bandits","floor":22,"turns":3},{"damage":4,"enemies":"Gremlin Leader","floor":23,"turns":4},{"damage":6,"enemies":"Snake Plant","floor":24,"turns":3},{"damage":31,"enemies":"Book of Stabbing","floor":27,"turns":4},{"damage":12,"enemies":"Gremlin Leader","floor":29,"turns":1}],"seed_played":"-6973741646736427367","potions_obtained":[{"floor":5.0,"key":"Explosive Potion"},{"floor":5.0,"key":"Energy Potion"},{"floor":5.0,"key":"SmokeBomb"},{"floor":11.0,"key":"StancePotion"},{"floor":21.0,"key":"Dexterity Potion"},{"floor":24,"key":"Fire Potion"}],"is_trial":false,"path_per_floor":["M","?","?","M","?","E","R","E","T","M","M","?","E","M","R","B",null,"M","M","?","M","?","E","M","R","T","E","?","E"],"character_chosen":"WATCHER","items_purchased":["OrangePellets","Fasting2","Ice Cream","Flash of Steel","HandOfGreed","Wallop","Meditate","Toxic Egg 2"],"campfire_rested":2,"item_purchase_floors":[0,0,0,0,0,0,0,0],"current_hp_per_floor":[23,11,11,11,11,11,32,28,28,28,28,14,14,14,14,10,57,45,34,34,32,32,28,22,43,43,12,12,0,0],"gold":925,"neow_bonus":"","is_daily":false,"chose_seed":false,"campfire_upgraded":1,"win_rate":0.0,"timestamp":1608006854,"path_taken":["M","?","?","M","?","E","R","E","T","M","?","?","E","M","R","BOSS","M","M","?","M","?","E","M","R","T","E","?","E"],"items_purchased_type":["Relic","Card","Relic","Card","Card","Card","Card","Relic"],"build_version":"2020-12-13","purchased_purges":1,"victory":false,"max_hp_per_floor":[72,72,72,72,72,72,72,72,72,72,72,72,72,72,72,72,72,72,72,72,72,72,72,72,72,72,72,72,72,72],"card_choices":[{"not_picked":["CutThroughFate","BowlingBash"],"picked":"Prostrate+1","floor":1.0},{"not_picked":["Judgement+1","SignatureMove"],"picked":"Adaptation","floor":4.0},{"not_picked":["BattleHymn","Consecrate"],"picked":"Worship+1","floor":6.0},{"not_picked":["Prostrate+1","JustLucky"],"picked":"WindmillStrike","floor":8.0},{"not_picked":["BowlingBash","LikeWater"],"picked":"WaveOfTheHand+1","floor":10.0},{"not_picked":["CrushJoints","CutThroughFate"],"picked":"Crescendo+1","floor":11.0},{"not_picked":["ThirdEye+1","FearNoEvil"],"picked":"Pray+1","floor":13.0},{"not_picked":["Swivel+1","CrushJoints"],"picked":"InnerPeace+1","floor":14.0},{"not_picked":["ConjureBlade+1","DevaForm"],"picked":"DeusExMachina+1","floor":16.0},{"not_picked":["Halt+1","Prostrate+1"],"picked":"InnerPeace+1","floor":18.0},{"not_picked":["FollowUp","Wireheading+1","Conclude+1"],"picked":"SKIP","floor":19.0},{"not_picked":["SandsOfTime","Study","Worship+1"],"picked":"SKIP","floor":21.0},{"not_picked":["ThirdEye+1","ClearTheMind+1"],"picked":"Evaluate+1","floor":22},{"not_picked":["JustLucky","ConjureBlade+1","BowlingBash"],"picked":"SKIP","floor":23},{"not_picked":["Halt+1","EmptyBody+1"],"picked":"Evaluate+1","floor":24},{"not_picked":["EmptyBody+1","Prostrate+1"],"picked":"CutThroughFate+1","floor":27}],"player_experience":2696457,"relics_obtained":[{"floor":6.0,"key":"Smiling Mask"},{"floor":8.0,"key":"infinitespire:CheckeredPen"},{"floor":9.0,"key":"infinitespire:Lucky Rock"},{"floor":13.0,"key":"CeramicFish"},{"floor":22,"key":"Red Mask"},{"floor":23,"key":"FossilizedHelix"},{"floor":26,"key":"Omamori"},{"floor":27,"key":"Akabeko"}],"event_choices":[{"damage_healed":0.0,"max_hp_gain":0.0,"max_hp_loss":0.0,"gold_gain":0.0,"event_name":"Scrap Ooze","player_choice":"Success","floor":2.0,"gold_loss":0.0,"damage_taken":12.0,"relics_obtained":["Art of War"]},{"damage_healed":0.0,"max_hp_gain":0.0,"max_hp_loss":0.0,"gold_gain":0.0,"event_name":"Living Wall","player_choice":"Grow","floor":3.0,"gold_loss":0.0,"damage_taken":0.0,"cards_upgraded":["Fasting2"]},{"damage_healed":0.0,"max_hp_gain":0.0,"max_hp_loss":0.0,"gold_gain":0.0,"event_name":"The Woman in Blue","player_choice":"Bought 3 Potions","floor":5.0,"gold_loss":0.0,"damage_taken":0.0},{"damage_healed":0.0,"max_hp_gain":0.0,"max_hp_loss":0.0,"gold_gain":0.0,"event_name":"Shining Light","player_choice":"Entered Light","floor":12.0,"gold_loss":0.0,"damage_taken":14.0,"cards_upgraded":["Vigilance","Meditate"]},{"damage_healed":0.0,"max_hp_gain":0.0,"max_hp_loss":0.0,"gold_gain":0.0,"event_name":"The Library","player_choice":"Read","floor":20.0,"gold_loss":0.0,"damage_taken":0.0,"cards_obtained":["DeceiveReality"]},{"damage_healed":0,"gold_gain":0,"player_choice":"Fought Bandits","damage_taken":0,"max_hp_gain":0,"max_hp_loss":0,"event_name":"Masked Bandits","floor":22,"gold_loss":0},{"cards_removed":["Crescendo"],"damage_healed":0,"gold_gain":0,"player_choice":"Elegance","damage_taken":0,"max_hp_gain":0,"max_hp_loss":0,"event_name":"Back to Basics","floor":28,"gold_loss":0}],"is_beta":false,"boss_relics":[{"not_picked":["Tiny House","Snecko Eye"],"picked":"Pandora\u0027s Box"}],"items_purged_floors":[0],"is_endless":false,"potions_floor_spawned":[6,10,11,13,18,21,24],"killed_by":"Gremlin Leader","ascension_level":10}}