{"host":"kpyoctgc7jne3jiy","time":1608028225,"event":{"mods":["AchievementEnabler","BaseMod","Minty Spire (QoL Compilation)"],"gold_per_floor":[119,136,136,146,146,146,172,172,198,218,244,254,265,285,285,388,388,404,404,422,437,437,437],"floor_reached":22,"playtime":1209,"items_purged":[],"score":270,"play_id":"9b0c440d-7f0f-43fc-a91f-99821aee37d1","local_time":"20201215113025","is_ascension_mode":true,"campfire_choices":[{"data":"Dagger Spray","floor":6,"key":"SMITH"},{"data":"Neutralize","floor":8,"key":"SMITH"},{"floor":15,"key":"REST"}],"circlet_count":0,"master_deck":["Strike_G","Strike_G","Strike_G","Strike_G","Defend_G","Defend_G","Defend_G","Defend_G","Defend_G","Survivor","Neutralize+1","Deadly Poison","Dagger Spray+1","Distraction","Sucker Punch","Deflect","Blur","Die Die Die","Bane","Envenom","Poisoned Stab+1"],"relics":["Ring of the Snake","PreservedInsect","Tiny Chest","Happy Flower","Ice Cream","SlaversCollar"],"acts_visited":["Exordium","TheCity"],"potions_floor_usage":[7,11,16,16,20,22],"damage_taken":[{"damage":0,"enemies":"2 Louse","floor":1,"turns":4},{"damage":9,"enemies":"Small Slimes","floor":2,"turns":5},{"damage":1,"enemies":"Cultist","floor":4,"turns":4},{"damage":24,"enemies":"3 Sentries","floor":7,"turns":7},{"damage":3,"enemies":"Large Slime","floor":10,"turns":8},{"damage":0,"enemies":"Gremlin Nob","floor":11,"turns":2},{"damage":0,"enemies":"3 Louse","floor":12,"turns":2},{"damage":9,"enemies":"Blue Slaver","floor":13,"turns":4},{"damage":3,"enemies":"Looter","floor":14,"turns":3},{"damage":6,"enemies":"Hexaghost","floor":16,"turns":11},{"damage":30,"enemies":"Shell Parasite","floor":18,"turns":13},{"damage":12,"enemies":"3 Byrds","floor":20,"turns":6},{"damage":8,"enemies":"Snecko","floor":21,"turns":4},{"damage":11,"enemies":"Centurion and Healer","floor":22,"turns":2}],"seed_played":"-2727542140500593581","potions_obtained":[{"floor":2,"key":"CunningPotion"},{"floor":4,"key":"PowerPotion"},{"floor":10,"key":"AttackPotion"},{"floor":13,"key":"Strength Potion"},{"floor":14,"key":"Poison Potion"},{"floor":16,"key":"SteroidPotion"},{"floor":18,"key":"SkillPotion"}],"is_trial":false,"path_per_floor":["M","M","?","M","?","R","E","R","T","M","E","M","M","M","R","B",null,"M","?","M","M","M"],"character_chosen":"THE_SILENT","items_purchased":[],"campfire_rested":1,"item_purchase_floors":[],"current_hp_per_floor":[70,61,66,65,65,65,41,41,41,38,38,38,29,26,48,42,75,45,31,19,11,0,0],"gold":437,"neow_bonus":"RANDOM_COMMON_RELIC","is_daily":false,"chose_seed":false,"campfire_upgraded":2,"win_rate":0.0,"timestamp":1608028225,"path_taken":["M","M","?","M","?","R","E","R","T","M","E","M","M","?","R","BOSS","M","?","M","M","M"],"items_purchased_type":[],"build_version":"2020-12-13","purchased_purges":0,"victory":false,"max_hp_per_floor":[70,70,75,75,75,75,75,75,75,75,75,75,75,75,75,75,75,75,80,80,80,80,80],"card_choices":[{"not_picked":["Backflip","Footwork"],"picked":"Deadly Poison","floor":1},{"not_picked":["Calculated Gamble","Dodge and Roll"],"picked":"Dagger Spray","floor":2},{"not_picked":["Quick Slash","Terror"],"picked":"Distraction","floor":4},{"not_picked":["Finisher","Slice"],"picked":"Sucker Punch","floor":7},{"not_picked":["Cloak And Dagger","Acrobatics"],"picked":"Deflect","floor":10},{"not_picked":["Outmaneuver","Dagger Throw"],"picked":"Blur","floor":11},{"not_picked":["Escape Plan","Flying Knee","Quick Slash"],"picked":"SKIP","floor":12},{"not_picked":["Dodge and Roll","Flying Knee"],"picked":"Die Die Die","floor":13},{"not_picked":["Eviscerate","Flying Knee"],"picked":"Bane","floor":14},{"not_picked":["Storm of Steel","Grand Finale"],"picked":"Envenom","floor":16},{"not_picked":["Deflect+1","Blade Dance"],"picked":"Poisoned Stab+1","floor":18},{"not_picked":["Sucker Punch","Eviscerate","Terror"],"picked":"SKIP","floor":20},{"not_picked":["Flying Knee","Reflex","Cloak And Dagger"],"picked":"SKIP","floor":21}],"player_experience":204078,"relics_obtained":[{"floor":7,"key":"Tiny Chest"},{"floor":9,"key":"Happy Flower"},{"floor":11,"key":"Ice Cream"}],"event_choices":[{"damage_healed":0,"gold_gain":0,"player_choice":"Donut","damage_taken":0,"max_hp_gain":5,"max_hp_loss":0,"event_name":"Big Fish","floor":3,"gold_loss":0},{"cards_removed":["Strike_G"],"damage_healed":0,"gold_gain":0,"player_choice":"Offered Basic","damage_taken":0,"max_hp_gain":0,"max_hp_loss":0,"event_name":"Bonfire Elementals","floor":5,"gold_loss":0},{"damage_healed":0,"gold_gain":0,"player_choice":"Shed Blood","damage_taken":19,"max_hp_gain":5,"max_hp_loss":0,"event_name":"Forgotten Altar","floor":19,"gold_loss":0}],"is_beta":false,"boss_relics":[{"not_picked":["SacredBark","Tiny House"],"picked":"SlaversCollar"}],"items_purged_floors":[],"is_endless":false,"potions_floor_spawned":[2,4,10,13,14,16,18],"killed_by":"Centurion and Healer","ascension_level":4}}