{"host":"oeeu8njhzvf3llor","time":1608072502,"event":{"mods":["BaseMod","Better Match","Better Note","Better Skull","Better Third Choice","Hubris","Minty Spire (QoL Compilation)","Rare Cards Sparkle","Replay The Spire","Shop Mod","Spicy Shops","StSLib","Swap Starting Deck Mod"],"gold_per_floor":[116,116,11,21,21,51,51,86,86,96,96,96,107,142,142,244,244,259,259,274,349,16,16,34,34,59,88,88,122,139,139,139,139,139],"floor_reached":33,"playtime":1095,"items_purged":["Strike_B"],"score":342,"play_id":"536b2c77-eb7d-4d97-8f81-b1700f208b21","local_time":"20201215174822","is_ascension_mode":true,"campfire_choices":[{"data":"Zap","floor":11.0,"key":"SMITH"},{"floor":15.0,"key":"DIG"},{"floor":23,"key":"REST"},{"floor":25,"key":"REST"},{"data":"Judgement","floor":28,"key":"SMITH"},{"floor":32,"key":"REST"}],"circlet_count":0,"master_deck":["Strike_B","Strike_B","Strike_B","Defend_B","Defend_B","Defend_B","Defend_B","Zap+1","Dualcast+1","FTL+1","Undo","Gash+1","Scrape+1","Amplify","hubris:Ukulele+1","BootSequence","Storm","Judgement+1","Consecrate+1"],"relics":["Cracked Core","NeowsBlessing","Molten Egg 2","Orichalcum","hubris:Towel","Quantum Egg","Question Card","hubris:OldNail","Cables","hubris:Backtick","Mummified Hand","PrismaticShard","MerchantsRug","Strawberry","ReplayTheSpireMod:Lightbulb","Matryoshka"],"acts_visited":["Exordium","TheCity"],"potions_floor_usage":[24,29,29,33],"damage_taken":[{"damage":0.0,"enemies":"Small Slimes","floor":1.0,"turns":1.0},{"damage":0.0,"enemies":"Cultist","floor":4.0,"turns":1.0},{"damage":0.0,"enemies":"Lagavulin","floor":6.0,"turns":1.0},{"damage":7.0,"enemies":"Gremlin Nob","floor":8.0,"turns":3.0},{"damage":0.0,"enemies":"2 Louse","floor":10.0,"turns":2.0},{"damage":3.0,"enemies":"Large Slime","floor":13.0,"turns":5.0},{"damage":5.0,"enemies":"Lagavulin","floor":14.0,"turns":4.0},{"damage":57.0,"enemies":"Fading Forest","floor":16.0,"turns":11.0},{"damage":7,"enemies":"Shell Parasite","floor":18,"turns":3},{"damage":28,"enemies":"3 Byrds","floor":20,"turns":5},{"damage":16,"enemies":"Snecko","floor":24,"turns":6},{"damage":8,"enemies":"Replay:Snechameleon","floor":27,"turns":6},{"damage":44,"enemies":"Book of Stabbing","floor":29,"turns":6},{"damage":0,"enemies":"3 Cultists","floor":30,"turns":3},{"damage":0,"enemies":"Pondfish","floor":33,"turns":2}],"seed_played":"-5204738059634204491","potions_obtained":[{"floor":4.0,"key":"DistilledChaos"},{"floor":6.0,"key":"PowerPotion"},{"floor":10.0,"key":"Dexterity Potion"},{"floor":16,"key":"BlessingOfTheForge"},{"floor":18,"key":"PowerPotion"},{"floor":20,"key":"FairyPotion"},{"floor":24,"key":"Explosive Potion"},{"floor":29,"key":"DistilledChaos"}],"is_trial":false,"path_per_floor":["M","?","$","M","$","E","?","E","T","M","R","?","M","E","R","B",null,"M","?","M","?","$","R","M","R","T","E","R","E","M","$","R","B"],"character_chosen":"DEFECT","items_purchased":["FTL+1","Storm","PrismaticShard","MerchantsRug"],"campfire_rested":3,"item_purchase_floors":[3,22,22,22],"current_hp_per_floor":[75,75,75,75,75,75,75,68,68,68,68,68,65,60,60,3,75,68,68,40,33,33,55,39,61,68,60,60,16,16,16,40,40,40],"gold":139,"neow_bonus":"THREE_ENEMY_KILL","is_daily":false,"chose_seed":false,"campfire_upgraded":2,"win_rate":0.0,"timestamp":1608072502,"path_taken":["M","?","$","M","?","E","?","E","T","M","R","?","M","E","R","BOSS","BOSS","M","?","M","?","$","R","?","R","T","E","R","E","M","?","R","BOSS"],"items_purchased_type":["Card","Card","Relic","Relic"],"build_version":"2020-12-13","purchased_purges":1,"victory":false,"max_hp_per_floor":[75,75,75,75,75,75,75,75,75,75,75,75,75,75,75,75,75,75,75,75,75,75,75,75,75,82,82,82,82,82,82,82,82,82],"card_choices":[{"not_picked":["Streamline","Rebound"],"picked":"Lockon","floor":1.0},{"not_picked":["Compile Driver+1","Panic Button"],"picked":"Undo","floor":4.0},{"not_picked":["Tempest","FIFO Queue","Amplify"],"picked":"SKIP","floor":6.0},{"not_picked":["Redo","Turbo","Aggregate"],"picked":"SKIP","floor":8.0},{"not_picked":["Barrage+1","Turbo","Stack"],"picked":"Gash+1","floor":10.0},{"not_picked":["Blizzard+1","Tempest","Compile Driver+1"],"picked":"Scrape+1","floor":13.0},{"not_picked":["Panic Button","Compile Driver+1","Redo","ReplayTheSpireMod:Calculation Training"],"picked":"SKIP","floor":14.0},{"not_picked":["Fission","hubris:SpecializedCircuitry","Biased Cognition"],"picked":"Amplify","floor":16},{"not_picked":["Sweeping Beam+1","Panic Button","BasicCrystalCard"],"picked":"hubris:Ukulele+1","floor":18},{"not_picked":["Thunder Strike+1","BasicCrystalCard","Leap"],"picked":"BootSequence","floor":20},{"not_picked":["ClearTheMind","Redo","Choke+1","DeceiveReality"],"picked":"SKIP","floor":24},{"not_picked":["Body Slam+1","Predator+1","Bane+1"],"picked":"Judgement","floor":27},{"not_picked":["Bouncing Flask","Deep Breath+1","Time Bomb"],"picked":"Consecrate+1","floor":29},{"not_picked":["Prostrate+1","Twin Strike+1","Compile Driver+1","Expertise"],"picked":"SKIP","floor":30}],"player_experience":463355,"relics_obtained":[{"floor":6.0,"key":"Orichalcum"},{"floor":8.0,"key":"Quantum Egg"},{"floor":9.0,"key":"Question Card"},{"floor":14.0,"key":"hubris:OldNail"},{"floor":15.0,"key":"Cables"},{"floor":26,"key":"Strawberry"},{"floor":27,"key":"ReplayTheSpireMod:Lightbulb"},{"floor":29,"key":"Matryoshka"}],"event_choices":[{"cards_removed":["Lockon"],"damage_healed":0.0,"max_hp_gain":0.0,"max_hp_loss":0.0,"gold_gain":0.0,"event_name":"WeMeetAgain","player_choice":"Gave Card","floor":2.0,"gold_loss":0.0,"damage_taken":0.0,"relics_obtained":["Molten Egg 2"]},{"damage_healed":0.0,"max_hp_gain":0.0,"max_hp_loss":0.0,"gold_gain":0.0,"event_name":"Upgrade Shrine","player_choice":"Upgraded","floor":12.0,"gold_loss":0.0,"damage_taken":0.0,"cards_upgraded":["Dualcast"]},{"damage_healed":0,"gold_gain":0,"player_choice":"Bought 0 Potions","damage_taken":0,"max_hp_gain":0,"max_hp_loss":0,"event_name":"The Woman in Blue","floor":19,"gold_loss":0},{"damage_healed":0,"gold_gain":75,"player_choice":"Touch","damage_taken":7,"max_hp_gain":0,"max_hp_loss":0,"event_name":"FaceTrader","floor":21,"gold_loss":0}],"is_beta":false,"boss_relics":[{"not_picked":["Cursed Key","hubris:ScarierMask"],"picked":"hubris:Backtick"}],"items_purged_floors":[22],"is_endless":false,"potions_floor_spawned":[4,6,10,16,18,20,24,29],"killed_by":"Pondfish","ascension_level":1}}