{"host":"7l2t4psy44vpcd9q","time":1608051344,"event":{"mods":["AchievementEnabler","BaseMod","DeckTracker","Minty Spire (QoL Compilation)","SuperFastMode"],"gold_per_floor":[111,125,66,82,96,96,96,96,96,96,113,138,138,157,157,157,157],"floor_reached":16,"playtime":659,"items_purged":[],"score":198,"play_id":"156e625b-5a76-4739-93f2-dd8039e081b8","local_time":"20201216015544","is_ascension_mode":true,"campfire_choices":[{"data":"Zap","floor":6,"key":"SMITH"},{"floor":15,"key":"REST"}],"circlet_count":0,"master_deck":["AscendersBane","Strike_B","Strike_B","Strike_B","Defend_B","Defend_B","Defend_B","Defend_B","Zap+1","Dualcast","Injury","Echo Form","Rebound","Barrage","Go for the Eyes","Self Repair","Defragment","Heatsinks","Beam Cell"],"relics":["Cracked Core","Blood Vial","Mercury Hourglass"],"acts_visited":["Exordium"],"potions_floor_usage":[10,12,12,16],"damage_taken":[{"damage":7,"enemies":"Small Slimes","floor":1,"turns":4},{"damage":14,"enemies":"2 Louse","floor":2,"turns":2},{"damage":0,"enemies":"Cultist","floor":4,"turns":3},{"damage":13,"enemies":"Blue Slaver","floor":5,"turns":3},{"damage":0,"enemies":"Large Slime","floor":10,"turns":4},{"damage":8,"enemies":"2 Fungi Beasts","floor":11,"turns":4},{"damage":20,"enemies":"Lagavulin","floor":12,"turns":6},{"damage":19,"enemies":"3 Louse","floor":14,"turns":2},{"damage":38,"enemies":"The Guardian","floor":16,"turns":6}],"seed_played":"-4707838901464458095","potions_obtained":[{"floor":1,"key":"SmokeBomb"},{"floor":4,"key":"FocusPotion"},{"floor":11,"key":"ColorlessPotion"},{"floor":14,"key":"SpeedPotion"}],"is_trial":false,"path_per_floor":["M","M","$","M","M","R","?","?","T","M","M","E","?","M","R","B"],"character_chosen":"DEFECT","items_purchased":["Go for the Eyes"],"campfire_rested":1,"item_purchase_floors":[3],"current_hp_per_floor":[57,43,43,43,30,30,30,23,23,39,40,29,29,12,33,0,0],"gold":157,"neow_bonus":"THREE_RARE_CARDS","is_daily":false,"chose_seed":false,"campfire_upgraded":1,"win_rate":0.0,"timestamp":1608051344,"path_taken":["M","M","$","M","M","R","?","?","T","M","M","E","?","M","R","BOSS"],"items_purchased_type":["Card"],"build_version":"2020-12-13","purchased_purges":0,"victory":false,"max_hp_per_floor":[71,71,71,71,71,71,71,71,71,71,71,71,71,71,71,71,71],"card_choices":[{"not_picked":["Multi-Cast","Rainbow"],"picked":"Echo Form","floor":0},{"not_picked":["Conserve Battery","Stack"],"picked":"Rebound","floor":1},{"not_picked":["Scrape","Stack"],"picked":"Barrage","floor":2},{"not_picked":["Storm","Go for the Eyes","Rebound"],"picked":"SKIP","floor":4},{"not_picked":["Double Energy","Steam"],"picked":"Self Repair","floor":5},{"not_picked":["Skim","Rebound"],"picked":"Defragment","floor":11},{"not_picked":["Rip and Tear","Steam"],"picked":"Heatsinks","floor":12},{"not_picked":["Hologram","Redo"],"picked":"Beam Cell","floor":14}],"player_experience":1088869,"relics_obtained":[{"floor":9,"key":"Blood Vial"},{"floor":12,"key":"Mercury Hourglass"}],"event_choices":[{"damage_healed":0,"gold_gain":0,"player_choice":"Ignored","damage_taken":0,"max_hp_gain":0,"max_hp_loss":0,"event_name":"Liars Game","floor":7,"gold_loss":0},{"cards_removed":["Strike_B"],"damage_healed":0,"gold_gain":0,"player_choice":"Card Removal","damage_taken":7,"max_hp_gain":0,"max_hp_loss":0,"event_name":"Golden Wing","floor":8,"gold_loss":0},{"damage_healed":0,"gold_gain":0,"player_choice":"Fled","damage_taken":0,"max_hp_gain":0,"max_hp_loss":0,"event_name":"Scrap Ooze","floor":13,"gold_loss":0}],"is_beta":false,"boss_relics":[],"items_purged_floors":[],"is_endless":false,"potions_floor_spawned":[1,4,10,11,14],"killed_by":"The Guardian","ascension_level":18}}