{"host":"5uvzo7moqy5vd63g","time":1608052040,"event":{"mods":["Aspiration","BaseMod","Conspire","Dio Mod","Downfall","Hermit","Hubris","Jedi Mod","Jorbs\u0027s Wanderer Trilogy","Mimic Mod","Minty Spire (QoL Compilation)","Replay The Spire","StSLib","The Animator","Wandering Minibosses"],"gold_per_floor":[112,132,132,145,168,193,193,213,213,113,157,157,187,187,187],"floor_reached":14,"playtime":999,"items_purged":[],"score":128,"play_id":"6d3b70dc-b642-4f86-8215-cfe252ae77bc","local_time":"20201215120720","is_ascension_mode":true,"campfire_choices":[{"floor":7,"key":"REST"}],"circlet_count":0,"master_deck":["animator:Strike_FullmetalAlchemist","animator:Defend_FullmetalAlchemist","animator:Strike","animator:Strike","animator:Defend","animator:Defend","animator:Defend+1","animator:ElricEdward","animator:ElricAlphonse+1","animator:Ainz","animator:NarberalGamma","animator:RoyMustang","animator:Scar","animator:Tet","Ghostly","animator:Shizu","animator:MaesHughes"],"relics":["animator:LivingPicture","animator:TheMissingPiece","Happy Flower","conspire:Dentures","War Paint"],"acts_visited":["Exordium"],"potions_floor_usage":[6,14,14],"damage_taken":[{"damage":4,"enemies":"2 Louse","floor":1,"turns":3},{"damage":0,"enemies":"Cultist","floor":2,"turns":5},{"damage":0,"enemies":"conspire:RoseBush","floor":4,"turns":3},{"damage":38,"enemies":"Exordium Thugs","floor":5,"turns":5},{"damage":15,"enemies":"3 Sentries","floor":6,"turns":4},{"damage":5,"enemies":"Exordium Wildlife","floor":8,"turns":3},{"damage":2,"enemies":"Lagavulin","floor":11,"turns":5},{"damage":7,"enemies":"Looter","floor":13,"turns":3},{"damage":13,"enemies":"Gremlin Nob","floor":14,"turns":2}],"seed_played":"-2494012390687644327","potions_obtained":[{"floor":4,"key":"Elixir"},{"floor":5,"key":"ColorlessPotion"},{"floor":6,"key":"Strength Potion"},{"floor":12,"key":"Weak Potion"}],"is_trial":false,"path_per_floor":["M","M","?","M","M","E","R","M","T","?","E","?","M","E"],"character_chosen":"THE_ANIMATOR","items_purchased":[],"campfire_rested":1,"item_purchase_floors":[],"current_hp_per_floor":[62,62,55,55,17,3,23,18,18,18,16,16,9,0,0],"gold":187,"neow_bonus":"ONE_RANDOM_RARE_CARD","is_daily":false,"chose_seed":false,"campfire_upgraded":0,"win_rate":0.0,"timestamp":1608052040,"path_taken":["M","M","?","M","M","E","R","M","T","?","E","?","M","E"],"items_purchased_type":[],"build_version":"2020-12-13","purchased_purges":0,"victory":false,"max_hp_per_floor":[66,66,66,66,66,67,67,67,67,67,67,67,67,67,67],"card_choices":[{"not_picked":["animator:Benimaru","animator:Vesta","animator:Spearman"],"picked":"SKIP","floor":1},{"not_picked":["animator:HighElfArcher","animator:PandorasActor"],"picked":"animator:NarberalGamma","floor":2},{"not_picked":["animator:DolaSchwi","animator:Yoichi","animator:Jibril"],"picked":"SKIP","floor":4},{"not_picked":["animator:Sloth","animator:MaesHughes"],"picked":"animator:RoyMustang","floor":5},{"not_picked":["animator:Shigure","animator:Shinoa"],"picked":"animator:Scar","floor":6},{"not_picked":["animator:Mikaela","animator:Cocytus"],"picked":"animator:Tet","floor":8},{"not_picked":["animator:Shion","animator:Spearman"],"picked":"animator:Shizu","floor":11},{"not_picked":["animator:Scar","animator:ElricEdward"],"picked":"animator:MaesHughes","floor":13}],"player_experience":1322129,"relics_obtained":[{"floor":6,"key":"Happy Flower"},{"floor":9,"key":"conspire:Dentures"},{"floor":11,"key":"War Paint"}],"event_choices":[{"cards_removed":["animator:Strike"],"damage_healed":0,"gold_gain":0,"player_choice":"Card Removal","damage_taken":7,"max_hp_gain":0,"max_hp_loss":0,"event_name":"Golden Wing","floor":3,"gold_loss":0},{"damage_healed":0,"gold_gain":0,"player_choice":"Argue","damage_taken":0,"max_hp_gain":0,"max_hp_loss":0,"event_name":"conspire:LoneGhost","floor":10,"gold_loss":0},{"damage_healed":0,"gold_gain":0,"player_choice":"Got Potions","damage_taken":0,"max_hp_gain":0,"max_hp_loss":0,"event_name":"Lab","floor":12,"gold_loss":0}],"is_beta":false,"boss_relics":[],"items_purged_floors":[],"is_endless":false,"potions_floor_spawned":[4,5,6,13],"killed_by":"Gremlin Nob","ascension_level":5}}