{"host":"hwdg34753f7m8ow2","time":1608061069,"event":{"mods":["AchievementEnabler","BaseMod","Hermit","Koishi","Marisa????????","Minty Spire (QoL Compilation)","Permanent Neow","Quick Restart","Shop Mod","StSLib","The Disciple","The Hierophant","The Judge","The Servant 0.9.4","TheBandit"],"gold_per_floor":[110,122,122,132,132,132,167,167,221,248,262,273,287,304,304,400,400,413,413,27,41,51,79,79,93,93,93,127,136,178,178,178,178,178,178],"floor_reached":33,"playtime":1806,"items_purged":["wariomod:Strike"],"score":376,"play_id":"471c2920-43ec-4247-a3cb-86718a415669","local_time":"20201215123749","is_ascension_mode":true,"campfire_choices":[{"data":"wariomod:Step","floor":6,"key":"SMITH"},{"floor":8,"key":"REST"},{"data":"wariomod:Game","floor":15,"key":"SMITH"},{"data":"wariomod:SpacialMastery","floor":24,"key":"SMITH"},{"data":"wariomod:EmptyMind","floor":27,"key":"SMITH"},{"data":"wariomod:GodlyGift","floor":32,"key":"SMITH"}],"circlet_count":0,"master_deck":["wariomod:Strike","wariomod:Strike","wariomod:Strike","wariomod:Defend","wariomod:Defend","wariomod:Defend","wariomod:Defend","wariomod:Step+1","wariomod:Leap","wariomod:Bombshield+1","wariomod:SmackSlam+1","wariomod:ImFeelingLucky","wariomod:EmptyMind+1","wariomod:AwfulLook","wariomod:BodyBlock","wariomod:Game+1","wariomod:SimpleShield","wariomod:ChargeForth","wariomod:SpacialMastery+1","wariomod:SmallSprint","Necronomicurse","wariomod:EnergizedBombs","wariomod:SimpleShield","wariomod:DropBash","Writhe","wariomod:GodlyGift+1"],"relics":["wariomod:TheHat","NeowsBlessing","Pen Nib","Blood Vial","Mercury Hourglass","Coffee Dripper","Necronomicon","wariomod:GlassHat","StrikeDummy","Bottled Tornado","Vajra","CeramicFish","Omamori","MutagenicStrength"],"acts_visited":["Exordium","TheCity"],"potions_floor_usage":[23,23],"damage_taken":[{"damage":0,"enemies":"Cultist","floor":1,"turns":1},{"damage":0,"enemies":"Jaw Worm","floor":2,"turns":1},{"damage":0,"enemies":"Small Slimes","floor":4,"turns":1},{"damage":29,"enemies":"Lagavulin","floor":7,"turns":8},{"damage":5,"enemies":"3 Sentries","floor":10,"turns":6},{"damage":0,"enemies":"2 Fungi Beasts","floor":11,"turns":3},{"damage":0,"enemies":"3 Louse","floor":12,"turns":2},{"damage":8,"enemies":"Exordium Wildlife","floor":13,"turns":4},{"damage":6,"enemies":"Looter","floor":14,"turns":3},{"damage":25,"enemies":"Hexaghost","floor":16,"turns":8},{"damage":2,"enemies":"Chosen","floor":18,"turns":4},{"damage":16,"enemies":"Shell Parasite","floor":21,"turns":4},{"damage":0,"enemies":"Centurion and Healer","floor":22,"turns":5},{"damage":18,"enemies":"Slavers","floor":23,"turns":3},{"damage":0,"enemies":"Chosen and Byrds","floor":25,"turns":4},{"damage":0,"enemies":"Book of Stabbing","floor":28,"turns":5},{"damage":24,"enemies":"Slavers","floor":30,"turns":4},{"damage":41,"enemies":"Champ","floor":33,"turns":7}],"seed_played":"4573147458858995980","potions_obtained":[{"floor":1,"key":"CultistPotion"},{"floor":7,"key":"FearPotion"},{"floor":11,"key":"Fire Potion"},{"floor":23,"key":"SpeedPotion"}],"is_trial":false,"path_per_floor":["M","M","?","M","?","R","E","R","T","E","M","M","M","M","R","B",null,"M","?","$","M","M","E","R","M","T","R","E","?","E","?","R","B"],"character_chosen":"THE_BANDIT","items_purchased":["wariomod:GlassHat","wariomod:EnergizedBombs"],"campfire_rested":1,"item_purchase_floors":[20,20],"current_hp_per_floor":[80,80,64,64,56,56,27,51,51,48,50,52,46,42,42,19,80,78,62,62,48,50,34,34,36,36,36,38,38,16,16,16,0,0,0],"gold":178,"neow_bonus":"THREE_ENEMY_KILL","is_daily":false,"chose_seed":false,"campfire_upgraded":5,"win_rate":0.0,"timestamp":1608061069,"path_taken":["M","?","?","M","?","R","E","R","T","E","M","?","M","M","R","BOSS","M","?","$","M","M","E","R","M","T","R","E","?","E","?","R","BOSS"],"items_purchased_type":["Relic","Card"],"build_version":"2020-12-13","purchased_purges":1,"victory":false,"max_hp_per_floor":[80,80,80,80,80,80,80,80,80,80,80,80,80,80,80,80,80,80,80,80,80,80,80,80,80,80,80,80,80,80,80,80,80,80,80],"card_choices":[{"not_picked":["wariomod:GreaterGuard","wariomod:Goblast"],"picked":"wariomod:Bombshield","floor":1},{"not_picked":["wariomod:TrekTime","wariomod:ChargeForth"],"picked":"wariomod:SmackSlam","floor":2},{"not_picked":["wariomod:SimpleShield","wariomod:DeepDig"],"picked":"wariomod:ImFeelingLucky","floor":4},{"not_picked":["wariomod:DoubleDip","wariomod:PayItForwards"],"picked":"wariomod:EmptyMind","floor":7},{"not_picked":["wariomod:MassiveParty","wariomod:BlastDash"],"picked":"wariomod:AwfulLook","floor":10},{"not_picked":["wariomod:SpikeSlash","wariomod:BoomBoom"],"picked":"wariomod:BodyBlock","floor":11},{"not_picked":["wariomod:BlastDash","wariomod:ThatsNotAll"],"picked":"wariomod:Game","floor":12},{"not_picked":["wariomod:DoubleDash","wariomod:Hopshield"],"picked":"wariomod:SimpleShield","floor":13},{"not_picked":["wariomod:Goblast","wariomod:DisarmingMoves"],"picked":"wariomod:ChargeForth","floor":14},{"not_picked":["wariomod:ForbiddenMagic","wariomod:MassiveParty"],"picked":"wariomod:SpacialMastery","floor":16},{"not_picked":["wariomod:AwfulLook","wariomod:BodyBlock+1"],"picked":"wariomod:SmallSprint","floor":18},{"not_picked":["wariomod:BoomBoom","wariomod:DanceDash","wariomod:SmallSprint"],"picked":"SKIP","floor":21},{"not_picked":["wariomod:SmallSprint","wariomod:BigUpgrade"],"picked":"wariomod:SimpleShield","floor":22},{"not_picked":["wariomod:SimpleShield","wariomod:HastyRush+1","wariomod:ThatsNotAll"],"picked":"SKIP","floor":23},{"not_picked":["wariomod:Smackflip+1","wariomod:PayItForwards"],"picked":"wariomod:DropBash","floor":25},{"not_picked":["wariomod:BigUpgrade","wariomod:TheGrandJourney+1","wariomod:Game"],"picked":"SKIP","floor":28},{"not_picked":["wariomod:BigUpgrade","wariomod:SmallSprint"],"picked":"wariomod:GodlyGift","floor":30}],"player_experience":795595,"relics_obtained":[{"floor":7,"key":"Pen Nib"},{"floor":9,"key":"Blood Vial"},{"floor":10,"key":"Mercury Hourglass"},{"floor":19,"key":"Necronomicon"},{"floor":23,"key":"StrikeDummy"},{"floor":26,"key":"Bottled Tornado"},{"floor":28,"key":"Vajra"},{"floor":30,"key":"Omamori"}],"event_choices":[{"damage_healed":0,"gold_gain":0,"player_choice":"Entered Light","damage_taken":16,"max_hp_gain":0,"max_hp_loss":0,"event_name":"Shining Light","floor":3,"gold_loss":0,"cards_upgraded":["wariomod:Bombshield","wariomod:SmackSlam"]},{"damage_healed":0,"gold_gain":0,"player_choice":"Damaged","damage_taken":8,"max_hp_gain":0,"max_hp_loss":0,"event_name":"Wheel of Change","floor":5,"gold_loss":0},{"damage_healed":0,"gold_gain":0,"player_choice":"Obtained Book","damage_taken":16,"max_hp_gain":0,"max_hp_loss":0,"event_name":"Cursed Tome","floor":19,"gold_loss":0},{"damage_healed":0,"gold_gain":0,"player_choice":"Opened","damage_taken":0,"relics_obtained":["CeramicFish"],"max_hp_gain":0,"max_hp_loss":0,"event_name":"The Mausoleum","floor":29,"gold_loss":0,"cards_obtained":["Writhe"]},{"damage_healed":0,"gold_gain":0,"player_choice":"Inject Mutagens","damage_taken":0,"relics_obtained":["MutagenicStrength"],"max_hp_gain":0,"max_hp_loss":0,"event_name":"Drug Dealer","floor":31,"gold_loss":0}],"is_beta":false,"boss_relics":[{"not_picked":["Tiny House","Pandora\u0027s Box"],"picked":"Coffee Dripper"}],"items_purged_floors":[20],"is_endless":false,"potions_floor_spawned":[1,7,11,12,13,21,22,23],"killed_by":"Champ","ascension_level":2}}