{"host":"Rich","time":1608059526,"event":{"mods":["AchievementEnabler","BaseMod","Highlight Path","Minty Spire (QoL Compilation)","Relic Stats"],"gold_per_floor":[113,113,188,31,31,64,64,64,64,27,27,67,8,8,8,106,106,129,129,129,145,10,31,31,31],"floor_reached":24,"playtime":528,"items_purged":[],"score":596,"play_id":"8ecb2023-c9ed-4648-ab2b-74c33ef26534","local_time":"20201215141206","is_ascension_mode":true,"campfire_choices":[{"floor":7.0,"key":"REST"},{"data":"ForeignInfluence","floor":11.0,"key":"SMITH"},{"data":"ForeignInfluence","floor":15.0,"key":"SMITH"}],"circlet_count":0,"master_deck":["AscendersBane","Eruption","Vigilance","Prostrate","ReachHeaven","WheelKick","ForeignInfluence+1","ForeignInfluence+1","ThirdEye","MasterReality","Wireheading","BattleHymn","Vault","SpiritShield","Crescendo","JustLucky","Consecrate","Pray","ClearTheMind+1","Writhe","Nirvana+1","Worship","CutThroughFate+1","EmptyFist+1"],"relics":["PureWater","NeowsBlessing","Golden Idol","Happy Flower","Dream Catcher","Gambling Chip","Orichalcum","Pandora\u0027s Box","Molten Egg 2"],"acts_visited":["Exordium","TheCity"],"potions_floor_usage":[23,24],"damage_taken":[{"damage":0.0,"enemies":"Small Slimes","floor":1.0,"turns":1.0},{"damage":0.0,"enemies":"Lagavulin","floor":6.0,"turns":1.0},{"damage":0.0,"enemies":"3 Sentries","floor":12.0,"turns":1.0},{"damage":0.0,"enemies":"Slime Boss","floor":16.0,"turns":2.0},{"damage":20.0,"enemies":"2 Thieves","floor":18.0,"turns":4.0},{"damage":19.0,"enemies":"Shell Parasite","floor":21.0,"turns":3.0},{"damage":4,"enemies":"Centurion and Healer","floor":23,"turns":4},{"damage":25,"enemies":"Slavers","floor":24,"turns":3}],"seed_played":"-6899248926263877312","potions_obtained":[{"floor":12.0,"key":"LiquidMemories"},{"floor":16.0,"key":"Strength Potion"},{"floor":18.0,"key":"Explosive Potion"}],"is_trial":false,"path_per_floor":["M","?","?","$","?","E","R","?","T","$","R","E","$","?","R","B",null,"M","?","T","M","$","M","E"],"character_chosen":"WATCHER","items_purchased":["Happy Flower","ForeignInfluence","ThirdEye","Worship","CutThroughFate+1"],"campfire_rested":1,"item_purchase_floors":[4,10,13,22,22],"current_hp_per_floor":[61,38,27,27,7,7,27,49,49,49,49,49,49,49,49,49,63,43,43,43,24,24,20,0,0],"gold":31,"neow_bonus":"THREE_ENEMY_KILL","is_daily":false,"chose_seed":false,"campfire_upgraded":2,"win_rate":0.0,"timestamp":1608059526,"path_taken":["M","?","?","$","?","E","R","?","T","$","R","E","$","?","R","BOSS","M","?","?","M","?","M","E"],"items_purchased_type":["Relic","Card","Card","Card","Card"],"build_version":"2020-12-07","purchased_purges":0,"victory":false,"max_hp_per_floor":[68,68,68,68,68,68,68,68,68,68,68,68,68,68,68,68,68,68,68,68,68,68,68,68,68],"relic_stats":{"Dream Catcher":1,"Happy Flower":[6],"counters":[8,19],"Golden Idol":47,"Gambling Chip":[17],"Pandora\u0027s Box":["Wireheading","BattleHymn","Vault","SpiritShield","Crescendo","JustLucky","Consecrate","Pray"],"Orichalcum":[12],"obtain_stats":[{"Dream Catcher":6,"NeowsBlessing":0,"Happy Flower":4,"Golden Idol":2,"Gambling Chip":9,"Pandora\u0027s Box":17,"Molten Egg 2":19,"PureWater":0,"Orichalcum":12},{"Dream Catcher":2,"NeowsBlessing":0,"Happy Flower":1,"Golden Idol":1,"Gambling Chip":2,"Pandora\u0027s Box":4,"Molten Egg 2":5,"PureWater":0,"Orichalcum":3},{"Dream Catcher":2,"NeowsBlessing":0,"Happy Flower":1,"Golden Idol":1,"Gambling Chip":2,"Pandora\u0027s Box":5,"Molten Egg 2":9,"PureWater":0,"Orichalcum":3}]},"card_choices":[{"not_picked":["Crescendo","JustLucky"],"picked":"Prostrate","floor":1.0},{"not_picked":["ThirdEye","SandsOfTime"],"picked":"ReachHeaven","floor":6.0},{"not_picked":["PathToVictory","ClearTheMind"],"picked":"WheelKick","floor":7.0},{"not_picked":["Prostrate","Collect"],"picked":"ForeignInfluence","floor":12.0},{"not_picked":["ConjureBlade","Judgement"],"picked":"MasterReality","floor":16.0},{"not_picked":["DeceiveReality","FlyingSleeves"],"picked":"ClearTheMind+1","floor":18.0},{"not_picked":["FlurryOfBlows+1","Protect"],"picked":"Nirvana+1","floor":21.0},{"not_picked":["ClearTheMind","WindmillStrike+1"],"picked":"EmptyFist+1","floor":23}],"player_experience":1903694,"relics_obtained":[{"floor":6.0,"key":"Dream Catcher"},{"floor":9.0,"key":"Gambling Chip"},{"floor":12.0,"key":"Orichalcum"}],"event_choices":[{"damage_healed":0.0,"max_hp_gain":0.0,"max_hp_loss":0.0,"gold_gain":0.0,"event_name":"Golden Idol","player_choice":"Take Damage","floor":2.0,"gold_loss":0.0,"damage_taken":23.0,"relics_obtained":["Golden Idol"]},{"damage_healed":0.0,"max_hp_gain":0.0,"max_hp_loss":0.0,"gold_gain":75.0,"event_name":"World of Goop","player_choice":"Gather Gold","floor":3.0,"gold_loss":0.0,"damage_taken":11.0},{"damage_healed":0.0,"max_hp_gain":0.0,"max_hp_loss":0.0,"gold_gain":0.0,"event_name":"Shining Light","player_choice":"Entered Light","floor":5.0,"gold_loss":0.0,"damage_taken":20.0,"cards_upgraded":["Defend_P","Defend_P"]},{"damage_healed":22.0,"max_hp_gain":0.0,"max_hp_loss":0.0,"gold_gain":0.0,"event_name":"Big Fish","player_choice":"Banana","floor":8.0,"gold_loss":0.0,"damage_taken":0.0},{"damage_healed":0.0,"max_hp_gain":0.0,"max_hp_loss":0.0,"gold_gain":0.0,"event_name":"Liars Game","player_choice":"Ignored","floor":14.0,"gold_loss":0.0,"damage_taken":0.0},{"damage_healed":0.0,"max_hp_gain":0.0,"max_hp_loss":0.0,"gold_gain":0.0,"event_name":"The Mausoleum","player_choice":"Opened","floor":19.0,"gold_loss":0.0,"damage_taken":0.0,"relics_obtained":["Molten Egg 2"],"cards_obtained":["Writhe"]}],"is_beta":true,"boss_relics":[{"not_picked":["Coffee Dripper","SlaversCollar"],"picked":"Pandora\u0027s Box"}],"items_purged_floors":[],"is_endless":false,"potions_floor_spawned":[12,16,18],"killed_by":"Slavers","ascension_level":20}}